  <div class='ocr_page' id='page_1' title='image "/cluster/home/n/w/nwhite01/storage/ocr_20150623/102/hvd.32044015466808/103.png"; bbox 0 0 4030 6536; ppageno 0'>
   <div class='ocr_carea' id='block_1_1' title="bbox 434 468 541 539">
    <p class='ocr_par' dir='ltr' id='par_1_1' title="bbox 434 468 541 539">
     <span class='ocr_line' id='line_1_1' title="bbox 434 468 541 539; baseline -0.019 0"><span class='ocrx_word' id='word_1_1' title='bbox 434 468 541 539; x_wconf 65' lang='grc'><strong>493</strong></span> 
     </span>
    </p>
   </div>
   <div class='ocr_carea' id='block_1_2' title="bbox 1729 430 2414 512">
    <p class='ocr_par' dir='ltr' id='par_1_2' title="bbox 1729 430 2414 512">
     <span class='ocr_line' id='line_1_2' title="bbox 1729 430 2414 512; baseline -0.012 0"><span class='ocrx_word' id='word_1_2' title='bbox 1729 432 2089 512; x_wconf 67' lang='lat' dir='ltr'><strong>sumam</strong></span> <span class='ocrx_word' id='word_1_3' title='bbox 2122 430 2414 506; x_wconf 64' lang='lat' dir='ltr'><strong>ABBATIS</strong></span> 
     </span>
    </p>
   </div>
   <div class='ocr_carea' id='block_1_3' title="bbox 3585 440 3715 504">
    <p class='ocr_par' dir='ltr' id='par_1_3' title="bbox 3585 440 3715 504">
     <span class='ocr_line' id='line_1_3' title="bbox 3585 440 3715 504; baseline 0.023 -3"><span class='ocrx_word' id='word_1_4' title='bbox 3585 440 3715 504; x_wconf 67' lang='lat'><strong>196</strong></span> 
     </span>
    </p>
   </div>
   <div class='ocr_carea' id='block_1_4' title="bbox 431 534 3713 653">
    <p class='ocr_par' dir='ltr' id='par_1_4' title="bbox 431 534 3713 653">
     <span class='ocr_line' id='line_1_4' title="bbox 431 534 3713 653; baseline -0.01 -1"><span class='ocrx_word' id='word_1_5' title='bbox 431 596 714 653; x_wconf 90' lang='lat' dir='ltr'><strong>dissonant</strong></span> <span class='ocrx_word' id='word_1_6' title='bbox 732 589 846 646; x_wconf 81' lang='lat' dir='ltr'><strong>haec</strong></span> <span class='ocrx_word' id='word_1_7' title='bbox 869 576 1082 649; x_wconf 78' lang='lat' dir='ltr'><strong>Joanni&#39;,</strong></span> <span class='ocrx_word' id='word_1_8' title='bbox 1106 572 1304 638; x_wconf 89' lang='lat' dir='ltr'><strong>dicenti</strong></span> <span class='ocrx_word' id='word_1_9' title='bbox 1329 594 1345 633; x_wconf 89' lang='lat'><strong>:</strong></span> <span class='ocrx_word' id='word_1_10' title='bbox 1373 575 1506 633; x_wconf 80' lang='lat' dir='ltr'><strong>Erat</strong></span> <span class='ocrx_word' id='word_1_11' title='bbox 1541 582 1717 630; x_wconf 83' lang='lat' dir='ltr'><strong>autem</strong></span> <span class='ocrx_word' id='word_1_12' title='bbox 1739 583 2013 644; x_wconf 83' lang='lat' dir='ltr'><strong>parasceve</strong></span> <span class='ocrx_word' id='word_1_13' title='bbox 2039 566 2093 629; x_wconf 78' lang='grc' dir='ltr'>Α</span> <span class='ocrx_word' id='word_1_14' title='bbox 2116 579 2294 619; x_wconf 87' lang='lat' dir='ltr'><strong>rorem</strong></span> <span class='ocrx_word' id='word_1_15' title='bbox 2321 561 2503 633; x_wconf 68' lang='lat' dir='ltr'><strong>Mariae</strong></span> <span class='ocrx_word' id='word_1_16' title='bbox 2522 559 2713 653; x_wconf 81' lang='lat' dir='ltr'><strong>matris</strong></span> <span class='ocrx_word' id='word_1_17' title='bbox 2734 534 2984 624; x_wconf 45' lang='lat' dir='ltr'><strong>Domini”</strong></span> <span class='ocrx_word' id='word_1_18' title='bbox 3005 562 3331 653; x_wconf 37' lang='lat' dir='ltr'><strong>et-matrem.</strong></span> <span class='ocrx_word' id='word_1_19' title='bbox 3347 557 3713 653; x_wconf 59' lang='lat' dir='ltr'><strong>meamh-</strong></span> 
     </span>
    </p>
   </div>
   <div class='ocr_carea' id='block_1_5' title="bbox 432 669 2004 757">
    <p class='ocr_par' dir='ltr' id='par_1_5' title="bbox 432 669 2004 757">
     <span class='ocr_line' id='line_1_5' title="bbox 432 669 2004 757; baseline -0.015 -13"><span class='ocrx_word' id='word_1_20' title='bbox 432 688 564 744; x_wconf 77' lang='lat' dir='ltr'><strong>liora</strong></span> <span class='ocrx_word' id='word_1_21' title='bbox 589 685 696 757; x_wconf 80' lang='lat' dir='ltr'><strong>fere</strong></span> <span class='ocrx_word' id='word_1_22' title='bbox 724 693 868 738; x_wconf 73' lang='lat' dir='ltr'><strong>sexta</strong></span> <span class='ocrx_word' id='word_1_23' title='bbox 897 676 1077 751; x_wconf 83' lang='lat' dir='ltr'><strong>(Joan.</strong></span> <span class='ocrx_word' id='word_1_24' title='bbox 1111 674 1247 746; x_wconf 72' lang='lat' dir='ltr'><strong>nx).</strong></span> <span class='ocrx_word' id='word_1_25' title='bbox 1276 674 1579 728; x_wconf 87' lang='lat' dir='ltr'><strong>Parasceve</strong></span> <span class='ocrx_word' id='word_1_26' title='bbox 1604 669 1748 724; x_wconf 92' lang='lat' dir='ltr'><strong>enim</strong></span> <span class='ocrx_word' id='word_1_27' title='bbox 1788 680 2004 737; x_wconf 61' lang='lat' dir='ltr'><strong>praepa-</strong></span> 
     </span>
    </p>
   </div>
   <div class='ocr_carea' id='block_1_6' title="bbox 433 761 2007 844">
    <p class='ocr_par' dir='ltr' id='par_1_6' title="bbox 433 761 2007 844">
     <span class='ocr_line' id='line_1_6' title="bbox 433 761 2007 844; baseline -0.016 -8"><span class='ocrx_word' id='word_1_28' title='bbox 433 779 575 836; x_wconf 80' lang='lat' dir='ltr'><strong>ratio</strong></span> <span class='ocrx_word' id='word_1_29' title='bbox 603 778 1006 844; x_wconf 74' lang='lat' dir='ltr'><strong>interpretatur,</strong></span> <span class='ocrx_word' id='word_1_30' title='bbox 1056 775 1112 823; x_wconf 89' lang='lat' dir='ltr'><strong>et</strong></span> <span class='ocrx_word' id='word_1_31' title='bbox 1135 766 1315 837; x_wconf 84' lang='lat' dir='ltr'><strong>passio</strong></span> <span class='ocrx_word' id='word_1_32' title='bbox 1342 761 1546 820; x_wconf 84' lang='lat' dir='ltr'><strong>Christi</strong></span> <span class='ocrx_word' id='word_1_33' title='bbox 1589 775 1712 831; x_wconf 74' lang='lat' dir='ltr'><strong>qua:</strong></span> <span class='ocrx_word' id='word_1_34' title='bbox 1750 766 1837 815; x_wconf 89' lang='lat' dir='ltr'><strong>est</strong></span> <span class='ocrx_word' id='word_1_35' title='bbox 1878 769 2007 811; x_wconf 86' lang='lat' dir='ltr'><strong>vere</strong></span> 
     </span>
    </p>
   </div>
   <div class='ocr_carea' id='block_1_7' title="bbox 435 846 2010 934">
    <p class='ocr_par' dir='ltr' id='par_1_7' title="bbox 435 846 2010 934">
     <span class='ocr_line' id='line_1_7' title="bbox 435 846 2010 934; baseline -0.015 -10"><span class='ocrx_word' id='word_1_36' title='bbox 435 869 674 932; x_wconf 71' lang='lat' dir='ltr'><strong>Paschte,</strong></span> <span class='ocrx_word' id='word_1_37' title='bbox 715 860 1040 934; x_wconf 73' lang='lat' dir='ltr'><strong>praeparatio</strong></span> <span class='ocrx_word' id='word_1_38' title='bbox 1068 864 1193 912; x_wconf 90' lang='lat' dir='ltr'><strong>ante</strong></span> <span class='ocrx_word' id='word_1_39' title='bbox 1237 856 1413 912; x_wconf 88' lang='lat' dir='ltr'><strong>lucem</strong></span> <span class='ocrx_word' id='word_1_40' title='bbox 1440 852 1584 908; x_wconf 87' lang='lat' dir='ltr'><strong>facta</strong></span> <span class='ocrx_word' id='word_1_41' title='bbox 1631 858 1734 915; x_wconf 90' lang='lat' dir='ltr'><strong>est,</strong></span> <span class='ocrx_word' id='word_1_42' title='bbox 1763 848 1892 905; x_wconf 89' lang='lat' dir='ltr'><strong>dum</strong></span> <span class='ocrx_word' id='word_1_43' title='bbox 1941 846 2010 901; x_wconf 92' lang='lat' dir='ltr'><strong>ad</strong></span> 
     </span>
    </p>
   </div>
   <div class='ocr_carea' id='block_1_8' title="bbox 435 943 2013 1027">
    <p class='ocr_par' dir='ltr' id='par_1_8' title="bbox 435 943 2013 1027">
     <span class='ocr_line' id='line_1_8' title="bbox 435 943 2013 1027; baseline -0.015 -10"><span class='ocrx_word' id='word_1_44' title='bbox 435 961 642 1016; x_wconf 84' lang='lat' dir='ltr'><strong>Annam</strong></span> <span class='ocrx_word' id='word_1_45' title='bbox 670 954 969 1027; x_wconf 85' lang='lat' dir='ltr'><strong>principem</strong></span> <span class='ocrx_word' id='word_1_46' title='bbox 988 949 1354 1013; x_wconf 82' lang='lat' dir='ltr'><strong>sacerdotum,</strong></span> <span class='ocrx_word' id='word_1_47' title='bbox 1385 953 1651 1002; x_wconf 91' lang='lat' dir='ltr'><strong>nocturno</strong></span> <span class='ocrx_word' id='word_1_48' title='bbox 1678 943 1855 998; x_wconf 83' lang='lat' dir='ltr'><strong>adhuc</strong></span> <span class='ocrx_word' id='word_1_49' title='bbox 1876 948 2013 995; x_wconf 90' lang='lat' dir='ltr'><strong>tem-</strong></span> 
     </span>
    </p>
   </div>
   <div class='ocr_carea' id='block_1_9' title="bbox 435 1034 2010 1126">
    <p class='ocr_par' dir='ltr' id='par_1_9' title="bbox 435 1034 2010 1126">
     <span class='ocr_line' id='line_1_9' title="bbox 435 1034 2010 1126; baseline -0.015 -15"><span class='ocrx_word' id='word_1_50' title='bbox 435 1048 566 1126; x_wconf 87' lang='lat' dir='ltr'><strong>pore</strong></span> <span class='ocrx_word' id='word_1_51' title='bbox 595 1052 905 1107; x_wconf 85' lang='lat' dir='ltr'><strong>duceretur.</strong></span> <span class='ocrx_word' id='word_1_52' title='bbox 956 1044 1070 1100; x_wconf 89' lang='lat' dir='ltr'><strong>Nec</strong></span> <span class='ocrx_word' id='word_1_53' title='bbox 1116 1041 1391 1098; x_wconf 90' lang='lat' dir='ltr'><strong>immerito</strong></span> <span class='ocrx_word' id='word_1_54' title='bbox 1418 1040 1486 1095; x_wconf 88' lang='lat' dir='ltr'><strong>ab</strong></span> <span class='ocrx_word' id='word_1_55' title='bbox 1516 1038 1606 1093; x_wconf 92' lang='lat' dir='ltr'><strong>illa</strong></span> <span class='ocrx_word' id='word_1_56' title='bbox 1636 1038 1772 1092; x_wconf 90' lang='lat' dir='ltr'><strong>hora</strong></span> <span class='ocrx_word' id='word_1_57' title='bbox 1800 1034 2010 1100; x_wconf 91' lang='lat' dir='ltr'><strong>noctis,</strong></span> 
     </span>
    </p>
   </div>
   <div class='ocr_carea' id='block_1_10' title="bbox 438 1128 2015 1217">
    <p class='ocr_par' dir='ltr' id='par_1_10' title="bbox 438 1128 2015 1217">
     <span class='ocr_line' id='line_1_10' title="bbox 438 1128 2015 1217; baseline -0.012 -16"><span class='ocrx_word' id='word_1_58' title='bbox 438 1161 542 1217; x_wconf 89' lang='lat' dir='ltr'><strong>qua</strong></span> <span class='ocrx_word' id='word_1_59' title='bbox 568 1141 725 1199; x_wconf 88' lang='lat' dir='ltr'><strong>Jesus</strong></span> <span class='ocrx_word' id='word_1_60' title='bbox 753 1142 945 1197; x_wconf 90' lang='lat' dir='ltr'><strong>ductus</strong></span> <span class='ocrx_word' id='word_1_61' title='bbox 973 1144 1058 1193; x_wconf 87' lang='lat' dir='ltr'><strong>est</strong></span> <span class='ocrx_word' id='word_1_62' title='bbox 1088 1135 1142 1189; x_wconf 92' lang='lat' dir='ltr'><strong>in</strong></span> <span class='ocrx_word' id='word_1_63' title='bbox 1169 1134 1339 1188; x_wconf 76' lang='lat' dir='ltr'><strong>Anna:</strong></span> <span class='ocrx_word' id='word_1_64' title='bbox 1370 1132 1607 1197; x_wconf 89' lang='lat' dir='ltr'><strong>domum,</strong></span> <span class='ocrx_word' id='word_1_65' title='bbox 1636 1144 1808 1199; x_wconf 91' lang='lat' dir='ltr'><strong>usque</strong></span> <span class='ocrx_word' id='word_1_66' title='bbox 1830 1128 1898 1183; x_wconf 87' lang='lat' dir='ltr'><strong>ad</strong></span> <span class='ocrx_word' id='word_1_67' title='bbox 1916 1129 2015 1183; x_wconf 84' lang='lat' dir='ltr'><strong>ho-</strong></span> 
     </span>
    </p>
   </div>
   <div class='ocr_carea' id='block_1_11' title="bbox 439 1219 2011 1296">
    <p class='ocr_par' dir='ltr' id='par_1_11' title="bbox 439 1219 2011 1296">
     <span class='ocr_line' id='line_1_11' title="bbox 439 1219 2011 1296; baseline -0.013 -4"><span class='ocrx_word' id='word_1_68' title='bbox 439 1252 554 1292; x_wconf 85' lang='lat' dir='ltr'><strong>ram</strong></span> <span class='ocrx_word' id='word_1_69' title='bbox 586 1232 822 1296; x_wconf 81' lang='lat' dir='ltr'><strong>tertiam,</strong></span> <span class='ocrx_word' id='word_1_70' title='bbox 872 1244 969 1285; x_wconf 80' lang='lat' dir='ltr'><strong>sex</strong></span> <span class='ocrx_word' id='word_1_71' title='bbox 998 1228 1144 1282; x_wconf 78' lang='lat' dir='ltr'><strong>horae</strong></span> <span class='ocrx_word' id='word_1_72' title='bbox 1187 1224 1352 1280; x_wconf 78' lang='lat' dir='ltr'><strong>fuisse</strong></span> <span class='ocrx_word' id='word_1_73' title='bbox 1394 1239 1425 1278; x_wconf 89' lang='lat' dir='ltr'><strong>a</strong></span> <span class='ocrx_word' id='word_1_74' title='bbox 1469 1221 1676 1277; x_wconf 82' lang='lat' dir='ltr'><strong>Joanne</strong></span> <span class='ocrx_word' id='word_1_75' title='bbox 1704 1219 2011 1275; x_wconf 88' lang='lat' dir='ltr'><strong>traduntur.</strong></span> 
     </span>
    </p>
   </div>
   <div class='ocr_carea' id='block_1_12' title="bbox 438 1316 2012 1391">
    <p class='ocr_par' dir='ltr' id='par_1_12' title="bbox 438 1316 2012 1391">
     <span class='ocr_line' id='line_1_12' title="bbox 438 1316 2012 1391; baseline -0.01 -6"><span class='ocrx_word' id='word_1_76' title='bbox 438 1329 621 1386; x_wconf 85' lang='lat' dir='ltr'><strong>Potuit</strong></span> <span class='ocrx_word' id='word_1_77' title='bbox 646 1327 791 1381; x_wconf 91' lang='lat' dir='ltr'><strong>enim</strong></span> <span class='ocrx_word' id='word_1_78' title='bbox 817 1323 955 1389; x_wconf 88' lang='lat' dir='ltr'><strong>ﬁeri,</strong></span> <span class='ocrx_word' id='word_1_79' title='bbox 987 1329 1046 1376; x_wconf 90' lang='lat' dir='ltr'><strong>ut</strong></span> <span class='ocrx_word' id='word_1_80' title='bbox 1068 1328 1179 1375; x_wconf 91' lang='lat' dir='ltr'><strong>tres</strong></span> <span class='ocrx_word' id='word_1_81' title='bbox 1203 1325 1594 1391; x_wconf 82' lang='lat' dir='ltr'><strong>peragerentur</strong></span> <span class='ocrx_word' id='word_1_82' title='bbox 1619 1316 1765 1372; x_wconf 69' lang='lat' dir='ltr'><strong>hora:</strong></span> <span class='ocrx_word' id='word_1_83' title='bbox 1787 1322 2012 1371; x_wconf 89' lang='lat' dir='ltr'><strong>noctur-</strong></span> 
     </span>
    </p>
   </div>
   <div class='ocr_carea' id='block_1_13' title="bbox 443 1405 2018 1489">
    <p class='ocr_par' dir='ltr' id='par_1_13' title="bbox 443 1405 2018 1489">
     <span class='ocr_line' id='line_1_13' title="bbox 443 1405 2018 1489; baseline -0.01 -12"><span class='ocrx_word' id='word_1_84' title='bbox 443 1436 542 1485; x_wconf 64' lang='lat' dir='ltr'><strong>nae,</strong></span> <span class='ocrx_word' id='word_1_85' title='bbox 591 1427 646 1474; x_wconf 92' lang='lat' dir='ltr'><strong>et</strong></span> <span class='ocrx_word' id='word_1_86' title='bbox 676 1434 706 1473; x_wconf 90' lang='lat' dir='ltr'><strong>a</strong></span> <span class='ocrx_word' id='word_1_87' title='bbox 738 1414 1132 1489; x_wconf 67' lang='lat' dir='ltr'><strong>prteparatione</strong></span> <span class='ocrx_word' id='word_1_88' title='bbox 1178 1409 1445 1484; x_wconf 87' lang='lat' dir='ltr'><strong>passionis</strong></span> <span class='ocrx_word' id='word_1_89' title='bbox 1474 1407 1687 1464; x_wconf 90' lang='lat' dir='ltr'><strong>Domini</strong></span> <span class='ocrx_word' id='word_1_90' title='bbox 1735 1422 1907 1477; x_wconf 88' lang='lat' dir='ltr'><strong>usque</strong></span> <span class='ocrx_word' id='word_1_91' title='bbox 1949 1405 2018 1461; x_wconf 90' lang='lat' dir='ltr'><strong>ad</strong></span> 
     </span>
    </p>
   </div>
   <div class='ocr_carea' id='block_1_14' title="bbox 442 1499 2021 1569">
    <p class='ocr_par' dir='ltr' id='par_1_14' title="bbox 442 1499 2021 1569">
     <span class='ocr_line' id='line_1_14' title="bbox 442 1499 2021 1569; baseline -0.01 0"><span class='ocrx_word' id='word_1_92' title='bbox 442 1505 629 1569; x_wconf 87' lang='lat' dir='ltr'><strong>horam</strong></span> <span class='ocrx_word' id='word_1_93' title='bbox 656 1509 871 1565; x_wconf 85' lang='lat' dir='ltr'><strong>tertiam</strong></span> <span class='ocrx_word' id='word_1_94' title='bbox 894 1506 1017 1562; x_wconf 89' lang='lat' dir='ltr'><strong>diei.</strong></span> <span class='ocrx_word' id='word_1_95' title='bbox 1063 1503 1378 1560; x_wconf 90' lang='lat' dir='ltr'><strong>Secundum</strong></span> <span class='ocrx_word' id='word_1_96' title='bbox 1422 1499 1686 1557; x_wconf 85' lang='lat' dir='ltr'><strong>Joannem</strong></span> <span class='ocrx_word' id='word_1_97' title='bbox 1720 1514 1816 1555; x_wconf 76' lang='lat' dir='ltr'><strong>sex</strong></span> <span class='ocrx_word' id='word_1_98' title='bbox 1872 1499 2021 1553; x_wconf 71' lang='lat' dir='ltr'><strong>horae</strong></span> 
     </span>
    </p>
   </div>
   <div class='ocr_carea' id='block_1_15' title="bbox 444 1580 2023 1663">
    <p class='ocr_par' dir='ltr' id='par_1_15' title="bbox 444 1580 2023 1663">
     <span class='ocr_line' id='line_1_15' title="bbox 444 1580 2023 1663; baseline -0.008 -5"><span class='ocrx_word' id='word_1_99' title='bbox 444 1602 744 1658; x_wconf 82' lang='lat' dir='ltr'><strong>rectissime</strong></span> <span class='ocrx_word' id='word_1_100' title='bbox 791 1600 1119 1663; x_wconf 82' lang='lat' dir='ltr'><strong>referuntur,</strong></span> <span class='ocrx_word' id='word_1_101' title='bbox 1173 1612 1279 1654; x_wconf 91' lang='lat' dir='ltr'><strong>non</strong></span> <span class='ocrx_word' id='word_1_102' title='bbox 1307 1580 1457 1650; x_wconf 86' lang='lat' dir='ltr'><strong>enim</strong></span> <span class='ocrx_word' id='word_1_103' title='bbox 1480 1594 1679 1650; x_wconf 81' lang='lat' dir='ltr'><strong>frustra</strong></span> <span class='ocrx_word' id='word_1_104' title='bbox 1707 1591 1918 1662; x_wconf 87' lang='lat' dir='ltr'><strong>adjecit,</strong></span> <span class='ocrx_word' id='word_1_105' title='bbox 1962 1600 2023 1646; x_wconf 91' lang='lat' dir='ltr'><strong>ut</strong></span> 
     </span>
    </p>
   </div>
   <div class='ocr_carea' id='block_1_16' title="bbox 445 1684 2024 1758">
    <p class='ocr_par' dir='ltr' id='par_1_16' title="bbox 445 1684 2024 1758">
     <span class='ocr_line' id='line_1_16' title="bbox 445 1684 2024 1758; baseline -0.008 -7"><span class='ocrx_word' id='word_1_106' title='bbox 445 1696 666 1751; x_wconf 87' lang='lat' dir='ltr'><strong>diceret.</strong></span> <span class='ocrx_word' id='word_1_107' title='bbox 714 1692 845 1748; x_wconf 87' lang='lat' dir='ltr'><strong>Erat</strong></span> <span class='ocrx_word' id='word_1_108' title='bbox 887 1691 1032 1747; x_wconf 91' lang='lat' dir='ltr'><strong>enim</strong></span> <span class='ocrx_word' id='word_1_109' title='bbox 1074 1690 1208 1744; x_wconf 88' lang='lat' dir='ltr'><strong>hora</strong></span> <span class='ocrx_word' id='word_1_110' title='bbox 1240 1700 1531 1758; x_wconf 89' lang='lat' dir='ltr'><strong>parasceve</strong></span> <span class='ocrx_word' id='word_1_111' title='bbox 1557 1684 1671 1740; x_wconf 81' lang='lat' dir='ltr'><strong>fere</strong></span> <span class='ocrx_word' id='word_1_112' title='bbox 1712 1692 1886 1750; x_wconf 77' lang='lat' dir='ltr'><strong>sexta,</strong></span> <span class='ocrx_word' id='word_1_113' title='bbox 1917 1684 2024 1739; x_wconf 89' lang='lat' dir='ltr'><strong>hoc</strong></span> 
     </span>
    </p>
   </div>
   <div class='ocr_carea' id='block_1_17' title="bbox 444 1773 2025 1857">
    <p class='ocr_par' dir='ltr' id='par_1_17' title="bbox 444 1773 2025 1857">
     <span class='ocr_line' id='line_1_17' title="bbox 444 1773 2025 1857; baseline -0.007 -17"><span class='ocrx_word' id='word_1_114' title='bbox 444 1793 549 1850; x_wconf 75' lang='lat' dir='ltr'><strong>eSt,</strong></span> <span class='ocrx_word' id='word_1_115' title='bbox 587 1782 1015 1857; x_wconf 71' lang='lat' dir='ltr'><strong>praeparationis.</strong></span> <span class='ocrx_word' id='word_1_116' title='bbox 1052 1778 1130 1837; x_wconf 79' lang='lat' dir='ltr'><strong>Ex</strong></span> <span class='ocrx_word' id='word_1_117' title='bbox 1156 1795 1222 1835; x_wconf 92' lang='lat' dir='ltr'><strong>eo</strong></span> <span class='ocrx_word' id='word_1_118' title='bbox 1245 1779 1388 1833; x_wconf 91' lang='lat' dir='ltr'><strong>enim</strong></span> <span class='ocrx_word' id='word_1_119' title='bbox 1434 1777 1601 1847; x_wconf 71' lang='lat' dir='ltr'><strong>cmpit</strong></span> <span class='ocrx_word' id='word_1_120' title='bbox 1627 1774 1809 1846; x_wconf 89' lang='lat' dir='ltr'><strong>passio</strong></span> <span class='ocrx_word' id='word_1_121' title='bbox 1834 1773 2025 1831; x_wconf 88' lang='lat' dir='ltr'><strong>Salva-</strong></span> 
     </span>
    </p>
   </div>
   <div class='ocr_carea' id='block_1_18' title="bbox 2106 648 3725 724">
    <p class='ocr_par' dir='ltr' id='par_1_18' title="bbox 2106 648 3725 724">
     <span class='ocr_line' id='line_1_18' title="bbox 2106 648 3725 724; baseline -0.007 -12"><span class='ocrx_word' id='word_1_122' title='bbox 2106 654 2297 721; x_wconf 75' lang='lat' dir='ltr'><strong>bedzei,</strong></span> <span class='ocrx_word' id='word_1_123' title='bbox 2328 668 2448 724; x_wconf 64' lang='lat' dir='ltr'><strong>quae</strong></span> <span class='ocrx_word' id='word_1_124' title='bbox 2474 650 2639 723; x_wconf 86' lang='lat' dir='ltr'><strong>paulo</strong></span> <span class='ocrx_word' id='word_1_125' title='bbox 2662 658 2790 705; x_wconf 87' lang='lat' dir='ltr'><strong>ante</strong></span> <span class='ocrx_word' id='word_1_126' title='bbox 2814 665 3040 722; x_wconf 81' lang='lat' dir='ltr'><strong>regnum</strong></span> <span class='ocrx_word' id='word_1_127' title='bbox 3068 648 3256 709; x_wconf 81' lang='lat' dir='ltr'><strong>liberis</strong></span> <span class='ocrx_word' id='word_1_128' title='bbox 3280 650 3627 722; x_wconf 65' lang='lat' dir='ltr'><strong>postulunt,~</strong></span> <span class='ocrx_word' id='word_1_129' title='bbox 3644 659 3725 711; x_wconf 75' lang='grc' dir='ltr'><strong>οι.</strong></span> 
     </span>
    </p>
   </div>
   <div class='ocr_carea' id='block_1_19' title="bbox 2107 739 3372 818">
    <p class='ocr_par' dir='ltr' id='par_1_19' title="bbox 2107 739 3372 818">
     <span class='ocr_line' id='line_1_19' title="bbox 2107 739 3372 818; baseline -0.006 -16"><span class='ocrx_word' id='word_1_130' title='bbox 2107 747 2244 803; x_wconf 88' lang='lat' dir='ltr'><strong>alias</strong></span> <span class='ocrx_word' id='word_1_131' title='bbox 2268 760 2402 818; x_wconf 83' lang='lat' dir='ltr'><strong>quas</strong></span> <span class='ocrx_word' id='word_1_132' title='bbox 2426 744 2482 798; x_wconf 88' lang='lat' dir='ltr'><strong>in</strong></span> <span class='ocrx_word' id='word_1_133' title='bbox 2508 742 2722 798; x_wconf 69' lang='lat' dir='ltr'><strong>caeteris</strong></span> <span class='ocrx_word' id='word_1_134' title='bbox 2750 740 3065 813; x_wconf 82' lang='lat' dir='ltr'><strong>Evangeliis-</strong></span> <span class='ocrx_word' id='word_1_135' title='bbox 3083 739 3372 813; x_wconf 45' lang='lat' dir='ltr'><strong>legimust.</strong></span> 
     </span>
    </p>
   </div>
   <div class='ocr_carea' id='block_1_20' title="bbox 2180 852 3710 925">
    <p class='ocr_par' dir='ltr' id='par_1_20' title="bbox 2180 852 3710 925">
     <span class='ocr_line' id='line_1_20' title="bbox 2180 852 3710 925; baseline -0.001 -12"><span class='ocrx_word' id='word_1_136' title='bbox 2180 856 2316 914; x_wconf 83' lang='lat' dir='ltr'><strong>Cum</strong></span> <span class='ocrx_word' id='word_1_137' title='bbox 2336 864 2510 911; x_wconf 82' lang='lat' dir='ltr'><strong>autem</strong></span> <span class='ocrx_word' id='word_1_138' title='bbox 2544 862 2663 909; x_wconf 74' lang='lat' dir='ltr'><strong>sero</strong></span> <span class='ocrx_word' id='word_1_139' title='bbox 2706 853 2905 924; x_wconf 78' lang='lat' dir='ltr'><strong>factum</strong></span> <span class='ocrx_word' id='word_1_140' title='bbox 2930 862 3086 919; x_wconf 84' lang='lat' dir='ltr'><strong>esset,</strong></span> <span class='ocrx_word' id='word_1_141' title='bbox 3128 853 3275 907; x_wconf 62' lang='lat' dir='ltr'><strong>venit</strong></span> <span class='ocrx_word' id='word_1_142' title='bbox 3292 852 3519 925; x_wconf 50' lang='lat' dir='ltr'><strong>quidam!</strong></span> <span class='ocrx_word' id='word_1_143' title='bbox 3539 855 3710 911; x_wconf 77' lang='lat' dir='ltr'><strong>tiomo</strong></span> 
     </span>
    </p>
   </div>
   <div class='ocr_carea' id='block_1_21' title="bbox 2109 938 3706 1017">
    <p class='ocr_par' dir='ltr' id='par_1_21' title="bbox 2109 938 3706 1017">
     <span class='ocr_line' id='line_1_21' title="bbox 2109 938 3706 1017; baseline -0.01 -12"><span class='ocrx_word' id='word_1_144' title='bbox 2109 949 2249 1006; x_wconf 77' lang='lat' dir='ltr'><strong>diues</strong></span> <span class='ocrx_word' id='word_1_145' title='bbox 2275 948 2340 1003; x_wconf 88' lang='lat' dir='ltr'><strong>ab</strong></span> <span class='ocrx_word' id='word_1_146' title='bbox 2370 947 2686 1011; x_wconf 74' lang='lat' dir='ltr'><strong>Arimathia,</strong></span> <span class='ocrx_word' id='word_1_147' title='bbox 2720 947 2931 1001; x_wconf 82' lang='lat' dir='ltr'><strong>nomine</strong></span> <span class='ocrx_word' id='word_1_148' title='bbox 2952 944 3179 1016; x_wconf 55' lang='lat' dir='ltr'><strong>locavit,</strong></span> <span class='ocrx_word' id='word_1_149' title='bbox 3332 963 3377 1000; x_wconf 90' lang='lat' dir='ltr'><strong>a-</strong></span> <span class='ocrx_word' id='word_1_150' title='bbox 3414 946 3562 1002; x_wconf 67' lang='lat' dir='ltr'><strong>Luca</strong></span> <span class='ocrx_word' id='word_1_151' title='bbox 3600 948 3706 1003; x_wconf 77' lang='lat' dir='ltr'><strong>de.</strong></span> 
     </span>
    </p>
   </div>
   <div class='ocr_carea' id='block_1_22' title="bbox 2111 1034 3707 1105">
    <p class='ocr_par' dir='ltr' id='par_1_22' title="bbox 2111 1034 3707 1105">
     <span class='ocr_line' id='line_1_22' title="bbox 2111 1034 3707 1105; baseline -0.001 -9"><span class='ocrx_word' id='word_1_152' title='bbox 2111 1041 2259 1096; x_wconf 87' lang='lat' dir='ltr'><strong>curio</strong></span> <span class='ocrx_word' id='word_1_153' title='bbox 2284 1046 2518 1103; x_wconf 82' lang='lat' dir='ltr'><strong>uocatur,</strong></span> <span class='ocrx_word' id='word_1_154' title='bbox 2549 1042 2655 1092; x_wconf 87' lang='lat' dir='ltr'><strong>etc.</strong></span> <span class='ocrx_word' id='word_1_155' title='bbox 2684 1034 2917 1093; x_wconf 78' lang='lat' dir='ltr'><strong>Deeurio</strong></span> <span class='ocrx_word' id='word_1_156' title='bbox 2946 1038 3193 1101; x_wconf 76' lang='lat' dir='ltr'><strong>vocatur,</strong></span> <span class='ocrx_word' id='word_1_157' title='bbox 3226 1035 3373 1105; x_wconf 62' lang='lat' dir='ltr'><strong>mod</strong></span> <span class='ocrx_word' id='word_1_158' title='bbox 3402 1036 3480 1091; x_wconf 87' lang='lat' dir='ltr'><strong>sit</strong></span> <span class='ocrx_word' id='word_1_159' title='bbox 3503 1039 3572 1093; x_wconf 88' lang='lat' dir='ltr'><strong>de</strong></span> <span class='ocrx_word' id='word_1_160' title='bbox 3603 1046 3707 1094; x_wconf 70' lang='lat' dir='ltr'><strong>or-</strong></span> 
     </span>
    </p>
   </div>
   <div class='ocr_carea' id='block_1_23' title="bbox 2112 1123 3709 1198">
    <p class='ocr_par' dir='ltr' id='par_1_23' title="bbox 2112 1123 3709 1198">
     <span class='ocr_line' id='line_1_23' title="bbox 2112 1123 3709 1198; baseline 0.001 -16"><span class='ocrx_word' id='word_1_161' title='bbox 2112 1127 2240 1183; x_wconf 88' lang='lat' dir='ltr'><strong>dine</strong></span> <span class='ocrx_word' id='word_1_162' title='bbox 2285 1134 2342 1183; x_wconf 90' lang='lat' dir='ltr'><strong>et</strong></span> <span class='ocrx_word' id='word_1_163' title='bbox 2370 1124 2546 1181; x_wconf 78' lang='lat' dir='ltr'><strong>cilicio</strong></span> <span class='ocrx_word' id='word_1_164' title='bbox 2594 1125 2780 1190; x_wconf 68' lang='lat' dir='ltr'><strong>curiae,</strong></span> <span class='ocrx_word' id='word_1_165' title='bbox 2815 1130 2872 1179; x_wconf 90' lang='lat' dir='ltr'><strong>et</strong></span> <span class='ocrx_word' id='word_1_166' title='bbox 2901 1123 3069 1179; x_wconf 65' lang='lat' dir='ltr'><strong>curia</strong></span> <span class='ocrx_word' id='word_1_167' title='bbox 3112 1123 3559 1193; x_wconf 67' lang='lat' dir='ltr'><strong>administrator,</strong></span> <span class='ocrx_word' id='word_1_168' title='bbox 3606 1128 3709 1198; x_wconf 74' lang='lat' dir='ltr'><strong>qui</strong></span> 
     </span>
    </p>
   </div>
   <div class='ocr_carea' id='block_1_24' title="bbox 2112 1215 3718 1291">
    <p class='ocr_par' dir='ltr' id='par_1_24' title="bbox 2112 1215 3718 1291">
     <span class='ocr_line' id='line_1_24' title="bbox 2112 1215 3718 1291; baseline 0 -17"><span class='ocrx_word' id='word_1_169' title='bbox 2112 1218 2279 1274; x_wconf 89' lang='lat' dir='ltr'><strong>etiam</strong></span> <span class='ocrx_word' id='word_1_170' title='bbox 2306 1216 2529 1273; x_wconf 89' lang='lat' dir='ltr'><strong>curialis</strong></span> <span class='ocrx_word' id='word_1_171' title='bbox 2557 1232 2587 1270; x_wconf 90' lang='lat' dir='ltr'><strong>a</strong></span> <span class='ocrx_word' id='word_1_172' title='bbox 2618 1216 2965 1287; x_wconf 84' lang='lat' dir='ltr'><strong>procuranda</strong></span> <span class='ocrx_word' id='word_1_173' title='bbox 2995 1229 3223 1291; x_wconf 82' lang='lat' dir='ltr'><strong>munera</strong></span> <span class='ocrx_word' id='word_1_174' title='bbox 3248 1215 3431 1270; x_wconf 68' lang='lat' dir='ltr'><strong>civilia</strong></span> <span class='ocrx_word' id='word_1_175' title='bbox 3455 1217 3718 1290; x_wconf 65' lang='lat' dir='ltr'><strong>solet‘apo</strong></span> 
     </span>
    </p>
   </div>
   <div class='ocr_carea' id='block_1_25' title="bbox 2115 1302 3727 1380">
    <p class='ocr_par' dir='ltr' id='par_1_25' title="bbox 2115 1302 3727 1380">
     <span class='ocr_line' id='line_1_25' title="bbox 2115 1302 3727 1380; baseline 0.002 -19"><span class='ocrx_word' id='word_1_176' title='bbox 2115 1307 2323 1380; x_wconf 83' lang='lat' dir='ltr'><strong>pellari.</strong></span> <span class='ocrx_word' id='word_1_177' title='bbox 2351 1306 2434 1363; x_wconf 83' lang='lat' dir='ltr'><strong>Ab</strong></span> <span class='ocrx_word' id='word_1_178' title='bbox 2459 1305 2767 1361; x_wconf 78' lang='lat' dir='ltr'><strong>Arimathia</strong></span> <span class='ocrx_word' id='word_1_179' title='bbox 2800 1305 3025 1362; x_wconf 74' lang='lat' dir='ltr'><strong>civitate</strong></span> <span class='ocrx_word' id='word_1_180' title='bbox 3051 1303 3272 1373; x_wconf 65' lang='lat' dir='ltr'><strong>Jndzem,</strong></span> <span class='ocrx_word' id='word_1_181' title='bbox 3296 1302 3727 1379; x_wconf 58' lang='lat' dir='ltr'><strong>quiessp&#39;eeta-</strong></span> 
     </span>
    </p>
   </div>
   <div class='ocr_carea' id='block_1_26' title="bbox 2115 1398 3725 1471">
    <p class='ocr_par' dir='ltr' id='par_1_26' title="bbox 2115 1398 3725 1471">
     <span class='ocr_line' id='line_1_26' title="bbox 2115 1398 3725 1471; baseline 0.002 -16"><span class='ocrx_word' id='word_1_182' title='bbox 2115 1400 2211 1455; x_wconf 89' lang='lat' dir='ltr'><strong>hat</strong></span> <span class='ocrx_word' id='word_1_183' title='bbox 2238 1409 2294 1456; x_wconf 87' lang='lat' dir='ltr'><strong>et</strong></span> <span class='ocrx_word' id='word_1_184' title='bbox 2321 1400 2437 1469; x_wconf 83' lang='lat' dir='ltr'><strong>ipse</strong></span> <span class='ocrx_word' id='word_1_185' title='bbox 2463 1414 2688 1471; x_wconf 78' lang='lat' dir='ltr'><strong>regnum</strong></span> <span class='ocrx_word' id='word_1_186' title='bbox 2717 1398 2834 1455; x_wconf 60' lang='lat' dir='ltr'><strong>ibi.</strong></span> <span class='ocrx_word' id='word_1_187' title='bbox 2878 1398 3201 1453; x_wconf 64' lang='lat' dir='ltr'><strong>Ariarathis.</strong></span> <span class='ocrx_word' id='word_1_188' title='bbox 3230 1399 3349 1470; x_wconf 77' lang='lat' dir='ltr'><strong>ipsa</strong></span> <span class='ocrx_word' id='word_1_189' title='bbox 3393 1411 3479 1455; x_wconf 86' lang='lat' dir='ltr'><strong>est</strong></span> <span class='ocrx_word' id='word_1_190' title='bbox 3508 1400 3725 1458; x_wconf 74' lang='lat' dir='ltr'><strong>ﬂama-</strong></span> 
     </span>
    </p>
   </div>
   <div class='ocr_carea' id='block_1_27' title="bbox 2119 1487 3725 1563">
    <p class='ocr_par' dir='ltr' id='par_1_27' title="bbox 2119 1487 3725 1563">
     <span class='ocr_line' id='line_1_27' title="bbox 2119 1487 3725 1563; baseline -0.006 -19"><span class='ocrx_word' id='word_1_191' title='bbox 2119 1491 2234 1557; x_wconf 90' lang='lat' dir='ltr'><strong>tha,</strong></span> <span class='ocrx_word' id='word_1_192' title='bbox 2265 1490 2459 1546; x_wconf 84' lang='lat' dir='ltr'><strong>civitas</strong></span> <span class='ocrx_word' id='word_1_193' title='bbox 2489 1488 2745 1545; x_wconf 68' lang='lat' dir='ltr'><strong>Helcanze</strong></span> <span class='ocrx_word' id='word_1_194' title='bbox 2765 1497 2822 1545; x_wconf 89' lang='lat' dir='ltr'><strong>et</strong></span> <span class='ocrx_word' id='word_1_195' title='bbox 2853 1487 3137 1547; x_wconf 73' lang='lat' dir='ltr'><strong>Samuelis</strong></span> <span class='ocrx_word' id='word_1_196' title='bbox 3153 1488 3455 1563; x_wconf 72' lang='lat' dir='ltr'><strong>inzregione</strong></span> 
     </span>
    </p>
   </div>
   <div class='ocr_carea' id='block_1_28' title="bbox 2119 1579 2750 1652">
    <p class='ocr_par' dir='ltr' id='par_1_28' title="bbox 2119 1579 2750 1652">
     <span class='ocr_line' id='line_1_28' title="bbox 2119 1579 2750 1652; baseline -0.003 -16"><span class='ocrx_word' id='word_1_197' title='bbox 2119 1581 2229 1637; x_wconf 86' lang='lat' dir='ltr'><strong>tica</strong></span> <span class='ocrx_word' id='word_1_198' title='bbox 2249 1580 2405 1652; x_wconf 82' lang='lat' dir='ltr'><strong>juxta</strong></span> <span class='ocrx_word' id='word_1_199' title='bbox 2432 1579 2750 1650; x_wconf 86' lang='lat' dir='ltr'><strong>Diospolim.</strong></span> 
     </span>
    </p>
   </div>
   <div class='ocr_carea' id='block_1_29' title="bbox 2194 1674 3721 1767">
    <p class='ocr_par' dir='ltr' id='par_1_29' title="bbox 2194 1674 3721 1767">
     <span class='ocr_line' id='line_1_29' title="bbox 2194 1674 3721 1767; baseline 0.005 -19"><span class='ocrx_word' id='word_1_200' title='bbox 2194 1692 2297 1748; x_wconf 75' lang='lat' dir='ltr'><strong>Ih’c</strong></span> <span class='ocrx_word' id='word_1_201' title='bbox 2333 1694 2547 1748; x_wconf 68' lang='lat' dir='ltr'><strong>accessit</strong></span> <span class='ocrx_word' id='word_1_202' title='bbox 2572 1693 2652 1747; x_wconf 74' lang='lat' dir='ltr'><strong>ad&#39;</strong></span> <span class='ocrx_word' id='word_1_203' title='bbox 2672 1691 2993 1748; x_wconf 63' lang='lat' dir='ltr'><strong>Pil&#39;utum‘étL</strong></span> <span class='ocrx_word' id='word_1_204' title='bbox 3022 1688 3389 1767; x_wconf 64' lang='lat' dir='ltr'><strong>ﬂetiii‘cdrp&#39;u&#39;s</strong></span> <span class='ocrx_word' id='word_1_205' title='bbox 3416 1674 3564 1753; x_wconf 54' lang='lat' dir='ltr'><strong>festi!</strong></span> <span class='ocrx_word' id='word_1_206' title='bbox 3605 1677 3721 1756; x_wconf 66' lang='lat' dir='ltr'><strong>Bra-</strong></span> 
     </span>
    </p>
   </div>
   <div class='ocr_carea' id='block_1_30' title="bbox 2123 1780 3735 1869">
    <p class='ocr_par' dir='ltr' id='par_1_30' title="bbox 2123 1780 3735 1869">
     <span class='ocr_line' id='line_1_30' title="bbox 2123 1780 3735 1869; baseline 0.006 -30"><span class='ocrx_word' id='word_1_207' title='bbox 2123 1798 2243 1857; x_wconf 70' lang='lat' dir='ltr'><strong>gnte</strong></span> <span class='ocrx_word' id='word_1_208' title='bbox 2265 1785 2482 1855; x_wconf 83' lang='lat' dir='ltr'><strong>quidem</strong></span> <span class='ocrx_word' id='word_1_209' title='bbox 2507 1782 2707 1855; x_wconf 85' lang='lat' dir='ltr'><strong>Joseph</strong></span> <span class='ocrx_word' id='word_1_210' title='bbox 2735 1785 2857 1839; x_wconf 68' lang='lat' dir='ltr'><strong>istae</strong></span> <span class='ocrx_word' id='word_1_211' title='bbox 2886 1784 3179 1856; x_wconf 84' lang='lat' dir='ltr'><strong>dignitatis</strong></span> <span class='ocrx_word' id='word_1_212' title='bbox 3199 1787 3281 1869; x_wconf 55' lang='lat' dir='ltr'><strong>ad&quot;</strong></span> <span class='ocrx_word' id='word_1_213' title='bbox 3298 1780 3593 1869; x_wconf 74' lang='lat' dir='ltr'><strong>saeculum,</strong></span> <span class='ocrx_word' id='word_1_214' title='bbox 3622 1794 3735 1849; x_wconf 67' lang='lat' dir='ltr'><strong>sed‘</strong></span> 
     </span>
    </p>
   </div>
   <div class='ocr_carea' id='block_1_31' title="bbox 446 1865 3725 1957">
    <p class='ocr_par' dir='ltr' id='par_1_31' title="bbox 446 1865 3725 1957">
     <span class='ocr_line' id='line_1_31' title="bbox 446 1865 3725 1957; baseline 0.006 -35"><span class='ocrx_word' id='word_1_215' title='bbox 446 1880 603 1946; x_wconf 62' lang='lat' dir='ltr'><strong>toris,</strong></span> <span class='ocrx_word' id='word_1_216' title='bbox 657 1895 724 1935; x_wconf 70' lang='lat' dir='ltr'><strong>ex</strong></span> <span class='ocrx_word' id='word_1_217' title='bbox 773 1893 880 1948; x_wconf 86' lang='lat' dir='ltr'><strong>quo</strong></span> <span class='ocrx_word' id='word_1_218' title='bbox 926 1892 1025 1947; x_wconf 90' lang='lat' dir='ltr'><strong>pro</strong></span> <span class='ocrx_word' id='word_1_219' title='bbox 1072 1872 1248 1931; x_wconf 86' lang='lat' dir='ltr'><strong>salute</strong></span> <span class='ocrx_word' id='word_1_220' title='bbox 1276 1871 1460 1928; x_wconf 90' lang='lat' dir='ltr'><strong>mundi</strong></span> <span class='ocrx_word' id='word_1_221' title='bbox 1509 1868 1707 1926; x_wconf 88' lang='lat' dir='ltr'><strong>ductus</strong></span> <span class='ocrx_word' id='word_1_222' title='bbox 1753 1876 1838 1925; x_wconf 91' lang='lat' dir='ltr'><strong>est</strong></span> <span class='ocrx_word' id='word_1_223' title='bbox 1877 1865 2025 1936; x_wconf 88' lang='lat' dir='ltr'><strong>judi-</strong></span> <span class='ocrx_word' id='word_1_224' title='bbox 2054 1876 2518 1957; x_wconf 53' lang='lat' dir='ltr'><strong>&quot;majoris-apud</strong></span> <span class='ocrx_word' id='word_1_225' title='bbox 2546 1875 2717 1930; x_wconf 89' lang='lat' dir='ltr'><strong>Deum</strong></span> <span class='ocrx_word' id='word_1_226' title='bbox 2747 1877 2926 1931; x_wconf 92' lang='lat' dir='ltr'><strong>meriti</strong></span> <span class='ocrx_word' id='word_1_227' title='bbox 2949 1876 3115 1934; x_wconf 84' lang='lat' dir='ltr'><strong>fuisse</strong></span> <span class='ocrx_word' id='word_1_228' title='bbox 3141 1865 3418 1949; x_wconf 71' lang='lat' dir='ltr'><strong>laudhtdr,</strong></span> <span class='ocrx_word' id='word_1_229' title='bbox 3447 1880 3510 1957; x_wconf 81' lang='lat' dir='ltr'><strong>ut</strong></span> <span class='ocrx_word' id='word_1_230' title='bbox 3535 1868 3595 1941; x_wconf 51' lang='lat' dir='ltr'><strong>et&#39;</strong></span> <span class='ocrx_word' id='word_1_231' title='bbox 3619 1903 3725 1957; x_wconf 85' lang='lat' dir='ltr'><strong>per</strong></span> 
     </span>
    </p>
   </div>
   <div class='ocr_carea' id='block_1_32' title="bbox 446 1971 672 2027">
    <p class='ocr_par' dir='ltr' id='par_1_32' title="bbox 446 1971 672 2027">
     <span class='ocr_line' id='line_1_32' title="bbox 446 1971 672 2027; baseline -0.009 0"><span class='ocrx_word' id='word_1_232' title='bbox 446 1971 672 2027; x_wconf 88' lang='lat' dir='ltr'><strong>candus.</strong></span> 
     </span>
    </p>
   </div>
   <div class='ocr_carea' id='block_1_33' title="bbox 518 2074 2030 2153">
    <p class='ocr_par' dir='ltr' id='par_1_33' title="bbox 518 2074 2030 2153">
     <span class='ocr_line' id='line_1_33' title="bbox 518 2074 2030 2153; baseline -0.007 -13"><span class='ocrx_word' id='word_1_233' title='bbox 518 2084 765 2141; x_wconf 81' lang='lat' dir='ltr'><strong>Centurio</strong></span> <span class='ocrx_word' id='word_1_234' title='bbox 809 2090 1006 2148; x_wconf 86' lang='lat' dir='ltr'><strong>autem,</strong></span> <span class='ocrx_word' id='word_1_235' title='bbox 1042 2089 1095 2137; x_wconf 80' lang='lat' dir='ltr'><strong>et</strong></span> <span class='ocrx_word' id='word_1_236' title='bbox 1133 2080 1224 2153; x_wconf 87' lang='lat' dir='ltr'><strong>qui</strong></span> <span class='ocrx_word' id='word_1_237' title='bbox 1265 2095 1384 2134; x_wconf 88' lang='lat' dir='ltr'><strong>cum</strong></span> <span class='ocrx_word' id='word_1_238' title='bbox 1413 2094 1474 2134; x_wconf 88' lang='lat' dir='ltr'><strong>eo</strong></span> <span class='ocrx_word' id='word_1_239' title='bbox 1503 2085 1654 2133; x_wconf 83' lang='lat' dir='ltr'><strong>erant</strong></span> <span class='ocrx_word' id='word_1_240' title='bbox 1683 2074 2030 2132; x_wconf 73' lang='lat' dir='ltr'><strong>custodientes</strong></span> 
     </span>
    </p>
   </div>
   <div class='ocr_carea' id='block_1_34' title="bbox 447 2167 2035 2244">
    <p class='ocr_par' dir='ltr' id='par_1_34' title="bbox 447 2167 2035 2244">
     <span class='ocr_line' id='line_1_34' title="bbox 447 2167 2035 2244; baseline -0.01 -10"><span class='ocrx_word' id='word_1_241' title='bbox 447 2176 652 2244; x_wconf 74' lang='lat' dir='ltr'><strong>Iesum,</strong></span> <span class='ocrx_word' id='word_1_242' title='bbox 682 2174 793 2231; x_wconf 76' lang='lat' dir='ltr'><strong>viso</strong></span> <span class='ocrx_word' id='word_1_243' title='bbox 822 2184 976 2229; x_wconf 74' lang='lat' dir='ltr'><strong>terra:</strong></span> <span class='ocrx_word' id='word_1_244' title='bbox 1005 2181 1151 2227; x_wconf 87' lang='lat' dir='ltr'><strong>motu</strong></span> <span class='ocrx_word' id='word_1_245' title='bbox 1177 2179 1226 2226; x_wconf 87' lang='lat' dir='ltr'><strong>et</strong></span> <span class='ocrx_word' id='word_1_246' title='bbox 1255 2171 1336 2226; x_wconf 86' lang='lat' dir='ltr'><strong>his</strong></span> <span class='ocrx_word' id='word_1_247' title='bbox 1360 2186 1479 2242; x_wconf 79' lang='lat' dir='ltr'><strong>qua:</strong></span> <span class='ocrx_word' id='word_1_248' title='bbox 1502 2168 1716 2239; x_wconf 79' lang='lat' dir='ltr'><strong>ﬁebant,</strong></span> <span class='ocrx_word' id='word_1_249' title='bbox 1744 2167 2035 2221; x_wconf 79' lang='lat' dir='ltr'><strong>timuerunt</strong></span> 
     </span>
    </p>
   </div>
   <div class='ocr_carea' id='block_1_35' title="bbox 448 2256 2049 2332">
    <p class='ocr_par' dir='ltr' id='par_1_35' title="bbox 448 2256 2049 2332">
     <span class='ocr_line' id='line_1_35' title="bbox 448 2256 2049 2332; baseline -0.01 -6"><span class='ocrx_word' id='word_1_250' title='bbox 448 2270 597 2327; x_wconf 80' lang='lat' dir='ltr'><strong>ualde</strong></span> <span class='ocrx_word' id='word_1_251' title='bbox 620 2268 846 2323; x_wconf 78' lang='lat' dir='ltr'><strong>dicentes</strong></span> <span class='ocrx_word' id='word_1_252' title='bbox 867 2283 885 2320; x_wconf 87' lang='lat'><strong><em>:</em></strong></span> <span class='ocrx_word' id='word_1_253' title='bbox 927 2264 1054 2320; x_wconf 82' lang='lat' dir='ltr'><strong>Vere</strong></span> <span class='ocrx_word' id='word_1_254' title='bbox 1077 2264 1175 2319; x_wconf 87' lang='lat' dir='ltr'><strong>Dei</strong></span> <span class='ocrx_word' id='word_1_255' title='bbox 1205 2262 1378 2318; x_wconf 85' lang='lat' dir='ltr'><strong>Filius</strong></span> <span class='ocrx_word' id='word_1_256' title='bbox 1403 2272 1515 2317; x_wconf 86' lang='lat' dir='ltr'><strong>erat</strong></span> <span class='ocrx_word' id='word_1_257' title='bbox 1537 2262 1655 2317; x_wconf 80' lang='lat' dir='ltr'><strong>iste.</strong></span> <span class='ocrx_word' id='word_1_258' title='bbox 1702 2259 1804 2332; x_wconf 84' lang='lat' dir='ltr'><strong>(Ex</strong></span> <span class='ocrx_word' id='word_1_259' title='bbox 1840 2256 2049 2329; x_wconf 53' lang='grc' dir='ltr'><strong>Μεθ’</strong></span> 
     </span>
    </p>
   </div>
   <div class='ocr_carea' id='block_1_36' title="bbox 449 2351 2033 2429">
    <p class='ocr_par' dir='ltr' id='par_1_36' title="bbox 449 2351 2033 2429">
     <span class='ocr_line' id='line_1_36' title="bbox 449 2351 2033 2429; baseline -0.008 -11"><span class='ocrx_word' id='word_1_260' title='bbox 449 2359 568 2418; x_wconf 87' lang='lat' dir='ltr'><strong>Non</strong></span> <span class='ocrx_word' id='word_1_261' title='bbox 596 2361 743 2417; x_wconf 89' lang='lat' dir='ltr'><strong>solus</strong></span> <span class='ocrx_word' id='word_1_262' title='bbox 771 2358 1017 2415; x_wconf 88' lang='lat' dir='ltr'><strong>centurio</strong></span> <span class='ocrx_word' id='word_1_263' title='bbox 1043 2355 1364 2429; x_wconf 88' lang='lat' dir='ltr'><strong>gloriﬁcavit</strong></span> <span class='ocrx_word' id='word_1_264' title='bbox 1385 2355 1571 2417; x_wconf 88' lang='lat' dir='ltr'><strong>Deum,</strong></span> <span class='ocrx_word' id='word_1_265' title='bbox 1603 2353 1702 2409; x_wconf 91' lang='lat' dir='ltr'><strong>sed</strong></span> <span class='ocrx_word' id='word_1_266' title='bbox 1729 2361 1784 2408; x_wconf 92' lang='lat' dir='ltr'><strong>et</strong></span> <span class='ocrx_word' id='word_1_267' title='bbox 1810 2351 2033 2417; x_wconf 86' lang='lat' dir='ltr'><strong>milites,</strong></span> 
     </span>
    </p>
   </div>
   <div class='ocr_carea' id='block_1_37' title="bbox 453 2443 2035 2525">
    <p class='ocr_par' dir='ltr' id='par_1_37' title="bbox 453 2443 2035 2525">
     <span class='ocr_line' id='line_1_37' title="bbox 453 2443 2035 2525; baseline -0.008 -16"><span class='ocrx_word' id='word_1_268' title='bbox 453 2457 545 2525; x_wconf 90' lang='lat' dir='ltr'><strong>qui</strong></span> <span class='ocrx_word' id='word_1_269' title='bbox 592 2468 716 2509; x_wconf 90' lang='lat' dir='ltr'><strong>cum</strong></span> <span class='ocrx_word' id='word_1_270' title='bbox 757 2466 822 2507; x_wconf 91' lang='lat' dir='ltr'><strong>eo</strong></span> <span class='ocrx_word' id='word_1_271' title='bbox 847 2458 1003 2505; x_wconf 89' lang='lat' dir='ltr'><strong>erant</strong></span> <span class='ocrx_word' id='word_1_272' title='bbox 1052 2448 1419 2505; x_wconf 85' lang='lat' dir='ltr'><strong>custodientes</strong></span> <span class='ocrx_word' id='word_1_273' title='bbox 1460 2447 1668 2503; x_wconf 88' lang='lat' dir='ltr'><strong>Jesum.</strong></span> <span class='ocrx_word' id='word_1_274' title='bbox 1706 2444 1859 2500; x_wconf 89' lang='lat' dir='ltr'><strong>Sicut</strong></span> <span class='ocrx_word' id='word_1_275' title='bbox 1900 2443 2035 2499; x_wconf 77' lang='lat' dir='ltr'><strong>Mat-</strong></span> 
     </span>
    </p>
   </div>
   <div class='ocr_carea' id='block_1_38' title="bbox 453 2539 2031 2609">
    <p class='ocr_par' dir='ltr' id='par_1_38' title="bbox 453 2539 2031 2609">
     <span class='ocr_line' id='line_1_38' title="bbox 453 2539 2031 2609; baseline -0.007 -6"><span class='ocrx_word' id='word_1_276' title='bbox 453 2548 624 2604; x_wconf 66' lang='lat' dir='ltr'><strong>thaeus</strong></span> <span class='ocrx_word' id='word_1_277' title='bbox 668 2544 859 2601; x_wconf 81' lang='lat' dir='ltr'><strong>scribit</strong></span> <span class='ocrx_word' id='word_1_278' title='bbox 904 2543 1021 2599; x_wconf 93' lang='lat' dir='ltr'><strong>viso</strong></span> <span class='ocrx_word' id='word_1_279' title='bbox 1074 2550 1237 2598; x_wconf 81' lang='lat' dir='ltr'><strong>terrae</strong></span> <span class='ocrx_word' id='word_1_280' title='bbox 1262 2551 1413 2598; x_wconf 91' lang='lat' dir='ltr'><strong>motu</strong></span> <span class='ocrx_word' id='word_1_281' title='bbox 1444 2548 1499 2597; x_wconf 93' lang='lat' dir='ltr'><strong>et</strong></span> <span class='ocrx_word' id='word_1_282' title='bbox 1544 2540 1631 2596; x_wconf 88' lang='lat' dir='ltr'><strong>his</strong></span> <span class='ocrx_word' id='word_1_283' title='bbox 1658 2554 1778 2609; x_wconf 79' lang='lat' dir='ltr'><strong>quae</strong></span> <span class='ocrx_word' id='word_1_284' title='bbox 1807 2539 2031 2603; x_wconf 85' lang='lat' dir='ltr'><strong>ﬁebant,</strong></span> 
     </span>
    </p>
   </div>
   <div class='ocr_carea' id='block_1_39' title="bbox 455 2627 2083 2693">
    <p class='ocr_par' dir='ltr' id='par_1_39' title="bbox 455 2627 2083 2693">
     <span class='ocr_line' id='line_1_39' title="bbox 455 2627 2083 2693; baseline -0.01 0"><span class='ocrx_word' id='word_1_285' title='bbox 455 2637 750 2693; x_wconf 89' lang='lat' dir='ltr'><strong>timuerunt</strong></span> <span class='ocrx_word' id='word_1_286' title='bbox 777 2634 932 2690; x_wconf 88' lang='lat' dir='ltr'><strong>valde</strong></span> <span class='ocrx_word' id='word_1_287' title='bbox 963 2632 1204 2689; x_wconf 88' lang='lat' dir='ltr'><strong>dicentes</strong></span> <span class='ocrx_word' id='word_1_288' title='bbox 1234 2650 1246 2686; x_wconf 89' lang='lat'><strong>:</strong></span> <span class='ocrx_word' id='word_1_289' title='bbox 1293 2630 1425 2686; x_wconf 87' lang='lat' dir='ltr'><strong>Vere</strong></span> <span class='ocrx_word' id='word_1_290' title='bbox 1451 2630 1550 2684; x_wconf 88' lang='lat' dir='ltr'><strong>Dei</strong></span> <span class='ocrx_word' id='word_1_291' title='bbox 1578 2627 1753 2684; x_wconf 85' lang='lat' dir='ltr'><strong>Filius</strong></span> <span class='ocrx_word' id='word_1_292' title='bbox 1781 2636 1892 2683; x_wconf 81' lang='lat' dir='ltr'><strong>erat</strong></span> <span class='ocrx_word' id='word_1_293' title='bbox 1916 2630 2052 2682; x_wconf 47' lang='lat' dir='ltr'><strong>ista...</strong></span> <span class='ocrx_word' id='word_1_294' title='bbox 2078 2646 2083 2651; x_wconf 52' lang='grc' dir='ltr'><strong>λ</strong></span> 
     </span>
    </p>
   </div>
   <div class='ocr_carea' id='block_1_40' title="bbox 456 2718 2041 2798">
    <p class='ocr_par' dir='ltr' id='par_1_40' title="bbox 456 2718 2041 2798">
     <span class='ocr_line' id='line_1_40' title="bbox 456 2718 2041 2798; baseline -0.011 -13"><span class='ocrx_word' id='word_1_295' title='bbox 456 2728 670 2796; x_wconf 81' lang='lat' dir='ltr'><strong>Quanta</strong></span> <span class='ocrx_word' id='word_1_296' title='bbox 704 2741 833 2798; x_wconf 88' lang='lat' dir='ltr'><strong>ergo</strong></span> <span class='ocrx_word' id='word_1_297' title='bbox 862 2725 1079 2781; x_wconf 65' lang='lat' dir='ltr'><strong>caacitas</strong></span> <span class='ocrx_word' id='word_1_298' title='bbox 1125 2722 1454 2788; x_wconf 74' lang='lat' dir='ltr'><strong>Iudaeorum,</strong></span> <span class='ocrx_word' id='word_1_299' title='bbox 1484 2721 1578 2792; x_wconf 88' lang='lat' dir='ltr'><strong>qui</strong></span> <span class='ocrx_word' id='word_1_300' title='bbox 1624 2728 1702 2775; x_wconf 90' lang='lat' dir='ltr'><strong>tot</strong></span> <span class='ocrx_word' id='word_1_301' title='bbox 1733 2735 1833 2791; x_wconf 88' lang='lat' dir='ltr'><strong>per</strong></span> <span class='ocrx_word' id='word_1_302' title='bbox 1857 2718 2041 2775; x_wconf 73' lang='lat' dir='ltr'><strong>Domi;-</strong></span> 
     </span>
    </p>
   </div>
   <div class='ocr_carea' id='block_1_41' title="bbox 455 2811 2041 2893">
    <p class='ocr_par' dir='ltr' id='par_1_41' title="bbox 455 2811 2041 2893">
     <span class='ocr_line' id='line_1_41' title="bbox 455 2811 2041 2893; baseline -0.007 -17"><span class='ocrx_word' id='word_1_303' title='bbox 455 2835 585 2879; x_wconf 89' lang='lat' dir='ltr'><strong>num</strong></span> <span class='ocrx_word' id='word_1_304' title='bbox 613 2817 905 2893; x_wconf 85' lang='lat' dir='ltr'><strong>virtutibus</strong></span> <span class='ocrx_word' id='word_1_305' title='bbox 930 2815 1110 2883; x_wconf 81' lang='lat' dir='ltr'><strong>factis,</strong></span> <span class='ocrx_word' id='word_1_306' title='bbox 1134 2815 1300 2869; x_wconf 85' lang='lat' dir='ltr'><strong>tantis</strong></span> <span class='ocrx_word' id='word_1_307' title='bbox 1319 2814 1375 2867; x_wconf 91' lang='lat' dir='ltr'><strong>in</strong></span> <span class='ocrx_word' id='word_1_308' title='bbox 1406 2820 1581 2870; x_wconf 89' lang='lat' dir='ltr'><strong>morte</strong></span> <span class='ocrx_word' id='word_1_309' title='bbox 1607 2811 1751 2866; x_wconf 89' lang='lat' dir='ltr'><strong>illius</strong></span> <span class='ocrx_word' id='word_1_310' title='bbox 1776 2825 2041 2881; x_wconf 87' lang='lat' dir='ltr'><strong>apparen-</strong></span> 
     </span>
    </p>
   </div>
   <div class='ocr_carea' id='block_1_42' title="bbox 461 2901 2045 2982">
    <p class='ocr_par' dir='ltr' id='par_1_42' title="bbox 461 2901 2045 2982">
     <span class='ocr_line' id='line_1_42' title="bbox 461 2901 2045 2982; baseline -0.006 -15"><span class='ocrx_word' id='word_1_311' title='bbox 461 2913 607 2968; x_wconf 90' lang='lat' dir='ltr'><strong>tibus</strong></span> <span class='ocrx_word' id='word_1_312' title='bbox 658 2911 825 2982; x_wconf 87' lang='lat' dir='ltr'><strong>siguis</strong></span> <span class='ocrx_word' id='word_1_313' title='bbox 870 2908 1093 2965; x_wconf 89' lang='lat' dir='ltr'><strong>credere</strong></span> <span class='ocrx_word' id='word_1_314' title='bbox 1144 2914 1491 2976; x_wconf 80' lang='lat' dir='ltr'><strong>respuerunt,</strong></span> <span class='ocrx_word' id='word_1_315' title='bbox 1526 2911 1583 2958; x_wconf 87' lang='lat' dir='ltr'><strong>et</strong></span> <span class='ocrx_word' id='word_1_316' title='bbox 1609 2901 2045 2959; x_wconf 80' lang='lat' dir='ltr'><strong>insensibiliores’</strong></span> 
     </span>
    </p>
   </div>
   <div class='ocr_carea' id='block_1_43' title="bbox 459 2996 2043 3074">
    <p class='ocr_par' dir='ltr' id='par_1_43' title="bbox 459 2996 2043 3074">
     <span class='ocr_line' id='line_1_43' title="bbox 459 2996 2043 3074; baseline -0.006 -17"><span class='ocrx_word' id='word_1_317' title='bbox 459 3002 727 3074; x_wconf 81' lang='lat' dir='ltr'><strong>gentibus,</strong></span> <span class='ocrx_word' id='word_1_318' title='bbox 779 3003 949 3057; x_wconf 89' lang='lat' dir='ltr'><strong>Deum</strong></span> <span class='ocrx_word' id='word_1_319' title='bbox 978 2998 1303 3071; x_wconf 86' lang='lat' dir='ltr'><strong>gloriﬁcare,</strong></span> <span class='ocrx_word' id='word_1_320' title='bbox 1354 2996 1441 3051; x_wconf 87' lang='lat' dir='ltr'><strong>vel</strong></span> <span class='ocrx_word' id='word_1_321' title='bbox 1467 2996 1661 3050; x_wconf 87' lang='lat' dir='ltr'><strong>timere</strong></span> <span class='ocrx_word' id='word_1_322' title='bbox 1699 3000 2043 3065; x_wconf 82' lang='lat' dir='ltr'><strong>contempse-</strong></span> 
     </span>
    </p>
   </div>
   <div class='ocr_carea' id='block_1_44' title="bbox 462 3084 2043 3169">
    <p class='ocr_par' dir='ltr' id='par_1_44' title="bbox 462 3084 2043 3169">
     <span class='ocr_line' id='line_1_44' title="bbox 462 3084 2043 3169; baseline -0.006 -19"><span class='ocrx_word' id='word_1_323' title='bbox 462 3103 610 3150; x_wconf 90' lang='lat' dir='ltr'><strong>runt.</strong></span> <span class='ocrx_word' id='word_1_324' title='bbox 644 3093 797 3150; x_wconf 89' lang='lat' dir='ltr'><strong>Unde</strong></span> <span class='ocrx_word' id='word_1_325' title='bbox 828 3093 1022 3148; x_wconf 77' lang='lat' dir='ltr'><strong>merito</strong></span> <span class='ocrx_word' id='word_1_326' title='bbox 1070 3107 1170 3162; x_wconf 89' lang='lat' dir='ltr'><strong>per</strong></span> <span class='ocrx_word' id='word_1_327' title='bbox 1204 3089 1579 3169; x_wconf 83' lang='lat' dir='ltr'><strong>centurionem</strong></span> <span class='ocrx_word' id='word_1_328' title='bbox 1611 3088 1761 3143; x_wconf 89' lang='lat' dir='ltr'><strong>ﬁdes</strong></span> <span class='ocrx_word' id='word_1_329' title='bbox 1782 3084 2043 3141; x_wconf 57' lang='lat' dir='ltr'><strong>Ecclesia</strong></span> 
     </span>
    </p>
   </div>
   <div class='ocr_carea' id='block_1_45' title="bbox 463 3179 2051 3258">
    <p class='ocr_par' dir='ltr' id='par_1_45' title="bbox 463 3179 2051 3258">
     <span class='ocr_line' id='line_1_45' title="bbox 463 3179 2051 3258; baseline -0.007 -15"><span class='ocrx_word' id='word_1_330' title='bbox 463 3186 797 3258; x_wconf 88' lang='lat' dir='ltr'><strong>designatur,</strong></span> <span class='ocrx_word' id='word_1_331' title='bbox 851 3199 971 3254; x_wconf 72' lang='lat' dir='ltr'><strong>qua:</strong></span> <span class='ocrx_word' id='word_1_332' title='bbox 1017 3183 1135 3239; x_wconf 84' lang='lat' dir='ltr'><strong>velo</strong></span> <span class='ocrx_word' id='word_1_333' title='bbox 1180 3181 1564 3253; x_wconf 83' lang='lat' dir='ltr'><strong>mysterion</strong></span> <span class='ocrx_word' id='word_1_334' title='bbox 1606 3179 1910 3235; x_wconf 69' lang='lat' dir='ltr'><strong>caelestium</strong></span> <span class='ocrx_word' id='word_1_335' title='bbox 1944 3188 2051 3247; x_wconf 81' lang='lat' dir='ltr'><strong>per</strong></span> 
     </span>
    </p>
   </div>
   <div class='ocr_carea' id='block_1_46' title="bbox 462 3262 2039 3342">
    <p class='ocr_par' dir='ltr' id='par_1_46' title="bbox 462 3262 2039 3342">
     <span class='ocr_line' id='line_1_46' title="bbox 462 3262 2039 3342; baseline -0.006 -9"><span class='ocrx_word' id='word_1_336' title='bbox 462 3262 699 3334; x_wconf 81' lang='lat' dir='ltr'><strong>mortem</strong></span> <span class='ocrx_word' id='word_1_337' title='bbox 715 3277 931 3333; x_wconf 88' lang='lat' dir='ltr'><strong>Domini</strong></span> <span class='ocrx_word' id='word_1_338' title='bbox 946 3284 1213 3342; x_wconf 88' lang='lat' dir='ltr'><strong>reserato,</strong></span> <span class='ocrx_word' id='word_1_339' title='bbox 1235 3275 1493 3335; x_wconf 85' lang='lat' dir='ltr'><strong>continuo</strong></span> <span class='ocrx_word' id='word_1_340' title='bbox 1517 3272 1805 3329; x_wconf 84' lang='lat' dir='ltr'><strong>Dominum</strong></span> <span class='ocrx_word' id='word_1_341' title='bbox 1833 3268 2039 3335; x_wconf 82' lang='lat' dir='ltr'><strong>Jesnm,</strong></span> 
     </span>
    </p>
   </div>
   <div class='ocr_carea' id='block_1_47' title="bbox 462 3362 2045 3441">
    <p class='ocr_par' dir='ltr' id='par_1_47' title="bbox 462 3362 2045 3441">
     <span class='ocr_line' id='line_1_47' title="bbox 462 3362 2045 3441; baseline -0.007 -14"><span class='ocrx_word' id='word_1_342' title='bbox 462 3380 523 3441; x_wconf 86' lang='lat' dir='ltr'><strong>et</strong></span> <span class='ocrx_word' id='word_1_343' title='bbox 542 3386 669 3426; x_wconf 87' lang='lat' dir='ltr'><strong>vere</strong></span> <span class='ocrx_word' id='word_1_344' title='bbox 709 3367 916 3440; x_wconf 89' lang='lat' dir='ltr'><strong>justum</strong></span> <span class='ocrx_word' id='word_1_345' title='bbox 945 3367 1218 3424; x_wconf 89' lang='lat' dir='ltr'><strong>hominem</strong></span> <span class='ocrx_word' id='word_1_346' title='bbox 1249 3374 1302 3423; x_wconf 89' lang='lat' dir='ltr'><strong>et</strong></span> <span class='ocrx_word' id='word_1_347' title='bbox 1335 3381 1461 3422; x_wconf 84' lang='lat' dir='ltr'><strong>vere</strong></span> <span class='ocrx_word' id='word_1_348' title='bbox 1505 3364 1603 3421; x_wconf 88' lang='lat' dir='ltr'><strong>Dei</strong></span> <span class='ocrx_word' id='word_1_349' title='bbox 1631 3362 2045 3432; x_wconf 56' lang='lat' dir='ltr'><strong>Filium,.syna4-</strong></span> 
     </span>
    </p>
   </div>
   <div class='ocr_carea' id='block_1_48' title="bbox 463 3455 2048 3534">
    <p class='ocr_par' dir='ltr' id='par_1_48' title="bbox 463 3455 2048 3534">
     <span class='ocr_line' id='line_1_48' title="bbox 463 3455 2048 3534; baseline -0.005 -18"><span class='ocrx_word' id='word_1_350' title='bbox 463 3476 598 3534; x_wconf 82' lang='lat' dir='ltr'><strong>goga</strong></span> <span class='ocrx_word' id='word_1_351' title='bbox 627 3468 857 3526; x_wconf 88' lang='lat' dir='ltr'><strong>tacente,</strong></span> <span class='ocrx_word' id='word_1_352' title='bbox 884 3458 1189 3516; x_wconf 87' lang='lat' dir='ltr'><strong>conﬁrmat.</strong></span> <span class='ocrx_word' id='word_1_353' title='bbox 1221 3455 1358 3512; x_wconf 86' lang='lat' dir='ltr'><strong>Nam</strong></span> <span class='ocrx_word' id='word_1_354' title='bbox 1396 3464 1452 3513; x_wconf 92' lang='lat' dir='ltr'><strong>et</strong></span> <span class='ocrx_word' id='word_1_355' title='bbox 1473 3456 1591 3527; x_wconf 87' lang='lat' dir='ltr'><strong>ipsa</strong></span> <span class='ocrx_word' id='word_1_356' title='bbox 1616 3470 1829 3511; x_wconf 86' lang='lat' dir='ltr'><strong>summa</strong></span> <span class='ocrx_word' id='word_1_357' title='bbox 1870 3461 2048 3509; x_wconf 84' lang='lat' dir='ltr'><strong>cente-</strong></span> 
     </span>
    </p>
   </div>
   <div class='ocr_carea' id='block_1_49' title="bbox 462 3550 2050 3625">
    <p class='ocr_par' dir='ltr' id='par_1_49' title="bbox 462 3550 2050 3625">
     <span class='ocr_line' id='line_1_49' title="bbox 462 3550 2050 3625; baseline -0.004 -15"><span class='ocrx_word' id='word_1_358' title='bbox 462 3555 638 3619; x_wconf 88' lang='lat' dir='ltr'><strong>naria,</strong></span> <span class='ocrx_word' id='word_1_359' title='bbox 669 3569 789 3624; x_wconf 82' lang='lat' dir='ltr'><strong>quae</strong></span> <span class='ocrx_word' id='word_1_360' title='bbox 815 3551 1014 3625; x_wconf 80' lang='lat' dir='ltr'><strong>inflexu</strong></span> <span class='ocrx_word' id='word_1_361' title='bbox 1049 3551 1365 3622; x_wconf 85' lang='lat' dir='ltr'><strong>digitorum,</strong></span> <span class='ocrx_word' id='word_1_362' title='bbox 1398 3550 1543 3605; x_wconf 88' lang='lat' dir='ltr'><strong>sicut</strong></span> <span class='ocrx_word' id='word_1_363' title='bbox 1570 3556 1626 3604; x_wconf 90' lang='lat' dir='ltr'><strong>et</strong></span> <span class='ocrx_word' id='word_1_364' title='bbox 1655 3563 1818 3617; x_wconf 87' lang='lat' dir='ltr'><strong>supra</strong></span> <span class='ocrx_word' id='word_1_365' title='bbox 1846 3561 2050 3603; x_wconf 90' lang='lat' dir='ltr'><strong>memo-</strong></span> 
     </span>
    </p>
   </div>
   <div class='ocr_carea' id='block_1_50' title="bbox 466 3636 2051 3712">
    <p class='ocr_par' dir='ltr' id='par_1_50' title="bbox 466 3636 2051 3712">
     <span class='ocr_line' id='line_1_50' title="bbox 466 3636 2051 3712; baseline -0.006 -9"><span class='ocrx_word' id='word_1_366' title='bbox 466 3636 643 3703; x_wconf 84' lang='lat' dir='ltr'><strong>ratum</strong></span> <span class='ocrx_word' id='word_1_367' title='bbox 673 3656 774 3712; x_wconf 88' lang='lat' dir='ltr'><strong>est,</strong></span> <span class='ocrx_word' id='word_1_368' title='bbox 807 3645 871 3702; x_wconf 90' lang='lat' dir='ltr'><strong>de</strong></span> <span class='ocrx_word' id='word_1_369' title='bbox 900 3646 1122 3702; x_wconf 85' lang='lat' dir='ltr'><strong>sinistra</strong></span> <span class='ocrx_word' id='word_1_370' title='bbox 1152 3644 1352 3700; x_wconf 90' lang='lat' dir='ltr'><strong>transit</strong></span> <span class='ocrx_word' id='word_1_371' title='bbox 1378 3644 1433 3698; x_wconf 93' lang='lat' dir='ltr'><strong>in</strong></span> <span class='ocrx_word' id='word_1_372' title='bbox 1461 3644 1767 3707; x_wconf 78' lang='lat' dir='ltr'><strong>dexteram,</strong></span> <span class='ocrx_word' id='word_1_373' title='bbox 1792 3637 2051 3695; x_wconf 64' lang='lat' dir='ltr'><strong>Ecclesiae</strong></span> 
     </span>
    </p>
   </div>
   <div class='ocr_carea' id='block_1_51' title="bbox 467 3733 2051 3807">
    <p class='ocr_par' dir='ltr' id='par_1_51' title="bbox 467 3733 2051 3807">
     <span class='ocr_line' id='line_1_51' title="bbox 467 3733 2051 3807; baseline -0.003 -13"><span class='ocrx_word' id='word_1_374' title='bbox 467 3738 824 3795; x_wconf 86' lang='lat' dir='ltr'><strong>sacramentis</strong></span> <span class='ocrx_word' id='word_1_375' title='bbox 848 3746 903 3794; x_wconf 90' lang='lat' dir='ltr'><strong>et</strong></span> <span class='ocrx_word' id='word_1_376' title='bbox 927 3737 1050 3793; x_wconf 84' lang='lat' dir='ltr'><strong>ﬁdei</strong></span> <span class='ocrx_word' id='word_1_377' title='bbox 1077 3736 1361 3807; x_wconf 87' lang='lat' dir='ltr'><strong>aptissime</strong></span> <span class='ocrx_word' id='word_1_378' title='bbox 1388 3735 1656 3807; x_wconf 88' lang='lat' dir='ltr'><strong>congruit,</strong></span> <span class='ocrx_word' id='word_1_379' title='bbox 1689 3733 2051 3804; x_wconf 76' lang='lat' dir='ltr'><strong>cuipro-lege</strong></span> 
     </span>
    </p>
   </div>
   <div class='ocr_carea' id='block_1_52' title="bbox 468 3826 2054 3904">
    <p class='ocr_par' dir='ltr' id='par_1_52' title="bbox 468 3826 2054 3904">
     <span class='ocr_line' id='line_1_52' title="bbox 468 3826 2054 3904; baseline -0.004 -17"><span class='ocrx_word' id='word_1_380' title='bbox 468 3831 814 3904; x_wconf 87' lang='lat' dir='ltr'><strong>Evangelium</strong></span> <span class='ocrx_word' id='word_1_381' title='bbox 842 3830 1128 3897; x_wconf 89' lang='lat' dir='ltr'><strong>creditum,</strong></span> <span class='ocrx_word' id='word_1_382' title='bbox 1155 3844 1255 3900; x_wconf 88' lang='lat' dir='ltr'><strong>pro</strong></span> <span class='ocrx_word' id='word_1_383' title='bbox 1280 3836 1441 3885; x_wconf 77' lang='lat' dir='ltr'><strong>terrae</strong></span> <span class='ocrx_word' id='word_1_384' title='bbox 1465 3826 1689 3894; x_wconf 82' lang='lat' dir='ltr'><strong>divitiis,</strong></span> <span class='ocrx_word' id='word_1_385' title='bbox 1720 3841 1950 3898; x_wconf 88' lang='lat' dir='ltr'><strong>regnum</strong></span> <span class='ocrx_word' id='word_1_386' title='bbox 1969 3832 2054 3882; x_wconf 83' lang='lat' dir='ltr'><strong>est</strong></span> 
     </span>
    </p>
   </div>
   <div class='ocr_carea' id='block_1_53' title="bbox 472 3922 1065 3993">
    <p class='ocr_par' dir='ltr' id='par_1_53' title="bbox 472 3922 1065 3993">
     <span class='ocr_line' id='line_1_53' title="bbox 472 3922 1065 3993; baseline -0.007 -14"><span class='ocrx_word' id='word_1_387' title='bbox 472 3922 694 3979; x_wconf 58' lang='lat' dir='ltr'><strong>caeleste</strong></span> <span class='ocrx_word' id='word_1_388' title='bbox 716 3922 1065 3993; x_wconf 88' lang='lat' dir='ltr'><strong>promissum.</strong></span> 
     </span>
    </p>
   </div>
   <div class='ocr_carea' id='block_1_54' title="bbox 544 4032 2071 4107">
    <p class='ocr_par' dir='ltr' id='par_1_54' title="bbox 544 4032 2071 4107">
     <span class='ocr_line' id='line_1_54' title="bbox 544 4032 2071 4107; baseline -0.001 -15"><span class='ocrx_word' id='word_1_389' title='bbox 544 4034 713 4092; x_wconf 84' lang='lat' dir='ltr'><strong>Erant</strong></span> <span class='ocrx_word' id='word_1_390' title='bbox 755 4044 929 4092; x_wconf 85' lang='lat' dir='ltr'><strong>autem</strong></span> <span class='ocrx_word' id='word_1_391' title='bbox 955 4036 1027 4090; x_wconf 85' lang='lat' dir='ltr'><strong>ibi</strong></span> <span class='ocrx_word' id='word_1_392' title='bbox 1060 4035 1308 4091; x_wconf 73' lang='lat' dir='ltr'><strong>mulieres</strong></span> <span class='ocrx_word' id='word_1_393' title='bbox 1332 4033 1517 4091; x_wconf 74' lang='lat' dir='ltr'><strong>mutue</strong></span> <span class='ocrx_word' id='word_1_394' title='bbox 1537 4052 1569 4090; x_wconf 80' lang='grc' dir='ltr'><em>α</em></span> <span class='ocrx_word' id='word_1_395' title='bbox 1593 4033 1767 4107; x_wconf 81' lang='lat' dir='ltr'><strong>longe,</strong></span> <span class='ocrx_word' id='word_1_396' title='bbox 1793 4044 1900 4091; x_wconf 91' lang='lat' dir='ltr'><strong>etc.</strong></span> <span class='ocrx_word' id='word_1_397' title='bbox 1941 4032 2071 4091; x_wconf 75' lang='lat' dir='ltr'><strong>Hcc&#39;</strong></span> 
     </span>
    </p>
   </div>
   <div class='ocr_carea' id='block_1_55' title="bbox 472 4127 2060 4200">
    <p class='ocr_par' dir='ltr' id='par_1_55' title="bbox 472 4127 2060 4200">
     <span class='ocr_line' id='line_1_55' title="bbox 472 4127 2060 4200; baseline -0.001 -15"><span class='ocrx_word' id='word_1_398' title='bbox 472 4137 575 4197; x_wconf 87' lang='lat' dir='ltr'><strong>est,</strong></span> <span class='ocrx_word' id='word_1_399' title='bbox 605 4130 750 4200; x_wconf 88' lang='lat' dir='ltr'><strong>quod</strong></span> <span class='ocrx_word' id='word_1_400' title='bbox 778 4128 893 4200; x_wconf 88' lang='lat' dir='ltr'><strong>ipse</strong></span> <span class='ocrx_word' id='word_1_401' title='bbox 919 4129 1181 4185; x_wconf 87' lang='lat' dir='ltr'><strong>Dominus</strong></span> <span class='ocrx_word' id='word_1_402' title='bbox 1204 4129 1258 4184; x_wconf 89' lang='lat' dir='ltr'><strong>in</strong></span> <span class='ocrx_word' id='word_1_403' title='bbox 1284 4128 1500 4185; x_wconf 87' lang='lat' dir='ltr'><strong>Psalmo</strong></span> <span class='ocrx_word' id='word_1_404' title='bbox 1521 4127 1771 4198; x_wconf 85' lang='lat' dir='ltr'><strong>explicita</strong></span> <span class='ocrx_word' id='word_1_405' title='bbox 1796 4141 1908 4182; x_wconf 62' lang='lat' dir='ltr'><strong>sua:</strong></span> <span class='ocrx_word' id='word_1_406' title='bbox 1934 4140 2060 4198; x_wconf 88' lang='lat' dir='ltr'><strong>pas-</strong></span> 
     </span>
    </p>
   </div>
   <div class='ocr_carea' id='block_1_56' title="bbox 471 4218 2061 4293">
    <p class='ocr_par' dir='ltr' id='par_1_56' title="bbox 471 4218 2061 4293">
     <span class='ocr_line' id='line_1_56' title="bbox 471 4218 2061 4293; baseline -0.003 -14"><span class='ocrx_word' id='word_1_407' title='bbox 471 4223 642 4281; x_wconf 85' lang='lat' dir='ltr'><strong>sionis</strong></span> <span class='ocrx_word' id='word_1_408' title='bbox 676 4222 817 4279; x_wconf 86' lang='lat' dir='ltr'><strong>serie</strong></span> <span class='ocrx_word' id='word_1_409' title='bbox 848 4223 993 4293; x_wconf 84' lang='lat' dir='ltr'><strong>patri</strong></span> <span class='ocrx_word' id='word_1_410' title='bbox 1044 4222 1315 4293; x_wconf 82' lang='lat' dir='ltr'><strong>queritur,</strong></span> <span class='ocrx_word' id='word_1_411' title='bbox 1345 4221 1532 4277; x_wconf 80' lang='lat' dir='ltr'><strong>dicens</strong></span> <span class='ocrx_word' id='word_1_412' title='bbox 1565 4239 1577 4276; x_wconf 91' lang='lat'><strong>:</strong></span> <span class='ocrx_word' id='word_1_413' title='bbox 1613 4218 1891 4291; x_wconf 80' lang='lat' dir='ltr'><strong>Etangasti</strong></span> <span class='ocrx_word' id='word_1_414' title='bbox 1923 4238 1956 4274; x_wconf 90' lang='lat' dir='ltr'><strong>a</strong></span> <span class='ocrx_word' id='word_1_415' title='bbox 1977 4235 2061 4275; x_wconf 87' lang='lat' dir='ltr'><strong>me</strong></span> 
     </span>
    </p>
   </div>
   <div class='ocr_carea' id='block_1_57' title="bbox 472 4310 2056 4387">
    <p class='ocr_par' dir='ltr' id='par_1_57' title="bbox 472 4310 2056 4387">
     <span class='ocr_line' id='line_1_57' title="bbox 472 4310 2056 4387; baseline -0.001 -18"><span class='ocrx_word' id='word_1_416' title='bbox 472 4316 718 4380; x_wconf 85' lang='lat' dir='ltr'><strong>amicum,</strong></span> <span class='ocrx_word' id='word_1_417' title='bbox 745 4324 795 4370; x_wconf 78' lang='lat' dir='ltr'><strong>et</strong></span> <span class='ocrx_word' id='word_1_418' title='bbox 815 4316 1112 4386; x_wconf 77' lang='lat' dir='ltr'><strong>proximum</strong></span> <span class='ocrx_word' id='word_1_419' title='bbox 1138 4323 1188 4369; x_wconf 81' lang='lat' dir='ltr'><strong>et</strong></span> <span class='ocrx_word' id='word_1_420' title='bbox 1217 4324 1365 4370; x_wconf 82' lang='lat' dir='ltr'><strong>natos</strong></span> <span class='ocrx_word' id='word_1_421' title='bbox 1391 4331 1536 4369; x_wconf 85' lang='lat' dir='ltr'><strong>meos</strong></span> <span class='ocrx_word' id='word_1_422' title='bbox 1568 4331 1600 4370; x_wconf 90' lang='lat' dir='ltr'><strong>a</strong></span> <span class='ocrx_word' id='word_1_423' title='bbox 1628 4315 1845 4370; x_wconf 79' lang='lat' dir='ltr'><strong>miseria</strong></span> <span class='ocrx_word' id='word_1_424' title='bbox 1878 4310 2056 4387; x_wconf 77' lang='lat' dir='ltr'><strong>(Psal&#39;.</strong></span> 
     </span>
    </p>
   </div>
   <div class='ocr_carea' id='block_1_58' title="bbox 476 4406 743 4475">
    <p class='ocr_par' dir='ltr' id='par_1_58' title="bbox 476 4406 743 4475">
     <span class='ocr_line' id='line_1_58' title="bbox 476 4406 743 4475; baseline -0.011 -13"><span class='ocrx_word' id='word_1_425' title='bbox 476 4406 743 4475; x_wconf 72' lang='lat' dir='ltr'><strong>Lxxxvu).</strong></span> 
     </span>
    </p>
   </div>
   <div class='ocr_carea' id='block_1_59' title="bbox 544 4512 2060 4578">
    <p class='ocr_par' dir='ltr' id='par_1_59' title="bbox 544 4512 2060 4578">
     <span class='ocr_line' id='line_1_59' title="bbox 544 4512 2060 4578; baseline 0.005 -11"><span class='ocrx_word' id='word_1_426' title='bbox 544 4512 681 4578; x_wconf 73' lang='lat' dir='ltr'><strong>Qua:</strong></span> <span class='ocrx_word' id='word_1_427' title='bbox 705 4520 898 4569; x_wconf 65' lang='lat' dir='ltr'><strong>secuta</strong></span> <span class='ocrx_word' id='word_1_428' title='bbox 941 4525 1089 4569; x_wconf 82' lang='lat' dir='ltr'><strong>erant</strong></span> <span class='ocrx_word' id='word_1_429' title='bbox 1119 4513 1302 4570; x_wconf 84' lang='lat' dir='ltr'><strong>Jesum</strong></span> <span class='ocrx_word' id='word_1_430' title='bbox 1330 4534 1364 4570; x_wconf 89' lang='lat' dir='ltr'><strong>a</strong></span> <span class='ocrx_word' id='word_1_431' title='bbox 1407 4513 1633 4572; x_wconf 73' lang='lat' dir='ltr'><strong>Galilwa</strong></span> <span class='ocrx_word' id='word_1_432' title='bbox 1680 4517 2060 4575; x_wconf 72' lang='lat' dir='ltr'><strong>ministrantes.</strong></span> 
     </span>
    </p>
   </div>
   <div class='ocr_carea' id='block_1_60' title="bbox 477 4602 2063 4677">
    <p class='ocr_par' dir='ltr' id='par_1_60' title="bbox 477 4602 2063 4677">
     <span class='ocr_line' id='line_1_60' title="bbox 477 4602 2063 4677; baseline 0.006 -19"><span class='ocrx_word' id='word_1_433' title='bbox 477 4603 585 4677; x_wconf 59' lang='lat' dir='ltr'><strong>(Ex.</strong></span> <span class='ocrx_word' id='word_1_434' title='bbox 610 4602 855 4677; x_wconf 80' lang='lat' dir='ltr'><strong>Hieron.)</strong></span> <span class='ocrx_word' id='word_1_435' title='bbox 889 4604 1306 4662; x_wconf 75' lang='lat' dir='ltr'><strong>Consuetudinis</strong></span> <span class='ocrx_word' id='word_1_436' title='bbox 1334 4607 1573 4664; x_wconf 73' lang='lat' dir='ltr'><strong>Iudaicae</strong></span> <span class='ocrx_word' id='word_1_437' title='bbox 1599 4608 1722 4675; x_wconf 83' lang='lat' dir='ltr'><strong>fuit,</strong></span> <span class='ocrx_word' id='word_1_438' title='bbox 1754 4625 1853 4666; x_wconf 91' lang='lat' dir='ltr'><strong>nec</strong></span> <span class='ocrx_word' id='word_1_439' title='bbox 1898 4613 2063 4668; x_wconf 91' lang='lat' dir='ltr'><strong>duce-</strong></span> 
     </span>
    </p>
   </div>
   <div class='ocr_carea' id='block_1_61' title="bbox 2053 1930 2103 1991">
    <p class='ocr_par' dir='ltr' id='par_1_61' title="bbox 2053 1930 2103 1991">
     <span class='ocr_line' id='line_1_61' title="bbox 2053 1930 2103 1991; baseline 0 0"><span class='ocrx_word' id='word_1_440' title='bbox 2053 1930 2103 1991; x_wconf 91' lang='lat' dir='ltr'><strong>B</strong></span> 
     </span>
    </p>
   </div>
   <div class='ocr_carea' id='block_1_62' title="bbox 2127 1952 3759 2047">
    <p class='ocr_par' dir='ltr' id='par_1_62' title="bbox 2127 1952 3759 2047">
     <span class='ocr_line' id='line_1_62' title="bbox 2127 1952 3759 2047; baseline 0.004 -19"><span class='ocrx_word' id='word_1_441' title='bbox 2127 1972 2392 2044; x_wconf 86' lang='lat' dir='ltr'><strong>justitiam</strong></span> <span class='ocrx_word' id='word_1_442' title='bbox 2439 1972 2761 2027; x_wconf 79' lang='lat' dir='ltr'><strong>meritorum</strong></span> <span class='ocrx_word' id='word_1_443' title='bbox 2809 1973 3123 2044; x_wconf 83' lang='lat' dir='ltr'><strong>sepeliendo</strong></span> <span class='ocrx_word' id='word_1_444' title='bbox 3163 1984 3390 2047; x_wconf 81' lang='lat' dir='ltr'><strong>corpore</strong></span> <span class='ocrx_word' id='word_1_445' title='bbox 3444 1952 3759 2034; x_wconf 64' lang='lat' dir='ltr'><strong>dominico</strong></span> 
     </span>
    </p>
   </div>
   <div class='ocr_carea' id='block_1_63' title="bbox 2132 2056 3725 2138">
    <p class='ocr_par' dir='ltr' id='par_1_63' title="bbox 2132 2056 3725 2138">
     <span class='ocr_line' id='line_1_63' title="bbox 2132 2056 3725 2138; baseline 0.004 -17"><span class='ocrx_word' id='word_1_446' title='bbox 2132 2066 2333 2137; x_wconf 79' lang='lat' dir='ltr'><strong>dignus</strong></span> <span class='ocrx_word' id='word_1_447' title='bbox 2353 2063 2517 2130; x_wconf 80' lang='lat' dir='ltr'><strong>i‘on’et,</strong></span> <span class='ocrx_word' id='word_1_448' title='bbox 2548 2072 2603 2120; x_wconf 90' lang='lat' dir='ltr'><strong>et</strong></span> <span class='ocrx_word' id='word_1_449' title='bbox 2647 2078 2748 2134; x_wconf 90' lang='lat' dir='ltr'><strong>per</strong></span> <span class='ocrx_word' id='word_1_450' title='bbox 2772 2056 3397 2138; x_wconf 41' lang='lat' dir='ltr'><strong>nobilitatem‘potentite</strong></span> <span class='ocrx_word' id='word_1_451' title='bbox 3443 2069 3725 2127; x_wconf 64' lang='lat' dir='ltr'><strong>saecularis</strong></span> 
     </span>
    </p>
   </div>
   <div class='ocr_carea' id='block_1_64' title="bbox 2132 2157 3729 2233">
    <p class='ocr_par' dir='ltr' id='par_1_64' title="bbox 2132 2157 3729 2233">
     <span class='ocr_line' id='line_1_64' title="bbox 2132 2157 3729 2233; baseline 0.003 -20"><span class='ocrx_word' id='word_1_452' title='bbox 2132 2157 2277 2213; x_wconf 88' lang='lat' dir='ltr'><strong>idem</strong></span> <span class='ocrx_word' id='word_1_453' title='bbox 2329 2171 2528 2226; x_wconf 89' lang='lat' dir='ltr'><strong>corpus</strong></span> <span class='ocrx_word' id='word_1_454' title='bbox 2582 2157 2828 2228; x_wconf 86' lang='lat' dir='ltr'><strong>accipere</strong></span> <span class='ocrx_word' id='word_1_455' title='bbox 2880 2167 3082 2228; x_wconf 85' lang='lat' dir='ltr'><strong>posset.</strong></span> <span class='ocrx_word' id='word_1_456' title='bbox 3134 2157 3255 2216; x_wconf 83' lang='lat' dir='ltr'><strong>Non</strong></span> <span class='ocrx_word' id='word_1_457' title='bbox 3300 2160 3443 2216; x_wconf 88' lang='lat' dir='ltr'><strong>enim</strong></span> <span class='ocrx_word' id='word_1_458' title='bbox 3493 2159 3729 2233; x_wconf 84' lang='lat' dir='ltr'><strong>quilibet</strong></span> 
     </span>
    </p>
   </div>
   <div class='ocr_carea' id='block_1_65' title="bbox 2133 2247 3731 2322">
    <p class='ocr_par' dir='ltr' id='par_1_65' title="bbox 2133 2247 3731 2322">
     <span class='ocr_line' id='line_1_65' title="bbox 2133 2247 3731 2322; baseline 0.002 -16"><span class='ocrx_word' id='word_1_459' title='bbox 2133 2249 2350 2321; x_wconf 89' lang='lat' dir='ltr'><strong>ignotus</strong></span> <span class='ocrx_word' id='word_1_460' title='bbox 2392 2248 2459 2302; x_wconf 89' lang='lat' dir='ltr'><strong>ad</strong></span> <span class='ocrx_word' id='word_1_461' title='bbox 2489 2247 2774 2318; x_wconf 60' lang='lat' dir='ltr'><strong>praesidem</strong></span> <span class='ocrx_word' id='word_1_462' title='bbox 2825 2248 3107 2318; x_wconf 84' lang='lat' dir='ltr'><strong>accedere,</strong></span> <span class='ocrx_word' id='word_1_463' title='bbox 3155 2256 3219 2306; x_wconf 82' lang='lat' dir='ltr'><strong>et‘</strong></span> <span class='ocrx_word' id='word_1_464' title='bbox 3249 2250 3490 2308; x_wconf 82' lang='lat' dir='ltr'><strong>cruciﬁxi</strong></span> <span class='ocrx_word' id='word_1_465' title='bbox 3519 2266 3731 2322; x_wconf 90' lang='lat' dir='ltr'><strong>corpus</strong></span> 
     </span>
    </p>
   </div>
   <div class='ocr_carea' id='block_1_66' title="bbox 2132 2340 2695 2414">
    <p class='ocr_par' dir='ltr' id='par_1_66' title="bbox 2132 2340 2695 2414">
     <span class='ocr_line' id='line_1_66' title="bbox 2132 2340 2695 2414; baseline -0.004 -18"><span class='ocrx_word' id='word_1_466' title='bbox 2132 2347 2350 2414; x_wconf 87' lang='lat' dir='ltr'><strong>poterat</strong></span> <span class='ocrx_word' id='word_1_467' title='bbox 2379 2340 2695 2411; x_wconf 86' lang='lat' dir='ltr'><strong>impetrare.</strong></span> 
     </span>
    </p>
   </div>
   <div class='ocr_carea' id='block_1_67' title="bbox 2204 2443 3765 2529">
    <p class='ocr_par' dir='ltr' id='par_1_67' title="bbox 2204 2443 3765 2529">
     <span class='ocr_line' id='line_1_67' title="bbox 2204 2443 3765 2529; baseline 0.001 -20"><span class='ocrx_word' id='word_1_468' title='bbox 2204 2453 2279 2509; x_wconf 82' lang='lat' dir='ltr'><strong>Et</strong></span> <span class='ocrx_word' id='word_1_469' title='bbox 2305 2461 2513 2526; x_wconf 85' lang='lat' dir='ltr'><strong>accepto</strong></span> <span class='ocrx_word' id='word_1_470' title='bbox 2538 2470 2753 2526; x_wconf 86' lang='lat' dir='ltr'><strong>corpore</strong></span> <span class='ocrx_word' id='word_1_471' title='bbox 2782 2451 2977 2525; x_wconf 80' lang='lat' dir='ltr'><strong>Ioseph</strong></span> <span class='ocrx_word' id='word_1_472' title='bbox 3004 2443 3219 2510; x_wconf 71' lang='lat' dir='ltr'><strong>involvit</strong></span> <span class='ocrx_word' id='word_1_473' title='bbox 3248 2454 3383 2509; x_wconf 83' lang='lat' dir='ltr'><strong>illud</strong></span> <span class='ocrx_word' id='word_1_474' title='bbox 3410 2456 3466 2511; x_wconf 87' lang='lat' dir='ltr'><strong>in</strong></span> <span class='ocrx_word' id='word_1_475' title='bbox 3503 2454 3732 2511; x_wconf 80' lang='lat' dir='ltr'><strong>sindone</strong></span> <span class='ocrx_word' id='word_1_476' title='bbox 3760 2524 3765 2529; x_wconf 89' lang='lat'><strong><em>_</em></strong></span> 
     </span>
    </p>
   </div>
   <div class='ocr_carea' id='block_1_68' title="bbox 2135 2536 3731 2621">
    <p class='ocr_par' dir='ltr' id='par_1_68' title="bbox 2135 2536 3731 2621">
     <span class='ocr_line' id='line_1_68' title="bbox 2135 2536 3731 2621; baseline 0.001 -19"><span class='ocrx_word' id='word_1_477' title='bbox 2135 2548 2354 2603; x_wconf 84' lang='lat' dir='ltr'><strong>munda.</strong></span> <span class='ocrx_word' id='word_1_478' title='bbox 2386 2536 2455 2602; x_wconf 83' lang='lat' dir='ltr'><strong>Et</strong></span> <span class='ocrx_word' id='word_1_479' title='bbox 2496 2561 2564 2602; x_wconf 80' lang='lat' dir='ltr'><strong>ex</strong></span> <span class='ocrx_word' id='word_1_480' title='bbox 2594 2542 2825 2618; x_wconf 80' lang='lat' dir='ltr'><strong>Simplici</strong></span> <span class='ocrx_word' id='word_1_481' title='bbox 2873 2546 3150 2619; x_wconf 89' lang='lat' dir='ltr'><strong>sepultura</strong></span> <span class='ocrx_word' id='word_1_482' title='bbox 3196 2547 3438 2621; x_wconf 81' lang='lat' dir='ltr'><strong>Domini,</strong></span> <span class='ocrx_word' id='word_1_483' title='bbox 3496 2548 3731 2604; x_wconf 88' lang='lat' dir='ltr'><strong>ambitio</strong></span> 
     </span>
    </p>
   </div>
   <div class='ocr_carea' id='block_1_69' title="bbox 2137 2640 3730 2717">
    <p class='ocr_par' dir='ltr' id='par_1_69' title="bbox 2137 2640 3730 2717">
     <span class='ocr_line' id='line_1_69' title="bbox 2137 2640 3730 2717; baseline 0.001 -21"><span class='ocrx_word' id='word_1_484' title='bbox 2137 2641 2363 2696; x_wconf 78' lang='lat' dir='ltr'><strong>divitUm</strong></span> <span class='ocrx_word' id='word_1_485' title='bbox 2410 2641 2820 2717; x_wconf 88' lang='lat' dir='ltr'><strong>condemnatur,</strong></span> <span class='ocrx_word' id='word_1_486' title='bbox 2867 2640 2958 2711; x_wconf 91' lang='lat' dir='ltr'><strong>qui</strong></span> <span class='ocrx_word' id='word_1_487' title='bbox 3009 2656 3076 2697; x_wconf 91' lang='lat' dir='ltr'><strong>ne</strong></span> <span class='ocrx_word' id='word_1_488' title='bbox 3126 2642 3182 2696; x_wconf 91' lang='lat' dir='ltr'><strong>in</strong></span> <span class='ocrx_word' id='word_1_489' title='bbox 3232 2642 3457 2698; x_wconf 89' lang='lat' dir='ltr'><strong>tumulis</strong></span> <span class='ocrx_word' id='word_1_490' title='bbox 3502 2644 3730 2714; x_wconf 86' lang='lat' dir='ltr'><strong>quidem</strong></span> 
     </span>
    </p>
   </div>
   <div class='ocr_carea' id='block_1_70' title="bbox 2134 2720 3735 2811">
    <p class='ocr_par' dir='ltr' id='par_1_70' title="bbox 2134 2720 3735 2811">
     <span class='ocr_line' id='line_1_70' title="bbox 2134 2720 3735 2811; baseline 0.002 -25"><span class='ocrx_word' id='word_1_491' title='bbox 2134 2738 2363 2803; x_wconf 89' lang='lat' dir='ltr'><strong>possunt</strong></span> <span class='ocrx_word' id='word_1_492' title='bbox 2390 2747 2579 2787; x_wconf 84' lang='lat' dir='ltr'><strong>carere</strong></span> <span class='ocrx_word' id='word_1_493' title='bbox 2617 2728 2839 2787; x_wconf 86' lang='lat' dir='ltr'><strong>divitiis.</strong></span> <span class='ocrx_word' id='word_1_494' title='bbox 2876 2720 3175 2788; x_wconf 76' lang='lat' dir='ltr'><strong>Possumus</strong></span> <span class='ocrx_word' id='word_1_495' title='bbox 3213 2740 3397 2788; x_wconf 89' lang='lat' dir='ltr'><strong>autem</strong></span> <span class='ocrx_word' id='word_1_496' title='bbox 3441 2733 3601 2811; x_wconf 63' lang='lat' dir='ltr'><strong>junta</strong></span> <span class='ocrx_word' id='word_1_497' title='bbox 3646 2735 3735 2789; x_wconf 86' lang='lat' dir='ltr'><strong>in-</strong></span> 
     </span>
    </p>
   </div>
   <div class='ocr_carea' id='block_1_71' title="bbox 2138 2824 3735 2905">
    <p class='ocr_par' dir='ltr' id='par_1_71' title="bbox 2138 2824 3735 2905">
     <span class='ocr_line' id='line_1_71' title="bbox 2138 2824 3735 2905; baseline 0.001 -23"><span class='ocrx_word' id='word_1_498' title='bbox 2138 2824 2495 2898; x_wconf 87' lang='lat' dir='ltr'><strong>telligentiam</strong></span> <span class='ocrx_word' id='word_1_499' title='bbox 2525 2825 2849 2898; x_wconf 89' lang='lat' dir='ltr'><strong>spiritalem,</strong></span> <span class='ocrx_word' id='word_1_500' title='bbox 2898 2835 2953 2880; x_wconf 92' lang='lat' dir='ltr'><strong>et</strong></span> <span class='ocrx_word' id='word_1_501' title='bbox 2982 2826 3085 2883; x_wconf 86' lang='lat' dir='ltr'><strong>hoc</strong></span> <span class='ocrx_word' id='word_1_502' title='bbox 3109 2824 3333 2895; x_wconf 88' lang='lat' dir='ltr'><strong>sentire,</strong></span> <span class='ocrx_word' id='word_1_503' title='bbox 3363 2827 3507 2905; x_wconf 84' lang='lat' dir='ltr'><strong>quod</strong></span> <span class='ocrx_word' id='word_1_504' title='bbox 3552 2827 3646 2883; x_wconf 90' lang='lat' dir='ltr'><strong>ille</strong></span> <span class='ocrx_word' id='word_1_505' title='bbox 3673 2828 3735 2883; x_wconf 88' lang='lat' dir='ltr'><strong>in</strong></span> 
     </span>
    </p>
   </div>
   <div class='ocr_carea' id='block_1_72' title="bbox 2139 2915 3738 2990">
    <p class='ocr_par' dir='ltr' id='par_1_72' title="bbox 2139 2915 3738 2990">
     <span class='ocr_line' id='line_1_72' title="bbox 2139 2915 3738 2990; baseline 0.001 -15"><span class='ocrx_word' id='word_1_506' title='bbox 2139 2920 2367 2976; x_wconf 91' lang='lat' dir='ltr'><strong>sindone</strong></span> <span class='ocrx_word' id='word_1_507' title='bbox 2396 2917 2598 2975; x_wconf 87' lang='lat' dir='ltr'><strong>munda</strong></span> <span class='ocrx_word' id='word_1_508' title='bbox 2624 2916 2864 2975; x_wconf 81' lang='lat' dir='ltr'><strong>involvat</strong></span> <span class='ocrx_word' id='word_1_509' title='bbox 2892 2915 3077 2975; x_wconf 82' lang='lat' dir='ltr'><strong>Jesum</strong></span> <span class='ocrx_word' id='word_1_510' title='bbox 3105 2918 3197 2989; x_wconf 85' lang='lat' dir='ltr'><strong>qui</strong></span> <span class='ocrx_word' id='word_1_511' title='bbox 3225 2934 3364 2990; x_wconf 90' lang='lat' dir='ltr'><strong>pura</strong></span> <span class='ocrx_word' id='word_1_512' title='bbox 3398 2934 3529 2976; x_wconf 90' lang='lat' dir='ltr'><strong>eum</strong></span> <span class='ocrx_word' id='word_1_513' title='bbox 3548 2928 3738 2977; x_wconf 77' lang='lat' dir='ltr'><strong>mente</strong></span> 
     </span>
    </p>
   </div>
   <div class='ocr_carea' id='block_1_73' title="bbox 2140 3011 2464 3085">
    <p class='ocr_par' dir='ltr' id='par_1_73' title="bbox 2140 3011 2464 3085">
     <span class='ocr_line' id='line_1_73' title="bbox 2140 3011 2464 3085; baseline -0.009 -16"><span class='ocrx_word' id='word_1_514' title='bbox 2140 3011 2464 3085; x_wconf 86' lang='lat' dir='ltr'><strong>susceperit.</strong></span> 
     </span>
    </p>
   </div>
   <div class='ocr_carea' id='block_1_74' title="bbox 2209 3116 3747 3198">
    <p class='ocr_par' dir='ltr' id='par_1_74' title="bbox 2209 3116 3747 3198">
     <span class='ocr_line' id='line_1_74' title="bbox 2209 3116 3747 3198; baseline 0 -16"><span class='ocrx_word' id='word_1_515' title='bbox 2209 3116 2281 3182; x_wconf 77' lang='lat' dir='ltr'><strong>Et</strong></span> <span class='ocrx_word' id='word_1_516' title='bbox 2331 3126 2505 3198; x_wconf 80' lang='lat' dir='ltr'><strong>posuit</strong></span> <span class='ocrx_word' id='word_1_517' title='bbox 2534 3123 2670 3193; x_wconf 83' lang='lat' dir='ltr'><strong>illud</strong></span> <span class='ocrx_word' id='word_1_518' title='bbox 2714 3125 2771 3180; x_wconf 86' lang='lat' dir='ltr'><strong>in</strong></span> <span class='ocrx_word' id='word_1_519' title='bbox 2804 3132 3141 3180; x_wconf 80' lang='lat' dir='ltr'><strong>monumento</strong></span> <span class='ocrx_word' id='word_1_520' title='bbox 3170 3140 3268 3180; x_wconf 77' lang='lat' dir='ltr'><strong>suo</strong></span> <span class='ocrx_word' id='word_1_521' title='bbox 3313 3140 3468 3181; x_wconf 77' lang='lat' dir='ltr'><strong>novo.</strong></span> <span class='ocrx_word' id='word_1_522' title='bbox 3497 3123 3557 3180; x_wconf 81' lang='lat' dir='ltr'><strong>In</strong></span> <span class='ocrx_word' id='word_1_523' title='bbox 3588 3139 3747 3184; x_wconf 80' lang='lat' dir='ltr'><strong>novo</strong></span> 
     </span>
    </p>
   </div>
   <div class='ocr_carea' id='block_1_75' title="bbox 2143 3217 3742 3289">
    <p class='ocr_par' dir='ltr' id='par_1_75' title="bbox 2143 3217 3742 3289">
     <span class='ocr_line' id='line_1_75' title="bbox 2143 3217 3742 3289; baseline 0 -15"><span class='ocrx_word' id='word_1_524' title='bbox 2143 3226 2324 3275; x_wconf 90' lang='lat' dir='ltr'><strong>autem</strong></span> <span class='ocrx_word' id='word_1_525' title='bbox 2351 3217 2572 3289; x_wconf 90' lang='lat' dir='ltr'><strong>ponitur</strong></span> <span class='ocrx_word' id='word_1_526' title='bbox 2606 3224 2974 3289; x_wconf 88' lang='lat' dir='ltr'><strong>monumento,</strong></span> <span class='ocrx_word' id='word_1_527' title='bbox 3010 3232 3078 3273; x_wconf 89' lang='lat' dir='ltr'><strong>ne</strong></span> <span class='ocrx_word' id='word_1_528' title='bbox 3120 3223 3243 3288; x_wconf 89' lang='lat' dir='ltr'><strong>post</strong></span> <span class='ocrx_word' id='word_1_529' title='bbox 3274 3218 3742 3275; x_wconf 85' lang='lat' dir='ltr'><strong>resurrectionem</strong></span> 
     </span>
    </p>
   </div>
   <div class='ocr_carea' id='block_1_76' title="bbox 2069 3304 3737 3380">
    <p class='ocr_par' dir='ltr' id='par_1_76' title="bbox 2069 3304 3737 3380">
     <span class='ocr_line' id='line_1_76' title="bbox 2069 3304 3737 3380; baseline -0.002 -14"><span class='ocrx_word' id='word_1_530' title='bbox 2069 3304 2215 3375; x_wconf 82' lang='lat' dir='ltr'><strong>C&#39;ex</strong></span> <span class='ocrx_word' id='word_1_531' title='bbox 2244 3308 2457 3366; x_wconf 70' lang='lat' dir='ltr'><strong>caeteris</strong></span> <span class='ocrx_word' id='word_1_532' title='bbox 2497 3308 2817 3380; x_wconf 90' lang='lat' dir='ltr'><strong>corporibus</strong></span> <span class='ocrx_word' id='word_1_533' title='bbox 2862 3308 3186 3374; x_wconf 80' lang='lat' dir='ltr'><strong>surrexisse,</strong></span> <span class='ocrx_word' id='word_1_534' title='bbox 3220 3307 3358 3365; x_wconf 88' lang='lat' dir='ltr'><strong>alius</strong></span> <span class='ocrx_word' id='word_1_535' title='bbox 3394 3307 3697 3380; x_wconf 73' lang='lat' dir='ltr'><strong>ﬁngeretur</strong></span> <span class='ocrx_word' id='word_1_536' title='bbox 3718 3349 3737 3377; x_wconf 92' lang='lat'><strong>,</strong></span> 
     </span>
    </p>
   </div>
   <div class='ocr_carea' id='block_1_77' title="bbox 2148 3400 3745 3474">
    <p class='ocr_par' dir='ltr' id='par_1_77' title="bbox 2148 3400 3745 3474">
     <span class='ocr_line' id='line_1_77' title="bbox 2148 3400 3745 3474; baseline 0.001 -18"><span class='ocrx_word' id='word_1_537' title='bbox 2148 3402 2293 3474; x_wconf 90' lang='lat' dir='ltr'><strong>quod</strong></span> <span class='ocrx_word' id='word_1_538' title='bbox 2343 3400 2483 3456; x_wconf 86' lang='lat' dir='ltr'><strong>bene</strong></span> <span class='ocrx_word' id='word_1_539' title='bbox 2532 3407 2942 3456; x_wconf 87' lang='lat' dir='ltr'><strong>monumentum</strong></span> <span class='ocrx_word' id='word_1_540' title='bbox 2974 3400 3041 3456; x_wconf 93' lang='lat' dir='ltr'><strong>de</strong></span> <span class='ocrx_word' id='word_1_541' title='bbox 3090 3407 3246 3471; x_wconf 86' lang='lat' dir='ltr'><strong>petra</strong></span> <span class='ocrx_word' id='word_1_542' title='bbox 3280 3400 3525 3465; x_wconf 76' lang='lat' dir='ltr'><strong>excisum</strong></span> <span class='ocrx_word' id='word_1_543' title='bbox 3567 3400 3745 3457; x_wconf 80' lang='lat' dir='ltr'><strong>fuisse</strong></span> 
     </span>
    </p>
   </div>
   <div class='ocr_carea' id='block_1_78' title="bbox 2149 3491 3745 3564">
    <p class='ocr_par' dir='ltr' id='par_1_78' title="bbox 2149 3491 3745 3564">
     <span class='ocr_line' id='line_1_78' title="bbox 2149 3491 3745 3564; baseline 0.001 -14"><span class='ocrx_word' id='word_1_544' title='bbox 2149 3502 2502 3550; x_wconf 89' lang='lat' dir='ltr'><strong>memoratur.</strong></span> <span class='ocrx_word' id='word_1_545' title='bbox 2534 3491 2613 3549; x_wconf 87' lang='lat' dir='ltr'><strong>Ne</strong></span> <span class='ocrx_word' id='word_1_546' title='bbox 2638 3492 2683 3547; x_wconf 86' lang='lat' dir='ltr'><strong>si</strong></span> <span class='ocrx_word' id='word_1_547' title='bbox 2710 3507 2780 3548; x_wconf 81' lang='lat' dir='ltr'><strong>ex</strong></span> <span class='ocrx_word' id='word_1_548' title='bbox 2807 3491 2991 3548; x_wconf 90' lang='lat' dir='ltr'><strong>multis</strong></span> <span class='ocrx_word' id='word_1_549' title='bbox 3016 3492 3284 3564; x_wconf 83' lang='lat' dir='ltr'><strong>lapidibus</strong></span> <span class='ocrx_word' id='word_1_550' title='bbox 3306 3492 3633 3550; x_wconf 64' lang='lat' dir='ltr'><strong>aediﬁcatum</strong></span> <span class='ocrx_word' id='word_1_551' title='bbox 3650 3510 3745 3551; x_wconf 79' lang='lat' dir='ltr'><strong>es-</strong></span> 
     </span>
    </p>
   </div>
   <div class='ocr_carea' id='block_1_79' title="bbox 2149 3578 3740 3652">
    <p class='ocr_par' dir='ltr' id='par_1_79' title="bbox 2149 3578 3740 3652">
     <span class='ocr_line' id='line_1_79' title="bbox 2149 3578 3740 3652; baseline -0.002 -11"><span class='ocrx_word' id='word_1_552' title='bbox 2149 3593 2254 3652; x_wconf 88' lang='lat' dir='ltr'><strong>set,</strong></span> <span class='ocrx_word' id='word_1_553' title='bbox 2283 3582 2525 3640; x_wconf 80' lang='lat' dir='ltr'><strong>suil‘ossis</strong></span> <span class='ocrx_word' id='word_1_554' title='bbox 2548 3581 2738 3639; x_wconf 90' lang='lat' dir='ltr'><strong>tumuli</strong></span> <span class='ocrx_word' id='word_1_555' title='bbox 2766 3578 3130 3638; x_wconf 78' lang='lat' dir='ltr'><strong>fundamentis</strong></span> <span class='ocrx_word' id='word_1_556' title='bbox 3164 3582 3377 3641; x_wconf 84' lang='lat' dir='ltr'><strong>ablatus</strong></span> <span class='ocrx_word' id='word_1_557' title='bbox 3409 3581 3560 3640; x_wconf 81' lang='lat' dir='ltr'><strong>furto</strong></span> <span class='ocrx_word' id='word_1_558' title='bbox 3585 3583 3740 3639; x_wconf 81' lang='lat' dir='ltr'><strong>dice-</strong></span> 
     </span>
    </p>
   </div>
   <div class='ocr_carea' id='block_1_80' title="bbox 2150 3675 3745 3750">
    <p class='ocr_par' dir='ltr' id='par_1_80' title="bbox 2150 3675 3745 3750">
     <span class='ocr_line' id='line_1_80' title="bbox 2150 3675 3745 3750; baseline -0.001 -16"><span class='ocrx_word' id='word_1_559' title='bbox 2150 3686 2322 3734; x_wconf 89' lang='lat' dir='ltr'><strong>retur.</strong></span> <span class='ocrx_word' id='word_1_560' title='bbox 2347 3675 2519 3732; x_wconf 86' lang='lat' dir='ltr'><strong>Aliter</strong></span> <span class='ocrx_word' id='word_1_561' title='bbox 2531 3676 2680 3732; x_wconf 90' lang='lat' dir='ltr'><strong>solus</strong></span> <span class='ocrx_word' id='word_1_562' title='bbox 2695 3676 2955 3733; x_wconf 88' lang='lat' dir='ltr'><strong>Dominus</strong></span> <span class='ocrx_word' id='word_1_563' title='bbox 2969 3676 3190 3734; x_wconf 89' lang='lat' dir='ltr'><strong>tumulo-</strong></span> <span class='ocrx_word' id='word_1_564' title='bbox 3203 3676 3518 3743; x_wconf 88' lang='lat' dir='ltr'><strong>includitur,</strong></span> <span class='ocrx_word' id='word_1_565' title='bbox 3530 3686 3604 3732; x_wconf 76' lang='grc' dir='ltr'><strong>,ιιι</strong></span> <span class='ocrx_word' id='word_1_566' title='bbox 3614 3691 3745 3750; x_wconf 72' lang='grc' dir='ltr'><strong>ερε-</strong></span> 
     </span>
    </p>
   </div>
   <div class='ocr_carea' id='block_1_81' title="bbox 2154 3766 3744 3837">
    <p class='ocr_par' dir='ltr' id='par_1_81' title="bbox 2154 3766 3744 3837">
     <span class='ocr_line' id='line_1_81' title="bbox 2154 3766 3744 3837; baseline 0.001 -13"><span class='ocrx_word' id='word_1_567' title='bbox 2154 3766 2308 3824; x_wconf 90' lang='lat' dir='ltr'><strong>cialis</strong></span> <span class='ocrx_word' id='word_1_568' title='bbox 2323 3766 2465 3823; x_wconf 92' lang='lat' dir='ltr'><strong>illius</strong></span> <span class='ocrx_word' id='word_1_569' title='bbox 2479 3768 2777 3837; x_wconf 90' lang='lat' dir='ltr'><strong>sepultura,</strong></span> <span class='ocrx_word' id='word_1_570' title='bbox 2795 3768 2850 3823; x_wconf 90' lang='lat' dir='ltr'><strong>id</strong></span> <span class='ocrx_word' id='word_1_571' title='bbox 2869 3776 2972 3835; x_wconf 91' lang='lat' dir='ltr'><strong>est,</strong></span> <span class='ocrx_word' id='word_1_572' title='bbox 2990 3777 3194 3825; x_wconf 63' lang='lat' dir='ltr'><strong>nostra:</strong></span> <span class='ocrx_word' id='word_1_573' title='bbox 3206 3769 3513 3835; x_wconf 83' lang='lat' dir='ltr'><strong>dissimilis,</strong></span> <span class='ocrx_word' id='word_1_574' title='bbox 3524 3769 3673 3825; x_wconf 85' lang='lat' dir='ltr'><strong>sicut</strong></span> <span class='ocrx_word' id='word_1_575' title='bbox 3681 3778 3744 3825; x_wconf 85' lang='lat' dir='ltr'><strong>et</strong></span> 
     </span>
    </p>
   </div>
   <div class='ocr_carea' id='block_1_82' title="bbox 2155 3854 3749 3930">
    <p class='ocr_par' dir='ltr' id='par_1_82' title="bbox 2155 3854 3749 3930">
     <span class='ocr_line' id='line_1_82' title="bbox 2155 3854 3749 3930; baseline 0.001 -14"><span class='ocrx_word' id='word_1_576' title='bbox 2155 3854 2352 3916; x_wconf 60' lang='lat' dir='ltr'><strong>cratera</strong></span> <span class='ocrx_word' id='word_1_577' title='bbox 2380 3860 2804 3929; x_wconf 88' lang='lat' dir='ltr'><strong>dispensationis</strong></span> <span class='ocrx_word' id='word_1_578' title='bbox 2854 3858 2972 3930; x_wconf 89' lang='lat' dir='ltr'><strong>ejus</strong></span> <span class='ocrx_word' id='word_1_579' title='bbox 3011 3876 3212 3917; x_wconf 87' lang='lat' dir='ltr'><strong>arcana</strong></span> <span class='ocrx_word' id='word_1_580' title='bbox 3242 3869 3506 3923; x_wconf 70' lang='lat' dir='ltr'><strong>a-nostra</strong></span> <span class='ocrx_word' id='word_1_581' title='bbox 3530 3869 3749 3917; x_wconf 68' lang='lat' dir='ltr'><strong>naturae</strong></span> 
     </span>
    </p>
   </div>
   <div class='ocr_carea' id='block_1_83' title="bbox 2155 3951 3763 4026">
    <p class='ocr_par' dir='ltr' id='par_1_83' title="bbox 2155 3951 3763 4026">
     <span class='ocr_line' id='line_1_83' title="bbox 2155 3951 3763 4026; baseline 0.001 -18"><span class='ocrx_word' id='word_1_582' title='bbox 2155 3951 2448 4026; x_wconf 78' lang='lat' dir='ltr'><strong>fragilitate</strong></span> <span class='ocrx_word' id='word_1_583' title='bbox 2478 3953 2876 4025; x_wconf 89' lang='lat' dir='ltr'><strong>discrepavere,</strong></span> <span class='ocrx_word' id='word_1_584' title='bbox 2921 3954 3176 4026; x_wconf 76' lang='lat' dir='ltr'><strong>Specialis</strong></span> <span class='ocrx_word' id='word_1_585' title='bbox 3202 3962 3259 4010; x_wconf 91' lang='lat' dir='ltr'><strong>et</strong></span> <span class='ocrx_word' id='word_1_586' title='bbox 3287 3953 3621 4013; x_wconf 70' lang='lat' dir='ltr'><strong>resurrectio</strong></span> <span class='ocrx_word' id='word_1_587' title='bbox 3649 3953 3763 4009; x_wconf 25' lang='lat' dir='ltr'><strong>de-r</strong></span> 
     </span>
    </p>
   </div>
   <div class='ocr_carea' id='block_1_84' title="bbox 2158 4044 3749 4117">
    <p class='ocr_par' dir='ltr' id='par_1_84' title="bbox 2158 4044 3749 4117">
     <span class='ocr_line' id='line_1_84' title="bbox 2158 4044 3749 4117; baseline -0.001 -16"><span class='ocrx_word' id='word_1_588' title='bbox 2158 4046 2422 4115; x_wconf 81' lang='lat' dir='ltr'><strong>signatur.</strong></span> <span class='ocrx_word' id='word_1_589' title='bbox 2471 4044 2606 4101; x_wconf 86' lang='lat' dir='ltr'><strong>Nam</strong></span> <span class='ocrx_word' id='word_1_590' title='bbox 2635 4054 2693 4102; x_wconf 89' lang='lat' dir='ltr'><strong>et</strong></span> <span class='ocrx_word' id='word_1_591' title='bbox 2718 4061 2881 4103; x_wconf 88' lang='lat' dir='ltr'><strong>verus</strong></span> <span class='ocrx_word' id='word_1_592' title='bbox 2907 4046 3071 4103; x_wconf 91' lang='lat' dir='ltr'><strong>homo</strong></span> <span class='ocrx_word' id='word_1_593' title='bbox 3105 4045 3509 4117; x_wconf 19' lang='lat' dir='ltr'><strong>apparuiusscd</strong></span> <span class='ocrx_word' id='word_1_594' title='bbox 3532 4060 3613 4101; x_wconf 78' lang='lat' dir='ltr'><strong>ex-</strong></span> <span class='ocrx_word' id='word_1_595' title='bbox 3633 4046 3749 4100; x_wconf 86' lang='lat' dir='ltr'><strong>vir-</strong></span> 
     </span>
    </p>
   </div>
   <div class='ocr_carea' id='block_1_85' title="bbox 2159 4142 3759 4213">
    <p class='ocr_par' dir='ltr' id='par_1_85' title="bbox 2159 4142 3759 4213">
     <span class='ocr_line' id='line_1_85' title="bbox 2159 4142 3759 4213; baseline 0.001 -17"><span class='ocrx_word' id='word_1_596' title='bbox 2159 4142 2283 4213; x_wconf 88' lang='lat' dir='ltr'><strong>gine</strong></span> <span class='ocrx_word' id='word_1_597' title='bbox 2310 4149 2485 4197; x_wconf 90' lang='lat' dir='ltr'><strong>matre</strong></span> <span class='ocrx_word' id='word_1_598' title='bbox 2509 4150 2804 4211; x_wconf 88' lang='lat' dir='ltr'><strong>conceptus</strong></span> <span class='ocrx_word' id='word_1_599' title='bbox 2844 4148 2900 4197; x_wconf 92' lang='lat' dir='ltr'><strong>et</strong></span> <span class='ocrx_word' id='word_1_600' title='bbox 2919 4148 3099 4208; x_wconf 84' lang='lat' dir='ltr'><strong>natus,</strong></span> <span class='ocrx_word' id='word_1_601' title='bbox 3131 4150 3189 4196; x_wconf 86' lang='lat' dir='ltr'><strong>et</strong></span> <span class='ocrx_word' id='word_1_602' title='bbox 3214 4148 3467 4197; x_wconf 46' lang='lat' dir='ltr'><strong>tenta”.</strong></span> <span class='ocrx_word' id='word_1_603' title='bbox 3485 4142 3605 4208; x_wconf 80' lang='lat' dir='ltr'><strong>est,</strong></span> <span class='ocrx_word' id='word_1_604' title='bbox 3647 4154 3759 4210; x_wconf 79' lang='lat' dir='ltr'><strong>per-</strong></span> 
     </span>
    </p>
   </div>
   <div class='ocr_carea' id='block_1_86' title="bbox 2161 4232 3765 4304">
    <p class='ocr_par' dir='ltr' id='par_1_86' title="bbox 2161 4232 3765 4304">
     <span class='ocr_line' id='line_1_86' title="bbox 2161 4232 3765 4304; baseline 0 -15"><span class='ocrx_word' id='word_1_605' title='bbox 2161 4233 2343 4289; x_wconf 89' lang='lat' dir='ltr'><strong>omnia</strong></span> <span class='ocrx_word' id='word_1_606' title='bbox 2394 4232 2547 4288; x_wconf 83' lang='lat' dir='ltr'><strong>sedet</strong></span> <span class='ocrx_word' id='word_1_607' title='bbox 2597 4249 2696 4304; x_wconf 90' lang='lat' dir='ltr'><strong>pro</strong></span> <span class='ocrx_word' id='word_1_608' title='bbox 2743 4233 3111 4290; x_wconf 86' lang='lat' dir='ltr'><strong>similitudine.</strong></span> <span class='ocrx_word' id='word_1_609' title='bbox 3142 4233 3349 4303; x_wconf 82' lang='lat' dir='ltr'><strong>absque</strong></span> <span class='ocrx_word' id='word_1_610' title='bbox 3389 4236 3765 4304; x_wconf 44' lang='lat' dir='ltr'><strong>peacatorett</strong></span> 
     </span>
    </p>
   </div>
   <div class='ocr_carea' id='block_1_87' title="bbox 2161 4322 3804 4395">
    <p class='ocr_par' dir='ltr' id='par_1_87' title="bbox 2161 4322 3804 4395">
     <span class='ocr_line' id='line_1_87' title="bbox 2161 4322 3804 4395; baseline 0 -14"><span class='ocrx_word' id='word_1_611' title='bbox 2161 4335 2409 4381; x_wconf 90' lang='lat' dir='ltr'><strong>mortuus</strong></span> <span class='ocrx_word' id='word_1_612' title='bbox 2454 4332 2557 4390; x_wconf 87' lang='lat' dir='ltr'><strong>est,</strong></span> <span class='ocrx_word' id='word_1_613' title='bbox 2606 4324 2700 4379; x_wconf 90' lang='lat' dir='ltr'><strong>sed</strong></span> <span class='ocrx_word' id='word_1_614' title='bbox 2726 4326 2995 4395; x_wconf 88' lang='lat' dir='ltr'><strong>quomodo</strong></span> <span class='ocrx_word' id='word_1_615' title='bbox 3024 4325 3142 4395; x_wconf 87' lang='lat' dir='ltr'><strong>ipse</strong></span> <span class='ocrx_word' id='word_1_616' title='bbox 3169 4323 3344 4380; x_wconf 88' lang='lat' dir='ltr'><strong>voluit</strong></span> <span class='ocrx_word' id='word_1_617' title='bbox 3372 4341 3386 4378; x_wconf 91' lang='lat'><strong>:</strong></span> <span class='ocrx_word' id='word_1_618' title='bbox 3417 4331 3476 4380; x_wconf 86' lang='lat' dir='ltr'><strong>et</strong></span> <span class='ocrx_word' id='word_1_619' title='bbox 3500 4322 3751 4394; x_wconf 73' lang='lat' dir='ltr'><strong>sepultus</strong></span> <span class='ocrx_word' id='word_1_620' title='bbox 3796 4332 3804 4339; x_wconf 82' lang='lat'><strong>‘</strong></span> 
     </span>
    </p>
   </div>
   <div class='ocr_carea' id='block_1_88' title="bbox 2163 4404 3765 4488">
    <p class='ocr_par' dir='ltr' id='par_1_88' title="bbox 2163 4404 3765 4488">
     <span class='ocr_line' id='line_1_88' title="bbox 2163 4404 3765 4488; baseline -0.002 -13"><span class='ocrx_word' id='word_1_621' title='bbox 2163 4427 2286 4484; x_wconf 88' lang='lat' dir='ltr'><strong>est,</strong></span> <span class='ocrx_word' id='word_1_622' title='bbox 2333 4417 2426 4474; x_wconf 89' lang='lat' dir='ltr'><strong>sed</strong></span> <span class='ocrx_word' id='word_1_623' title='bbox 2473 4415 2731 4488; x_wconf 90' lang='lat' dir='ltr'><strong>quamdiu</strong></span> <span class='ocrx_word' id='word_1_624' title='bbox 2783 4404 2955 4473; x_wconf 80' lang='lat' dir='ltr'><strong>voluit</strong></span> <span class='ocrx_word' id='word_1_625' title='bbox 2993 4434 3007 4471; x_wconf 92' lang='lat'><strong>:</strong></span> <span class='ocrx_word' id='word_1_626' title='bbox 3053 4424 3109 4473; x_wconf 88' lang='lat' dir='ltr'><strong>et</strong></span> <span class='ocrx_word' id='word_1_627' title='bbox 3152 4417 3449 4475; x_wconf 83' lang='lat' dir='ltr'><strong>suscitatus</strong></span> <span class='ocrx_word' id='word_1_628' title='bbox 3492 4426 3599 4483; x_wconf 87' lang='lat' dir='ltr'><strong>est,</strong></span> <span class='ocrx_word' id='word_1_629' title='bbox 3651 4416 3765 4473; x_wconf 40' lang='lat' dir='ltr'><strong>sed.</strong></span> 
     </span>
    </p>
   </div>
   <div class='ocr_carea' id='block_1_89' title="bbox 2165 4509 3753 4586">
    <p class='ocr_par' dir='ltr' id='par_1_89' title="bbox 2165 4509 3753 4586">
     <span class='ocr_line' id='line_1_89' title="bbox 2165 4509 3753 4586; baseline -0.002 -17"><span class='ocrx_word' id='word_1_630' title='bbox 2165 4515 2382 4586; x_wconf 89' lang='lat' dir='ltr'><strong>quando</strong></span> <span class='ocrx_word' id='word_1_631' title='bbox 2411 4512 2600 4568; x_wconf 88' lang='lat' dir='ltr'><strong>voluit.</strong></span> <span class='ocrx_word' id='word_1_632' title='bbox 2640 4509 2754 4568; x_wconf 83' lang='lat' dir='ltr'><strong>Hoc</strong></span> <span class='ocrx_word' id='word_1_633' title='bbox 2781 4520 2865 4568; x_wconf 90' lang='lat' dir='ltr'><strong>est</strong></span> <span class='ocrx_word' id='word_1_634' title='bbox 2889 4527 3021 4584; x_wconf 85' lang='lat' dir='ltr'><strong>ergo</strong></span> <span class='ocrx_word' id='word_1_635' title='bbox 3049 4513 3197 4583; x_wconf 86' lang='lat' dir='ltr'><strong>quod</strong></span> <span class='ocrx_word' id='word_1_636' title='bbox 3222 4513 3299 4568; x_wconf 90' lang='lat' dir='ltr'><strong>ait</strong></span> <span class='ocrx_word' id='word_1_637' title='bbox 3329 4530 3365 4568; x_wconf 88' lang='lat'><strong>:.</strong></span> <span class='ocrx_word' id='word_1_638' title='bbox 3383 4509 3753 4583; x_wconf 76' lang='lat' dir='ltr'><strong>Singulas-iter</strong></span> 
     </span>
    </p>
   </div>
   <div class='ocr_carea' id='block_1_90' title="bbox 2167 4600 3756 4676">
    <p class='ocr_par' dir='ltr' id='par_1_90' title="bbox 2167 4600 3756 4676">
     <span class='ocr_line' id='line_1_90' title="bbox 2167 4600 3756 4676; baseline -0.003 -14"><span class='ocrx_word' id='word_1_639' title='bbox 2167 4621 2286 4662; x_wconf 89' lang='lat' dir='ltr'><strong>sum</strong></span> <span class='ocrx_word' id='word_1_640' title='bbox 2318 4619 2416 4674; x_wconf 87' lang='lat' dir='ltr'><strong>ego</strong></span> <span class='ocrx_word' id='word_1_641' title='bbox 2462 4604 2631 4659; x_wconf 90' lang='lat' dir='ltr'><strong>donec</strong></span> <span class='ocrx_word' id='word_1_642' title='bbox 2673 4610 2949 4661; x_wconf 89' lang='lat' dir='ltr'><strong>transeam</strong></span> <span class='ocrx_word' id='word_1_643' title='bbox 2995 4600 3181 4676; x_wconf 72' lang='lat' dir='ltr'><strong>(Psot.</strong></span> <span class='ocrx_word' id='word_1_644' title='bbox 3214 4601 3339 4676; x_wconf 81' lang='lat' dir='ltr'><strong>cn.)</strong></span> <span class='ocrx_word' id='word_1_645' title='bbox 3369 4622 3383 4657; x_wconf 91' lang='lat'><strong>:</strong></span> <span class='ocrx_word' id='word_1_646' title='bbox 3417 4610 3477 4658; x_wconf 87' lang='lat' dir='ltr'><strong>et</strong></span> <span class='ocrx_word' id='word_1_647' title='bbox 3515 4602 3646 4659; x_wconf 87' lang='lat' dir='ltr'><strong>alibi</strong></span> <span class='ocrx_word' id='word_1_648' title='bbox 3681 4601 3756 4658; x_wconf 85' lang='lat' dir='ltr'><strong>de</strong></span> 
     </span>
    </p>
   </div>
   <div class='ocr_carea' id='block_1_91' title="bbox 478 4672 3771 4773">
    <p class='ocr_par' dir='ltr' id='par_1_91' title="bbox 478 4672 3771 4773">
     <span class='ocr_line' id='line_1_91' title="bbox 478 4672 3771 4773; baseline -0 -21"><span class='ocrx_word' id='word_1_649' title='bbox 478 4672 642 4752; x_wconf 83' lang='lat' dir='ltr'><strong>batur</strong></span> <span class='ocrx_word' id='word_1_650' title='bbox 665 4695 721 4749; x_wconf 92' lang='lat' dir='ltr'><strong>in</strong></span> <span class='ocrx_word' id='word_1_651' title='bbox 753 4672 983 4765; x_wconf 81' lang='lat' dir='ltr'><strong>culpam,</strong></span> <span class='ocrx_word' id='word_1_652' title='bbox 1023 4711 1177 4751; x_wconf 89' lang='lat' dir='ltr'><strong>more</strong></span> <span class='ocrx_word' id='word_1_653' title='bbox 1204 4697 1381 4768; x_wconf 84' lang='lat' dir='ltr'><strong>gentis</strong></span> <span class='ocrx_word' id='word_1_654' title='bbox 1410 4699 1652 4771; x_wconf 85' lang='lat' dir='ltr'><strong>antiquo,</strong></span> <span class='ocrx_word' id='word_1_655' title='bbox 1690 4672 1751 4756; x_wconf 85' lang='lat' dir='ltr'><strong>ut</strong></span> <span class='ocrx_word' id='word_1_656' title='bbox 1802 4702 2061 4760; x_wconf 88' lang='lat' dir='ltr'><strong>mulieres</strong></span> <span class='ocrx_word' id='word_1_657' title='bbox 2085 4672 2140 4743; x_wconf 66' lang='grc' dir='ltr'><strong><em>Β</em></strong></span> <span class='ocrx_word' id='word_1_658' title='bbox 2165 4672 2424 4773; x_wconf 78' lang='lat' dir='ltr'><strong>singulari</strong></span> <span class='ocrx_word' id='word_1_659' title='bbox 2448 4698 2763 4770; x_wconf 78' lang='lat' dir='ltr'><strong>sepultura:</strong></span> <span class='ocrx_word' id='word_1_660' title='bbox 2796 4686 2867 4753; x_wconf 80' lang='lat' dir='ltr'><strong>In</strong></span> <span class='ocrx_word' id='word_1_661' title='bbox 2891 4672 3020 4770; x_wconf 78' lang='lat' dir='ltr'><strong>pace</strong></span> <span class='ocrx_word' id='word_1_662' title='bbox 3058 4698 3117 4753; x_wconf 88' lang='lat' dir='ltr'><strong>in</strong></span> <span class='ocrx_word' id='word_1_663' title='bbox 3141 4672 3372 4770; x_wconf 77' lang='lat' dir='ltr'><strong>idipsum</strong></span> <span class='ocrx_word' id='word_1_664' title='bbox 3397 4696 3673 4755; x_wconf 48' lang='lat' dir='ltr'><strong>dormiant:</strong></span> <span class='ocrx_word' id='word_1_665' title='bbox 3698 4704 3771 4751; x_wconf 73' lang='lat' dir='ltr'><strong>et-</strong></span> 
     </span>
    </p>
   </div>
   <div class='ocr_carea' id='block_1_92' title="bbox 479 4784 2059 4867">
    <p class='ocr_par' dir='ltr' id='par_1_92' title="bbox 479 4784 2059 4867">
     <span class='ocr_line' id='line_1_92' title="bbox 479 4784 2059 4867; baseline 0.007 -26"><span class='ocrx_word' id='word_1_666' title='bbox 479 4785 549 4841; x_wconf 90' lang='lat' dir='ltr'><strong>de</strong></span> <span class='ocrx_word' id='word_1_667' title='bbox 579 4784 882 4841; x_wconf 84' lang='lat' dir='ltr'><strong>substautia</strong></span> <span class='ocrx_word' id='word_1_668' title='bbox 924 4801 1031 4842; x_wconf 87' lang='lat' dir='ltr'><strong>sua</strong></span> <span class='ocrx_word' id='word_1_669' title='bbox 1049 4787 1251 4842; x_wconf 87' lang='lat' dir='ltr'><strong>victum</strong></span> <span class='ocrx_word' id='word_1_670' title='bbox 1281 4798 1445 4861; x_wconf 67' lang='lat' dir='ltr'><strong>aulue</strong></span> <span class='ocrx_word' id='word_1_671' title='bbox 1470 4793 1729 4850; x_wconf 88' lang='lat' dir='ltr'><strong>vestitum</strong></span> <span class='ocrx_word' id='word_1_672' title='bbox 1756 4805 2059 4867; x_wconf 64' lang='lat' dir='ltr'><strong>praecepto-</strong></span> 
     </span>
    </p>
   </div>
   <div class='ocr_carea' id='block_1_93' title="bbox 478 4876 2059 4958">
    <p class='ocr_par' dir='ltr' id='par_1_93' title="bbox 478 4876 2059 4958">
     <span class='ocr_line' id='line_1_93' title="bbox 478 4876 2059 4958; baseline 0.009 -28"><span class='ocrx_word' id='word_1_673' title='bbox 478 4877 629 4932; x_wconf 88' lang='lat' dir='ltr'><strong>ribus</strong></span> <span class='ocrx_word' id='word_1_674' title='bbox 652 4876 1042 4933; x_wconf 66' lang='lat' dir='ltr'><strong>ministtarent.</strong></span> <span class='ocrx_word' id='word_1_675' title='bbox 1076 4877 1191 4935; x_wconf 83' lang='lat' dir='ltr'><strong>Hoc</strong></span> <span class='ocrx_word' id='word_1_676' title='bbox 1216 4881 1343 4952; x_wconf 88' lang='lat' dir='ltr'><strong>quia</strong></span> <span class='ocrx_word' id='word_1_677' title='bbox 1372 4883 1689 4940; x_wconf 86' lang='lat' dir='ltr'><strong>scandalum</strong></span> <span class='ocrx_word' id='word_1_678' title='bbox 1729 4884 1910 4943; x_wconf 82' lang='lat' dir='ltr'><strong>facere</strong></span> <span class='ocrx_word' id='word_1_679' title='bbox 1957 4904 2059 4958; x_wconf 92' lang='lat' dir='ltr'><strong>po-</strong></span> 
     </span>
    </p>
   </div>
   <div class='ocr_carea' id='block_1_94' title="bbox 481 4967 2059 5042">
    <p class='ocr_par' dir='ltr' id='par_1_94' title="bbox 481 4967 2059 5042">
     <span class='ocr_line' id='line_1_94' title="bbox 481 4967 2059 5042; baseline 0.008 -21"><span class='ocrx_word' id='word_1_680' title='bbox 481 4974 629 5022; x_wconf 87' lang='lat' dir='ltr'><strong>terat</strong></span> <span class='ocrx_word' id='word_1_681' title='bbox 665 4967 723 5022; x_wconf 86' lang='lat' dir='ltr'><strong>in</strong></span> <span class='ocrx_word' id='word_1_682' title='bbox 749 4968 1079 5036; x_wconf 82' lang='lat' dir='ltr'><strong>nationibus,</strong></span> <span class='ocrx_word' id='word_1_683' title='bbox 1127 4969 1337 5027; x_wconf 76' lang='lat' dir='ltr'><strong>Paulus</strong></span> <span class='ocrx_word' id='word_1_684' title='bbox 1353 4971 1614 5042; x_wconf 75' lang='lat' dir='ltr'><strong>abiecisse</strong></span> <span class='ocrx_word' id='word_1_685' title='bbox 1645 4992 1705 5033; x_wconf 91' lang='lat' dir='ltr'><strong>se</strong></span> <span class='ocrx_word' id='word_1_686' title='bbox 1749 4988 2059 5035; x_wconf 89' lang='lat' dir='ltr'><strong>memorat:</strong></span> 
     </span>
    </p>
   </div>
   <div class='ocr_carea' id='block_1_95' title="bbox 483 5056 2063 5135">
    <p class='ocr_par' dir='ltr' id='par_1_95' title="bbox 483 5056 2063 5135">
     <span class='ocr_line' id='line_1_95' title="bbox 483 5056 2063 5135; baseline 0.01 -24"><span class='ocrx_word' id='word_1_687' title='bbox 483 5057 740 5130; x_wconf 79' lang='lat' dir='ltr'><strong>Nunquid</strong></span> <span class='ocrx_word' id='word_1_688' title='bbox 767 5070 873 5114; x_wconf 73' lang='lat' dir='ltr'><strong>nan</strong></span> <span class='ocrx_word' id='word_1_689' title='bbox 899 5056 1150 5116; x_wconf 61' lang='lat' dir='ltr'><strong>habemus</strong></span> <span class='ocrx_word' id='word_1_690' title='bbox 1179 5058 1506 5134; x_wconf 78' lang='lat' dir='ltr'><strong>potestatem,</strong></span> <span class='ocrx_word' id='word_1_691' title='bbox 1541 5085 1771 5135; x_wconf 85' lang='lat' dir='ltr'><strong>sorores,</strong></span> <span class='ocrx_word' id='word_1_692' title='bbox 1817 5070 2063 5127; x_wconf 85' lang='lat' dir='ltr'><strong>mulieres</strong></span> 
     </span>
    </p>
   </div>
   <div class='ocr_carea' id='block_1_96' title="bbox 481 5146 2059 5236">
    <p class='ocr_par' dir='ltr' id='par_1_96' title="bbox 481 5146 2059 5236">
     <span class='ocr_line' id='line_1_96' title="bbox 481 5146 2059 5236; baseline 0.008 -30"><span class='ocrx_word' id='word_1_693' title='bbox 481 5150 933 5221; x_wconf 68' lang='lat' dir='ltr'><strong>circumducendi,</strong></span> <span class='ocrx_word' id='word_1_694' title='bbox 958 5146 1093 5211; x_wconf 81' lang='lat' dir='ltr'><strong>sicut</strong></span> <span class='ocrx_word' id='word_1_695' title='bbox 1118 5166 1167 5212; x_wconf 83' lang='lat' dir='ltr'><strong>et</strong></span> <span class='ocrx_word' id='word_1_696' title='bbox 1185 5161 1359 5217; x_wconf 68' lang='lat' dir='ltr'><strong>cancri</strong></span> <span class='ocrx_word' id='word_1_697' title='bbox 1379 5162 1603 5233; x_wconf 82' lang='lat' dir='ltr'><strong>apostoli</strong></span> <span class='ocrx_word' id='word_1_698' title='bbox 1622 5163 1822 5233; x_wconf 81' lang='lat' dir='ltr'><strong>faciunt</strong></span> <span class='ocrx_word' id='word_1_699' title='bbox 1848 5163 1909 5236; x_wconf 91' lang='lat' dir='ltr'><strong>(I</strong></span> <span class='ocrx_word' id='word_1_700' title='bbox 1936 5162 2059 5220; x_wconf 87' lang='lat' dir='ltr'><strong>Cor.</strong></span> 
     </span>
    </p>
   </div>
   <div class='ocr_carea' id='block_1_97' title="bbox 484 5242 2061 5327">
    <p class='ocr_par' dir='ltr' id='par_1_97' title="bbox 484 5242 2061 5327">
     <span class='ocr_line' id='line_1_97' title="bbox 484 5242 2061 5327; baseline 0.01 -28"><span class='ocrx_word' id='word_1_701' title='bbox 484 5246 600 5317; x_wconf 77' lang='lat' dir='ltr'><strong>ix)?</strong></span> <span class='ocrx_word' id='word_1_702' title='bbox 628 5245 1209 5307; x_wconf 65' lang='lat' dir='ltr'><strong>Ministrabant&#39;autcm&#39;</strong></span> <span class='ocrx_word' id='word_1_703' title='bbox 1241 5254 1473 5310; x_wconf 76' lang='lat' dir='ltr'><strong>Domino</strong></span> <span class='ocrx_word' id='word_1_704' title='bbox 1496 5250 1561 5311; x_wconf 78' lang='lat' dir='ltr'><strong>de</strong></span> <span class='ocrx_word' id='word_1_705' title='bbox 1586 5242 1888 5312; x_wconf 82' lang='lat' dir='ltr'><strong>substantia</strong></span> <span class='ocrx_word' id='word_1_706' title='bbox 1931 5274 2061 5327; x_wconf 90' lang='lat' dir='ltr'><strong>sua,</strong></span> 
     </span>
    </p>
   </div>
   <div class='ocr_carea' id='block_1_98' title="bbox 488 5344 2068 5419">
    <p class='ocr_par' dir='ltr' id='par_1_98' title="bbox 488 5344 2068 5419">
     <span class='ocr_line' id='line_1_98' title="bbox 488 5344 2068 5419; baseline 0.011 -29"><span class='ocrx_word' id='word_1_707' title='bbox 488 5344 551 5389; x_wconf 90' lang='lat' dir='ltr'><strong>ut</strong></span> <span class='ocrx_word' id='word_1_708' title='bbox 597 5346 868 5394; x_wconf 71' lang='lat' dir='ltr'><strong>meteneut</strong></span> <span class='ocrx_word' id='word_1_709' title='bbox 924 5350 1113 5397; x_wconf 76' lang='lat' dir='ltr'><strong>earnm</strong></span> <span class='ocrx_word' id='word_1_710' title='bbox 1158 5344 1436 5419; x_wconf 82' lang='lat' dir='ltr'><strong>carnalia,</strong></span> <span class='ocrx_word' id='word_1_711' title='bbox 1488 5346 1647 5416; x_wconf 74' lang='lat' dir='ltr'><strong>cujus.</strong></span> <span class='ocrx_word' id='word_1_712' title='bbox 1689 5347 1780 5403; x_wconf 91' lang='lat' dir='ltr'><strong>ille</strong></span> <span class='ocrx_word' id='word_1_713' title='bbox 1828 5353 2068 5408; x_wconf 89' lang='lat' dir='ltr'><strong>metebat</strong></span> 
     </span>
    </p>
   </div>
   <div class='ocr_carea' id='block_1_99' title="bbox 486 5422 2053 5510">
    <p class='ocr_par' dir='ltr' id='par_1_99' title="bbox 486 5422 2053 5510">
     <span class='ocr_line' id='line_1_99' title="bbox 486 5422 2053 5510; baseline 0.012 -28"><span class='ocrx_word' id='word_1_714' title='bbox 486 5429 812 5499; x_wconf 60' lang='lat' dir='ltr'><strong>Spiritusne,</strong></span> <span class='ocrx_word' id='word_1_715' title='bbox 844 5448 953 5489; x_wconf 81' lang='lat' dir='ltr'><strong>non</strong></span> <span class='ocrx_word' id='word_1_716' title='bbox 984 5436 1584 5510; x_wconf 34' lang='lat' dir='ltr'><strong>qued‘indigeret&#39;cibis</strong></span> <span class='ocrx_word' id='word_1_717' title='bbox 1618 5422 1880 5499; x_wconf 85' lang='lat' dir='ltr'><strong>Dominus</strong></span> <span class='ocrx_word' id='word_1_718' title='bbox 1909 5460 2053 5501; x_wconf 88' lang='lat' dir='ltr'><strong>crea-</strong></span> 
     </span>
    </p>
   </div>
   <div class='ocr_carea' id='block_1_100' title="bbox 488 5528 2065 5607">
    <p class='ocr_par' dir='ltr' id='par_1_100' title="bbox 488 5528 2065 5607">
     <span class='ocr_line' id='line_1_100' title="bbox 488 5528 2065 5607; baseline 0.012 -31"><span class='ocrx_word' id='word_1_719' title='bbox 488 5529 754 5591; x_wconf 79' lang='lat' dir='ltr'><strong>turarum,</strong></span> <span class='ocrx_word' id='word_1_720' title='bbox 801 5528 898 5583; x_wconf 82' lang='lat' dir='ltr'><strong>sed</strong></span> <span class='ocrx_word' id='word_1_721' title='bbox 940 5534 1013 5583; x_wconf 56' lang='lat' dir='ltr'><strong>nti</strong></span> <span class='ocrx_word' id='word_1_722' title='bbox 1048 5539 1251 5601; x_wconf 82' lang='lat' dir='ltr'><strong>typum</strong></span> <span class='ocrx_word' id='word_1_723' title='bbox 1288 5532 1601 5587; x_wconf 86' lang='lat' dir='ltr'><strong>ostenderet</strong></span> <span class='ocrx_word' id='word_1_724' title='bbox 1643 5532 2065 5607; x_wconf 83' lang='lat' dir='ltr'><strong>magistrorum,</strong></span> 
     </span>
    </p>
   </div>
   <div class='ocr_carea' id='block_1_101' title="bbox 489 5616 2068 5694">
    <p class='ocr_par' dir='ltr' id='par_1_101' title="bbox 489 5616 2068 5694">
     <span class='ocr_line' id='line_1_101' title="bbox 489 5616 2068 5694; baseline 0.011 -23"><span class='ocrx_word' id='word_1_725' title='bbox 489 5616 635 5687; x_wconf 83' lang='lat' dir='ltr'><strong>quod</strong></span> <span class='ocrx_word' id='word_1_726' title='bbox 655 5618 802 5674; x_wconf 84' lang='lat' dir='ltr'><strong>victu</strong></span> <span class='ocrx_word' id='word_1_727' title='bbox 833 5629 997 5692; x_wconf 87' lang='lat' dir='ltr'><strong>atque</strong></span> <span class='ocrx_word' id='word_1_728' title='bbox 1008 5621 1218 5679; x_wconf 45' lang='lat' dir='ltr'><strong>ivestiiu</strong></span> <span class='ocrx_word' id='word_1_729' title='bbox 1240 5622 1488 5694; x_wconf 83' lang='lat' dir='ltr'><strong>discipuli</strong></span> <span class='ocrx_word' id='word_1_730' title='bbox 1514 5627 1775 5684; x_wconf 87' lang='lat' dir='ltr'><strong>deberent</strong></span> <span class='ocrx_word' id='word_1_731' title='bbox 1794 5624 1914 5687; x_wconf 86' lang='lat' dir='ltr'><strong>esse</strong></span> <span class='ocrx_word' id='word_1_732' title='bbox 1936 5648 2068 5687; x_wconf 86' lang='lat' dir='ltr'><strong>con-</strong></span> 
     </span>
    </p>
   </div>
   <div class='ocr_carea' id='block_1_102' title="bbox 491 5710 2069 5786">
    <p class='ocr_par' dir='ltr' id='par_1_102' title="bbox 491 5710 2069 5786">
     <span class='ocr_line' id='line_1_102' title="bbox 491 5710 2069 5786; baseline 0.01 -21"><span class='ocrx_word' id='word_1_733' title='bbox 491 5710 646 5767; x_wconf 64' lang='lat' dir='ltr'><strong>tentis</strong></span> <span class='ocrx_word' id='word_1_734' title='bbox 685 5710 795 5771; x_wconf 81' lang='lat' dir='ltr'><strong>Sed</strong></span> <span class='ocrx_word' id='word_1_735' title='bbox 819 5716 1105 5772; x_wconf 63' lang='lat' dir='ltr'><strong>videamus</strong></span> <span class='ocrx_word' id='word_1_736' title='bbox 1127 5714 1313 5786; x_wconf 77' lang='lat' dir='ltr'><strong>quales</strong></span> <span class='ocrx_word' id='word_1_737' title='bbox 1342 5718 1570 5775; x_wconf 81' lang='lat' dir='ltr'><strong>comites</strong></span> <span class='ocrx_word' id='word_1_738' title='bbox 1594 5720 1864 5785; x_wconf 88' lang='lat' dir='ltr'><strong>habuerit,</strong></span> <span class='ocrx_word' id='word_1_739' title='bbox 1902 5724 2069 5781; x_wconf 85' lang='lat' dir='ltr'><strong>Maria</strong></span> 
     </span>
    </p>
   </div>
   <div class='ocr_carea' id='block_1_103' title="bbox 493 5804 2070 5885">
    <p class='ocr_par' dir='ltr' id='par_1_103' title="bbox 493 5804 2070 5885">
     <span class='ocr_line' id='line_1_103' title="bbox 493 5804 2070 5885; baseline 0.01 -24"><span class='ocrx_word' id='word_1_740' title='bbox 493 5804 825 5879; x_wconf 72' lang='lat' dir='ltr'><strong>Magdalene;</strong></span> <span class='ocrx_word' id='word_1_741' title='bbox 864 5828 895 5867; x_wconf 87' lang='lat' dir='ltr'><strong>a</strong></span> <span class='ocrx_word' id='word_1_742' title='bbox 922 5812 1261 5882; x_wconf 73' lang='lat' dir='ltr'><strong>qu‘a&#39;scptem</strong></span> <span class='ocrx_word' id='word_1_743' title='bbox 1285 5812 1547 5870; x_wconf 69' lang='lat' dir='ltr'><strong>dmmonia</strong></span> <span class='ocrx_word' id='word_1_744' title='bbox 1573 5814 1826 5885; x_wconf 87' lang='lat' dir='ltr'><strong>ejecerat,</strong></span> <span class='ocrx_word' id='word_1_745' title='bbox 1846 5818 2070 5877; x_wconf 86' lang='lat' dir='ltr'><strong>Mariam</strong></span> 
     </span>
    </p>
   </div>
   <div class='ocr_carea' id='block_1_104' title="bbox 492 5895 2069 5975">
    <p class='ocr_par' dir='ltr' id='par_1_104' title="bbox 492 5895 2069 5975">
     <span class='ocr_line' id='line_1_104' title="bbox 492 5895 2069 5975; baseline 0.008 -17"><span class='ocrx_word' id='word_1_746' title='bbox 492 5895 712 5971; x_wconf 67' lang='lat' dir='ltr'><strong>Jacobi,</strong></span> <span class='ocrx_word' id='word_1_747' title='bbox 744 5910 811 5959; x_wconf 70' lang='lat' dir='ltr'><strong>eti</strong></span> <span class='ocrx_word' id='word_1_748' title='bbox 840 5902 1051 5975; x_wconf 76' lang='lat' dir='ltr'><strong>Ioseph-</strong></span> <span class='ocrx_word' id='word_1_749' title='bbox 1080 5912 1329 5974; x_wconf 87' lang='lat' dir='ltr'><strong>matrem,</strong></span> <span class='ocrx_word' id='word_1_750' title='bbox 1382 5917 1735 5965; x_wconf 86' lang='lat' dir='ltr'><strong>materteram</strong></span> <span class='ocrx_word' id='word_1_751' title='bbox 1780 5926 1933 5968; x_wconf 90' lang='lat' dir='ltr'><strong>suam</strong></span> <span class='ocrx_word' id='word_1_752' title='bbox 1979 5929 2069 5971; x_wconf 85' lang='lat' dir='ltr'><strong>so-</strong></span> 
     </span>
    </p>
   </div>
   <div class='ocr_carea' id='block_1_105' title="bbox 2164 4790 3817 4866">
    <p class='ocr_par' dir='ltr' id='par_1_105' title="bbox 2164 4790 3817 4866">
     <span class='ocr_line' id='line_1_105' title="bbox 2164 4790 3817 4866; baseline -0.003 -15"><span class='ocrx_word' id='word_1_753' title='bbox 2164 4795 2506 4866; x_wconf 82' lang='lat' dir='ltr'><strong>requiescam.</strong></span> <span class='ocrx_word' id='word_1_754' title='bbox 2541 4790 2807 4857; x_wconf 82' lang='lat' dir='ltr'><strong>Quoniam</strong></span> <span class='ocrx_word' id='word_1_755' title='bbox 2832 4801 2912 4857; x_wconf 83' lang='lat' dir='ltr'><strong>tu,</strong></span> <span class='ocrx_word' id='word_1_756' title='bbox 2937 4790 3183 4860; x_wconf 69' lang='lat' dir='ltr'><strong>Domine,</strong></span> <span class='ocrx_word' id='word_1_757' title='bbox 3220 4790 3565 4863; x_wconf 65' lang='lat' dir='ltr'><strong>singulariter</strong></span> <span class='ocrx_word' id='word_1_758' title='bbox 3583 4790 3641 4847; x_wconf 81' lang='lat' dir='ltr'><strong>in</strong></span> <span class='ocrx_word' id='word_1_759' title='bbox 3660 4802 3759 4861; x_wconf 69' lang='lat' dir='ltr'><strong>spe</strong></span> <span class='ocrx_word' id='word_1_760' title='bbox 3806 4802 3817 4827; x_wconf 60' lang='grc' dir='ltr'><strong>τ</strong></span> 
     </span>
    </p>
   </div>
   <div class='ocr_carea' id='block_1_106' title="bbox 2166 4882 3819 4949">
    <p class='ocr_par' dir='ltr' id='par_1_106' title="bbox 2166 4882 3819 4949">
     <span class='ocr_line' id='line_1_106' title="bbox 2166 4882 3819 4949; baseline -0.004 -7"><span class='ocrx_word' id='word_1_761' title='bbox 2166 4883 2482 4942; x_wconf 81' lang='lat' dir='ltr'><strong>constituisti</strong></span> <span class='ocrx_word' id='word_1_762' title='bbox 2508 4898 2608 4946; x_wconf 86' lang='lat' dir='ltr'><strong>me,</strong></span> <span class='ocrx_word' id='word_1_763' title='bbox 2645 4882 2698 4938; x_wconf 91' lang='lat' dir='ltr'><strong>id</strong></span> <span class='ocrx_word' id='word_1_764' title='bbox 2726 4889 2829 4949; x_wconf 81' lang='lat' dir='ltr'><strong>est,</strong></span> <span class='ocrx_word' id='word_1_765' title='bbox 2862 4882 3608 4941; x_wconf 28' lang='lat' dir='ltr'><strong>cmterommtmortalinm&#39;in</strong></span> <span class='ocrx_word' id='word_1_766' title='bbox 3640 4882 3777 4938; x_wconf 44' lang='lat' dir='ltr'><strong>ﬁne.</strong></span> <span class='ocrx_word' id='word_1_767' title='bbox 3808 4890 3819 4921; x_wconf 73' lang='grc' dir='ltr'>ί</span> 
     </span>
    </p>
   </div>
   <div class='ocr_carea' id='block_1_107' title="bbox 2120 4972 3775 5047">
    <p class='ocr_par' dir='ltr' id='par_1_107' title="bbox 2120 4972 3775 5047">
     <span class='ocr_line' id='line_1_107' title="bbox 2120 4972 3775 5047; baseline -0.001 -13"><span class='ocrx_word' id='word_1_768' title='bbox 2120 5021 2124 5025; x_wconf 80' lang='grc'><strong>.</strong></span> <span class='ocrx_word' id='word_1_769' title='bbox 2164 4976 2564 5033; x_wconf 86' lang='lat' dir='ltr'><strong>resurrectione</strong></span> <span class='ocrx_word' id='word_1_770' title='bbox 2594 4982 2832 5042; x_wconf 84' lang='lat' dir='ltr'><strong>servata,</strong></span> <span class='ocrx_word' id='word_1_771' title='bbox 2879 4990 2967 5031; x_wconf 87' lang='lat' dir='ltr'><strong>me</strong></span> <span class='ocrx_word' id='word_1_772' title='bbox 3454 4990 3501 5032; x_wconf 83' lang='lat' dir='ltr'><strong>a-</strong></span> <span class='ocrx_word' id='word_1_773' title='bbox 3518 4972 3775 5032; x_wconf 70' lang='lat' dir='ltr'><strong>mortuis</strong></span> 
     </span>
    </p>
   </div>
   <div class='ocr_carea' id='block_1_108' title="bbox 2168 5067 3110 5140">
    <p class='ocr_par' dir='ltr' id='par_1_108' title="bbox 2168 5067 3110 5140">
     <span class='ocr_line' id='line_1_108' title="bbox 2168 5067 3110 5140; baseline -0.001 -16"><span class='ocrx_word' id='word_1_774' title='bbox 2168 5069 2255 5124; x_wconf 91' lang='lat' dir='ltr'><strong>die</strong></span> <span class='ocrx_word' id='word_1_775' title='bbox 2286 5067 2447 5124; x_wconf 91' lang='lat' dir='ltr'><strong>tertia</strong></span> <span class='ocrx_word' id='word_1_776' title='bbox 2475 5082 2767 5140; x_wconf 85' lang='lat' dir='ltr'><strong>resurgere</strong></span> <span class='ocrx_word' id='word_1_777' title='bbox 2789 5067 3110 5139; x_wconf 86' lang='lat' dir='ltr'><strong>promisisti.</strong></span> 
     </span>
    </p>
   </div>
   <div class='ocr_carea' id='block_1_109' title="bbox 2240 5178 3755 5253">
    <p class='ocr_par' dir='ltr' id='par_1_109' title="bbox 2240 5178 3755 5253">
     <span class='ocr_line' id='line_1_109' title="bbox 2240 5178 3755 5253; baseline 0.002 -18"><span class='ocrx_word' id='word_1_778' title='bbox 2240 5182 2313 5235; x_wconf 92' lang='lat' dir='ltr'><strong>De</strong></span> <span class='ocrx_word' id='word_1_779' title='bbox 2340 5188 2692 5236; x_wconf 90' lang='lat' dir='ltr'><strong>monumento</strong></span> <span class='ocrx_word' id='word_1_780' title='bbox 2717 5181 2930 5236; x_wconf 89' lang='lat' dir='ltr'><strong>Domini</strong></span> <span class='ocrx_word' id='word_1_781' title='bbox 2960 5178 3143 5237; x_wconf 85' lang='lat' dir='ltr'><strong>ferunt</strong></span> <span class='ocrx_word' id='word_1_782' title='bbox 3173 5182 3267 5253; x_wconf 89' lang='lat' dir='ltr'><strong>qui</strong></span> <span class='ocrx_word' id='word_1_783' title='bbox 3295 5182 3485 5238; x_wconf 71' lang='lat' dir='ltr'><strong>nostra</strong></span> <span class='ocrx_word' id='word_1_784' title='bbox 3505 5178 3573 5237; x_wconf 71' lang='lat' dir='ltr'><strong>et‘</strong></span> <span class='ocrx_word' id='word_1_785' title='bbox 3590 5182 3755 5238; x_wconf 65' lang='lat' dir='ltr'><strong>aetate</strong></span> 
     </span>
    </p>
   </div>
   <div class='ocr_carea' id='block_1_110' title="bbox 2164 5264 3829 5344">
    <p class='ocr_par' dir='ltr' id='par_1_110' title="bbox 2164 5264 3829 5344">
     <span class='ocr_line' id='line_1_110' title="bbox 2164 5264 3829 5344; baseline 0.001 -17"><span class='ocrx_word' id='word_1_786' title='bbox 2164 5271 2233 5327; x_wconf 90' lang='lat' dir='ltr'><strong>de</strong></span> <span class='ocrx_word' id='word_1_787' title='bbox 2262 5270 2652 5342; x_wconf 82' lang='lat' dir='ltr'><strong>Hierosolymis</strong></span> <span class='ocrx_word' id='word_1_788' title='bbox 2696 5270 3041 5327; x_wconf 72' lang='lat' dir='ltr'><strong>Britanniam</strong></span> <span class='ocrx_word' id='word_1_789' title='bbox 3062 5264 3353 5339; x_wconf 72' lang='lat' dir='ltr'><strong>venerunt,</strong></span> <span class='ocrx_word' id='word_1_790' title='bbox 3384 5268 3753 5343; x_wconf 71' lang='lat' dir='ltr'><strong>quod&#39;domus</strong></span> <span class='ocrx_word' id='word_1_791' title='bbox 3823 5338 3829 5344; x_wconf 30' lang='grc' dir='ltr'>ν</span> 
     </span>
    </p>
   </div>
   <div class='ocr_carea' id='block_1_111' title="bbox 2169 5350 3754 5439">
    <p class='ocr_par' dir='ltr' id='par_1_111' title="bbox 2169 5350 3754 5439">
     <span class='ocr_line' id='line_1_111' title="bbox 2169 5350 3754 5439; baseline 0.001 -18"><span class='ocrx_word' id='word_1_792' title='bbox 2169 5366 2335 5423; x_wconf 80' lang='lat' dir='ltr'><strong>fuerit</strong></span> <span class='ocrx_word' id='word_1_793' title='bbox 2362 5367 2617 5432; x_wconf 87' lang='lat' dir='ltr'><strong>rotunda,</strong></span> <span class='ocrx_word' id='word_1_794' title='bbox 2643 5367 2711 5421; x_wconf 88' lang='lat' dir='ltr'><strong>de</strong></span> <span class='ocrx_word' id='word_1_795' title='bbox 2740 5366 3057 5437; x_wconf 78' lang='lat' dir='ltr'><strong>subjacente</strong></span> <span class='ocrx_word' id='word_1_796' title='bbox 3081 5376 3217 5439; x_wconf 87' lang='lat' dir='ltr'><strong>rupe</strong></span> <span class='ocrx_word' id='word_1_797' title='bbox 3241 5350 3445 5435; x_wconf 78' lang='lat' dir='ltr'><strong>excisa;</strong></span> <span class='ocrx_word' id='word_1_798' title='bbox 3480 5362 3646 5423; x_wconf 72' lang='lat' dir='ltr'><strong>tanta:</strong></span> <span class='ocrx_word' id='word_1_799' title='bbox 3675 5367 3754 5423; x_wconf 77' lang='lat' dir='ltr'><strong>al~</strong></span> 
     </span>
    </p>
   </div>
   <div class='ocr_carea' id='block_1_112' title="bbox 2172 5450 3760 5527">
    <p class='ocr_par' dir='ltr' id='par_1_112' title="bbox 2172 5450 3760 5527">
     <span class='ocr_line' id='line_1_112' title="bbox 2172 5450 3760 5527; baseline 0.001 -13"><span class='ocrx_word' id='word_1_800' title='bbox 2172 5459 2437 5524; x_wconf 89' lang='lat' dir='ltr'><strong>titudinis,</strong></span> <span class='ocrx_word' id='word_1_801' title='bbox 2483 5466 2544 5514; x_wconf 89' lang='lat' dir='ltr'><strong>ut</strong></span> <span class='ocrx_word' id='word_1_802' title='bbox 2586 5450 3073 5517; x_wconf 56' lang='lat' dir='ltr'><strong>intro-consistens</strong></span> <span class='ocrx_word' id='word_1_803' title='bbox 3119 5461 3301 5527; x_wconf 89' lang='lat' dir='ltr'><strong>homo,</strong></span> <span class='ocrx_word' id='word_1_804' title='bbox 3332 5458 3425 5515; x_wconf 76' lang='lat' dir='ltr'><strong>vix</strong></span> <span class='ocrx_word' id='word_1_805' title='bbox 3454 5473 3620 5516; x_wconf 84' lang='lat' dir='ltr'><strong>manu</strong></span> <span class='ocrx_word' id='word_1_806' title='bbox 3664 5473 3760 5515; x_wconf 77' lang='lat' dir='ltr'><strong>es-</strong></span> 
     </span>
    </p>
   </div>
   <div class='ocr_carea' id='block_1_113' title="bbox 2171 5547 3756 5625">
    <p class='ocr_par' dir='ltr' id='par_1_113' title="bbox 2171 5547 3756 5625">
     <span class='ocr_line' id='line_1_113' title="bbox 2171 5547 3756 5625; baseline 0 -17"><span class='ocrx_word' id='word_1_807' title='bbox 2171 5559 2342 5617; x_wconf 86' lang='lat' dir='ltr'><strong>tenta,</strong></span> <span class='ocrx_word' id='word_1_808' title='bbox 2371 5550 2585 5609; x_wconf 74' lang='lat' dir='ltr'><strong>culmen</strong></span> <span class='ocrx_word' id='word_1_809' title='bbox 2607 5552 2780 5621; x_wconf 81' lang='lat' dir='ltr'><strong>possit</strong></span> <span class='ocrx_word' id='word_1_810' title='bbox 2801 5553 3088 5625; x_wconf 78' lang='lat' dir='ltr'><strong>attingere.</strong></span> <span class='ocrx_word' id='word_1_811' title='bbox 3125 5552 3261 5623; x_wconf 72' lang='lat' dir='ltr'><strong>Quae</strong></span> <span class='ocrx_word' id='word_1_812' title='bbox 3283 5547 3756 5610; x_wconf 59' lang='lat' dir='ltr'><strong>he’Beti‘ntroitum</strong></span> 
     </span>
    </p>
   </div>
   <div class='ocr_carea' id='block_1_114' title="bbox 2172 5642 3759 5717">
    <p class='ocr_par' dir='ltr' id='par_1_114' title="bbox 2172 5642 3759 5717">
     <span class='ocr_line' id='line_1_114' title="bbox 2172 5642 3759 5717; baseline 0.002 -19"><span class='ocrx_word' id='word_1_813' title='bbox 2172 5644 2241 5698; x_wconf 90' lang='lat' dir='ltr'><strong>ab</strong></span> <span class='ocrx_word' id='word_1_814' title='bbox 2285 5642 2526 5709; x_wconf 89' lang='lat' dir='ltr'><strong>oriente,</strong></span> <span class='ocrx_word' id='word_1_815' title='bbox 2570 5643 2657 5698; x_wconf 90' lang='lat' dir='ltr'><strong>cui</strong></span> <span class='ocrx_word' id='word_1_816' title='bbox 2698 5642 2835 5715; x_wconf 85' lang='lat' dir='ltr'><strong>lapis</strong></span> <span class='ocrx_word' id='word_1_817' title='bbox 2864 5644 2953 5701; x_wconf 92' lang='lat' dir='ltr'><strong>ille</strong></span> <span class='ocrx_word' id='word_1_818' title='bbox 2993 5661 3222 5717; x_wconf 88' lang='lat' dir='ltr'><strong>magnus</strong></span> <span class='ocrx_word' id='word_1_819' title='bbox 3266 5645 3557 5701; x_wconf 77' lang='lat' dir='ltr'><strong>advolutus</strong></span> <span class='ocrx_word' id='word_1_820' title='bbox 3591 5654 3759 5715; x_wconf 89' lang='lat' dir='ltr'><strong>atque</strong></span> 
     </span>
    </p>
   </div>
   <div class='ocr_carea' id='block_1_115' title="bbox 2173 5727 3757 5811">
    <p class='ocr_par' dir='ltr' id='par_1_115' title="bbox 2173 5727 3757 5811">
     <span class='ocr_line' id='line_1_115' title="bbox 2173 5727 3757 5811; baseline 0.004 -20"><span class='ocrx_word' id='word_1_821' title='bbox 2173 5735 2460 5806; x_wconf 86' lang='lat' dir='ltr'><strong>impositus</strong></span> <span class='ocrx_word' id='word_1_822' title='bbox 2481 5746 2588 5805; x_wconf 89' lang='lat' dir='ltr'><strong>est,</strong></span> <span class='ocrx_word' id='word_1_823' title='bbox 2623 5738 2681 5793; x_wconf 89' lang='lat' dir='ltr'><strong>in</strong></span> <span class='ocrx_word' id='word_1_824' title='bbox 2709 5736 2863 5808; x_wconf 74' lang='lat' dir='ltr'><strong>cujus</strong></span> <span class='ocrx_word' id='word_1_825' title='bbox 2895 5727 3231 5796; x_wconf 79' lang='lat' dir='ltr'><strong>monumenti</strong></span> <span class='ocrx_word' id='word_1_826' title='bbox 3267 5748 3424 5810; x_wconf 85' lang='lat' dir='ltr'><strong>parte</strong></span> <span class='ocrx_word' id='word_1_827' title='bbox 3459 5739 3757 5811; x_wconf 85' lang='lat' dir='ltr'><strong>aquilonali</strong></span> 
     </span>
    </p>
   </div>
   <div class='ocr_carea' id='block_1_116' title="bbox 2175 5825 3756 5902">
    <p class='ocr_par' dir='ltr' id='par_1_116' title="bbox 2175 5825 3756 5902">
     <span class='ocr_line' id='line_1_116' title="bbox 2175 5825 3756 5902; baseline 0.004 -20"><span class='ocrx_word' id='word_1_828' title='bbox 2175 5825 2485 5895; x_wconf 83' lang='lat' dir='ltr'><strong>sepulcrum</strong></span> <span class='ocrx_word' id='word_1_829' title='bbox 2515 5829 2713 5898; x_wconf 86' lang='lat' dir='ltr'><strong>ipsum,</strong></span> <span class='ocrx_word' id='word_1_830' title='bbox 2753 5829 2858 5885; x_wconf 91' lang='lat' dir='ltr'><strong>hoc</strong></span> <span class='ocrx_word' id='word_1_831' title='bbox 2886 5838 2992 5896; x_wconf 83' lang='lat' dir='ltr'><strong>est,</strong></span> <span class='ocrx_word' id='word_1_832' title='bbox 3022 5830 3175 5886; x_wconf 88' lang='lat' dir='ltr'><strong>locus</strong></span> <span class='ocrx_word' id='word_1_833' title='bbox 3201 5828 3468 5888; x_wconf 84' lang='lat' dir='ltr'><strong>Dominici</strong></span> <span class='ocrx_word' id='word_1_834' title='bbox 3504 5833 3756 5902; x_wconf 86' lang='lat' dir='ltr'><strong>corporis</strong></span> 
     </span>
    </p>
   </div>
   <div class='ocr_carea' id='block_1_117' title="bbox 2176 5916 3767 5994">
    <p class='ocr_par' dir='ltr' id='par_1_117' title="bbox 2176 5916 3767 5994">
     <span class='ocr_line' id='line_1_117' title="bbox 2176 5916 3767 5994; baseline 0.004 -21"><span class='ocrx_word' id='word_1_835' title='bbox 2176 5916 2245 5973; x_wconf 91' lang='lat' dir='ltr'><strong>de</strong></span> <span class='ocrx_word' id='word_1_836' title='bbox 2278 5917 2469 5973; x_wconf 87' lang='lat' dir='ltr'><strong>eadem</strong></span> <span class='ocrx_word' id='word_1_837' title='bbox 2513 5926 2666 5989; x_wconf 90' lang='lat' dir='ltr'><strong>petra</strong></span> <span class='ocrx_word' id='word_1_838' title='bbox 2713 5918 2887 5976; x_wconf 80' lang='lat' dir='ltr'><strong>factus</strong></span> <span class='ocrx_word' id='word_1_839' title='bbox 2932 5927 3036 5989; x_wconf 87' lang='lat' dir='ltr'><strong>est,</strong></span> <span class='ocrx_word' id='word_1_840' title='bbox 3086 5927 3297 5994; x_wconf 86' lang='lat' dir='ltr'><strong>septem</strong></span> <span class='ocrx_word' id='word_1_841' title='bbox 3340 5921 3555 5978; x_wconf 84' lang='lat' dir='ltr'><strong>habens</strong></span> <span class='ocrx_word' id='word_1_842' title='bbox 3587 5921 3767 5994; x_wconf 70' lang='lat' dir='ltr'><strong>pedes</strong></span> 
     </span>
    </p>
   </div>
  </div>
