4030 6484
246 411 354 486 191
1064 408 1582 493 COLLECTIONES
1618 414 1688 476 IN
1726 414 2109 491 EPISIOLA§
2148 416 2239 491 ET
2276 410 2688 478 EVANGELIA.
3408 419 3514 488 198

241 528 622 609 longitudinis,
654 529 818 597 trium
842 546 971 590 vero
996 535 1299 613 palmorum
1324 551 1596 604 mensura,
1633 546 1832 594 caetero
1857 522 1911 600 Ᾱ
1935 524 2135 602 gaudio
2156 528 2351 603 futurae
2373 542 2456 591 est
2482 536 2897 607 resurrectionis
2922 536 3256 615 adaugenda.
3280 538 3341 618 ln
3366 520 3534 613 Luca,

237 622 559 694 pavimento
588 622 750 683 altius
778 627 1042 684 eminens.
1076 626 1199 698 Qui,
1231 629 1485 686 videlicet
1506 630 1675 698 locus,
1720 634 1830 687 non
1932 624 2159 696 legimus
2178 616 2198 678 ξ
2233 621 2371 690 Quia
2404 625 2614 680 stabant
2656 620 2834 682 οπέηέέ
2879 618 2991 683 noti
3032 622 3148 700 citis
3173 646 3206 684 a
3245 616 3414 704 longe,
3462 644 3516 691 et

240 714 497 787 desuper,
529 717 684 773 sed'a
719 716 893 775 latere
939 721 1241 777 meridiano
1266 738 1365 793 per
1397 729 1574 778 totum
1611 722 1830 795 patulus

240 815 351 875 est,
377 809 522 865 unde
551 824 749 881 corpus
793 811 1147 871 inferebatur.
1182 813 1345 870 Color
1370 820 1551 870 autem
1584 814 1827 885 ejusdem

238 902 581 958 monumenti
626 919 689 961 ac
718 902 881 961 loculi
910 906 1209 963 rubicundo
1238 915 1295 963 et
1333 907 1455 963 albo
1484 908 1683 963 dicitur
1707 888 1828 979 esse

236 991 557 1064 permist'us.
593 992 727 1050 Nam
759 1002 814 1051 et
839 997 1145 1067 sepulcrum
1190 997 1321 1053 illud
1348 1000 1716 1055 venerabilem
1759 996 1827 1083 tif

237 1102 434 1160 guram
461 1088 715 1145 dominici
749 1090 985 1147 habebat
1016 1091 1224 1157 altaris,
1256 1092 1311 1147 in
1349 1108 1456 1164 quo
1487 1094 1667 1149 carnis
1709 1094 1827 1167 ejus

238 1192 307 1233 ac
347 1181 626 1252 sanguinis
650 1180 827 1239 solent
855 1183 1113 1255 mysteria
1152 1184 1439 1251 celebrari,
1471 1187 1615 1242 unde
1644 1187 1825 1258 regula

236 1271 625 1329 Ecclesiastica
669 1280 819 1330 tenet
866 1274 1056 1333 eadem
1084 1276 1362 1349 mysteria,
1394 1277 1583 1332 nonin
1626 1277 1827 1343 serico,

236 1378 347 1447 non
391 1365 445 1420 in
470 1381 649 1436 panno
680 1366 869 1433 tincto,
915 1368 1010 1425 sed
1056 1370 1230 1447 instar
1259 1369 1524 1437 sindonis,
1557 1366 1669 1441 quo"
1701 1386 1825 1439 eum

233 1444 439 1527 30mph
470 1450 693 1513 involvit
716 1460 773 1515 in
800 1459 969 1516 linteo
996 1476 1132 1532 puro
1163 1444 1360 1516 debere
1396 1460 1725 1517 consecrari.
1758 1459 1829 1525 Ut

236 1548 383 1603 sicut
408 1549 522 1619 ipse
547 1554 733 1606 v‘cram
780 1554 1010 1609 terrenae
1040 1551 1394 1621 mortalisque
1435 1560 1644 1607 natura:
1689 1549 1819 1606 sub-

234 1636 499 1694 Stantiam
527 1654 628 1711 pro
654 1642 813 1698 nobis
839 1642 1001 1697 morti
1029 1641 1245 1709 obtulit,
1275 1643 1351 1698 ita
1376 1651 1431 1698 et
1464 1659 1564 1700 nos
1590 1643 1644 1698 in
1673 1659 1822 1699 com—

233 1730 685 1788 memorationem
708 1733 950 1805 ejusdem
981 1732 1248 1790 tremendi
1288 1742 1344 1790 et
1369 1732 1699 1791 venerabilis
1735 1749 1827 1799 sa-A

232 1810 523 1888 cramenti,
554 1836 749 1894 purum
796 1823 863 1879 de
911 1830 1070 1880 terra:
1102 1825 1345 1896 germine
1391 1825 1812 1896 candidumque,

1931 713 2173 769 mulieres
2200 730 2317 776 quae
2345 725 2537 771 secuta:
2565 718 2725 771 erant
2751 734 2888 774 eum.
2913 714 3009 775 His
3031 736 3162 793 ergo
3192 723 3334 777 notis
3357 723 3509 794 J'csu,

1928 812 2052 877 post
2087 806 2391 875 depositum
2440 807 2557 878 ejus
2586 822 2803 878 corpus,
2835 796 2903 866 a'd
2948 810 3047 867 sua
3104 815 3508 884 remeantibus,

1930 896 2057 952 solze
2106 898 2381 967 mulieres,
2412 913 2532 969 quae
2561 900 2764 956 arctius
2813 902 3085 969 amabant,
3129 904 3293 962 funus
3324 906 3512 963 subse-

1928 996 2090 1056 Cuue,
2137 990 2407 1060 quomodo
2442 1000 2737 1062 poneretur
2781 992 3051 1065 inspicere
3105 998 3401 1066 curabant,
3446 1006 3508 1055 ut

1927 1081 1977 1136 ei
2024 1089 2266 1153 tempore
2312 1096 2552 1155 congruo
2597 1094 2794 1141 manas
2820 1095 3041 1156 possent
3081 1087 3385 1147 devotionis
3427 1092 3511 1147 of-

1926 1171 2090 1228 ferre.
2126 1174 2231 1229 Sed
2273 1181 2329 1229 et
2379 1174 2641 1231 hactenus
2670 1184 2870 1231 sanctae
2898 1176 3154 1233 mulieres
3183 1181 3268 1236 die
3312 1199 3506 1252 paras-

1926 1274 2074 1334 eeve,
2100 1267 2152 1322 id
2179 1276 2282 1335 est,
2312 1268 2729 1340 prteparationis'
2748 1271 2888 1325 idem
2916 1264 3140 1339 iaciunt,
3167 1288 3289 1328 cum
3315 1277 3508 1333 animm

1925 1357 2177 1425 humiles,
2210 1368 2264 1415 et
2297 1376 2405 1430 quo
2438 1361 2660 1431 majoris
2691 1362 2794 1418 sibi
2821 1365 3051 1419 consciae
3082 1363 3412 1435 fragilitatis,
3440 1384 3506 1424 eo

1922 1444 2117 1517 majori
2143 1448 2441 1507 Salvatoris
2463 1467 2649 1508 amore
2670 1440 2942 1510 ferventes
2964 1457 3253 1526 passionis,
3281 1456 3396 1528 ejus
3416 1474 3508 1514 ve-

1921 1537 2097 1619 stigiis
2128 1539 2181 1594 in
2232 1541 2336 1596 hoc
2367 1542 2584 1609 saeculo,
2614 1557 2722 1614 quo
2767 1544 2983 1619 requies
3005 1555 3110 1612 est,
3150 1548 3507 1619 przeparanda

1918 1612 2100 1684 latura
2149 1628 2438 1704 diligenter
2484 1612 2875 1705 obsequuntur.
2917 1632 2987 1692 Et
3026 1637 3071 1692 si
3115 1612 3503 1694 forte-valeant

1918 1719 2121 1776 imitari
2151 1720 2239 1791 pia
2266 1724 2602 1791 curiositate,
2638 1741 2745 1796 quo
2781 1727 2968 1783 ordine
2997 1730 3073 1783 sit
3092 1730 3284 1786 eadem
3311 1731 3495 1802 passio

1917 1810 2181 1885 completa
2220 1815 2576 1886 perpendunt.
2629 1815 2689 1872 In
2738 1815 3032 1891 Evangelii)
3067 1820 3286 1890 quidem
3334 1812 3509 1878 Marci

232 1922 289 1971 et
317 1890 666 1981 multimodis,
714 1915 869 1985 quasi
903 1890 1386 1971 mortificationum
1431 1931 1628 1987 genere
1654 1890 1819 1971 casti-
1844 1890 1893 1951 Β
1920 1904 2181 1973 Scriptum
2215 1912 2302 1960 εει
2327 1922 2342 1960 ε

231 2017 418 2080 gatum
442 2008 598 2084 altari
621 2007 789 2071 linum
809 2008 1171 2081 imponamus.
1202 2008 1355 2077 Quod
1379 2019 1558 2065 autem
1584 2009 1688 2065 ait:
1712 2008 1821 2064 Ad-

230 2086 388 2167 volvit
418 2106 875 2173 saxumn‘tagnum
904 2102 974 2156 ad
1005 2103 1197 2158 ostium
1222 2103 1545 2158 monumenti
1568 2103 1824 2172 velamen

231 2191 526 2275 signiﬁcat,
554 2193 700 2267 quod
744 2193 799 2248 in
828 2193 1059 2250 lectione
1092 2191 1313 2250 Veteris
1336 2192 1670 2251 Testamenti
1701 2211 1817 2250 ma-

228 2268 342 2340 net.
372 2268 481 2359 Leti
502 2286 648 2359 enim
674 2286 728 2341 in
754 2284 934 2357 lapide
958 2286 1165 2357 scripta
1184 2294 1289 2351 est,
1313 2285 1470 2355 cujus
1496 2287 1675 2343 ablato
1701 2295 1817 2360 teg-

225 2372 397 2449 mine,
432 2378 646 2430 se’creta
672 2382 1139 2444 sacramentorum
1160 2376 1494 2432 revelantur.

301 2464 437 2521 Erat
483 2474 657 2520 autem
684 2466 758 2522 ibi
791 2454 966 2541 Maria
996 2464 1311 2537 Magdalene
1335 2476 1384 2521 et
1421 2466 1590 2522 altera
1637 2466 1823 2523 Maria'

218 2558 469 2613 sedentes
518 2558 703 2627 contra
748 2556 1065 2627 sepulcrum.
1113 2556 1339 2613 Caeteris
1385 2557 1827 2630 rclinquentibus

220 2640 539 2729 Dominum,
590 2646 845 2705 mulieres
888 2650 947 2704 in
985 2646 1160 2705 cilicio
1204 2659 1578 2720 perseverant,
1624 2667 1827 2723 exspe-,

221 2749 447 2817 ctautes
485 2739 627 2813 quod
662 2740 990 2811 promiserat
1030 2738 1208 2808 Jesus,
1238 2750 1293 2798 et
1338 2741 1458 2809 ideo
1494 2736 1821 2801 meruerunt

217 2830 419 2907 prima:
444 2816 630 2891 videre
651 2816 1043 2907 resurgentem.
1077 2826 1344 2902 Quoniam
1369 2836 1462 2908 qui
1490 2852 1819 2908 perseveraq

221 2922 369 2982 verit
397 2942 565 2996 usque
590 2928 645 2981 in
669 2922 831 2981 linem
864 2910 955 2981 hic
981 2925 1164 2982 salvus
1197 2927 1320 2982 erit.
1399 2920 1405 2926 ’

299 3016 482 3072 Altera
510 3026 691 3077 autem
733 3017 836 3084 die,
864 3034 980 3090 qua:
1005 3027 1080 3073 est
1102 3028 1217 3089 post
1244 3017 1591 3086 Parasceven,
1623 3029 1679 3078 et
1705 3021 1827 3078 rel.‘

218 3096 526 3167 Parasceve
556 3098 878 3183 praeparatio
908 3108 1320 3181 interpretatur,
1350 3124 1456 3183 quo
1478 3112 1696 3170 nomine
1716 3100 1821 3168 Iu—.

220 3186 351 3283 dmi,
377 3204 468 3275 qui
495 3203 636 3258 inter
667 3198 883 3261 Graecos
905 3194 1389 3271 conversabantur,
1429 3213 1635 3261 sextam
1679 3205 1809 3259 sab-

1992 1992 2061 2049 Et
2089 2005 2395 2051 revertentes
2419 2007 2737 2068 paraverunt
2761 2007 3005 2055 aromata
3046 2009 3096 2056 et
3133 2010 3420 2073 unguenta,
3453 1982 3508 2057 et

1918 2087 2134 2143 sabbato
2158 2089 2366 2159 quidem
2394 2089 2659 2145 siluerunt
2681 2091 2970 2146 secundum
2999 2093 3328 2148 mandatum.
3349 2090 3504 2147 Man;

1916 2180 2100 2234 datum
2133 2188 2250 2235 erat
2271 2188 2332 2235 ut
2357 2182 2567 2237 sabbati
2598 2183 2872 2240 silentium
2895 2200 2926 2239 a
2973 2198 3197 2256 vespera
3221 2200 3394 2256 usque
3432 2186 3509 2255 ad,

1916 2272 2198 2340 vesperam
2220 2280 2548 2341 servaretur,
2575 2283 2629 2331 et
2655 2270 2775 2331 ideo
2803 2276 3090 2347 religiosae,
3109 2277 3388 2344 mulieres,
3413 2292 3501 2333 se-

1820 2422 1831 2427 _
1916 2361 2067 2432 pulto
2092 2362 2339 2432 Domino,
2378 2368 2635 2436 quamdiu
2681 2368 2882 2424 licebat
2907 2371 3144 2439 operari,
3173 2370 3227 2426 id
3261 2379 3364 2437 est,
3406 2384 3500 2426 us-

1918 2466 2023 2520 que
2048 2453 2115 2506 ad
2141 2454 2269 2508 solis
2288 2470 2540 2509 occasum
2562 2457 2615 2511 in
2637 2454 2928 2528 unguentis
2949 2463 3321 2530 praeparandis
3343 2470 3505 2518 erant

1917 2550 2210 2616 occupatae,
2234 2551 2377 2618 quod
2399 2564 2506 2605 non
2524 2551 2697 2606 solum
2719 2552 2775 2606 in
2803 2550 2889 2608 die
2909 2547 3209 2625 paraseeve
3250 2538 3505 2629 egerant,

1915 2642 2103 2695 verum
2125 2640 2400 2698 transacto
2425 2640 2670 2711 sabbato,
2697 2645 2753 2700 id
2775 2658 2878 2714 eSt,
2907 2632 3020 2703 Sole
3045 2638 3350 2717 occidente,
3371 2666 3505 2705 mox

1914 2740 1974 2787 ut
1998 2724 2255 2803 Operandl
2284 2733 2498 2790 licentia
2524 2730 2823 2804 remeabat,
2854 2727 3105 2795 emerunt
3134 2752 3401 2808 aromata,
3438 2734 3508 2796 ut'

1912 2842 2072 2885 mane
2111 2830 2387 2887 venientes
2411 2824 2674 2902 ungerent
2701 2847 2899 2904 corpus
2924 2822 3061 2905 ejus,
3111 2833 3249 2889 sicut
3286 2816 3513 2890 Marcus

1911 2920 2240 2995 evangelista
2283 2933 2535 2980 testatur.
2589 2924 2785 2997 Neque
2802 2928 2947 2982 enim
2988 2941 3216 2999 vespere
3257 2913 3509 2995 sabbati,

1909 3026 2319 3088 praeoccupante
2363 3014 2477 3089 jam
2527 3020 2704 3076 noctis
2753 3010 3015 3089 articulo,
3076 3031 3490 3077 monumentum

1912 3104 2063 3163 adire
2096 3107 2404 3164 valuerunt.
2438 3108 2683 3181 lnspecta
2711 3118 2890 3167 autem
2930 3112 3144 3167 Domini
3192 3112 3495 3183 sepultura,

1913 3203 2248 3257 revertentes
2275 3210 2472 3272 parant
2499 3211 2741 3258 aromata
2768 3211 2822 3259 et
2856 3202 3155 3275 unguenta,
3192 3205 3285 3276 qui
3323 3205 3495 3272 lecta,

162 3296 173 3303 '
218 3272 359 3360 hati,
390 3309 511 3367 quae
540 3310 686 3349 nunc
715 3308 745 3347 a
780 3292 936 3369 nobis
967 3302 1121 3349 sexta
1155 3290 1291 3348 feria
1320 3302 1546 3349 vocatur
1573 3293 1799 3365 appella-
1835 3263 1881 3339 (ἓ
1913 3291 2114 3356 auita,
2157 3294 2443 3347 recordata
2472 3282 2727 3364 passione
2772 3294 3075 3359 dominica,
3121 3309 3251 3349 mox
3294 3297 3361 3350 ad
3399 3311 3500 3367 pa-

218 3382 377 3443 liant.
408 3379 559 3455 Quod
584 3400 650 3441 eo
676 3380 925 3442 videlicet
952 3380 1060 3451 die,
1091 3401 1211 3455 quae
1240 3385 1295 3439 in
1321 3378 1548 3441 sabbato
1578 3384 1693 3441 fore
1720 3401 1812 3441 ne-

218 3462 465 3536 cessaria
509 3484 896 3555 praepararent,
934 3464 1086 3547 juxta
1117 3460 1271 3547 quodl
1299 3478 1366 3532 de
1396 3492 1594 3532 manna
1636 3494 1811 3555 quon-

218 3572 352 3643 dam
380 3578 497 3626 erat
539 3553 1099 3642 prteceptumlExod.
1147 3568 1279 3640 xvi).
1309 3567 1475 3623 Sexta
1502 3553 1683 3625 autem
1720 3568 1808 3625 die

215 3663 489 3737 colligctis
536 3663 778 3734 duplum,
814 3656 1050 3751 etc.Qui
1097 3676 1227 3719 vero
1260 3660 1402 3717 inter
1428 3660 1700 3751 Romanos
1729 3663 1829 3719 vi-._

214 3766 335 3837 tam
383 3754 584 3819 dncunt
637 3752 831 3837 Judaei,
879 3744 1130 3810 usitatius
1164 3768 1301 3837 eum
1358 3744 1549 3809 Latine
1594 3768 1832 3815 cuinam-

212 3834 415 3926 puram
459 3834 857 3923 cognominant.
892 3838 1028 3917 Quia
1059 3834 1186 3920 ergo
1216 3857 1371 3905 sexta
1398 3846 1486 3902 die
1512 3847 1676 3903 homo
1720 3848 1807 3903 fa-

213 3950 365 4007 ctus,
395 3952 451 3996 et
480 3948 590 3996 tota
620 3938 825 4003 mundi
846 3948 1098 3995 creatura
1128 3938 1385 4011 perfecta,
1431 3926 1660 4009 septima
1705 3952 1827 3991 au-.

213 4026 330 4093 tiam
367 4034 615 4111 conditor
648 4036 715 4092 ab
760 4024 923 4106 opere
950 4050 1047 4091 suo
1073 4034 1359 4107 requievit.
1401 4033 1557 4091 Unde
1584 4042 1639 4089 et
1664 4032 1806 4090 hanc

212 4112 532 4201 sabbatum,
579 4126 634 4183 id
674 4135 781 4193 est,
828 4125 1073 4197 requiem
1109 4127 1295 4182 vocari
1321 4125 1600 4205 praecepit.
1638 4123 1833 4179 Recter

210 4217 483 4281 Dominus
509 4215 700 4285 eadem
729 4216 815 4271 die
848 4223 1001 4272 sexta
1027 4215 1340 4282 cruciﬁxus,
1370 4216 1624 4271 humanm
1650 4229 1837 4283 repa-u

212 4298 451 4367 rationis
502 4306 749 4378 implevit
788 4320 1088 4371 arcanum,
1140 4302 1282 4361 unde
1331 4320 1454 4359 cum
1505 4304 1805 4372 accepisset

212 4388 437 4462 acetum
466 4390 623 4470 dixit,
654 4411 1086 4479 consummatum
1130 4409 1236 4468 est,
1267 4401 1323 4457 id
1352 4408 1458 4473 est,
1496 4400 1636 4455 sexti
1660 4400 1766 4457 diei
1785 4439 1802 4466 ,

212 4480 363 4583 quod
392 4512 490 4577 pro
514 4496 711 4576 mundi
736 4495 1031 4551 refectione
1058 4496 1320 4567 suscepit,
1358 4502 1532 4549 totum
1561 4501 1645 4548 est
1667 4508 1804 4563 opus

212 4588 543 4662 perfectum.
571 4586 811 4665 sabbato
845 4584 1027 4643 autem
1071 4588 1129 4643 in
1163 4586 1414 4663 sepulcro
1452 4586 1801 4656 requiescens

214 4666 658 4755 resurrectionis,
698 4695 820 4755 qua:
847 4687 1043 4756 octava
1079 4679 1167 4734 die
1195 4686 1424 4735 ventura
1450 4686 1554 4744 est,
1601 4692 1797 4749 exspe-

212 4774 417 4839 ctabat
451 4756 729 4851 eventum,
761 4771 852 4827 ubi
883 4769 1049 4845 simul
1074 4780 1275 4827 nostra:
1312 4768 1616 4842 devotionis
1654 4785 1801 4839 prte-

214 4865 370 4931 lucet
392 4864 729 4942 exemplum,
763 4879 907 4945 quos
931 4864 985 4918 in
1028 4864 1131 4919 hac
1172 4863 1391 4943 quidem
1427 4871 1581 4931 sexta
1610 4862 1798 4921 mundi

213 4967 380 5033 aetate
402 4974 501 5030 pro
524 4956 765 5017 Domino.
779 4958 892 5035 pati
920 4964 977 5013 et
1017 4956 1164 5012 velut
1189 4954 1389 5012 mundo
1418 4955 1673 5028 cruciﬁgi
1705 4970 1801 5012 ne-
1828 4986 1835 4991 λ

214 5064 375 5108 cesse
401 5046 504 5123 est.
544 5050 605 5107 lu
632 5044 1031 5125 septimavero;
1058 5056 1235 5115 actate,
1265 5047 1370 5117 hoc
1395 5055 1498 5113 est,
1529 5062 1651 5117 eum
1688 5047 1798 5105 laeti

213 5145 344 5219 (19⁵⁸
371 5143 611 5215 ἀβδίιυω
630 5142 815 5213 801V“,
838 5157 1071 5213 corpora
1083 5142 1304 5213 quidem
1332 5141 1388 5197 in
1404 5140 1646 5207 tumulis,
1674 5140 1796 5197 ani-
1822 5172 1825 5173 ν

212 5252 336 5311 mas
372 5224 793 5309 autemrsocreta
818 5235 875 5293 in
892 5251 1030 5307 pace
1060 5235 1443 5319 cmugllomina
1462 5249 1702 5299 manere.
1728 5234 1801 5299 Et
1829 5265 1833 5271 ν

212 5339 357 5403 post
385 5330 530 5403 bona
573 5336 788 5403 oportet
830 5342 1013 5401 opera-
1046 5328 1347 5405 quiescere,
1396 5328 1575 5391 donec
1604 5335 1815 5391 octava.

214 5421 437 5477 tandem
466 5419 718 5476 veniente
747 5420 1131 5489 aetateyetiam‘
1144 5436 1370 5491 corpora
1398 5420 1516 5490 ipsa
1553 5433 1800 5477 resurre-
1826 5476 1833 5481 .

215 5514 397 5597 ctione
420 5513 747 5595 gloriﬁcata,
768 5528 911 5594 cum.
925 5512 1212 5589 animabus
1247 5513 1423 5570 simul
1440 5514 1800 5586 incorruptio-

214 5613 588 5683 nemmternaa
610 5605 955 5687 hereditatis.
972 5604 1258 5674 accipiant.
1288 5604 1445 5677 Unde
1464 5605 1695 5675 pulchre
1714 5621 1801 5661 se-
1828 5633 1841 5644 ι

211 5697 397 5769 ptime
413 5697 529 5779 dies
544 5697 611 5754 in
633 5696 832 5755 Genesi
856 5710 1140 5771 vesperam
1167 5695 1420 5767 habuisse
1444 5711 1549 5753 non
1577 5694 1798 5766 legitur,

216 5787 349 5871 qpia
398 5788 993 5877 requiesanimarum,
1042 5802 1161 5859 qua:
1191 5787 1247 5843 in
1288 5784 1379 5842 illo
1424 5786 1621 5843 szeculo
1654 5803 1815 5847 nunc.

206 5889 345 5969 μεθ..
372 5895 483 5943 non
538 5881 646 5961 ullo
688 5881 1058 5963 consumenda
1109 5895 1365 5949 mouere,
1408 5880 1502 5938 sed
1562 5879 1801 5955 pleniori
1834 5942 1837 5947 ,

1910 3384 2104 3437 tranda
2131 3397 2189 3437 se
2215 3368 2380 3453 opera
2407 3382 2689 3450 virtutum,
2736 3384 2934 3454 quibus
2971 3383 3221 3440 Christus
3256 3384 3495 3441 delecte-

1911 3479 2003 3526 tur
2033 3513 2047 3539 ,
2074 3480 2417 3527 convertunt.
2449 3466 2518 3528 Et
2547 3473 2773 3528 sabbato
2795 3473 3012 3545 quidem
3040 3474 3246 3544 paratis
3281 3488 3498 3530 amma-

1910 3565 2058 3621 tihus
2083 3565 2264 3632 silent,
2296 3558 2540 3622 venturae
2567 3575 2689 3637 post
2717 3567 3003 3624 sabbatum
3030 3582 3154 3623 cum
3181 3566 3497 3626 muneribus

1909 3659 1979 3714 ad
2006 3658 2316 3727 Dominum,
2357 3672 2481 3716 cum
2513 3660 2667 3715 ﬁnita
2693 3660 2978 3732 praesentis
3019 3660 3142 3715 vita:
3174 3674 3491 3732 paraseeve,

1907 3743 2066 3807 licata
2098 3751 2155 3807 in
2185 3751 2372 3823 requie
2401 3752 2703 3823 gaudentes
2730 3760 3070 3824 exspectant,
3100 3754 3316 3823 quando
3357 3761 3492 3808 tem-

1905 3836 2040 3914 pore
2064 3844 2484 3899 resurrectionis
2513 3852 2831 3916 apparente,
2862 3845 3238 3902 redolentibus
3274 3844 3494 3900 Christo
3562 3876 3567 3877 ί

1908 3932 2267 4006 spiritualium
2297 3936 2591 4003 actitmum,
2619 3938 2776 4008 quasi
2813 3937 3150 3994 aromatibus
3177 3944 3489 3993 occurrant.

1908 4027 2132 4084 Mariam
2156 4017 2464 4100 Magdalene
2486 4028 2709 4084 Mariam
2731 4030 2977 4102 plerique
3007 4039 3201 4102 putant
3224 4033 3495 4101 interpre-

1906 4114 2029 4176 tari.
2047 4121 2357 4177 lHuminant
2371 4139 2457 4177 me
2478 4120 2569 4178 isti
2584 4123 2669 4178 vel
2687 4122 3064 4179 illuminatrix.
3082 4124 3360 4195 Magdalus
3379 4129 3509 4181 tur-7

1906 4210 1984 4268 ris
1998 4215 2408 4284 interpretatur.
2430 4213 2714 4285 Signiﬁcat
2733 4216 2849 4272 haec
2862 4215 3028 4270 Maria
3041 4211 3287 4271 'sanctam
3300 4215 3491 4271 Eccle-

1906 4309 2040 4366 siam
2056 4328 2121 4367 ex
2140 4312 2390 4387 gentibus
2404 4319 2808 4385 congregatum.
2824 4309 3010 4365 Altera
3027 4309 3192 4364 Maria
3220 4309 3491 4382 signiﬁcat

1902 4399 2545 4472 primitivamEcclcsiam
2579 4417 2645 4456 ex
2676 4400 2872 4471 populo
2894 4399 3204 4455 Jud'morum
3235 4399 3484 4455 electam.

1974 4491 2339 4547 Convenerunt
2368 4493 2630 4566 principes
2666 4492 2997 4547 sacerdotum
3029 4502 3075 4547 et
3110 4489 3375 4547 Pharistri
3419 4492 3489 4546 ad

1908 4582 2164 4651 Pilatum,
2207 4585 2477 4641 dicentes:
2526 4583 2769 4652 Domine,
2818 4584 3077 4639 recordati
3108 4600 3309 4651 sumus,
3361 4585 3488 4655 quia

1900 4675 2146 4732 seductor
2166 4676 2254 4732 ille
2281 4677 2415 4731 dixit
2447 4675 2620 4732 adhuc
2655 4678 2852 4743 vivens,
2882 4684 2998 4747 post
3027 4686 3131 4730 tres
3177 4675 3288 4731 dies
3312 4692 3489 4731 resur-

1900 4786 2043 4840 gam,
2074 4768 2194 4837 iube
2241 4785 2362 4841 ergo
2392 4768 2648 4823 custodiri
2673 4767 2993 4839 sepulcrum,
3026 4776 3133 4827 etc.
3170 4765 3288 4822 Non
3327 4766 3489 4841 sull'e~

1900 4868 2053 4923 cerat
2073 4866 2410 4939 principibus
2432 4866 2776 4921 sacerdotum
2805 4871 2861 4920 et
2889 4864 3084 4919 scribis
3108 4880 3172 4920 ac
3196 4861 3486 4921 Pharisacis

1900 4957 2239 5023 cruciﬁxisse
2267 4958 2554 5013 Dominum
2606 4956 2969 5025 Salvatorem,
3016 4957 3124 5013 nisi
3175 4950 3485 5030 sepulcrum

1900 5048 2258 5119 custodirent,
2276 5051 2559 5119 cohortem
2579 5050 2910 5122 acciperent,
2934 5052 3215 5124 signarent
3228 5050 3482 5124 lapidem,
3584 5042 3589 5049 ’

1899 5151 1954 5199 et
1965 5152 2226 5215 quantum
2248 5135 2304 5199 in
2318 5140 2424 5199 illis
2445 5152 2552 5210 est,
2568 5160 2787 5199 manum
2803 5152 3142 5216 opponerent
3155 5142 3479 5215 resurgenti,

1898 5244 1960 5291 ut
1986 5236 2265 5308 diligentia
2293 5232 2483 5291 eorum
2512 5230 2715 5292 assa-as
2740 5227 2865 5292 ﬁdei
2912 5235 3217 5306 proliceret.
3260 5235 3477 5301 Quanto

1898 5326 2045 5403 enim
2071 5326 2303 5398 amplius
2342 5335 2790 5394 sematur,,tanto
2837 5328 3013 5398 magis
3053 5323 3472 5383 resurrectionis

1899 5418 2074 5473 virtus
2113 5417 2435 5473 ostenditur.
2488 5417 2651 5475 Unde
2665 5426 2729 5473 et
2760 5424 3113 5474 monumento
3138 5429 3301 5481 novo,
3333 5411 3482 5483 quod

1905 5509 2150 5567 excisum
2179 5507 2358 5579 finirat
2377 5510 2432 5569 in
2460 5518 2637 5583 petra,
2660 5509 2920 5569 conditus
2938 5514 3044 5573 est,
3074 5520 3151 5573 ne
3171 5506 3220 5562 si
3245 5520 3315 5562 ex
3340 5503 3484 5563 mulo

1903 5602 1976 5663 tis
1998 5601 2285 5674 lapidibus,
2312 5590 2643 5671 aediﬁcatum
2663 5613 2830 5670 esset,
2859 5599 3106 5659 antibasis
3131 5599 3333 5661 wmuli.
3357 5598 3511 5659 ΐιωοτ

1904 5695 2175 5765 damentis
2205 5694 2587 5759 ahlatusl'urto
2611 5696 2902 5753 diceretur.
2931 5691 3089 5761 Quod
3114 5701 3296 5751 autem
3314 5692 3379 5749 in'
3397 5705 3511 5751 se-~

1901 5787 2090 5857 pulcro
2135 5789 2417 5859 ponendus
2469 5796 2637 5853 esset,
2668 5786 2954 5857 Propheta
2991 5786 3377 5847 testimonium:
3398 5788 3507 5844 est:

1903 5879 2136 5939 dicentis
2180 5899 2192 5938 :
2241 5879 2346 5937 Hic
2374 5879 2630 5941 habitabit
2679 5883 2739 5938 in
2775 5886 2979 5943 excelsa
3023 5885 3284 5958 spelunca.
3323 5882 3514 5951 pm
