4030 6454
477 421 659 519 ei

1826 439 2182 508 SMARAGDI
2214 379 2508 508 ABBA'lzlS

2805 397 2999 430 ..μη

3716 465 3829 525 200

488 535 492 538 ’
554 537 856 628 fortissimis
882 536 1769 634 (Isaifx'xxtn),statimque-post
1793 564 1930 620 duos
1955 567 2107 621 versi

2237 578 2257 614 ι
2302 559 2607 616 humiliavit
2633 561 3004 634 semetipsum,
3036 549 3503 627 factus’obediens
3545 586 3726 646 usque
3756 582 3832 639 ad

554 651 705 707 culos
735 653 976 722 sequitur
1015 668 1031 704 :
1059 648 1253 721 Regem
1279 669 1398 707 cum
1424 652 1595 725 gloria
1622 655 1881 710 videbitis.
1913 655 2124 711 Paulis-

550 756 651 814 per
693 744 758 799 de
793 743 1254 800 ministratoribus
1293 747 1688 815 persecutionis
1725 747 1947 815 Christi,
1997 749 2128 818 quid

552 841 732 888 actum
762 834 852 899 sit,
874 833 1174 890 videamus.
1202 833 1416 893 Primus
1439 837 1701 903 Herodes,
1731 838 1832 893 sub
1850 853 1957 908 quo
1977 839 2125 908 passi

552 932 676 977 sunt
704 922 960 990 infantes,
1010 925 1155 980 hunc
1199 923 1364 980 linem
1408 927 1616 983 habuit.
1674 927 1848 983 Lento
1891 928 2000 999 igni
2029 944 2125 984 ex-

551 1013 816 1069 trinsecus
860 1014 1142 1082 urebatur,
1174 1016 1503 1074 intrinsecus
1532 1027 1712 1074 autem
1757 1029 1912 1076 vasto
1941 1021 2127 1078 incen-

548 1104 638 1160 dio
666 1107 1028 1174 cremebatur,
1059 1123 1219 1164 omne
1240 1124 1438 1180 corpus
1466 1111 1744 1181 putridum
1770 1114 2018 1184 gestabat
2044 1121 2128 1168 at-

547 1212 652 1266 quc
678 1207 1014 1270 corruptum,
1045 1202 1222 1257 inerat
1247 1201 1414 1259 febris
1446 1203 1703 1271 maxima,
1735 1206 1958 1277 prurigo
1986 1207 2122 1262 into-

547 1288 802 1358 lerabilis,
847 1291 973 1348 colli
1017 1292 1171 1349 dolor
1215 1295 1534 1362 immensus,
1579 1299 1778 1367 pedum
1820 1306 2003 1354 tumor
2029 1315 2128 1356 ex-

549 1391 754 1449 tensus,
795 1385 1030 1444 verenda
1076 1387 1326 1457 putrida,
1373 1387 1548 1444 inerat
1578 1389 1656 1444 illi
1694 1397 1752 1446 et
1776 1389 1983 1448 inﬂatio
2025 1407 2126 1463 pu-

547 1476 706 1541 trida,
738 1485 1024 1547 postquam
1048 1477 1166 1534 oleo
1187 1487 1272 1534 est
1302 1478 1449 1546 litus,
1475 1481 1639 1537 soluti
1667 1483 1948 1540 suutoculi
1983 1485 2120 1556 ejus,

543 1572 601 1620 et
626 1565 940 1635 desperatus
967 1582 1156 1623 omnes
1185 1569 1478 1638 primarios
1516 1580 1572 1626 et
1612 1573 1824 1630 nobiles
1854 1574 2029 1644 plebis
2055 1577 2126 1632 ad

543 1669 602 1710 se
626 1654 780 1723 jubet
809 1656 1012 1728 colligi,
1041 1665 1096 1712 et
1120 1658 1177 1712 in
1201 1657 1320 1715 loco
1346 1675 1454 1716 uno
1485 1661 1714 1728 recludi,
1743 1671 1797 1718 et
1825 1665 1903 1719 ait
1946 1666 2123 1722 sorori

541 1761 652 1801 suae
679 1761 694 1800 :
725 1747 860 1803 Novi
887 1746 1102 1804 Iudaeos
1131 1749 1197 1805 de
1234 1765 1354 1807 mea
1388 1759 1564 1807 morte
1594 1752 1898 1821 gavisuros,
1930 1756 2027 1812 sed
2064 1763 2125 1812 ut

539 1838 770 1893 habeam
817 1831 1062 1911 lugentes
1090 1856 1212 1897 cum
1242 1842 1494 1914 Spiritum
1540 1845 1888 1915 exhalavero,
1934 1864 2124 1906 omnes

2235 668 2256 704 ι
2300 661 2556 719 mortem,
2604 663 2836 710 mortem
2872 663 3055 712 autem
3083 660 3282 716 crucis.
3329 658 3561 734 Propter
3589 671 3738 738 quod
3771 682 3830 727 et

2232 759 2254 797 t
2299 742 2443 800 Deus
2468 744 2728 801 exaltavit
2751 745 2921 812 illum,
2948 757 3004 804 et
3025 749 3173 806 dedit
3203 752 3280 808 illi
3319 769 3518 811 nomen
3548 763 3698 829 quod
3741 776 3828 820 est

2233 849 2254 884 ι
2299 849 2465 904 super
2491 851 2652 892 omne
2666 851 2889 906 nomen,
2919 840 3057 895 utin
3091 844 3308 900 nomine
3326 844 3458 903 Jesu
3483 864 3649 908 omne
3680 871 3826 926 genu

2232 939 2254 974 ι
2295 921 2563 992 ﬂectatur,
2587 926 2913 996 cmlestinm,
2940 935 3279 990 terrestrium
3302 946 3358 993 et
3378 921 3739 1000 infernorum.
3759 947 3832 1003 Et

2232 1031 2253 1066 ‹
2297 1017 2476 1072 omnis
2525 1017 2709 1090 lingua
2759 1021 3102 1093 confiteatur,
3158 1029 3286 1098 quia
3339 1032 3603 1092 Dominus
3656 1036 3829 1096 Jesus

2236 1120 2256 1156 ι
2300 1103 2551 1162 Christus
2582 1109 2638 1163 in
2670 1110 2841 1182 gloria
2868 1122 2953 1168 est
2983 1114 3079 1172 Dei
3109 1116 3312 1176 Patris.
3351 1141 3370 1176 ι

2297 1194 2414 1251 Hoc
2449 1199 2588 1254 enim
2614 1203 2797 1258 sentite
2825 1204 2881 1258 in
2904 1205 3062 1272 vobis,
3095 1210 3236 1279 quod
3263 1219 3314 1266 et
3348 1212 3405 1269 in
3431 1211 3640 1273 Christo
3663 1219 3822 1277 Iesu.

2225 1286 2340 1344 Hoc
2362 1289 2478 1347 loco
2505 1292 2796 1364 Apostolus
2823 1298 3184 1360 humilitatem
3215 1313 3401 1365 tenere
3427 1327 3527 1368 nos
3555 1314 3736 1384 docet,
3761 1327 3822 1375 et

2225 1381 2534 1451 exemplum
2554 1384 2768 1442 Domini
2782 1390 2953 1445 nostri
2967 1390 3094 1447 Jesu
3111 1393 3316 1453 Christi
3327 1414 3554 1469 ponens,
3577 1408 3670 1476 qui
3689 1381 3822 1467 cum

2227 1467 2299 1523 sit
2331 1469 2386 1524 in
2412 1487 2520 1526 una
2548 1475 2847 1549 eademque
2879 1483 3186 1542 substantia
3233 1467 3476 1561 deitatis,
3506 1467 3647 1555 unus
3688 1517 3820 1558 cum

2225 1559 2410 1630 Patre,
2434 1569 2694 1635 potentia:
2709 1586 2821 1627 sua:
2841 1572 3176 1646 fortitudine,
3201 1589 3258 1636 et
3279 1559 3569 1656 majestate
3589 1591 3820 1650 abscon-

2226 1651 2361 1722 dita,
2397 1655 2628 1714 formam
2658 1663 2824 1732 servi,
2869 1664 2924 1720 id
2949 1676 3051 1735 est,
3080 1675 3344 1745 assumpti
3383 1676 3622 1739 hominis
3649 1699 3816 1743 acce-

2221 1747 2324 1818 pit.
2365 1749 2424 1807 Si
2452 1755 2598 1809 enim
2630 1755 2719 1811 ille
2747 1758 3009 1818 Dominus
3036 1773 3092 1820 et
3117 1764 3393 1839 Magister,
3419 1777 3596 1832 servis
3622 1788 3679 1834 et
3703 1782 3818 1837 dis-

2223 1839 2421 1911 cipulis
2469 1846 2823 1917 ministravit,
2851 1861 3056 1923 quanto
3097 1859 3270 1931 magis
3301 1876 3404 1918 nos
3429 1867 3728 1938 aequalibus
3758 1881 3818 1929 et

539 1929 806 1987 interﬁce.
831 1932 998 2003 Igitur
1027 1949 1123 1990 sex
1155 1934 1280 1992 filiis
1310 1938 1422 1992 suis
1448 1954 1478 1992 a
1506 1954 1567 1994 se
1592 1941 1821 2008 necatis,
1845 1942 2122 1999 cultellum
2149 1948 2197 2010 B
2224 1933 2524 2005 maioribus
2551 1941 2757 1997 serVil‘e
2783 1943 3061 2003 debemus.

536 2023 716 2092 petiit,
746 2032 806 2079 ut
831 2039 1071 2095 pomum,
1101 2042 1251 2082 more
1274 2029 1450 2096 solito,
1479 2041 1762 2102 purgaret,
1803 2041 1858 2089 et
1885 2035 2118 2092 elevavit

536 2113 593 2166 in
627 2114 806 2183 seipso
825 2116 1072 2173 dextram
1108 2133 1280 2185 suam,
1311 2128 1366 2175 et
1391 2122 1466 2176 ita
1497 2122 1650 2178 obiit.
1683 2123 1814 2180 Post
1851 2125 1998 2182 hunc
2046 2125 2114 2180 ti-

535 2201 640 2257 lins
675 2203 790 2272 ejus
821 2204 1082 2273 Herodes,
1111 2211 1209 2264 sub
1235 2225 1342 2279 quo
1363 2227 1558 2282 passus
1585 2222 1671 2270 est
1709 2216 1970 2272 Dominus
1989 2257 2006 2284 ,
2049 2234 2114 2274 eo

539 2297 685 2365 quod
721 2313 830 2354 non
860 2299 1098 2357 dedisset
1140 2303 1363 2374 gloriam
1408 2307 1540 2373 Deo,
1581 2310 1762 2366 subito
1807 2309 1876 2365 ab
1923 2313 2116 2383 angelo

533 2385 749 2443 Domini
793 2404 1086 2459 percussus
1128 2403 1233 2462 est,
1264 2405 1318 2452 et
1353 2398 1658 2456 incredibili
1705 2404 1912 2459 ventris
1959 2404 2115 2461 infla-

530 2477 678 2535 tione
698 2481 984 2549 distentus,
1016 2486 1288 2543 continuis
1317 2491 1556 2561 quinque
1583 2493 1797 2560 diebus,
1844 2496 2114 2566 quinqua-

529 2569 740 2641 gesimo
768 2582 964 2642 quarto
996 2579 1174 2633 aetatis
1203 2594 1312 2635 suae
1337 2597 1503 2649 anno,
1535 2587 1687 2656 regni
1714 2602 1847 2642 vero
1881 2589 2113 2658 septimo

529 2663 687 2718 obiit.
723 2665 930 2722 Pilatus
976 2682 1108 2724 vero
1152 2671 1230 2726 ita
1261 2672 1524 2730 malorum
1565 2677 1811 2734 cladibus
1836 2681 2112 2738 cruciatus

526 2764 631 2822 est,
681 2764 742 2812 ut
775 2759 994 2829 propria
1031 2776 1092 2816 se
1139 2777 1303 2818 manu
1351 2769 1840 2826 transverberaret.
1895 2771 2110 2840 Quanta

523 2860 656 2901 vero
676 2850 1008 2905 accesserint
1029 2849 1230 2908 Iudaeis
1247 2868 1346 2924 per
1361 2859 1721 2931 quadraginta
1742 2876 1916 2919 annos
1937 2880 2110 2936 usque

524 2937 595 2993 ad
617 2939 908 2995 vindictam
932 2944 1112 2999 crucis
1129 2959 1450 3004 enumerare
1471 2950 1790 3022 perlongum
1819 2962 1925 3011 est.
1952 2955 2108 3024 Quod

523 3045 555 3084 a
589 3030 762 3086 Pilato
789 3031 1022 3090 Caesaris
1066 3034 1246 3108 imago
1272 3046 1430 3094 nocte
1455 3040 1513 3095 in
1560 3044 1762 3113 templo
1791 3046 1970 3116 posita
1998 3057 2103 3116 est,

522 3135 644 3190 qua:
693 3121 915 3178 Pascha:
961 3125 1308 3185 solemnitate
1351 3134 1759 3201 perturbatione
1805 3137 1974 3207 facta,
2013 3142 2109 3197 tri-

521 3213 670 3284 ginta
706 3214 873 3272 millia
902 3233 969 3273 ex
1008 3219 1089 3275 eis
1110 3235 1253 3277 caesa
1282 3234 1446 3279 sunt:
1481 3229 1624 3296 quod
1651 3229 1896 3288 irruente
1932 3232 2096 3302 fame,

2291 2024 2395 2093 Qui
2412 2045 2530 2083 cum
2545 2031 2602 2085 in
2615 2030 2786 2101 forma
2798 2033 2897 2089 Dei
2912 2037 3339 2113 esset.(Ex.Joan.
3357 2043 3578 2122 Chrys.)
3590 2047 3697 2106 Per
3706 2053 3817 2110 hoc

2216 2119 2364 2174 enim
2399 2120 2541 2190 quod
2570 2123 2744 2180 dixit:
2778 2125 2883 2192 Qui
2910 2144 3030 2183 cum
3058 2131 3114 2185 in
3143 2131 3316 2202 forma
3343 2135 3443 2192 Dei
3465 2119 3618 2208 esset,
3645 2146 3806 2202 verbi

2216 2210 2580 2268 substantiam
2627 2214 2683 2269 in
2729 2223 2926 2273 natura
2962 2218 3059 2275 Dei
3093 2235 3216 2279 esse
3264 2229 3522 2297 ostendit,
3565 2246 3666 2302 per
3703 2235 3817 2291 hoc

2217 2308 2424 2369 autem,
2466 2303 2612 2373 quod
2659 2305 2833 2362 dixit:
2867 2306 3124 2366 Formam
3165 2317 3300 2369 servi
3344 2320 3556 2389 accepit,
3604 2331 3811 2379 natura

2213 2391 2448 2450 hominis
2475 2403 2532 2451 et
2561 2411 2669 2452 non
2695 2398 3012 2456 substantiae
3035 2417 3168 2470 suae,
3198 2404 3328 2461 sive
3355 2422 3604 2479 persona:
3630 2428 3807 2471 unum

2213 2498 2338 2540 esse
2362 2486 2591 2543 verbum
2620 2488 2965 2560 significavit.
2995 2491 3107 2549 Nec
3134 2495 3280 2551 enim
3314 2498 3470 2569 dixit,
3495 2503 3641 2573 quod
3675 2519 3803 2562 eum

2212 2574 2307 2645 qui
2357 2576 2412 2631 in
2446 2575 2619 2633 forma
2649 2581 2792 2636 servi
2839 2591 2977 2649 erat,
3015 2586 3245 2658 accepit,
3293 2603 3363 2645 ne
3401 2593 3806 2666 anteplasmato

2211 2660 2420 2720 homini
2449 2667 2670 2722 unicum
2698 2683 2819 2726 esse
2853 2671 3025 2728 Deum
3055 2675 3294 2734 Verbum
3326 2660 3661 2739 ostenderet.

2283 2753 2410 2810 Non
2449 2757 2692 2828 rapinam
2727 2761 3013 2819 arbitratus
3051 2773 3266 2824 estesse
3287 2787 3344 2825 se
3377 2773 3638 2843 aqualem
3663 2773 3799 2833 Dea.

2211 2843 2314 2916 (Ex
2343 2844 2597 2920 August.)
2625 2847 2744 2906 Non
2771 2853 2960 2925 rapina
2985 2860 3264 2930 usurpavit
3288 2863 3436 2934 quod
3476 2867 3805 2925 naturaliter

2206 2936 2543 3007 possidebat.

2277 3025 2414 3084 Cum
2437 3028 2601 3100 igitur
2620 3032 2910 3105 Apostolus
2937 3039 3004 3094 de
3031 3035 3312 3115 unigenito
3330 3044 3427 3105 Dei
3453 3047 3595 3107 Filio
3618 3050 3800 3126 loque-

2205 3127 2383 3187 retur,
2414 3129 2677 3191 quantum
2695 3126 2934 3194 pertinet
2962 3130 3031 3186 ad
3052 3131 3389 3193 divinitatem
3429 3136 3568 3208 ejus,
3601 3157 3798 3200 secun-

2205 3210 2335 3266 dum
2369 3211 2423 3268 id
2451 3215 2597 3284 quod
2621 3218 2904 3276 verissime
2930 3221 3072 3280 Deus
3091 3233 3193 3292 est,
3218 3229 3482 3300 aqualem
3517 3250 3646 3291 eum
3671 3251 3796 3294 esse
3848 3284 3861 3296 .

520 3305 717 3362 mulier
741 3309 962 3365 unicum
988 3311 1160 3368 filium
1187 3330 1344 3371 suum
1371 3320 1686 3376 comederit.
1728 3322 1895 3382 Multa
1916 3335 1971 3382 et
1992 3298 2098 3384 alia
2127 3298 2172 3363 Ο
2201 3299 2531 3396 di‘“_Pa_‘_ri’
2558 3307 2704 3374 quod
2731 3323 2840 3378 non
2871 3310 2922 3366 ei
2948 3310 3051 3368 fuit
3075 3298 3336 3388 umquam
3359 3322 3574 3393 rapina’
3603 3325 3661 3382 id
3685 3336 3790 3396 es“

519 3396 673 3470 signa
717 3399 1233 3462 demonstrabantur
1284 3422 1446 3480 super
1495 3425 1608 3468 eos.
1664 3411 1803 3469 Nam
1855 3415 2096 3488 fulgebat

517 3489 672 3544 stella
697 3490 876 3562 gladio
905 3494 1101 3553 similis
1126 3513 1225 3568 per
1245 3507 1413 3555 totum
1443 3516 1644 3558 annum
1659 3519 1822 3576 super
1843 3506 2100 3566 Hierusa-

516 3577 644 3634 lem.
679 3580 924 3648 Quadam
950 3586 1040 3642 die
1064 3589 1232 3644 vitula
1259 3592 1546 3648 sacrificiis
1573 3597 1790 3652 admota
1816 3600 1978 3655 enixa
2013 3611 2100 3659 est

516 3688 731 3744 agnam.
763 3675 1008 3743 Quadam
1036 3693 1194 3737 nocte
1214 3679 1383 3750 jantza
1411 3689 1708 3745 sanctuarii
1735 3691 1874 3748 seris
1901 3693 2098 3752 ferreis

513 3764 740 3830 munita,
789 3782 910 3836 qua:
954 3769 1046 3823 vix
1093 3771 1282 3842 viginti
1324 3775 1461 3832 viris
1483 3777 1859 3851 claudebatur,
1905 3794 2095 3856 sponte

513 3862 701 3921 aperta
737 3864 841 3910 est.
874 3857 1118 3925 Quadam
1151 3863 1239 3919 die
1267 3866 1370 3922 visi
1421 3877 1546 3924 sunt
1575 3885 1770 3929 currus
1799 3884 1854 3930 et
1883 3878 2093 3946 equites

510 3959 608 4013 per
648 3961 830 4003 aerem
876 3949 1027 4006 ferri.
1063 3952 1307 4021 Quadam
1341 3958 1430 4015 die
1458 3961 1814 4023 Pentecostes
1839 3969 2093 4026 sacerdo-

508 4043 591 4092 tes
618 4040 909 4098 audiebant
931 4053 1109 4101 motus
1133 4047 1190 4102 in
1213 4051 1434 4121 templo,
1463 4063 1519 4109 et
1559 4070 1724 4113 voces
1751 4058 2047 4118 dicentium
2072 4081 2086 4118 :

507 4127 980 4205 Transmigremus
1004 4153 1072 4194 ex
1106 4139 1195 4196 his
1221 4143 1459 4200 sedibus.
1499 4146 1744 4214 Quadam
1773 4151 2088 4213 festivitatis

504 4220 610 4288 die,
643 4225 863 4294 quidam
908 4228 1134 4285 Ananiae
1163 4230 1307 4289 filius
1332 4244 1514 4292 mente
1541 4249 1843 4298 commotus
1885 4243 2088 4301 clama-

501 4309 597 4365 bat
628 4330 640 4366 :
682 4314 799 4369 Vox
833 4317 902 4371 ab
939 4320 1170 4387 oriente,
1201 4339 1308 4380 vox
1336 4325 1402 4381 ab
1435 4327 1739 4396 occidente,
1767 4347 1871 4388 vox
1896 4351 1927 4390 a
1950 4352 2086 4407 qua-

503 4407 624 4456 tuor
649 4405 844 4461 ventis.
878 4405 979 4472 Qui
1027 4412 1343 4470 verberatus
1376 4417 1547 4489 magis
1588 4435 1653 4474 ac
1684 4423 1858 4494 magis
1881 4405 2084 4483 clama-

2200 3392 2356 3462 quasi
2397 3393 2635 3451 alienum
2687 3407 2962 3472 appetere,
2995 3403 3093 3461 sed
3133 3409 3290 3480 quasi
3332 3392 3617 3485 proprium
3658 3392 3791 3490 pos;

2199 3482 2402 3541 sidere.

2269 3576 2378 3634 Sed
2405 3581 2737 3654 semetipsum
2759 3587 3066 3646 exinanivit.
3092 3591 3202 3666 (Ea:
3233 3594 3448 3672 Chrys.)
3473 3599 3791 3662 Exinanitio

2197 3679 2380 3727 autem
2402 3683 2504 3744 est,
2537 3677 2650 3734 Deo
2672 3681 2838 3737 verbo
2872 3698 3081 3754 eorum,
3105 3703 3226 3759 quae
3251 3690 3488 3749 humana
3515 3708 3664 3765 sunt,
3691 3709 3790 3756 aut

2193 3771 2419 3834 propter
2437 3766 2702 3824 unitatem
2729 3771 2796 3827 ad
2821 3787 3063 3843 carnem,
3094 3793 3213 3848 quae
3246 3780 3612 3852 dispensative
3635 3787 3788 3846 facta

2193 3863 2296 3909 est.
2325 3854 2434 3926 (Ex
2466 3856 2638 3930 Aug.)
2665 3860 2993 3932 Exinanivit,
3053 3882 3163 3922 non
3197 3868 3430 3928 formam
3477 3891 3633 3931 suam
3661 3893 3789 3934 mu-

2195 3953 2334 4014 tans,
2363 3949 2458 4004 sed
2506 3949 2736 4010 formam
2767 3959 2911 4013 servi
2935 3961 3229 4032 accipiens,
3272 3981 3450 4036 neque
3478 3985 3784 4029 conversus

2191 4044 2286 4091 aut
2319 4047 2707 4100 transmutatus
2758 4046 2813 4101 in
2847 4048 3144 4120 hominem,
3191 4057 3392 4114 amissa
3420 4059 3784 4120 incommuta-

2187 4125 2286 4182 bili
2314 4130 2626 4202 stabilitate,
2651 4135 2744 4192 sed
2769 4144 3028 4210 tanquam
3061 4158 3251 4200 verum
3297 4148 3575 4206 hominem
3603 4156 3782 4210 susci-

2185 4221 2407 4293 piendo,
2450 4225 2567 4296 ipse
2607 4239 2908 4306 susceptor.
2975 4233 3036 4290 In
3081 4237 3434 4301 similitudine
3488 4243 3782 4303 hominum

2185 4311 2380 4380 factus,
2408 4329 2522 4406 non,
2542 4317 2665 4385 sibi,
2701 4321 2796 4376 sed
2828 4323 2927 4389 eis,
2952 4324 3149 4394 quibus
3175 4329 3230 4384 in
3257 4330 3477 4389 homine
3497 4339 3770 4406 apparuit.

2185 4399 2282 4455 Dei
2308 4402 2477 4459 Filius
2507 4405 2619 4462 Deo
2666 4407 2814 4464 Patri
2842 4420 3035 4470 natura
3065 4418 3306 4487 aequalis,
3338 4399 3547 4479 habitu-
3563 4399 3769 4496 minor,

502 4489 612 4545 bat.
640 4492 699 4547 ln
726 4493 1008 4553 obsidione
1033 4507 1214 4556 autem
1238 4503 1608 4564 Romanorum
1630 4489 1800 4569 occisi
1822 4518 2079 4575 undecies
2183 4491 2240 4595 in
2263 4491 2442 4616 forma
2471 4498 2615 4616 enim
2646 4501 2788 4616 εθξνξ
2810 4517 2973 4606 (ἰξιπη
3002 4509 3231 4579 accepit.
3263 4511 3441 4616 ιιξίηοτ
3480 4522 3564 4571 est
3581 4514 3766 4584 Patre,

502 4591 726 4616 naninnn
775 4586 938 4616 m:|l:n
987 4588 1298 4616 gnra-n.4,---
1379 4595 1445 4616 Δ)
1514 4599 1546 4616 ν
1585 4609 1595 4616 .
1668 4603 1682 4616 1
1795 4605 1809 4616 ι
2185 4598 2239 4616 In
2282 4599 2430 4616 nun-mn
2470 4603 2536 4616 ιι.-
2566 4605 2646 4616 Α...
2744 4608 2786 4616 ι.-
2849 4611 2898 4616 η.
2944 4611 3036 4616 .____
3107 4614 3134 4616 μ
3169 4608 3209 4616 ι-
3280 4611 3292 4616 -
3550 4615 3555 4616 ,

501 4591 730 4638 centena
773 4586 941 4641 millia
987 4588 1318 4649 referuntur.
1365 4595 1449 4651 Ad
1497 4599 1904 4661 distrahendum
1947 4624 2078 4665 vero
2183 4583 2240 4637 in
2261 4583 2432 4640 forma
2469 4596 2650 4644 autem
2691 4591 2810 4658 Dei!
2847 4593 2903 4649 i"
2938 4611 3044 4666 qua
3095 4608 3216 4655 ⁸³⁸³⁸
3243 4603 3430 4671 etiam,
3467 4615 3769 4680 εηιθίιιιειιιι

501 4672 682 4718 traditi
713 4685 925 4718 nnntnm
964 4666 1130 4718 millia
1161 4683 1416 4718 mmini..-
1445 4707 1457 4718 .
1497 4702 1699 4718 Mm...“
1733 4695 1899 4718 :_:.___
1931 4697 2027 4718 ιω.
2101 4657 2155 4718 Ι)
2180 4672 2319 4718 hann
2344 4679 2639 4718 air-nimicum
2695 4683 2918 4718 ωηινιιεο
2953 4696 3034 4718 ρο.
3062 4688 3208 4718 n-.-:
3264 4693 3402 4718 υ---
3435 4698 3549 4718 ___g_
3591 4699 3636 4718 ρ-

500 4672 683 4728 traditi
713 4685 927 4732 centum
964 4680 1133 4736 millia
1161 4683 1416 4741 dicuntur
1445 4707 1457 4742 :
1497 4702 1702 4748 rectum
1733 4695 1901 4767 igitur
1929 4697 2072 4768 fuit;
2101 4672 2155 4718 ὐ
2177 4672 2920 4788 ﬁfﬁ'cjf‘jf?fssf‘»?q“alis
2953 4696 3038 4788 Ῡδί
3061 4688 3231 4788 am“
3261 4693 3406 4788 Ετεξ)
3430 4698 3557 4769 quia
3588 4699 3768 4759 roma

497 4769 557 4814 ut
576 4764 666 4831 qui
694 4774 902 4834 patrem
932 4777 988 4824 et
1013 4769 1181 4826 tilium
1202 4773 1575 4846 despexeram,
1607 4799 1638 4837 a
1668 4761 1780 4841 filio
1801 4795 1856 4842 et
1893 4761 2071 4858 patre,
2176 4761 2274 4818 Dei
2313 4767 2526 4896 ἶθθθνίί
2561 4768 2802 4896 ἑοέωθξη
2831 4776 2994 4843 “ervi,
3040 4785 3332 4896 :‘mmque
3356 4785 3522 4856 Deus,
3553 4798 3766 4848 utrum-

500 4853 550 4896 iil
579 4864 661 4896 net
711 4856 831 4896 'l‘iln
859 4867 911 4896 at
944 4859 1278 4896 νοεηαρςηηη
1304 4868 1650 4896 A..i..........-__
1688 4884 1730 4896 -.
1776 4879 1857 4896 ,ηρ
1893 4880 1904 4892 -
2174 4867 2279 4896 nire
2361 4870 2486 4896 nmn
2561 4876 2632 4896 ,ιι
2715 4879 2746 4896 11
2777 4879 3003 4896 nam"...
3087 4885 3180 4896 Α..-
3240 4885 3458 4896 .____.-_
3501 4895 3506 4896 ,
3592 4882 3604 4894 .
3648 4883 3660 4896 .

497 4853 550 4908 id
579 4864 682 4920 est,
711 4856 831 4912 Tito
859 4867 915 4913 et
944 4859 1278 4932 Vespasiano
1303 4868 1650 4929 delerentur:
1680 4884 1735 4930 et
1767 4879 1858 4947 qui
1889 4853 1945 4934 in
1989 4853 2077 4937 so;
2174 4867 2280 4954 9""
2309 4855 2506 4954 Pomm
2560 4857 2668 4916 Sed
2715 4870 3003 4937 utrumque
3041 4869 3204 4938 Deus'
3239 4885 3461 4947 propter
3489 4853 3766 4954 ἓίθθίῐδίθη·

494 4945 773 5002 lemnitate
800 4950 1020 5008 Paschie
1045 4955 1329 5014 Dominum
1361 4944 1851 5036 crucifixerunt,in
1879 4973 2070 5028 eadem
2173 4950 2283 5072 tam
2307 4944 2501 5049 Peum’
2526 4959 2816 5072 :‘mm‘l‘le
2832 4961 3214 5072 futeﬂhomoi
3241 4976 3463 5072 Ρΐίξριθιξ
3474 4984 3759 5072 acceptum

494 5037 833 5072 cnlnrnnilnin
860 5044 925 5072 ..ιι
957 5045 1199 5072 ῑιληιιι..-
1233 5051 1465 5072 --.η----ο
1593 5055 1604 5068 ο
1715 5067 1726 5072 -
2191 5053 2207 5072 ι
2249 5052 2446 5072 πηιηοηι
2576 5060 2711 5072 ιω..-
2777 5063 2914 5072 -_-_.
2976 5069 2987 5072 _
3042 5069 3056 5072 -
3135 5071 3142 5072 ,

492 5037 833 5096 solemnitate
859 5044 926 5098 ab
957 5045 1202 5103 hostibus
1228 5051 1468 5108 conclusi
1491 5035 1760 5126 perirent.
2173 5035 2467 5143 δοωίηθφο
2526 5042 2713 5116 Neque
2775 5050 2919 5106 enim
2975 5053 3067 5110 ma
3126 5055 3467 5152 ευεοθριίοηέ
3519 5065 3756 5125 alterum

901 5179 1211 5209 nnunrnu
1262 5185 1333 5209 ην
1367 5187 1614 5209 mw...
2170 5141 2359 5184 θοτυω
2409 5148 2465 5186 ³η
2511 5133 2742 5192 anew"!
2784 5155 3104 5200 conversum
3150 5156 3314 5209 atque
3341 5160 3610 5209 mutatum
3648 5167 3754 5209 est-

2409 5148 2465 5186 in
2511 5148 2742 5192 alterum
2784 5155 3104 5200 conversum
3150 5156 3314 5208 atque
3341 5150 3551 5208 mutatu

2170 5158 2359 5184 cuium
2409 5158 2465 5186 ιιι
2511 5158 2742 5192 ιιιιειιιιιι
2784 5158 3104 5200 conversum
3150 5158 3314 5219 atque
3341 5160 3610 5210 mutatum
3648 5167 3754 5227 est,

899 5179 1225 5240 DOMINICA
1261 5185 1333 5244 IN
1367 5187 1638 5248 PALMIS.
2170 5235 2271 5248 ..μ
2327 5223 2576 5248 .i:-.:_=.--
2628 5231 2810 5248 --μ-ιγ
2873 5234 2885 5247 .
3113 5247 3118 5248 ,

2169 5235 2272 5276 nec
2323 5223 2579 5283 divinitas
2621 5231 2822 5302 quippe
2869 5234 2925 5289 in
2977 5247 3284 5297 creaturam
3318 5252 3526 5302 mutata
3561 5257 3664 5315 est,
3695 5223 3757 5310 ut

559 5301 812 5345 EPISTOLA
847 5306 1006 5348 BEATI
1044 5311 1200 5352 PAULI
1239 5314 1494 5358 arosrou
1530 5320 1598 5358 AD
1636 5321 2027 5382 PHILIPPENSES,
2166 5311 2454 5372 desisteret
2497 5333 2621 5376 esse
2670 5323 2944 5394 divinitas,
2993 5345 3096 5387 nec
3121 5343 3372 5393 creatura
3395 5338 3452 5394 in
3479 5340 3754 5398 divinita-

1137 5403 1146 5412 ε
1168 5384 1287 5424 CAP.
1326 5387 1386 5425 Π.

2166 5411 2296 5470 tem,
2320 5414 2381 5460 ut
2407 5408 2695 5467 desisteret
2711 5428 2836 5472 esse
2863 5429 3134 5479 creatura.

560 5486 583 5593 ξ
624 5471 738 5530 Hoc
779 5477 923 5532 enim
961 5482 1158 5538 sentite
1203 5483 1259 5537 in
1284 5485 1459 5553 vobis,
1500 5489 1646 5558 quod
1679 5499 1735 5547 et
1759 5493 1816 5549 in
1842 5495 2062 5554 Christo
2233 5500 2306 5557 Et
2348 5505 2530 5564 habitu
2571 5471 3342 5586 inventusut‘lioii—i-ojvl‘lomen
3370 5531 3588 5590 habitus
3611 5534 3750 5593 dici«

489 5577 512 5613 ‹
553 5559 698 5619 Jesu.
731 5568 831 5635 Qui
861 5585 984 5626 cum
1026 5572 1282 5628 informa
1328 5575 1425 5630 Dei
1473 5589 1636 5649 esset,
1677 5599 1784 5639 non
1812 5587 2060 5658 rapinam

2161 5601 2274 5697 tur,
2305 5597 2507 5697 abillo
2531 5604 2717 5675 verbo,
2750 5612 2895 5680 quod
2937 5623 3022 5672 est
3045 5617 3266 5676 habere.
3313 5621 3458 5697 Ergo
3483 5624 3540 5681 in
3565 5624 3658 5683 illa
3682 5642 3747 5683 re

1875 5655 1894 5658 _
2257 5655 2270 5662 ,
2547 5655 2552 5656 ν
2574 5655 2717 5675 --ηνν
2791 5655 2895 5668 uvu
2937 5655 3022 5672 νῦν
3045 5655 3266 5676 ιιαιιυιῦο
3313 5655 3379 5678 ul
3425 5655 3458 5681 U
3483 5655 3540 5681 III
3565 5655 3658 5683 ιιιι
3685 5655 3745 5683 l1:

490 5667 512 5702 ‹
554 5655 850 5715 arbitratus
861 5669 945 5715 est
955 5677 1074 5716 esse
1097 5676 1156 5717 se
1176 5665 1439 5736 aequalem
1454 5667 1588 5737 Deo,
1605 5673 1697 5728 sed
1712 5677 2059 5748 semetipsum
2159 5686 2360 5745 dicitur
2384 5691 2620 5764 habitus,
2645 5655 2950 5770 (Ιυῖε-ιηοωε
2973 5715 3034 5763 ω
3056 5707 3325 5769 habeatur
3349 5655 3569 5772 “gemu-
3603 5717 3745 5774 MM-

490 5755 513 5774 Ω
547 5745 840 5774 Δνῖηιιιηῖ-οὲο
888 5749 1113 5774 ⁸η-“Α“
1148 5755 1285 5774 ______!
1340 5772 1353 5774 _
1381 5773 1388 5774 ι
1411 5758 1446 5774 ,ο
1491 5758 1527 5774 0,
1663 5763 1675 5774 ι
1775 5766 1787 5774 .
1852 5767 1904 5774 .--
1990 5773 2019 5774 ιι

1903 5745 1918 5748 “
2385 5745 2620 5764 """"—"’
2647 5745 2764 5770 ἰ’-ὐ
2793 5745 2950 5764 Inv-Iul
2976 5745 3034 5763 ut
3056 5745 3321 5769 ιιιυῦσιιιῐ
3349 5745 3569 5772 auctu“.
3603 5745 3745 5774 ωυι-

487 5755 513 5795 σ
546 5745 864 5814 exinanivit.
888 5749 1117 5806 formam
1144 5755 1286 5809 servi
1333 5758 1627 5830 accipiens.
1662 5763 1715 5817 in
1745 5766 2055 5827 similitudi-
2157 5779 2227 5835 tis
2255 5782 2402 5837 enim
2436 5787 2612 5844 modis
2639 5789 2882 5851 habitum
2929 5797 3180 5869 dicimus,
3220 5803 3308 5860 vel
3351 5807 3534 5873 animi,
3575 5809 3746 5866 sicuti

487 5849 512 5873 ι
544 5851 667 5873 nam
692 5841 967 5873 ιιηηλῖιιιιω
993 5842 1163 5873 fano..-
1221 5860 1269 5873 Δ.
1302 5849 1486 5873 ι.-1-ε.--
1518 5853 1631 5873 !___-
1683 5866 1695 5873 .
1833 5871 1841 5873 Α
1868 5863 1882 5873 ο

479 5849 512 5900 ,ο
544 5851 670 5894 nem
692 5841 968 5896 hominum
993 5842 1186 5916 factus,
1216 5860 1271 5905 et
1302 5849 1486 5908 habitu
1518 5853 1767 5916 inventus
1789 5871 1846 5917 ut
1868 5863 2051 5940 homo,

2155 5879 2258 5940 est,
2290 5873 2586 5947 disciplinae
2627 5887 2902 5956 perceptio
2925 5903 3024 5946 usu
3053 5892 3327 5967 roborata,
3360 5897 3448 5954 vel
3479 5900 3732 5972 corporis
