4030 6496
221 459 318 518 201

1009 455 1525 517 COLLECTIONES
1559 457 1628 515 IN
1665 457 2042 517 EPISTOLAS
2080 455 2171 514 ET
2207 453 2622 513 EVANGELIA.

3366 456 3475 514 20!

221 576 357 634 sicut
386 579 470 628 est
494 569 631 627 alius
671 569 778 626 alio
825 571 1190 630 succulentior
1216 593 1230 630 :
1259 575 1346 632 vcl
1386 575 1646 631 membris
1700 592 1791 632 ac-
1815 579 1870 641 Α
1894 585 1952 632 ιιι
1972 576 2024 630 in
2053 574 2240 645 ipsius,
2272 590 2306 630 ο
2334 574 2516 640 homo,
2545 573 2890 644 susceptione
2921 569 3102 628 carnis
3123 571 3475 642 promeruisti

219 663 602 730 commodatur,
626 671 685 717 ut
699 663 946 730 dicimus,
970 667 1246 733 vestitum,
1272 667 1579 734 calciatum,
1605 683 1786 722 arma-

219 771 344 826 tum,
387 766 440 814 et
464 757 513 813 si
565 758 695 827 quid
732 755 894 827 hujus
929 759 1074 814 modi
1119 768 1223 816 est.
1263 759 1648 817 Verumtamen
1687 759 1790 816 hoc

216 857 451 918 interest,
490 852 634 923 quod
675 853 921 923 quaedam
953 868 1144 916 eorum
1181 869 1302 924 quae
1332 855 1584 910 accidunt
1609 853 1786 920 nobis,

215 956 270 1003 ut
305 943 548 1001 habitum
583 941 808 1010 faciant,
840 958 949 1000 non
980 953 1261 1000 mutantur
1288 960 1319 999 a
1341 946 1520 1011 nobis,
1547 945 1642 1001 sed
1671 944 1789 1014 ipsa

212 1053 305 1095 nos
331 1042 548 1091 mutant
566 1035 622 1091 in
650 1036 956 1106 semetipsa,
998 1037 1159 1094 sicuti
1197 1038 1465 1109 sapientia
1491 1054 1614 1094 cum
1647 1037 1790 1095 acci-

212 1131 283 1188 dit
306 1128 537 1193 homini,
569 1145 678 1186 non
707 1129 822 1202 ipsa
848 1139 1111 1199 mutatur,
1159 1133 1254 1188 sed
1290 1133 1566 1190 hominem
1592 1141 1786 1200 mutat,

209 1237 361 1294 quem
387 1220 456 1276 de
490 1221 655 1278 stulto
698 1223 1000 1294 sapientem
1029 1223 1180 1280 facit.
1235 1224 1494 1294 Quaedam
1526 1241 1658 1282 vero
1709 1226 1790 1282 sic

207 1315 471 1381 accidunt,
507 1323 568 1370 ut
599 1323 654 1370 ct
691 1324 902 1373 mutent
943 1327 1002 1374 et
1040 1327 1338 1386 mutentur,
1370 1321 1528 1376 sicuti
1559 1322 1712 1377 cibus
1734 1328 1790 1378 et

205 1408 310 1480 ipse
335 1406 599 1464 amittens
624 1408 860 1480 speciem
891 1424 1066 1476 suam,
1093 1411 1150 1466 in
1176 1426 1374 1481 corpus
1398 1419 1644 1467 nostrum
1669 1427 1790 1467 vero

206 1499 344 1563 titur,
369 1506 425 1554 et
453 1513 563 1553 nos
591 1497 780 1555 refecti
811 1501 866 1554 in
889 1500 1054 1556 robur
1082 1510 1374 1558 mutamur.
1428 1502 1670 1558 Tertium
1697 1518 1790 1574 ge-

200 1606 296 1646 nus
321 1598 422 1656 est,
462 1605 594 1646 cum
618 1589 734 1661 ipsa
772 1607 893 1662 quae
920 1593 1187 1648 accedunt
1218 1601 1520 1660 mutantur,
1551 1601 1612 1648 ut
1634 1594 1789 1650 habi-

202 1690 309 1736 tum
364 1680 615 1748 faciant,
663 1690 719 1737 et
764 1685 1162 1752 quodammodo
1215 1683 1521 1741 formantur
1573 1686 1642 1742 ab
1683 1687 1784 1754 eis,

200 1773 385 1842 quibus
414 1773 666 1828 habitum
703 1773 929 1842 faciunt,
977 1776 1138 1831 sicuti
1164 1783 1250 1832 est
1289 1777 1476 1842 vestis,
1507 1793 1633 1832 nam
1664 1792 1791 1848 pro-

193 1860 352 1931 jecta,
384 1879 500 1918 non
521 1864 688 1920 habet
721 1879 842 1920 eam
872 1863 1127 1933 formam,
1167 1881 1332 1936 quam
1358 1883 1483 1922 cum
1517 1867 1784 1933 induitur,

1891 668 2126 725 nominis
2181 667 2520 739 dignitatem.
2581 664 2707 722 Haec
2756 665 2902 721 enim
2969 665 3036 721 de
3075 679 3142 720 eo
3199 664 3473 733 dicuntur,

1891 776 1958 817 ex
1987 775 2095 831 quo
2115 759 2340 816 verbum
2363 774 2490 816 caro
2515 757 2719 814 factum
2742 768 2848 826 est,
2865 768 2922 815 et
2935 759 3201 816 habitavit
3223 759 3278 815 in
3297 760 3474 816 nobis.
3546 760 3567 777 ’

1892 855 2000 926 (Ex
2021 853 2266 927 August.)
2298 853 2506 912 Praeter
2531 851 2636 911 hoc
2651 855 2793 926 quod
2834 863 3091 926 tanquam
3116 856 3172 911 in
3201 855 3398 928 templo
3421 856 3478 910 in

1891 944 1985 1001 illo
2017 961 2244 1018 corpore
2287 947 2496 1003 habitat
2516 947 2697 1013 omnis
2738 947 3016 1017 plenitudo
3044 948 3364 1012 divinitatis,
3393 947 3481 1003 eét

1891 1036 2038 1093 aliud
2079 1039 2222 1107 quod
2267 1038 2482 1094 intersit
2535 1038 2679 1094 inter
2725 1038 2858 1094 illud
2893 1049 3056 1110 caput
3089 1049 3144 1096 et
3191 1039 3481 1113 cujuslibet

1890 1131 2118 1186 membri
2145 1131 2542 1188 excellentiam.
2575 1132 2671 1188 Est
2705 1133 2866 1204 plane
2887 1134 3031 1203 quod
3063 1134 3320 1204 singulari
3348 1149 3480 1205 qua-

1891 1221 2014 1277 dam
2061 1237 2404 1293 susceptione
2433 1223 2667 1279 hominis
2721 1224 2890 1290 illius,
2915 1239 3024 1278 una
3066 1222 3211 1279 facta
3240 1232 3326 1279 est
3357 1240 3480 1294 per-

1891 1329 2024 1371 sona
2049 1331 2173 1371 cum
2218 1316 2402 1371 verbo.
2435 1315 2512 1371 De
2560 1315 2708 1371 nullo
2730 1317 2874 1372 enim
2906 1325 3223 1371 sanctorum
3253 1314 3360 1369 dici
3383 1331 3481 1384 po-

1891 1409 1996 1464 tuit
2020 1416 2115 1464 aut
2141 1415 2342 1480 potest,
2367 1418 2461 1464 aut
2480 1409 2700 1479 poterit,
2740 1408 2968 1463 verbum
2995 1422 3126 1462 caro
3143 1406 3347 1462 factum
3371 1415 3474 1460 est.

1889 1505 2080 1562 Nullus
2125 1511 2436 1562 sanctorum
2483 1503 2724 1576 qualibet
2759 1502 3073 1575 praestantia
3121 1500 3311 1573 gratiae
3362 1501 3484 1555 uni-

1890 1599 2057 1670 geniti
2088 1598 2184 1653 Dei
2230 1611 2426 1653 nomen
2466 1596 2698 1668 accepit,
2738 1603 2800 1650 ut
2830 1596 2974 1667 quod
3025 1601 3110 1650 est
3157 1595 3332 1664 ipsum
3384 1593 3482 1650 Dei

1889 1691 2114 1746 verbum
2168 1697 2295 1744 ante
2324 1689 2550 1755 saecula,
2583 1689 2688 1744 hoc
2717 1688 2876 1744 simul
2915 1702 3040 1744 cum
3081 1693 3361 1757 assumpto
3385 1685 3484 1740 ho-

1888 1780 2036 1836 mine
2080 1780 2370 1836 diceretur.
2423 1779 2726 1852 Singularis
2780 1788 2866 1836 est
2918 1779 3011 1835 illa
3039 1779 3332 1849 susceptio.
3380 1791 3484 1832 nec

1891 1886 2014 1927 cum
2059 1871 2372 1927 hominibus
2416 1871 2689 1942 aliquibus
2747 1872 2971 1939 sanctis,
3012 1871 3349 1942 quantalibet
3394 1883 3484 1924 sa-

197 1953 379 2010 induta
416 1970 552 2027 ergo
581 1957 778 2028 accipit
803 1957 1034 2031 formam
1069 1974 1231 2029 quam
1261 1975 1370 2016 non
1396 1960 1632 2016 habebat
1654 1977 1787 2017 exu—
1813 1963 1863 2024 B
1889 1962 2108 2034 pientiae
2152 1963 2440 2018 sanctitate
2487 1963 2889 2034 praestantibus,
2942 1963 3054 2019 ullo
3099 1962 3262 2018 modo
3303 1967 3484 2033 potest

196 2052 265 2100 ta.
287 2047 445 2114 Quod
471 2056 559 2104 est
581 2063 729 2120 ergo,
761 2049 963 2105 Habitu
1006 2052 1244 2108 inuentus
1266 2063 1323 2108 ut
1345 2054 1520 2120 homo,
1552 2054 1660 2110 nisi
1684 2057 1786 2111 ha-

193 2135 367 2194 bendo
409 2139 713 2207 hominem,
760 2141 1011 2198 inventus
1037 2132 1097 2198 ut
1123 2144 1285 2201 homo
1333 2146 1451 2201 est?
1480 2160 1590 2201 non
1638 2147 1787 2204 enim

191 2239 404 2301 poterat
443 2232 677 2289 inveniri
704 2242 764 2288 ut
785 2233 969 2302 homo,
998 2236 1067 2291 ab
1093 2237 1180 2292 his
1209 2237 1303 2308 qui
1323 2252 1419 2293 cor
1445 2238 1788 2294 immundum

189 2325 490 2396 habebant,
529 2337 584 2384 et
609 2331 839 2385 verbum
871 2331 1013 2400 apud
1038 2339 1249 2401 patrem
1285 2331 1472 2386 videre
1497 2345 1607 2386 non
1629 2338 1786 2400 pote-

187 2427 333 2485 rant,
377 2420 490 2474 nisi
537 2421 885 2490 suscipiendo
922 2423 1027 2476 hoc
1056 2421 1202 2490 quod
1247 2429 1471 2491 possent
1497 2421 1706 2486 videre,
1735 2429 1793 2474 et

179 2525 283 2581 per
318 2511 472 2581 quod
514 2512 583 2566 ad
621 2512 753 2568 illud
787 2513 969 2568 lumen
1021 2514 1252 2569 interius
1306 2515 1656 2570 ducerentur.
1681 2514 1790 2570 Iste

181 2609 375 2656 autem
421 2601 643 2657 habitus
691 2617 800 2657 non
834 2610 936 2667 est,
975 2618 1042 2658 ex
1089 2604 1266 2674 primo
1320 2603 1415 2658 illo
1471 2618 1689 2676 genere,
1721 2603 1790 2658 de

185 2706 294 2761 quo
314 2691 574 2761 superius
597 2692 852 2760 diximus,
875 2709 980 2749 non
1007 2694 1154 2750 enim
1181 2711 1408 2751 manens
1437 2697 1492 2750 in
1512 2712 1572 2752 se
1592 2706 1787 2752 natura

184 2783 449 2850 hominis,
483 2794 731 2841 naturam
761 2787 858 2843 Dei
884 2790 1260 2843 commutavit.
1290 2788 1474 2860 Neque
1493 2805 1559 2846 ex
1595 2805 1788 2846 secun-

187 2878 276 2942 do,
304 2891 419 2932 non
441 2879 590 2933 enim
621 2879 928 2934 immutabit
954 2881 1117 2937 homo
1142 2881 1334 2948 Deum,
1367 2889 1423 2938 et
1448 2889 1690 2938 mutatus
1719 2883 1787 2939 ab

185 2968 275 3025 illo
294 2978 404 3037 est,
435 2969 536 3026 sed
573 2973 754 3043 potius
779 2987 844 3027 ex
877 2975 1038 3029 tertio
1064 2985 1150 3030 est
1181 2975 1389 3042 habitu,
1423 2977 1504 3032 sic
1538 2978 1683 3033 enim
1707 2992 1788 3033 as-

188 3073 440 3135 sumptus
481 3077 588 3133 est,
633 3075 694 3122 ut
721 3077 1152 3124 commutaretur
1173 3068 1519 3125 ineﬁ‘abiliter
1540 3079 1596 3125 et
1614 3070 1788 3127 excel-

186 3153 388 3213 lentius
426 3164 598 3229 atque
645 3159 989 3230 conjunctius
1028 3176 1190 3230 quam
1216 3161 1386 3216 vestis
1423 3162 1494 3217 ab
1542 3162 1785 3230 homine,

183 3263 304 3304 cum
343 3250 617 3306 induitur.
644 3250 758 3308 Hoc
790 3267 920 3324 ergo
944 3255 1166 3310 nomine
1191 3254 1434 3322 habitus,
1467 3257 1602 3311 satis
1621 3256 1790 3328 signi—

181 3339 366 3398 ficavit
389 3341 712 3415 Apostolus,
736 3348 1190 3416 quemadmodum
1230 3348 1432 3404 dixerit
1453 3349 1508 3402 in
1531 3349 1786 3404 similitu-
1811 3338 1858 3402 C

178 3432 354 3490 dinem
385 3435 684 3492 hominum
723 3436 915 3505 factus,
961 3440 1054 3509 qui
1087 3456 1192 3495 non
1248 3440 1785 3512 transﬁgurationem

171 3523 224 3581 in
252 3527 575 3594 hominem,
606 3530 702 3586 sed
729 3530 916 3587 habitu
946 3532 1121 3589 factus
1149 3545 1251 3597 est,
1285 3549 1409 3590 cum
1445 3534 1665 3591 indutus
1702 3543 1786 3591 est

172 3615 415 3688 homine,
454 3635 634 3691 quem
661 3621 765 3675 sibi
787 3621 980 3677 uniens
1023 3623 1423 3694 quodammodo
1460 3632 1624 3696 atque
1661 3641 1785 3682 con-

174 3707 401 3768 firmans
423 3711 840 3767 immortalitati
871 3715 1272 3785 aeternitatique
1297 3715 1531 3772 sociare.

243 3800 583 3858 Humiliavit
631 3805 984 3877 semetipsum,
1027 3807 1201 3876 factus
1246 3807 1489 3864 obedienc
1525 3827 1689 3883 usque
1713 3812 1785 3865 ad

177 3905 419 3964 mortem,
444 3903 564 3952 etc.
593 3894 692 3951 Hic
712 3898 865 3953 nobis
886 3898 1144 3968 perfectae
1164 3900 1489 3957 obedientiae
1509 3911 1784 3958 monstrat

178 3988 526 4058 exemplum,
580 3987 727 4044 nulla
763 3989 909 4045 enim
959 3999 1138 4061 potest
1181 4007 1331 4048 mors
1373 3993 1614 4049 deterior
1661 4009 1786 4050 esse

182 4090 360 4136 morte
383 4082 599 4139 crucis.

247 4171 496 4245 Propter
541 4173 680 4244 quod
727 4183 775 4228 et
800 4177 943 4230 Deus
972 4175 1220 4231 exultavit
1245 4177 1417 4232 illum.
1455 4178 1631 4234 Locus
1656 4181 1783 4246 iste,

181 4270 495 4325 secundum
546 4268 836 4324 humanam
883 4278 1137 4325 naturam
1179 4272 1358 4342 potius
1405 4272 1786 4342 intelligendus

179 4370 279 4429 est,
308 4376 493 4433 quam
522 4360 781 4416 divinam.
832 4359 1036 4418 Natura
1072 4363 1216 4418 enim
1245 4363 1482 4418 humana
1510 4363 1787 4418 humiliari

179 4460 232 4506 et
267 4453 514 4509 exaltari
558 4454 753 4525 potuit,
783 4470 889 4510 non
934 4455 1133 4511 divina.
1167 4454 1225 4510 Si
1274 4471 1406 4529 ergo
1431 4464 1488 4512 et
1522 4471 1622 4512 nos
1645 4455 1788 4511 exal-

179 4545 282 4600 tari
308 4547 596 4616 cupimus,
635 4547 748 4604 Deo
773 4564 837 4603 ac
873 4550 1077 4604 sanctis
1121 4548 1238 4618 ejus
1264 4565 1435 4621 usque
1457 4551 1526 4606 ad
1554 4560 1786 4607 mortem

180 4636 406 4693 obedire
463 4637 637 4693 etiam
687 4638 966 4695 debemus.
1027 4640 1341 4712 Magistrum
1388 4642 1647 4697 humilem
1694 4657 1786 4696 su-

1887 2067 2011 2108 esse
2042 2054 2364 2110 communis.

1962 2143 2030 2200 Ut
2053 2147 2109 2200 in
2138 2147 2345 2202 nomine
2370 2146 2502 2203 Iesu
2528 2165 2680 2203 omne
2718 2166 2854 2221 genu
2888 2151 3134 2220 ﬂectatur
3173 2147 3480 2214 caelestium,

1889 2237 2239 2303 terrestrium,
2261 2245 2368 2293 etc.
2395 2238 2520 2294 Ideo
2546 2255 2645 2310 pro
2667 2240 2920 2296 omnibus
2937 2255 3130 2310 passus
3153 2248 3208 2296 et
3234 2247 3485 2294 mortuus

1889 2337 1996 2395 est,
2063 2337 2123 2384 ut
2181 2331 2359 2386 omnis
2417 2341 2666 2387 creatura
2724 2335 2782 2388 in
2828 2333 3047 2389 nomine
3095 2331 3213 2403 ejus
3262 2347 3484 2402 precem

1888 2415 2103 2484 fundat,
2153 2420 2455 2475 cmlestium
2498 2425 2950 2478 commorantium
2992 2425 3048 2479 in
3093 2424 3252 2501 casio,
3281 2431 3486 2479 terres-

1890 2509 2057 2565 trium
2083 2510 2383 2566 viventium
2426 2513 2483 2567 in
2510 2522 2676 2580 terra,
2703 2523 2759 2568 et
2783 2514 3141 2581 infernorum,
3169 2514 3284 2570 sive
3310 2515 3486 2570 homi-

1888 2614 2022 2654 num
2063 2609 2423 2668 mortuorum,
2453 2605 2590 2672 sive,
2625 2613 2689 2659 ut
2712 2605 2880 2677 aliqui
2913 2606 3123 2672 volunt,
3151 2606 3220 2661 de
3243 2606 3483 2663 custodi-

1886 2689 1991 2746 bus
2016 2690 2149 2747 dicit
2183 2692 2542 2749 infernorum.

1959 2781 2031 2836 Et
2058 2783 2226 2838 omnis
2242 2783 2425 2855 lingua
2447 2786 2780 2854 conﬁteatur,
2814 2795 2922 2844 etc.
2974 2788 3035 2845 Id
3087 2794 3190 2857 est,
3236 2790 3483 2846 omnium

1887 2882 1946 2929 et
1963 2874 2300 2931 diversarum
2324 2878 2567 2950 gentium
2609 2878 2815 2951 lingua,
2849 2881 2954 2936 hoc
2986 2887 3092 2950 est,
3122 2883 3178 2937 in
3204 2891 3401 2938 natura
3426 2892 3486 2939 et

1888 2965 2060 3036 gloria
2103 2968 2343 3037 deitatis,
2390 2970 2518 3026 dum
2562 2968 2806 3042 ejusdem
2835 2979 2922 3028 est
2964 2971 3158 3046 gloria,
3204 2975 3360 3048 cujus
3399 2981 3486 3031 est

1887 3066 2062 3131 pater.

2205 3217 2548 3260 BVANGELIUI
2584 3218 2821 3272 JOANNIS,
2863 3219 2984 3260 CAP.
3024 3220 3146 3262 XIII.

1967 3351 1987 3385 ι
2023 3333 2166 3390 Ante
2193 3335 2339 3392 diem
2363 3337 2562 3393 festum
2591 3338 2817 3394 Paschae
2837 3339 3018 3395 sciens
3036 3339 3215 3406 Iesus,
3240 3343 3367 3411 quia
3391 3357 3483 3399 vei

1894 3440 1912 3474 ‹
1949 3424 2034 3479 nit
2075 3425 2210 3481 hora
2253 3427 2390 3498 ejus,
2419 3437 2480 3483 ut
2529 3437 2774 3486 transeat
2793 3445 2861 3487 ex
2897 3432 3002 3487 hoc
3045 3433 3248 3490 mundo
3276 3435 3345 3489 ad
3373 3433 3481 3490 Pa-

1891 3533 1912 3567 ‹
1948 3524 2111 3572 trem.
2141 3517 2279 3575 Cum
2323 3520 2607 3577 dilexisset
2657 3537 2805 3589 suos,
2837 3523 2931 3594 qui
2970 3531 3128 3579 erant
3173 3525 3228 3579 in
3258 3527 3480 3593 mundo,

1891 3628 1910 3663 σ
1950 3611 2007 3667 in
2036 3610 2199 3669 finem
2231 3613 2421 3671 dilexit
2447 3628 2560 3671 eos.
2589 3615 2659 3670 Et
2700 3629 2855 3670 omna
2897 3616 3042 3672 facta
3088 3633 3212 3672 cum
3241 3616 3484 3674 diabolus

1891 3721 1911 3755 ι
1941 3702 2058 3774 jam
2087 3706 2330 3762 misisset
2351 3706 2408 3761 in
2434 3723 2552 3776 cor,
2585 3715 2648 3762 ut
2687 3707 2928 3764 traderet
2955 3724 3079 3765 eum
3110 3707 3276 3765 Judas
3307 3709 3486 3764 Simo-

1892 3813 1911 3848 ι
1946 3798 2033 3854 nis
2058 3797 2392 3868 lschariotis,
2434 3801 2616 3857 sciens
2643 3801 2770 3872 quia
2801 3802 2986 3857 omnia
3039 3802 3189 3858 dedit
3241 3802 3293 3858 ei
3328 3811 3485 3874 pater

1891 3909 1910 3943 ι
1945 3891 2000 3946 in
2030 3907 2244 3958 manus,
2277 3899 2334 3946 et
2370 3892 2498 3963 quia
2523 3908 2553 3948 a
2583 3894 2698 3949 Deo
2738 3894 2929 3960 exivit,
2957 3901 3012 3949 et
3053 3893 3119 3948 ad
3145 3909 3269 3950 eum
3311 3895 3480 3964 vadit,

1893 4001 1911 4036 ι
1951 3985 2126 4054 surgit
2167 3999 2200 4038 a
2240 3999 2397 4043 coena
2419 3995 2475 4041 et
2511 3986 2666 4059 [ponit
2710 3987 3035 4043 vestimenta
3085 4003 3202 4054 sua,
3257 3996 3312 4043 et
3358 4002 3484 4044 cum

1891 4093 1911 4128 ς
1949 4077 2251 4148 accepisset
2301 4077 2528 4133 linteum
2579 4078 2868 4149 praecinxit
2927 4094 3004 4134 se.
3067 4077 3274 4133 Deinde
3333 4078 3487 4132 misit

1891 4185 1910 4218 ι
1953 4183 2148 4238 aquam
2177 4168 2235 4222 in
2254 4167 2477 4238 pelvim,
2509 4175 2568 4223 et
2585 4169 2749 4238 crepit
2767 4168 2952 4222 lavare
2984 4167 3154 4236 pedes
3187 4166 3481 4234 discipulo-

1892 4277 1912 4310 ‹
1950 4275 2101 4328 rum,
2148 4267 2206 4315 et
2248 4269 2532 4332 extergere
2582 4258 2750 4315 linteo
2805 4273 2912 4327 quo
2962 4266 3081 4312 erat
3134 4257 3479 4327 praecinctus.

1893 4372 1912 4405 ι
1951 4353 2113 4410 Venit
2159 4367 2289 4424 ergo
2319 4351 2388 4406 ad
2435 4351 2714 4407 Simonem
2751 4349 2994 4417 Petrum,
3033 4357 3090 4404 et
3121 4350 3254 4406 dicit
3303 4350 3355 4406 ei
3379 4350 3480 4407 Pe-

1894 4465 1912 4498 ‹
1954 4457 2112 4502 trus:
2147 4445 2394 4514 Domine,
2443 4453 2501 4500 tu
2549 4446 2682 4500 mihi
2719 4445 2871 4500 lavas
2921 4444 3122 4515 pedes?
3178 4443 3482 4516 Respondit

1893 4561 1911 4594 ι
1948 4542 2126 4608 Jesus,
2153 4549 2212 4597 et
2237 4541 2376 4597 dixit
2409 4541 2460 4597 ei
2489 4559 2501 4595 :
2532 4538 2686 4608 Quod
2711 4554 2812 4612 ego
2839 4538 2979 4594 facio
3003 4547 3060 4594 tu
3087 4539 3266 4595 nescis
3295 4539 3477 4606 modo,

1894 4654 1913 4688 ι
1951 4636 2093 4692 scies
2135 4643 2318 4691 autem
2341 4642 2550 4706 postea.
2583 4633 2726 4688 Dicit
2755 4633 2805 4688 ei
2843 4632 3037 4687 Petrus
3067 4649 3080 4687 :
3111 4631 3231 4688 Non
3269 4631 3480 4688 lavabis

177 4731 331 4797 perbi
370 4730 635 4800 discipuli
673 4746 779 4787 non
807 4746 1116 4802 sequamur,
1150 4747 1252 4788 nec
1271 4731 1560 4787 Dominum
1596 4732 1783 4788 mitem
1807 4718 1863 4779 D
1893 4748 1912 4781 ι
1948 4729 2084 4785 mihi
2131 4729 2297 4800 pedes
2346 4729 2402 4782 in
2437 4736 2720 4784 aeternum.
2763 4725 3061 4797 Respondit
3097 4726 3146 4781 ei
3173 4738 3333 4782 Jesus
3365 4744 3380 4784 :
3420 4725 3480 4781 Si

179 4822 321 4876 servi
351 4831 780 4878 contemnamus
824 4824 1042 4896 ingrati,
1066 4839 1167 4880 nec
1192 4825 1470 4896 indignum
1511 4826 1582 4881 sit
1627 4826 1786 4882 nobis

177 4913 488 4982 aequalibus
541 4916 786 4986 praebere
825 4916 1211 4985 ministerium,
1241 4933 1366 4974 cum
1393 4918 1484 4974 ille
1522 4919 1782 4977 Dominus

179 5002 484 5062 obsecutus
509 5007 584 5062 sit
609 5009 802 5064 servis.

249 5094 322 5150 Et
366 5098 594 5154 donauit
645 5098 725 5153 illi
775 5116 983 5169 nomen,
1013 5109 1117 5157 etc.
1154 5100 1434 5170 Quomodo
1479 5105 1690 5175 accepit
1720 5112 1783 5160 ut

179 5189 403 5246 adorari
425 5193 700 5263 potuisset
731 5193 955 5266 largitor
976 5198 1220 5252 omnium
1251 5198 1554 5254 caelestium
1593 5216 1783 5256 mune-

179 5296 322 5351 rum,
346 5298 526 5355 quem
551 5300 660 5342 non
692 5286 864 5342 solum
895 5289 1236 5359 patriarchas
1266 5297 1320 5345 et
1347 5292 1660 5361 prophetas,
1693 5305 1786 5346 ve-

180 5377 487 5431 rumetiam
533 5377 754 5449 angelos
792 5387 849 5433 et
885 5389 1200 5450 potestates,
1240 5383 1501 5438 cherubin
1537 5391 1592 5439 et
1638 5399 1786 5440 sera-

179 5469 336 5541 phin,
373 5471 584 5528 divinis
610 5473 934 5529 testimoniis
961 5475 1218 5531 adorasse
1249 5478 1645 5546 cognoscimus.
1674 5478 1785 5534 Aut

180 5565 466 5632 quomodo
494 5565 691 5622 dicitur
710 5567 996 5633 exaltatus,
1013 5568 1106 5638 qui
1122 5571 1294 5640 magis
1322 5585 1420 5640 per
1447 5584 1782 5642 assumptam

180 5652 517 5714 humiliatus
578 5659 778 5715 dicitur
832 5663 1092 5717 carnem?
1142 5663 1344 5718 Verum
1401 5665 1448 5719 si
1511 5667 1777 5733 attendas,

180 5755 327 5822 quod
375 5755 614 5811 verbum
651 5772 779 5813 caro
804 5757 1006 5814 factum
1031 5765 1135 5827 est,
1170 5774 1277 5814 non
1320 5775 1443 5815 eum
1496 5762 1782 5818 miraberis

180 5846 502 5904 exaltatum
523 5848 736 5916 referri,
758 5859 849 5906 aut
869 5867 1064 5906 nomen
1089 5852 1432 5922 praedicabile
1453 5855 1774 5925 suscepisse.

178 5939 239 5996 In
291 5943 420 6014 ipso
461 5943 606 6000 enim
638 5945 872 6000 humana
901 5947 1243 6016 cognoscitur
1267 5946 1501 6005 exaltata
1545 5957 1775 6016 natura;

605 6039 877 6111 Pnson.
933 6041 1063 6105 Cll.

1896 4840 1915 4873 ι
1955 4838 2062 4878 non
2103 4821 2288 4876 lavero
2313 4829 2389 4887 te,
2417 4836 2525 4876 non
2570 4818 2797 4874 habebis
2825 4827 3036 4888 partem
3065 4834 3301 4874 mecum.
3336 4819 3482 4876 Dicit

1894 4934 1914 4969 ι
1953 4916 2003 4971 ei
2059 4914 2247 4970 Simon
2284 4913 2479 4969 Petrus
2519 4931 2530 4967 :
2580 4912 2825 4977 Domine,
2883 4926 2994 4968 non
3051 4920 3257 4968 tantum
3310 4913 3478 4984 pedes

1896 5027 1915 5060 ‹
1952 5021 2122 5072 meos,
2151 5006 2248 5062 sed
2271 5013 2329 5062 et
2364 5019 2558 5061 manus
2582 5011 2638 5060 et
2663 5013 2847 5075 caput.
2893 5003 3036 5060 Dicit
3073 5005 3125 5060 ei
3147 5002 3341 5060 Iesus:
3373 5005 3477 5073 Qui

1894 5117 1912 5150 ι
1951 5099 2094 5155 lotus
2118 5108 2224 5165 est,
2268 5113 2377 5154 non
2416 5097 2626 5171 indiget
2653 5097 2757 5153 nisi
2795 5105 2856 5153 ut
2883 5097 3050 5168 pedes
3073 5096 3235 5164 lavet,
3268 5097 3365 5153 sed
3390 5101 3476 5150 est

1893 5211 1913 5245 ‹
1951 5193 2184 5248 mundus
2211 5201 2380 5260 totus,
2407 5201 2464 5248 et
2483 5208 2581 5248 vos
2608 5192 2792 5248 mundi
2817 5192 2970 5258 estis,
3003 5192 3098 5248 sed
3126 5207 3235 5248 non
3260 5204 3470 5246 omnes.

1891 5304 1911 5338 ι
1951 5285 2168 5342 Sciebat
2214 5286 2360 5341 enim
2404 5286 2653 5356 quisnam
2698 5295 2844 5342 esset
2895 5286 2990 5358 qui
3041 5285 3281 5339 traderet
3323 5296 3469 5336 eum.

1891 5401 1910 5436 ‹
1947 5384 2241 5454 Propterea
2267 5384 2424 5451 dixit,
2455 5400 2562 5440 non
2588 5363 2720 5440 estis
2735 5384 2921 5438 mundi
2945 5396 3152 5452 omnes.
3179 5380 3471 5447 Postquam

1895 5500 1914 5534 ι
1951 5496 2081 5552 ergo
2125 5480 2256 5536 lavit
2280 5481 2446 5552 pedes
2487 5495 2696 5546 eorum,
2733 5480 2946 5550 accepit
2991 5476 3315 5532 vestimenta
3346 5490 3470 5544 sua,

1891 5593 1911 5627 ι
1947 5582 2154 5630 etcum
2200 5573 2539 5628 recubuisset
2580 5572 2798 5637 iterum,
2827 5569 2962 5624 dixit
3007 5567 3106 5623 eis.
3147 5565 3310 5623 Scitis
3338 5567 3472 5639 quid

1894 5687 1913 5720 ι
1948 5667 2169 5724 fecerim
2198 5667 2384 5724 vobis?
2426 5668 2536 5723 Vos
2567 5667 2774 5724 vocatis
2818 5681 2906 5720 me
2956 5663 3214 5734 magister
3259 5674 3316 5719 et
3358 5663 3470 5720 Do-

1893 5779 1913 5814 ‹
1949 5761 2113 5828 mine,
2163 5767 2218 5816 et
2247 5760 2386 5816 bene
2415 5758 2614 5814 dicitis.
2664 5756 2796 5811 Sum
2830 5755 3032 5811 etenim
3063 5774 3076 5809 :
3108 5754 3167 5811 Si
3191 5771 3321 5827 ergo
3367 5769 3470 5826 ego

1893 5876 1911 5909 ι
1948 5856 2056 5912 lavi
2099 5855 2262 5927 pedes
2305 5862 2534 5919 vestros,
2568 5851 2818 5907 dominus
2857 5860 2912 5906 et
2957 5851 3237 5923 magister,
3286 5857 3344 5905 et
3367 5863 3470 5904 vos

1893 5965 1912 6001 ι
1952 5947 2160 6007 debetis
2176 5946 2312 6004 alter
2333 5944 2558 6002 alterius
2577 5943 2760 6003 lavare
2784 5943 2968 6017 pedes.
2997 5941 3320 6016 Exemplum
3340 5937 3467 5996 dedi

3027 6041 3067 6100 7
