4030 6450
517 450 624 511 203

1797 422 2157 487 SMARAGDI
2196 415 2490 479 ABBATIS

3695 398 3808 458 9οι

526 588 546 622 ι
584 565 757 631 vobis,
786 568 846 617 ut
882 552 1338 633 quemadmodum
1360 556 1461 625 ego
1621 546 1805 613 vobis,
1833 546 1911 601 its
1936 547 1992 600 et
2011 553 2113 598 vos
2138 542 2193 604 Α
2214 550 2336 591 cum
2367 534 2421 587 in
2461 530 2623 586 rebus
2662 516 2914 633 humanis
2936 517 3406 633 posteamvivitur,
3423 514 3637 633 utiqueI
3657 523 3813 571 terra

526 679 549 713 ο
581 657 817 717 faciatis.
866 674 885 708 ι

720 748 831 805 nivi
868 746 1154 803 incusarat
1194 740 1357 797 sic“
1392 746 1460 795 ne
1498 744 1658 794 cuius
1700 742 1905 790 nolint.

592 841 800 899 Pascha
845 842 962 900 m5
997 834 1283 891 Hebr-zeum
1327 840 1524 887 nomen"
1569 836 1672 895 est,
1700 841 1809 881 non
1839 823 2127 879 Graecum-

524 928 992 1005 Opportmilssime
1015 933 1199 982 tamen
1225 922 1467 980 occurrit
1496 921 1549 974 in
1583 919 1689 973 hoc
1730 915 1952 971 nomine
1973 925 2118 982 quae

526 1027 649 1083 dam
685 1020 1038 1098 congruentia
1064 1020 1421 1087 utrarumque
1464 1013 1794 1084 linguarum.
1846 1006 1949 1074 Qui
1972 1005 2118 1059 enim

525 1126 726 1193 πάσχω
752 1115 975 1180 Graece,
1017 1112 1213 1166 Latine
1263 1108 1441 1181 patior
1483 1106 1700 1161 dicitur.
1752 1101 1880 1157 Ideo
1917 1098 2133 1169 pascha.

524 1190 712 1284 passio
756 1212 946 1281 putata
997 1213 1101 1269 est,
1134 1203 1284 1259 velut
1326 1202 1431 1257 hoc
1457 1206 1656 1255 nomen
1696 1208 1729 1250 a
1766 1193 2020 1265 passione
2045 1190 2122 1244 ita

452 1360 457 1367 ,
525 1281 857 1373 appellatum
899 1300 1003 1354 eet.
1052 1295 1112 1349 In
1160 1306 1260 1350 sua
1280 1288 1414 1348 vero
1443 1291 1647 1363 lingua,
1680 1290 1785 1343 hoc
1812 1291 1913 1351 est,
1940 1285 1995 1337 in
2018 1281 2124 1337 Hei

458 1380 481 1467 ῖῘ
528 1395 699 1459 braza,
724 1391 927 1464 pascha
968 1388 1243 1444 transiens
1287 1385 1504 1441 dicitur.
1549 1382 1663 1439 Hoc
1706 1381 1889 1450 itaque
1924 1391 2127 1433 nomen

463 1548 472 1559 ,
531 1490 905 1559 interpretans
956 1483 1112 1540 nobis
1162 1482 1352 1539 beatus
1386 1478 1760 1549 Evangelista,
1813 1480 1936 1528 ante
1984 1471 2125 1525 diem

462 1652 466 1661 Α
533 1581 742 1653 festum,
766 1578 965 1649 inquit,
988 1575 1220 1648 paschaa,
1249 1574 1419 1627 sciens
1444 1570 1480 1626 J
1483 1586 1623 1635 esus,
1659 1569 1785 1640 quia
1809 1565 1945 1620 venit
1974 1563 2129 1629 liora,

534 1682 591 1727 ut
614 1670 862 1726 transiret
887 1686 952 1724 ea:
974 1668 1071 1722 hoc
1114 1666 1319 1722 mundo
1335 1664 1403 1719 ad
1433 1661 1670 1718 Patrem.
1721 1660 1861 1715 Ecce
1905 1658 2124 1728 pascha,

467 1762 479 1817 ζ
533 1779 660 1819 ecce
679 1762 960 1818 transitus.
984 1759 1135 1817 Unde
1155 1766 1211 1815 et
1227 1756 1404 1828 quod?
1416 1755 1496 1810 De
1508 1756 1614 1810 hoc
1626 1753 1836 1809 scilicet
1848 1750 2051 1806 mundo
2063 1747 2135 1803 ad

534 1865 769 1930 patrem,
819 1870 945 1927 spes
991 1852 1250 1910 membris
1276 1852 1331 1905 in
1359 1849 1538 1920 capite
1585 1856 1669 1903 est
1697 1847 1843 1911 data,
1874 1841 2019 1914 quod
2048 1855 2137 1897 es-

537 1959 660 2008 sent
688 1948 782 2005 illo
807 1953 1127 2004 transeunte
1150 1945 1271 2001 sine
1294 1941 1462 1998 dubio
1481 1946 1755 1996 secutura.

609 2041 743 2097 Cum
764 2039 1037 2095 dilexisset
1064 2052 1189 2092 suos
1214 2036 1303 2109 qui
1342 2042 1491 2088 erant
1517 2033 1571 2085 in
1594 2029 1824 2095 mundo,
1857 2034 1964 2083 etc.
1995 2023 2136 2092 Quid

539 2138 623 2189 est
652 2132 798 2187 enim
818 2131 874 2185 in
914 2130 1073 2201 ﬁnem
1095 2127 1280 2183 dilexit
1314 2140 1425 2192 eos,
1456 2124 1560 2179 nisi
1590 2123 1645 2177 in
1665 2119 1978 2178 Christum?
2013 2117 2137 2171 linis

541 2225 686 2280 enim
738 2221 876 2296 legis
920 2220 1173 2278 Christus
1233 2219 1302 2275 ad
1337 2216 1608 2289 justitiam
1676 2213 1823 2270 omni
1869 2208 2143 2269 credenti.

541 2315 737 2381 Aliter,
755 2316 813 2371 in
838 2314 999 2386 ﬁnem
1033 2312 1242 2377 dilexit,
1272 2324 1446 2382 usque
1471 2310 1541 2364 ad
1563 2314 1796 2363 mortem
1823 2304 2038 2369 dilexit,
2084 2301 2143 2356 id

542 2415 647 2473 cat,
677 2412 851 2476 usque
891 2405 960 2460 ad
1008 2411 1245 2459 mortem
1284 2401 1434 2456 illum
1461 2399 1685 2454 dilectio
1735 2395 1826 2450 illa
1860 2392 2137 2465 perduxit,

542 2500 671 2573 quia
708 2506 922 2555 tantum
938 2496 1132 2552 dilexit
1151 2502 1299 2561 Suos,
1330 2500 1392 2547 ut
1418 2501 1724 2546 moreretur
1752 2493 1977 2557 propter
2019 2498 2135 2539 eos.

614 2591 688 2645 Et
717 2604 865 2645 cana
892 2588 1060 2659 facta,
1110 2601 1231 2641 cum
1260 2582 1507 2640 diabolus
1535 2581 1783 2634 misisset.
1817 2577 1986 2632 Cinna
2012 2582 2145 2645 ergo

548 2685 712 2749 facta,
758 2681 964 2737 dictum
1008 2686 1112 2745 est,
1136 2677 1252 2748 jam
1300 2683 1514 2747 parata,
1558 2678 1614 2727 et
1640 2671 1709 2726 ad
1738 2668 2144 2725 convivantium

549 2782 794 2830 Mensam
838 2780 1107 2841 usumque
1154 2767 1441 2840 perducta,
1496 2766 1606 2819 non
1650 2764 1927 2817 transacta
1970 2771 2145 2827 neque

548 2862 725 2919 ﬁnita.
783 2861 843 2918 Si
884 2861 1106 2933 quaeris,
1136 2859 1270 2932 quid
1307 2857 1519 2913 miserit
1556 2854 1801 2912 diabolus
1828 2852 1886 2908 in
1928 2858 2025 2908 cor
2047 2849 2144 2905 πει-ο

548 2957 650 3021 ἁτε,
677 2956 784 3010 hoc
806 2956 1018 3024 utique,
1051 2961 1113 3008 ut
1142 2952 1386 3008 traderet
1420 2962 1565 3004 eum.
1594 2947 1780 3009 Missio
1803 2946 1905 3001 ista
1944 2959 2054 2998 non
2085 2944 2150 2999 lit

550 3063 650 3121 per
674 3061 885 3113 aurem,
922 3045 1020 3100 sed
1062 3058 1161 3115 per
1188 3042 1594 3115 cogitationem.
1627 3036 1748 3093 Jam
1777 3037 1901 3092 talis
1926 3040 2149 3090 venerat

551 3141 623 3197 ad
642 3138 951 3195 convivium
975 3137 1286 3208 explorator
1308 3133 1569 3206 pastoris,
1591 3131 1878 3188 insidiator
1905 3128 2151 3185 Salvato-

494 3262 497 3263 ν
554 3233 655 3299 ris,
676 3231 926 3288 venditor
947 3227 1347 3299 Redemptoris.
1736 3274 1741 3277 .

624 3320 827 3389 Sciens,
848 3322 974 3395 quia
994 3321 1173 3377 omnia
1194 3318 1337 3375 dedit
1363 3316 1412 3374 ei
1438 3316 1605 3373 Pater
1628 3317 1685 3372 in
1710 3324 1922 3381 Manus,
1947 3321 1998 3369 et
2023 3313 2151 3387 quia

552 3428 588 3468 α
613 3406 722 3469 Deo
741 3412 919 3480 exivit,
956 3421 1006 3467 et
1035 3411 1105 3466 ad
1137 3411 1309 3466 Deum
1338 3410 1501 3477 vadit,
1533 3416 1640 3467 etc.
1672 3406 1731 3466 Si
1768 3404 1952 3465 omnia
2003 3405 2151 3462 dedit

553 3505 606 3562 ei
644 3504 804 3560 Pater
838 3505 895 3559 in
918 3519 1135 3569 manus,
1171 3518 1305 3575 ergo
1329 3509 1384 3558 et
1424 3504 1603 3572 ipsum
1639 3500 1983 3556 traditorem.
2012 3495 2154 3552 Nam

556 3600 606 3656 si
626 3600 804 3671 ipsum
851 3600 906 3653 in
940 3598 1192 3653 manibus
1219 3604 1327 3651 nan
1364 3597 1625 3661 haberet,
1674 3598 1785 3648 non
1833 3592 2023 3662 utique
2054 3590 2150 3646 illo

556 3696 807 3747 uteretur
850 3698 911 3745 ut
934 3690 1115 3746 vellet.
1160 3688 1398 3744 Proinde
1426 3687 1658 3743 traditur
1684 3685 1917 3740 traditus
1957 3688 2077 3738 erat
2105 3682 2158 3739 ei

561 3796 724 3855 quem
764 3783 981 3840 tradere
1007 3782 1284 3855 cupiebat.
1317 3780 1497 3852 Atque
1527 3780 1603 3835 ita
1646 3779 1851 3835 malum
1896 3777 2157 3833 tradendo

559 3876 821 3941 faciebat,
844 3882 905 3930 ut
926 3875 994 3931 de
1020 3875 1221 3931 tradito
1248 3875 1451 3931 bonum
1482 3871 1823 3943 iteret,quod
1849 3870 2152 3925 nesciebat.

563 3968 785 4026 Sciebat
812 3969 960 4025 enim
1000 3968 1263 4025 deinus
1313 3968 1445 4040 quid
1492 3965 1699 4023 faceret
1724 3980 1825 4037 pro
1854 3963 2064 4029 amicis,
2096 3976 2160 4019 ac

563 4064 645 4121 Sic
664 4062 848 4119 omnia
877 4062 1103 4119 dederat
1146 4062 1309 4119 Pater
1346 4063 1403 4118 in
1453 4075 1651 4118 manus
1679 4058 1817 4132 ejus,
1868 4062 1926 4113 et
1960 4056 2016 4111 in
2058 4071 2160 4111 usu

562 4156 725 4224 mala,
751 4162 805 4211 et
838 4156 894 4212 in
924 4155 1120 4213 etl‘ectu
1158 4155 1324 4212 bona.

637 4246 821 4321 Surgit
842 4268 875 4304 a
896 4266 1041 4305 caena
1067 4260 1115 4306 et
1135 4251 1281 4322 ponit
1296 4248 1598 4306 vestimenta
1621 4260 1742 4314 sua,
1760 4255 1866 4303 etc.
1882 4245 2017 4302 Cum
2033 4259 2162 4315 ergo

564 4341 645 4400 illi
672 4344 813 4397 Deus
836 4341 1002 4398 Pater
1031 4343 1216 4397 omnia
1263 4342 1503 4399 dedisset
1535 4342 1589 4396 in
1622 4354 1837 4406 manus,
1869 4339 1962 4395 ille
1994 4337 2161 4393 disci-

564 4435 820 4506 pulorum
850 4448 960 4490 non
988 4448 1203 4501 manus,
1232 4434 1327 4490 sed
1350 4435 1516 4505 pedes
1545 4433 1698 4487 lavit.
1726 4433 1792 4487 Et
1822 4448 1945 4487 cum
1976 4442 2033 4486 se
2062 4429 2166 4485 sci-

568 4532 657 4582 ret
672 4525 827 4582 aDeo
838 4527 1020 4582 exisse
1043 4530 1100 4579 et
1124 4540 1351 4596 pergere
1368 4526 1435 4579 ad
1454 4525 1642 4589 Deum,
1666 4540 1773 4578 non
1800 4523 1896 4576 Dei
1926 4522 2165 4588 Domini,

570 4617 669 4672 sed
696 4615 934 4672 hominis
965 4615 1107 4670 servi
1139 4614 1380 4684 implevit
1415 4613 1674 4681 ofﬁcium,
1712 4629 1813 4668 nec
1836 4613 1982 4669 illius
2017 4612 2166 4668 dedi-

571 4717 771 4782 gnatus
798 4718 884 4765 cet
906 4709 1072 4780 pedes
1108 4706 1313 4772 lavare,
1344 4705 1501 4775 cujus
1525 4720 1718 4762 manus
1742 4705 1856 4776 jam
1906 4707 2168 4777 praevide-

572 4800 669 4854 bat
711 4800 764 4853 in
822 4799 1026 4855 scelere
1076 4797 1497 4869 cruciiigendus.
1528 4796 1657 4852 Suis
1700 4798 2033 4869 exspoliatus
2082 4806 2169 4853 est

573 4893 930 4957 vestimentis,
975 4901 1028 4948 et
1076 4901 1345 4957 mortuus,
1377 4892 1651 4948 involutus
1692 4903 1776 4950 est
1824 4894 2031 4960 linteis,
2074 4909 2167 4949 ex-

575 4982 840 5054 spoliatus
864 4988 968 5049 est,
1001 4989 1055 5036 et
1078 4990 1191 5037 tota
1221 4980 1309 5036 illa
1336 4981 1455 5052 ejus
1493 4984 1676 5052 passio
1704 4992 1889 5040 nostra
1912 4986 2167 5056 purgatio

574 5080 679 5129 est.
706 5074 877 5129 Tanta
907 5082 989 5130 est
1015 5075 1215 5145 quippe
1254 5075 1504 5129 humana:
1534 5076 1751 5131 utilitati
1785 5076 2080 5140 humilitas,
2109 5089 2169 5131 ut

575 5182 699 5221 eam
729 5167 1136 5223 commendaret
1154 5183 1252 5223 suo
1274 5167 1540 5239 exemplo,
1565 5170 1730 5224 etiam
1754 5170 2055 5225 divinitatis
2084 5185 2174 5224 su-

576 5257 839 5313 blimitas.
866 5256 1007 5325 Quid
1034 5265 1119 5313 est
1145 5277 1159 5312 :
1191 5259 1340 5314 venit
1361 5273 1494 5333 ergo
1522 5260 1593 5315 ad
1615 5259 1892 5315 Simonem
1917 5260 2173 5315 Petrum?

578 5348 735 5418 quasi
765 5350 1037 5422 aliquibus
1066 5349 1181 5419 jam
1206 5350 1464 5418 lavasset,
1496 5367 1603 5408 non
1654 5353 1735 5408 ita
1768 5353 2175 5425 intelligendum

581 5448 686 5507 est,
710 5442 853 5513 quod
881 5450 1005 5514 post
1025 5442 1237 5513 aliquos
1254 5443 1325 5499 ad
1350 5443 1507 5498 illum
1534 5444 1779 5512 venerit,
1816 5445 1913 5501 sed
1942 5445 2089 5515 quod
2106 5446 2176 5502 ab

581 5530 677 5587 illo
703 5536 954 5606 casperit.

656 5625 763 5691 Qui
792 5627 931 5684 lotus
956 5639 1064 5696 est,
1095 5647 1201 5686 non
1238 5630 1395 5685 habet
1444 5646 1598 5702 opus,
1644 5631 1747 5685 nisi
1792 5630 1948 5701 pedes
1977 5629 2173 5698 lavare,

581 5717 675 5775 sed
700 5728 775 5774 est
799 5723 1024 5778 mundus
1049 5732 1211 5789 totus,
1224 5733 1329 5781 etc.
1346 5722 1547 5793 Utique
1565 5723 1800 5778 mundus
1815 5730 1961 5779 totus
1979 5730 2181 5794 prmter

582 5816 769 5889 pedes.
798 5818 972 5877 Homo
996 5821 1216 5892 quidem
1235 5820 1291 5875 in
1323 5826 1516 5876 sancto
1531 5817 1803 5890 baptismo
1834 5825 1981 5874 totus
2008 5817 2181 5873 ablui-

587 5915 699 5981 tur,
713 5928 822 5971 non
841 5923 1041 5972 mter
1062 5914 1248 5980 pedes,
1263 5914 1360 5971 sed
1374 5922 1523 5971 totus
1537 5911 1779 5970 omnino.
1796 5910 2180 5969 Verumtamen

2215 628 2476 683 calcatur.
2501 622 2608 694 ipsi
2649 621 2812 692 igitur
2840 615 3057 673 humani
3083 613 3337 679 adactus,
3364 611 3483 667 sine
3522 609 3815 679 quibusin

2215 721 2319 776 hac
2344 716 2673 773 mortalitate
2705 727 2814 766 non
2836 711 3058 774 vivitur,
3075 706 3229 777 quasi
3258 704 3424 775 pelles
3448 708 3593 765 sunt,
3625 701 3721 758 ubi
3742 717 3819 759 ex

2218 810 2472 868 humanis
2505 808 2670 863 rebus
2694 803 2981 869 aiiicimur,
3016 802 3119 857 hoc
3147 801 3265 870 ipse
3300 795 3635 868 evangelist-
3659 803 3821 865 pau-

2218 903 2376 959 fecit:
2394 900 2605 957 Sciebat
2631 898 2799 963 enim,
2828 895 3026 966 inquit,
3052 893 3295 964 quisnam
3316 892 3446 946 esea
3469 890 3560 960 qui
3581 889 3823 944 traderet

2218 1010 2337 1050 eum
2376 1009 2396 1046 :
2450 991 2581 1058 Vos,
2632 990 2840 1061 inquit,
2893 987 3087 1042 uocatis
3122 1000 3205 1040 me
3246 983 3497 1053 magister
3530 988 3582 1036 et
3631 979 3823 1035 Bomi-

2223 1103 2284 1142 ne
2306 1125 2323 1154 ,
2365 1085 2492 1139 bene
2518 1082 2715 1145 dicitis,
2743 1094 2859 1135 sum
2883 1077 3106 1143 etenim,
3142 1074 3264 1130 ideo
3290 1073 3431 1130 bene
3457 1070 3645 1128 dicitis
3688 1069 3827 1142 quis

2224 1195 2371 1237 sum.

2298 1271 2355 1328 Si
2377 1287 2469 1342 ego
2497 1270 2599 1325 lavi
2629 1268 2784 1340 pedes
2819 1276 3034 1331 vestros,
3058 1263 3319 1319 Dominus
3361 1269 3410 1315 et
3438 1259 3721 1331 magister,
3768 1266 3830 1314 et

2226 1365 2453 1434 reliqua.
2496 1363 2768 1418 Discimus
2820 1360 2967 1414 enim
2993 1397 3011 1426 ,
3050 1357 3287 1422 fratres,
3333 1353 3701 1410 humilitatem
3753 1353 3829 1409 ab

2228 1456 2466 1521 excelso,
2493 1454 2758 1509 faciamus
2786 1452 3022 1507 invicem
3061 1446 3323 1512 humiles,
3354 1446 3501 1516 quod
3544 1443 3833 1500 humiliter

2228 1549 2359 1606 fecit
2406 1548 2677 1604 excelsus.
2723 1545 2835 1601 Nec
2859 1543 3176 1612 dedignetur
3202 1538 3350 1610 quod
3374 1538 3505 1594 fecit
3548 1536 3830 1604 Christus,

2230 1641 2410 1697 facere
2465 1637 2827 1694 Christianus.
2879 1632 3017 1688 Nam
3066 1631 3210 1703 quod
3268 1629 3402 1685 dicit
3445 1645 3459 1682 :
3512 1626 3833 1698 Examinat

2233 1734 2354 1788 dedi
2385 1732 2547 1796 vobis,
2574 1739 2632 1783 ut
2662 1725 3104 1800 quemadmodum
3155 1740 3249 1795 ego
3301 1721 3404 1792 feci
3447 1720 3618 1788 vobis,
3656 1721 3734 1774 ita
3782 1730 3833 1774 et

2237 1842 2325 1883 eos
2355 1824 2589 1896 faciatis,
2624 1820 2864 1877 ostendit
2902 1816 3083 1881 nobis,
3110 1821 3171 1869 ut
3197 1815 3244 1869 si
3289 1813 3413 1883 quis
3440 1811 3705 1867 adversus
3731 1810 3836 1865 ali-

2160 1919 2210 1980 B
2237 1936 2399 1992 quem
2428 1917 2596 1974 habet
2645 1912 2955 1985 querelam,
3004 1909 3148 1964 sicut
3178 1906 3445 1962 Dominus
3467 1905 3691 1961 donavit
3736 1920 3837 1959 no.

2238 2015 2343 2081 bis,
2372 2012 2449 2067 ita
2491 2017 2549 2065 et
2575 2023 2678 2064 nos
2709 2006 2963 2061 invicem.
2993 2002 3180 2072 Itaque
3210 2001 3370 2056 nobis
3414 1999 3613 2055 delicta
3662 2000 3835 2054 done-

2240 2120 2385 2172 mus,
2410 2111 2467 2159 et
2484 2110 2585 2173 pro
2615 2098 2820 2155 nostris
2859 2094 3072 2152 delictis
3100 2093 3334 2149 invicem
3361 2105 3604 2148 oremus;
3653 2089 3838 2160 Atque

2241 2197 2317 2251 ita
2364 2192 2764 2265 quodammodo
2815 2188 3047 2244 invicem
3094 2187 3260 2257 pedes
3308 2192 3528 2240 nostros
3567 2182 3838 2239 lavemus.

2241 2288 2502 2344 Nostrum
2549 2292 2653 2350 est,
2684 2283 2922 2338 donante
2966 2280 3117 2351 ipso,
3158 2276 3521 2332 ministerium
3548 2273 3845 2330 charitatis

2241 2391 2300 2439 et
2346 2379 2668 2437 humilitatis
2720 2376 3014 2441 adhibere,
3063 2371 3210 2445 illius
3248 2378 3367 2437 est,
3424 2368 3719 2435 exaudire,
3777 2381 3847 2423 ac

2245 2490 2348 2533 nos
2395 2477 2465 2531 ab
2513 2474 2661 2530 omni
2690 2478 3043 2542 peccatorum
3070 2465 3537 2523 containinstione
3571 2462 3843 2517 mundare

2243 2578 2343 2640 per
2386 2566 2665 2623 Christum
2704 2572 2761 2618 et
2807 2563 2865 2617 in
2916 2560 3175 2626 Christo,
3227 2566 3290 2614 ut
3332 2557 3479 2628 quod
3504 2554 3639 2627 aliis
3676 2555 3845 2611 etiam

2247 2660 2595 2724 remittimus,
2631 2657 2737 2713 hoc
2754 2662 2872 2721 est,
2905 2654 2964 2709 in
2987 2662 3132 2710 terra
3163 2650 3459 2716 solvimus,
3503 2647 3749 2704 solvatur
3784 2647 3843 2701 in

2248 2754 2405 2810 ccclo.

2319 2850 2507 2915 Amen,
2539 2861 2693 2902 amen
2738 2845 2858 2899 dico
2886 2841 3055 2907 vobis,
3086 2855 3195 2895 non
3229 2846 3307 2893 est
3342 2850 3522 2892 servus
3551 2834 3730 2902 maior
3754 2831 3849 2886 do.

2248 2942 2392 2997 mino
2417 2956 2536 3009 suo,
2566 2949 2624 2996 et
2674 2938 2905 3008 reliqua.
2959 2935 3072 2991 lloe
3115 2935 3237 2990 ideo
3268 2932 3429 2998 dixit,
3472 2929 3604 3001 quia
3639 2928 3850 2982 laverat

2250 3031 2640 3103 discipulorum
2661 3028 2828 3101 pedes
2855 3027 3115 3099 magister
3138 3022 3485 3089 humilitatis,
3508 3030 3567 3076 et
3596 3019 3769 3075 verbo
3793 3026 3849 3073 et

2253 3126 2526 3197 exemplo.

2178 3285 2224 3349 Ο
2256 3238 2609 3324 (Smaragdus
2630 3236 2712 3293 hic
2735 3234 2853 3308 plus
2880 3235 3034 3317 habet
3063 3244 3222 3307 quam
3247 3224 3592 3300 Evangeltum
3622 3224 3680 3279 in
3707 3236 3854 3279 creua

2333 3312 2539 3349 nmmm
2570 3324 2623 3349 οη
2672 3326 2724 3349 υ
2767 3307 3149 3349 ι-ηηιηιηωην-
3173 3316 3298 3349 unus
3326 3314 3549 3349 aureum
3598 3296 3778 3349 illum.
3806 3306 3854 3349 et

2324 3296 2541 3367 Domini
2570 3311 2624 3364 in
2668 3296 2746 3364 se.
2767 3296 3149 3377 complectitur,
3173 3316 3298 3357 nam
3326 3296 3549 3356 aureum
3598 3296 3778 3377 illurn,
3806 3306 3855 3349 et

2325 3383 2696 3451 suavissimum
2733 3369 2932 3435 Christi
2977 3369 3301 3443 sernwnem,
3351 3369 3856 3444 quenttevangelista

2326 3456 2559 3511 Joannes
2586 3453 2740 3506 habet
2763 3467 2879 3521 cap.
2915 3461 3167 3521 xmgtlv,
3200 3459 3437 3521 xv,x_\'i,
3468 3457 3601 3521 syri,
3638 3456 3856 3521 ceu-cq—

2325 3510 2514 3599 queam
2541 3510 2841 3599 contionein
2876 3537 2988 3599 qua
3018 3510 3258 3599 Christus
3287 3514 3397 3569 suis
3427 3510 3857 3599 valedicflusubf

2327 3581 2504 3661 nectit,
2533 3603 2583 3648 et
2612 3594 2767 3657 mira,
2795 3581 3063 3646 sed'clara
3087 3588 3333 3643 brevitate
3357 3600 3421 3640 ex
3444 3581 3755 3637 orthodoxis
3774 3583 3851 3651 ps‘

2334 3668 2524 3732 tribus,
2560 3665 2822 3735 exponit.)

2333 3779 2457 3835 Non
2481 3777 2546 3832 de
2570 3776 2813 3832 omnibus
2832 3774 2976 3829 vobis
3007 3773 3144 3839 dico,
3172 3787 3265 3844 ego
3293 3770 3406 3825 scio
3427 3782 3561 3840 quos
3587 3764 3855 3837 elegerint.

2260 3872 2445 3941 Quos?
2474 3871 2580 3927 nisi
2607 3880 2703 3925 eos
2727 3869 2822 3939 qui
2850 3867 2998 3924 beati
3031 3872 3213 3930 erunt,
3241 3862 3490 3919 faciendo
3516 3874 3639 3932 quae
3660 3870 3863 3930 pecce-

2258 3966 2360 4037 pit.
2387 3963 2506 4020 Non
2533 3970 2618 4019 est
2644 3978 2712 4018 ex
2734 3962 2817 4017 eis
2840 3961 2962 4027 iste,
2994 3958 3085 4029 qui
3109 3970 3306 4028 panem
3333 3954 3478 4009 illius
3523 3953 3604 4008 sic
3641 3950 3860 4016 edebat,

2262 4068 2323 4114 ut
2360 4072 2522 4128 super
2557 4071 2682 4111 eum
2714 4055 2924 4110 levaret
2965 4052 3299 4107 calcancum.
3349 4043 3864 4103 lllimanducabant

2261 4166 2461 4224 panem
2502 4150 2738 4215 Domini,
2780 4147 2868 4203 ille
2916 4152 3114 4217 panem
3167 4134 3382 4198 Domini
3426 4146 3623 4197 contra
3682 4136 3865 4192 Ditmi-

2263 4258 2437 4301 num:
2470 4242 2547 4297 illi
2583 4240 2773 4307 vitam,
2824 4239 2915 4294 ille
2956 4238 3193 4309 patiam.
3221 4233 3453 4300 Amodo,
3498 4231 3698 4302 inquit,
3745 4230 3864 4283 dice

2263 4338 2438 4403 vobis,
2467 4336 2774 4409 priusquam
2804 4333 2919 4403 fiat,
2943 4340 2999 4385 ut
3033 4329 3281 4394 credatis,
3304 4336 3424 4381 cum
3450 4326 3654 4395 factum
3685 4322 3864 4394 fuerit,

2265 4433 2390 4504 quia
2417 4447 2509 4502 ego
2538 4444 2654 4485 sum
2678 4429 2861 4503 (Joan.
2886 4424 3029 4498 xm).
3062 4424 3120 4480 id
3143 4430 3251 4490 est,
3282 4437 3383 4494 ego
3408 4430 3530 4477 sum
3552 4419 3644 4476 ille
3670 4420 3737 4476 de
3759 4431 3868 4489 quo

2271 4524 2554 4594 Scriptura
2580 4522 2877 4594 prazcessit,
2902 4519 2994 4575 ubi
3026 4518 3233 4573 dictum
3274 4523 3358 4571 est
3394 4530 3409 4569 :
3440 4513 3547 4580 Qui
3579 4511 3869 4567 inundauit

2272 4632 2460 4689 panem
2506 4632 2699 4681 meum,
2743 4613 2930 4668 levabit
2968 4624 3126 4681 super
3169 4620 3252 4665 me
3296 4607 3629 4664 calcaneum.
3662 4603 3871 4661 Deinde

2275 4709 2526 4779 sequitur
2550 4714 2605 4762 et
2639 4706 2771 4760 dicit
2803 4719 2818 4759 :

2348 4801 2535 4867 Amen,
2565 4813 2717 4853 amen
2745 4797 2862 4850 dico
2907 4796 3067 4861 vobis,
3113 4795 3203 4867 qui
3230 4794 3423 4866 accipit
3449 4802 3605 4858 eum,
3630 4790 3679 4845 si
3718 4796 3872 4860 quem

2277 4894 2489 4958 misero,
2531 4906 2612 4944 me
2638 4889 2846 4959 accipit.
2878 4886 2935 4942 ld
2966 4895 3073 4951 est,
3102 4886 3401 4941 secundum
3435 4883 3733 4939 hominem.
3766 4880 3874 4947 Qui

2280 4994 2454 5038 autem
2482 4998 2563 5035 me
2588 4980 2798 5050 accipit,
2847 4978 3039 5049 accipit
3083 4993 3201 5031 eum
3228 4977 3317 5047 qui
3345 4975 3487 5029 misit
3528 4986 3645 5038 me,
3694 4970 3751 5027 id
3790 4977 3876 5025 est

2280 5075 2375 5145 qui
2405 5072 2600 5142 accipit
2631 5086 2716 5126 me
2742 5072 3040 5126 secundum
3063 5070 3258 5135 Deum,
3284 5066 3485 5138 accipit
3504 5070 3633 5121 eum
3662 5063 3757 5135 qui
3790 5077 3877 5118 me

2283 5168 2451 5222 misit.
2478 5166 2570 5222 Sic
2592 5176 2828 5234 namque
2859 5164 3232 5232 unusquisque
3267 5174 3393 5215 eum
3423 5158 3517 5228 qui
3552 5164 3645 5213 est
3674 5157 3877 5211 missus

2285 5263 2537 5333 accipiat,
2575 5269 2632 5316 ut
2664 5261 2718 5315 in
2749 5259 2841 5313 illo
2878 5266 3003 5312 cum
3029 5258 3124 5327 qui
3160 5256 3309 5310 misit
3345 5254 3609 5309 attendat.
3643 5249 3705 5306 Si
3729 5250 3878 5304 enim

2284 5353 2534 5408 attendas
2563 5350 2840 5405 Christum
2871 5349 2926 5402 in
2962 5348 3148 5414 Petro,
3186 5345 3432 5402 invenies
3457 5341 3709 5413 discipuli
3734 5350 3879 5410 μηδι

2286 5454 2581 5515 ceptorem.
2622 5442 2680 5497 Si
2719 5452 2901 5498 autem
2939 5442 3192 5497 attendas
3243 5439 3463 5495 Patrem
3494 5437 3550 5492 in
3597 5435 3769 5513 Filio,
3805 5432 3885 5491 in-

2287 5539 2473 5594 venies
2494 5536 2758 5606 unigeniti
2782 5536 3105 5608 genitorem.
3134 5535 3214 5590 Ite
3233 5534 3317 5589 sic
3356 5534 3411 5588 in
3449 5544 3516 5587 eo
3542 5529 3636 5602 qui
3676 5528 3886 5584 missus

2287 5640 2391 5697 est,
2420 5632 2538 5687 sine
2562 5631 2670 5687 ullo
2706 5646 2895 5686 errore
2932 5630 3231 5699 accipimus
3260 5626 3588 5681 mittentem.

2359 5722 2493 5779 Cum
2517 5725 2629 5779 Iure
2659 5723 2876 5778 dixisset
2896 5722 3074 5786 Iesus,
3113 5718 3359 5774 turbatus
3390 5725 3467 5771 est
3495 5713 3707 5784 spiritu.
3741 5708 3885 5778 Quid

2289 5826 2373 5874 est
2409 5831 2559 5887 ergo,
2594 5815 2737 5884 quod
2779 5813 2871 5869 ille
2911 5814 3166 5870 turbatus
3211 5818 3337 5878 est,
3387 5806 3494 5863 nisi
3543 5804 3672 5876 quia
3729 5802 3887 5857 iutir-

2291 5924 2410 5966 [nos
2455 5909 2509 5964 in
2563 5921 2661 5964 suo
2697 5920 2949 5976 corpore,
2972 5906 3077 5963 hoc
3100 5911 3206 5977 est,
3239 5903 3299 5960 in
3326 5914 3426 5963 sua
3469 5895 3744 5964 130616833,
3769 5905 3888 5950 503
