4030 6522
315 477 426 538 906

1126 464 1646 535 COLLECTIONES
1679 475 1748 532 IN
1784 473 2167 534 EPISTOLAS
2201 476 2292 531 ET
2333 474 2747 534 EVANGELIA.

3473 476 3582 563 ξοδ

316 589 650 646 inﬁrmitatis
698 586 998 644 voluntaria
1048 586 1398 644 similitudine
1433 584 1745 644 consolatus
1784 594 1887 642 est.
1918 585 1973 648 Α
1994 581 2064 638 Et
2085 583 2250 661 Deus,
2274 584 2470 656 inquit,
2499 585 2823 655 clariﬁeatus
2842 597 2917 642 est
2943 587 3000 641 in
3039 602 3118 641 eo.
3147 586 3269 661 Ipsa
3293 588 3442 645 enim
3472 589 3583 646 cla-

317 680 543 749 Quando
588 681 858 747 turbatur,
888 679 981 751 qui
1020 695 1143 761 ‘non
1199 681 1512 761 turbaretur
1547 677 1653 735 nisi
1683 670 1893 747 volens,

317 787 442 828 eum
472 770 785 828 consolatur
807 771 899 841 qui
931 752 1183 826 turbatur
1211 778 1269 826 et
1295 752 1506 826 nolens.

385 844 716 937 Aspiciebant
742 838 864 934 ergo
895 854 1188 918 adinvicem
1217 852 1479 933 discipuli,
1509 854 1810 917 ltwsitantes
1832 838 1897 917 de

312 968 417 1024 quo
437 952 654 1020 diceret,
678 954 734 1010 et
757 952 985 1024 reliqua.
1019 950 1112 1008 Sic
1157 952 1358 1024 quippe
1404 953 1460 1008 in
1487 953 1567 1009 eis
1616 960 1737 1009 erat
1766 950 1897 1024 erga

312 1042 637 1127 magistrum
683 1050 840 1127 suum
882 1045 973 1127 pia
1026 1034 1286 1127 Charitas,
1332 1050 1392 1099 ut
1424 1042 1609 1100 tamen
1654 1042 1897 1127 eosha-

309 1112 475 1192 mana
509 1112 739 1192 alterum
788 1112 855 1193 de
882 1112 1054 1192 altero
1084 1114 1391 1192 stimularet
1419 1128 1727 1193 infirmitas.
1760 1118 1896 1193 Nota

308 1226 529 1296 quidem
557 1225 660 1282 sibi
682 1210 803 1282 erat
829 1223 1088 1297 cujusque
1116 1214 1470 1293 Conscientia,
1495 1222 1891 1293 verumtamen,

307 1318 433 1390 quia
468 1318 703 1390 proximi
729 1304 849 1375 erat
891 1319 1095 1392 igu‘sta,
1124 1319 1200 1375 ita
1238 1308 1340 1375 sibi
1367 1319 1614 1392 singulus
1661 1316 1894 1392 quisque

307 1422 491 1468 certus
514 1419 653 1479 erat,
684 1419 743 1467 ut
785 1410 979 1485 incerti
1020 1419 1222 1478 essent,
1247 1410 1301 1467 et
1322 1412 1538 1467 creteris
1570 1396 1787 1483 singuli,
1839 1413 1897 1468 et

308 1502 537 1574 singulis
560 1503 766 1559 exteri.
797 1478 934 1558 Erat
968 1519 1090 1574 ergo
1121 1500 1423 1557 recumbens
1456 1519 1592 1556 unus
1636 1518 1702 1557 ex
1734 1498 1897 1557 disci-

304 1598 443 1671 pulis
463 1598 577 1669 ejus
618 1599 677 1654 in
697 1598 817 1653 sinu
838 1582 987 1653 Iesu.
1035 1584 1138 1665 Qui
1164 1588 1300 1652 dixit
1327 1588 1381 1651 in
1414 1597 1555 1664 sinu,
1586 1596 1744 1669 paulo
1772 1607 1895 1669 post

307 1691 405 1757 ait,
459 1706 617 1762 super
644 1682 841 1761 pectus,
878 1687 995 1761 ipse
1024 1698 1107 1744 est
1142 1678 1409 1756 Joannes,
1463 1687 1618 1759 cujus
1670 1686 1752 1745 est
1791 1672 1895 1748 hoc

305 1782 676 1867 Evangelium.
702 1768 893 1853 itaque
930 1798 1055 1838 cum
1085 1772 1449 1849 recubuisset,
1473 1782 1549 1839 ait
1587 1782 1699 1851 ille,
1730 1776 1894 1855 supra
1932 1842 1937 1845 _

304 1886 495 1949 pectus
531 1872 681 1942 Jesu,
714 1876 809 1953 hic
847 1883 932 1932 est
954 1876 1142 1947 utique
1168 1877 1407 1948 pectoris
1431 1877 1582 1933 sinus
1613 1877 1893 1949 sapientiae

2002 672 2231 734 riﬁcatio
2258 666 2344 734 est
2378 668 2473 757 lilii
2508 674 2766 746 hominis,
2791 688 2851 735 ut
2890 679 3033 736 Deus
3063 666 3390 736 clariﬁcetur
3410 682 3466 738 in
3493 697 3580 741 eo.

2000 764 2070 822 Et
2102 764 2381 851 continuo,
2422 762 2638 841 inquit,
2685 769 2994 841 clariﬁcavt't
3032 768 3153 827 eum
3175 812 3192 841 ,
3232 765 3584 831 resurrectio-

1998 874 2124 916 nem
2167 840 2375 929 scilicet
2403 840 2557 919 suam
2580 902 2596 929 ,
2625 876 2734 917 non
2759 840 2901 918 sicut
2943 840 3187 921 nostram
3232 864 3288 921 in
3329 864 3439 924 ﬁne
3478 881 3582 923 ste-

1999 949 2136 1019 culi,
2180 928 2276 1009 sed
2302 944 2560 1010 continuo
2582 928 2589 929 ί
2608 944 2847 1009 futuram
2879 936 2984 1010 hac
3019 936 3369 1014 attestatione
3389 954 3587 1030 pradi-
3666 1011 3672 1017 .

1998 1058 2129 1100 cens
2142 1088 2149 1098 .

2069 1122 2277 1203 Filioli,
2302 1128 2475 1191 adhuc
2496 1130 2762 1191 modicum
2786 1130 3049 1192 vobiscum
3070 1134 3208 1192 sum.
3230 1116 3312 1195 Ne
3326 1134 3589 1212 putarent

1997 1228 2149 1299 ergo,
2181 1224 2324 1298 quod
2348 1224 2428 1283 sic
2453 1222 2577 1283 eum
2604 1226 3004 1284 clariﬁcaturu's
3032 1234 3179 1285 esset
3198 1226 3361 1298 Deus,
3390 1232 3588 1290 utnon

1996 1316 2077 1372 eis
2105 1308 2527 1395 coniungeretur
2551 1317 2781 1376 ulterius
2824 1333 2889 1375 ea
2924 1316 3339 1395 conversatione
3380 1319 3489 1395 qua
3530 1322 3589 1380 in

1998 1406 2147 1466 terra
2174 1416 2261 1467 est
2287 1428 2301 1464 :
2357 1390 2566 1481 Adhuc,
2593 1408 2791 1485 inquit,
2836 1404 3104 1469 modicum
3134 1390 3416 1470 vobiscum
3441 1433 3586 1486 sum,

1997 1502 2256 1574 tanquam
2278 1492 2481 1560 diceret
2499 1522 2512 1558 :
2533 1503 2803 1561 Continuo
2825 1489 3044 1576 quidem
3059 1502 3462 1562 resurrectione
3483 1504 3591 1563 cla-

1997 1584 2270 1665 riﬁcabor,
2288 1613 2398 1654 non
2432 1590 2614 1655 tamen
2638 1596 2896 1655 continuo
2922 1614 3251 1655 ascensurus
3287 1596 3342 1654 in
3363 1599 3589 1668 ctelum,

1997 1690 2093 1747 sed
2112 1688 2289 1746 adhuc
2310 1678 2585 1747 modicum
2613 1690 2892 1747 vobiscum
2922 1707 3064 1759 sum,
3098 1686 3241 1748 sicut
3268 1690 3415 1749 enim
3453 1690 3590 1747 Scri-

1995 1778 2147 1854 ptum
2173 1789 2257 1837 est
2291 1781 2347 1836 in
2373 1778 2587 1839 actibus
2612 1780 2999 1853 Apostolorum
3027 1781 3178 1855 (Cap.
3208 1770 3247 1857 i)
3267 1824 3283 1850 ,
3307 1776 3440 1840 fecit
3464 1799 3591 1841 cum

1998 1875 2077 1931 eis
2097 1883 2223 1948 post
2249 1870 2709 1933 resurrectionem
2738 1876 3101 1950 quadraginta
3132 1877 3267 1944 dies,
3300 1870 3512 1934 intrans
3531 1886 3590 1934 et

304 1977 593 2047 secretum,
623 1948 755 2026 dicit
776 1971 826 2026 ei
854 1990 868 2025 :
893 1970 1139 2039 Domine,
1158 1973 1275 2045 quis
1316 1973 1430 2027 est?
1454 1948 1753 2042 Respondit
1797 1952 1891 2028 ie-
1920 1958 1968 2018 B
1995 1968 2205 2036 exiens,
2234 1956 2571 2025 manducans
2604 1975 2661 2025 et
2704 1948 2928 2036 bibens,
2957 1948 3067 2025 non
3147 1948 3327 2024 uideni
3379 1952 3589 2026 habens

304 2079 400 2117 sus
432 2062 571 2117 :Ille
617 2073 692 2117 est
719 2065 805 2117 cui
842 2052 1127 2117 intinctam
1177 2081 1367 2117 nauem
1414 2081 1730 2117 norrexero:
1770 2081 1891 2117 cum
1993 2059 2267 2117 esuriendi
2307 2076 2370 2117 ac
2414 2046 2632 2117 sitiendi
2677 2066 2999 2117 egestatem.
3044 1986 3144 2117 sed
3173 2058 3346 2117 usque
3384 2054 3453 2116 ad
3483 2058 3589 2117 ista

303 2079 400 2120 sus
432 2062 571 2118 :Ille
617 2073 692 2118 est
719 2065 805 2119 cui
842 2052 1127 2119 intinctam
1177 2081 1367 2135 panem
1414 2081 1730 2136 porrexero;
1770 2081 1891 2120 cum

302 2155 598 2211 intinxisset
632 2172 844 2228 panem,
874 2155 1018 2235 dedit
1043 2155 1203 2211 Iuda:
1227 2170 1247 2209 :
1269 2164 1395 2227 post
1418 2171 1616 2228 panem
1644 2155 1896 2235 introivit

300 2245 360 2302 in
403 2246 557 2303 illum
605 2245 855 2303 Satanas.
909 2232 1213 2318 Expressus
1257 2256 1342 2303 est
1376 2247 1629 2316 traditor,
1677 2232 1895 2303 nudata:

300 2345 429 2393 sunt
466 2337 691 2394 latebra:
730 2338 1098 2394 tenebrarum.
1123 2338 1334 2394 Bonum
1361 2346 1449 2394 est
1489 2338 1630 2409 quod
1662 2340 1892 2411 accepit,

299 2432 400 2488 sed
455 2433 598 2487 malo
647 2448 746 2488 suo
787 2433 1031 2502 accepit,
1091 2432 1223 2504 quia
1277 2433 1420 2515 male
1474 2434 1677 2489 bonum
1723 2434 1897 2490 malus

301 2524 534 2593 accepit.
565 2523 707 2592 Quid
734 2532 854 2580 erat
883 2532 1066 2579 autem
1092 2524 1251 2597 panis
1282 2524 1533 2582 tradituri
1561 2527 1717 2583 datus
1737 2568 1752 2593 ,
1790 2526 1897 2582 nisi

299 2611 695 2669 demonstratio
738 2613 837 2685 cui
879 2614 1067 2685 gratia:
1094 2613 1294 2670 fuisset
1340 2615 1623 2686 ingratus?
1667 2616 1898 2671 intravit

296 2719 435 2776 ergo
485 2705 692 2761 homini
735 2706 950 2779 ingrato
998 2707 1157 2777 panis
1189 2708 1248 2763 in
1279 2717 1559 2777 ventrem,
1618 2710 1791 2766 hostis
1837 2711 1895 2766 in

298 2804 559 2852 mentem.
612 2796 681 2853 Et
726 2797 859 2853 dicit
885 2797 936 2854 ei
968 2795 1128 2854 Jesus
1157 2812 1172 2853 :
1206 2797 1362 2866 Quod
1395 2800 1529 2873 facis
1575 2801 1663 2873 [ac
1714 2803 1890 2858 citius.

298 2885 418 2942 Non
460 2888 722 2960 praecepit
749 2878 993 2958 facinus,
1044 2890 1141 2946 sed
1184 2891 1435 2961 praedixit
1468 2890 1620 2947 Judae
1663 2892 1891 2968 malum,

299 2978 460 3034 nobis
511 2979 736 3047 bonum,
787 2995 897 3036 non
947 2991 1058 3037 tam
1107 2980 1166 3037 in
1208 2983 1505 3055 perniciem
1543 2983 1736 3056 perﬁdi
1794 2999 1894 3041 sa:-

298 3069 518 3138 vicndo,
569 3086 734 3141 quam
764 3072 832 3128 ad
870 3072 1103 3130 salutem
1146 3072 1386 3129 ﬁdelium
1438 3072 1764 3142 festinando,
1803 3072 1895 3131 ille

298 3165 496 3235 agebat
535 3166 812 3239 negotium
859 3181 974 3225 sua:
1021 3167 1367 3237 venditionis,
1414 3169 1520 3226 iste
1568 3177 1770 3227 nostra:
1808 3184 1895 3225 re-

296 3254 646 3329 demptionis.

374 3320 507 3404 Hac
536 3359 711 3406 autem
757 3367 908 3407 nemo
952 3351 1104 3409 scivit
1153 3344 1613 3419 discumbentium,
1660 3352 1732 3407 ad
1758 3352 1887 3424 quid
1919 3320 1964 3384 Ο

297 3439 495 3495 dia-erit
521 3441 590 3509 ei,
615 3441 837 3516 quidam
882 3443 1023 3499 enim
1048 3442 1305 3514 putabant
1321 3485 1337 3511 ,
1364 3444 1506 3515 quod
1555 3442 1756 3499 loculos
1795 3443 1891 3498 Ita-

298 3530 483 3599 bebat,
518 3540 626 3589 etc.
652 3533 827 3590 Habet
844 3549 975 3607 ergo
993 3542 1052 3591 et
1083 3534 1343 3591 Dominus
1369 3533 1595 3601 loculos,
1617 3542 1673 3590 et
1701 3550 1734 3589 a
1762 3533 1893 3590 ﬁde-

298 3625 446 3682 libus
476 3626 656 3683 oblata
677 3643 1027 3697 conservans,
1049 3638 1106 3685 et
1132 3645 1355 3685 suorum
1376 3628 1811 3695 necessitatibus,
1838 3634 1894 3683 et

299 3718 425 3777 aliis
453 3719 820 3793 indigentibus
854 3722 1150 3779 tribuebat.
1198 3723 1352 3780 Tunc
1398 3724 1617 3794 quidem
1651 3724 1891 3795 primum

296 3814 696 3874 Ecclesiastica:
722 3818 967 3890 pecuniae
1003 3817 1181 3875 forma
1224 3827 1309 3875 est
1360 3820 1626 3885 instituta,
1661 3819 1753 3875 ubi
1803 3818 1892 3873 in-

299 3906 692 3980 telligeremus,
723 3912 869 3981 quod
892 3912 1183 3983 praecepit,
1215 3928 1324 3968 non
1377 3911 1724 3985 cogitandum
1770 3924 1893 3966 esse

298 3998 370 4055 de
397 4000 660 4070 crastino,
690 4017 800 4058 non
829 4003 898 4059 ad
941 4003 1046 4058 hoc
1081 4001 1253 4060 fuisse
1279 4012 1633 4075 praeceptum,
1670 4009 1731 4057 ut
1757 4001 1892 4057 nihil

294 4095 548 4166 pecuniae
602 4104 912 4152 servaretur
941 4113 973 4152 a
1002 4100 1225 4165 sanctis,
1263 4098 1359 4153 sed
1403 4112 1471 4152 ne
1500 4097 1612 4152 Deo
1655 4110 1757 4168 pro
1785 4096 1892 4151 ista

294 4190 607 4256 serviatur,
647 4198 704 4245 et
746 4199 969 4263 propter
1004 4192 1199 4263 inopiae
1250 4194 1502 4247 timorem
1539 4189 1754 4258 justitia
1798 4188 1894 4244 de-

297 4289 539 4340 seratur.
568 4280 706 4337 Nam
755 4295 880 4338 cum
930 4284 1230 4353 accepisset
1268 4283 1357 4339 ille
1402 4283 1719 4348 buccellam,
1760 4282 1895 4338 exiit

298 4373 601 4440 continuo,
656 4380 779 4430 erat
832 4388 962 4430 nox.
1000 4373 1138 4431 Cum
1185 4390 1318 4448 ergo
1364 4374 1579 4441 exiret,
1635 4389 1763 4429 mox
1817 4373 1895 4428 ait

299 4464 463 4523 Jesus
495 4484 509 4521 :
1380 4534 1381 4537 η

379 4557 535 4613 Nunc
564 4557 891 4629 clariﬁcatus
915 4568 991 4616 est
1015 4559 1159 4630 ﬁlius
1186 4559 1432 4614 hominis.
1466 4558 1591 4614 Dies
1632 4572 1764 4633 ergo
1789 4556 1894 4613 diei

1993 2059 2267 2117 esuriendi
2307 2076 2370 2141 ac
2414 2046 2632 2117 sitiendi
2677 2066 2999 2132 egestatem,
3044 2046 3139 2117 sed
3173 2058 3346 2131 usque
3384 2054 3453 2116 ad
3483 2058 3591 2117 ista

1994 2152 2177 2209 carnis
2223 2146 2508 2209 insinuans
2532 2152 2844 2220 veritatem,
2876 2168 2997 2224 qua:
3032 2152 3251 2209 cibandi
3279 2168 3344 2209 ac
3364 2146 3589 2222 potandi

1988 2246 2104 2319 jam
2145 2262 2256 2303 non
2284 2226 2521 2303 habebat
2544 2244 2951 2316 necessitatem,
2978 2228 3089 2311 sed,
3105 2238 3449 2318 potestatem.
3478 2230 3591 2303 Hos

1995 2318 2125 2411 ergo
2170 2338 2527 2411 quadraginta
2572 2318 2690 2394 dies
2738 2330 3067 2410 signiﬁcavit
3104 2330 3334 2394 dieendo
3361 2352 3375 2391 :
3403 2326 3591 2393 Adhuc

1997 2427 2261 2481 modicum
2312 2414 2575 2482 vobiscum
2604 2430 2745 2493 sum,
2794 2443 2864 2482 an
2919 2418 3067 2483 aliud
3107 2426 3349 2497 aliqtlid?
3400 2415 3587 2483 Potest

1997 2518 2143 2573 enim
2173 2525 2229 2574 et
2257 2517 2340 2573 sic
2367 2498 2616 2591 intelligi,
2644 2516 2823 2573 adhuc
2844 2500 3117 2573 modicum
3138 2516 3418 2574 vobiscum
3446 2520 3586 2573 sum.

1994 2594 2190 2666 Adhuc
2237 2609 2379 2666 sicut
2406 2625 2503 2665 vos
2550 2602 2607 2664 in
2654 2594 2760 2666 hac
2817 2596 3139 2665 inﬁrmitate
3188 2600 3370 2666 carnis
3424 2608 3593 2666 etiam

1994 2703 2115 2774 ipse
2134 2718 2273 2769 sum,
2290 2702 2464 2759 donec
2491 2698 2701 2760 scilicet
2726 2700 3038 2759 moreretur
3059 2711 3226 2775 atque
3255 2694 3588 2777 resurgeret,

1995 2796 2124 2866 quia
2171 2802 2528 2867 posteaquam
2569 2788 2894 2862 resurrexit,
2929 2810 3055 2851 cum
3096 2793 3205 2852 illis
3246 2792 3466 2867 quidem
3490 2786 3597 2853 fuit

1996 2888 2211 2969 diebus,
2237 2897 2298 2945 ut
2322 2889 2529 2945 dictum
2551 2876 2637 2946 est
2656 2929 2672 2956 ,
2702 2882 3068 2969 quadraginta
3109 2886 3448 2969 exhibitiOne
3475 2904 3595 2947 cor-

1993 2964 2199 3061 poralis
2234 2982 2561 3065 praesentiae,
2592 2970 2688 3037 sed
2730 2995 2841 3038 non
2869 2974 2996 3037 cum
3036 2964 3146 3036 illis
3170 2966 3277 3035 luit
3314 2979 3595 3039 consortio

1995 3073 2333 3131 inﬁrmitatis
2354 3074 2626 3133 humanm.

2069 3166 2319 3234 Quaeritis
2341 3183 2442 3235 me,
2474 3156 2525 3222 et
2572 3156 2709 3222 sicut
2732 3164 2846 3223 dixi
2872 3150 3102 3234 ludatis,
3140 3168 3244 3237 quo
3283 3182 3377 3239 ego
3422 3164 3554 3222 vado
3576 3208 3593 3235 ,

1996 3276 2084 3315 vos
2122 3275 2229 3315 non
2252 3260 2465 3330 potestis
2498 3259 2687 3325 venire,
2714 3268 2764 3315 et
2812 3258 2955 3315 vobis
2982 3246 3102 3313 dico
3144 3256 3322 3314 modo.
3348 3240 3464 3316 Hoc
3487 3266 3593 3328 est,

1995 3349 2158 3407 modo
2185 3366 2294 3406 non
2340 3350 2591 3422 potestis.
2623 3349 2720 3406 isti
2746 3346 2934 3420 itaque
2981 3350 3091 3406 ndn
3119 3356 3376 3422 poterant
3408 3351 3598 3407 venire

1993 3448 2126 3496 tunc
2148 3455 2257 3512 quo
2302 3424 2393 3496 ille
2419 3441 2554 3509 ibat,
2585 3438 2683 3497 sed
2731 3434 2991 3513 poterant
3034 3449 3247 3512 postea.
3278 3436 3397 3498 Non
3426 3442 3596 3515 igitur

1993 3532 2173 3590 adhuc
2215 3532 2396 3589 minus
2433 3524 2613 3589 idonei
2660 3541 2819 3590 erant
2855 3533 3009 3605 sequi
3047 3514 3360 3605 Dominum,
3390 3552 3594 3609 eosque

1993 3618 2215 3692 docens,
2254 3610 2524 3713 quomodo
2555 3622 2734 3681 idonei
2776 3641 2900 3682 esse
2943 3618 3168 3699 possent
3203 3628 3455 3702 pergere,
3485 3646 3593 3701 quo

1994 3716 2084 3773 ille
2106 3708 2495 3773 antecedebat:
2515 3715 2855 3786 Mandatum,
2884 3708 3080 3789 inquit,
3116 3724 3306 3775 novum
3336 3719 3404 3776 do
3430 3720 3591 3789 vobis,

1993 3817 2051 3865 ut
2070 3808 2306 3881 diligatis
2332 3809 2576 3891 invicem,
2608 3810 2746 3864 sicut
2794 3809 2959 3865 dilexi
2984 3828 3094 3891 vos,
3121 3811 3177 3867 hi
3218 3814 3346 3868 sunt
3375 3810 3596 3884 gressus

1994 3902 2191 3973 quibus
2219 3888 2529 3975 sequendus
2553 3911 2637 3959 est
2664 3890 2937 3961 Christus.
2978 3888 3207 3961 Dilectio
3237 3898 3343 3961 ista
3382 3898 3484 3962 nos
3510 3906 3597 3962 in-

1994 4000 2179 4063 novat,
2214 4007 2275 4053 ut
2301 3998 2473 4055 simus
2508 3998 2757 4056 homines
2796 3996 2954 4068 novi,
2985 3982 3230 4057 hzeredes
3260 3992 3594 4068 testamenti,

1994 4088 2122 4144 novi
2149 4098 2457 4147 cantatores
2488 4091 2686 4147 cantici
2717 4091 2862 4148 novi.

2066 4182 2209 4238 Dicit
2232 4183 2281 4237 ei
2305 4181 2493 4238 Simon
2516 4172 2710 4239 Petrus
2733 4198 2754 4238 .°
2770 4174 3015 4252 Domine,
3043 4184 3146 4257 quo
3165 4182 3334 4253 vadis,
3358 4193 3466 4242 etc.
3503 4184 3598 4243 Sic

1994 4274 2184 4345 utique
2221 4275 2325 4331 hoc
2367 4275 2504 4331 dixit
2561 4275 2821 4348 magistro
2881 4268 3198 4349 discipulus,
3258 4287 3314 4335 et
3360 4278 3593 4337 Domino

1996 4384 2210 4449 servus,
2244 4378 2501 4451 tanquam
2554 4371 2708 4441 sequi
2754 4381 3001 4443 paratus,
3049 4385 3337 4445 propterea
3388 4358 3594 4448 quippe

1995 4460 2276 4530 Dominus,
2300 4464 2392 4535 qui
2429 4464 2546 4536 ejus
2571 4465 2813 4537 animum
2841 4466 2996 4533 vidit,
3026 4481 3195 4537 quare
3226 4467 3331 4524 hoc
3357 4467 3595 4525 interro-

1992 4556 2223 4628 gaverit,
2248 4557 2331 4613 sic
2352 4557 2404 4613 ei
2426 4536 2709 4641 respondit
2742 4577 2754 4613 :
2784 4556 2901 4625 Quo
2927 4576 3019 4631 ego
3044 4536 3180 4615 vado
3211 4577 3316 4617 non
3335 4570 3482 4632 potes
3508 4578 3593 4618 me

300 4648 828 4749 eructavitverbum,
846 4650 901 4705 id
920 4659 1022 4716 est,
1052 4649 1300 4706 Christus
1321 4648 1600 4721 discipulis
1622 4647 1893 4714 ﬁdelibus,
1918 4688 1973 4749 Β
1996 4649 2143 4722 sequi
2173 4648 2361 4729 modo.
2396 4648 2537 4717 Quid
2583 4649 2830 4719 festinas,
2856 4651 3049 4735 Petre?
3098 4650 3347 4708 Nondum
3406 4661 3459 4709 te
3493 4669 3596 4711 suo

302 4745 365 4793 ut
394 4738 643 4794 audirent
670 4755 795 4795 eum
828 4748 883 4797 et
916 4748 1161 4796 amarent
1188 4741 1483 4811 sequendo.
1514 4740 1582 4795 Et
1611 4755 1721 4795 nox
1747 4740 1893 4795 nocti

302 4830 648 4886 annuntiavit
674 4832 979 4899 scientiam,
1010 4832 1063 4889 id
1106 4841 1208 4899 est,
1246 4833 1413 4889 ludas
1442 4832 1642 4889 Judazis
1666 4832 1897 4891 inﬁdeli-

300 4922 428 4988 bus,
465 4930 524 4977 ut
554 4922 807 4980 venirent
842 4924 912 4979 ad
939 4939 1066 4979 eum
1116 4933 1171 4980 et
1197 4925 1664 4998 apprehenderent
1712 4938 1900 4981 uerse—

301 5014 540 5087 quendo.

381 5106 559 5177 Nunc,
598 5107 795 5181 inquit,
823 5107 1144 5179 clariﬁcatus
1171 5117 1249 5164 est
1270 5108 1416 5180 ﬁlius
1448 5108 1697 5164 hominis.
1729 5108 1901 5165 Video

305 5203 398 5262 hic
416 5204 618 5276 aliquid
646 5205 790 5275 quod
811 5204 1121 5277 praeﬁguret
1143 5221 1421 5276 magnum.
1454 5204 1600 5258 Exiit
1624 5201 1812 5269 Judas,
1839 5210 1894 5258 et

302 5295 637 5352 clariﬁcatus
662 5305 746 5354 est
769 5294 926 5354 Jesus
947 5312 963 5353 :
986 5298 1122 5352 exiit
1142 5296 1285 5352 ﬁlius
1306 5296 1648 5368 perditionis,
1664 5302 1719 5350 et
1732 5294 1892 5363 clari-

304 5386 501 5443 ﬁcatus
529 5398 613 5443 est
640 5388 784 5444 ﬁlius
802 5388 1055 5444 hominis.
1082 5388 1173 5443 Ille
1199 5388 1397 5459 quippe
1426 5387 1656 5452 exierat,
1674 5395 1897 5457 propter

305 5493 471 5550 quem
502 5479 705 5535 dictum
728 5480 809 5535 eis
854 5488 1002 5545 erat,
1032 5488 1089 5535 et
1113 5494 1212 5535 vos
1239 5480 1423 5557 mundi
1469 5479 1623 5545 estis,
1664 5478 1758 5535 sed
1787 5495 1895 5535 non

305 5586 521 5629 omnes.
550 5571 793 5628 Exeunte
826 5572 1011 5643 itaque
1040 5571 1341 5641 immundo,
1367 5587 1557 5629 omnes
1595 5573 1781 5628 mundi
1812 5587 1897 5627 re-

307 5674 647 5731 manserunt,
670 5672 726 5720 et
768 5679 894 5721 cum
916 5679 1017 5721 suo
1046 5663 1370 5719 mundatore
1402 5672 1736 5719 manserunt.
1768 5663 1898 5719 Tale

308 5755 515 5826 aliquid
529 5756 656 5825 erit,
677 5770 803 5814 cum
823 5756 998 5811 victus
1028 5771 1061 5810 a
1087 5753 1308 5833 Christo
1333 5757 1611 5811 transierit
1631 5756 1731 5812 hic.
1750 5771 1899 5811 mun-

311 5846 435 5916 dus,
456 5853 697 5905 etnemo
736 5846 793 5904 in
837 5847 1037 5920 p0pulo
1083 5845 1291 5903 Christi
1329 5847 1634 5903 remanebit
1674 5847 1901 5904 immun-

311 5942 417 6003 dus
485 5942 583 6002 sed
618 5941 871 6002 sicut-sol
913 5942 1194 6017 fulgebunt
1241 5942 1297 5999 in
1351 5957 1517 6016 regno
1557 5942 1735 6001 Patris
1778 5943 1898 6002 sui:

2004 4741 2198 4813 spiritu
2232 4724 2487 4797 solidavit
2515 4751 2691 4812 petra,
2719 4743 2829 4799 noli
2854 4722 3040 4799 extolli
3062 4745 3594 4815 praesumendomon

2002 4842 2159 4905 potes
2187 4834 2379 4901 modo,
2414 4833 2523 4889 noli
2571 4831 2732 4903 dejici
2761 4834 3121 4906 desperando,
3150 4837 3397 4908 sequeris
3442 4846 3596 4911 post-

2006 4942 2090 4983 ea.
2137 4926 2206 4982 Et
2250 4926 2442 4982 Petrus
2475 4945 2488 4980 :
2522 4925 2700 4992 Quare
2745 4924 2793 4983 te
2829 4945 2932 4983 non
2958 4945 3170 5013 possum
3204 4929 3351 5002 sequi
3391 4928 3593 4985 modo?
3664 4971 3668 4974 .
3757 4918 3763 4923 ⁷

2006 5018 2241 5073 animam
2287 5034 2457 5072 meam
2501 5034 2597 5089 pro
2624 5028 2672 5072 te
2714 5036 2926 5090 ponam.
2954 5020 3022 5076 Et
3047 5020 3308 5078 Dominus
3343 5020 3355 5076 Ξ
3386 5020 3553 5077 Amen
3575 5059 3593 5087 ,

2008 5126 2163 5164 amen
2204 5109 2323 5163 dico
2369 5109 2495 5175 tibi,
2548 5126 2654 5165 non
2700 5111 2932 5168 cantabit
2974 5112 3147 5185 gallus
3200 5100 3365 5169 donec
3393 5122 3471 5167 ter
3510 5126 3594 5165 me

2000 5216 2171 5272 neges.
2217 5199 2356 5255 Ecce
2390 5201 2661 5271 quomodo
2698 5202 2797 5257 tibi
2828 5203 2935 5259 cito
2984 5188 3292 5275 apparebis,
3342 5202 3437 5273 qui
3473 5216 3592 5257 ma-

2001 5307 2104 5363 gna
2152 5291 2424 5362 loqueris,
2482 5302 2537 5348 et
2602 5300 2654 5349 te
2704 5278 2991 5366 parvulum
3040 5297 3257 5363 nescis,
3300 5294 3393 5364 qui
3455 5293 3593 5350 mihi

2000 5386 2273 5465 promittis
2323 5395 2553 5443 mortem
2600 5396 2767 5456 tuam,
2818 5398 2901 5445 ter
2935 5374 3160 5462 negabis
3198 5388 3365 5443 vitam
3413 5394 3585 5442 tuam.

2074 5477 2199 5533 Non
2232 5477 2471 5533 turbetur
2496 5496 2589 5534 cor
2618 5482 2862 5548 vestrum,
2894 5482 3087 5536 credite
3133 5480 3190 5534 in
3238 5477 3446 5548 Deum,
3479 5488 3590 5538 etc.

2002 5567 2080 5623 Ne
2108 5578 2341 5625 mortem
2366 5578 2623 5645 tanquam
2652 5554 2898 5628 homines
2935 5556 3211 5639 timerent,
3249 5579 3305 5628 et
3332 5572 3457 5631 ideo
3479 5581 3596 5632 tur-

2002 5664 2284 5731 barentur,
2308 5666 2620 5722 consolatur
2656 5683 2770 5734 eos,
2803 5668 2963 5723 etiam
2988 5666 3170 5721 “Deum
3202 5682 3261 5725 se
3291 5682 3413 5728 esse
3462 5685 3596 5727 con-

2010 5767 2239 5816 testans.
2269 5761 2498 5819 Mortem
2524 5761 2795 5818 metuistis
2818 5761 2945 5816 huic
2966 5759 3155 5817 formae
3179 5764 3341 5831 servi,
3359 5780 3469 5822 non
3482 5764 3595 5821 tur-

2006 5852 2167 5908 betur
2193 5869 2289 5912 cor
2309 5863 2577 5919 vestrum,
2607 5850 2892 5908 suscitabit
2922 5852 3066 5909 illam
3111 5852 3286 5912 forma
3315 5840 3432 5913 Dei.
3491 5854 3596 5913 Sed

2009 5945 2140 6017 quid
2164 5954 2249 6002 est
2273 5947 2417 6016 quod
2444 5945 2691 6016 sequitur
2724 5962 2737 6001 :
2764 5943 2833 6000 In
2858 5944 3014 6002 domo
3042 5948 3207 6019 patris
3234 5947 3575 6030 meimansio-
