4030 6462
314 370 424 431 209

1142 367 1656 429 COLLECTIONES
1691 367 1757 424 IN
1799 367 2186 424 EPISTOLAS
2223 367 2314 424 ET
2353 366 2770 426 EVANGELIA.

3485 377 3592 436 MO

316 490 484 548 vobis.
508 488 680 544 Datur
719 472 921 560 quippe
961 495 1020 542 ut
1037 487 1108 542 sit
1127 495 1183 541 et
1202 487 1259 541 in
1281 485 1456 542 vobis.
1499 482 1609 540 Sed
1633 482 1808 539 videri
1849 489 1905 537 et
1929 483 1984 546 Α
2007 495 2038 535 a
2085 495 2193 551 quo
2221 480 2385 537 habet
2430 481 2534 537 hoc
2571 483 2769 553 ipsum,
2807 483 2952 554 quod
2972 481 3049 539 illi
3090 495 3176 543 est
3217 485 3592 550 indiderenter

319 583 471 649 Sciri,
505 582 958 654 quemadmodum
996 582 1260 638 videndus
1284 589 1339 635 et
1357 580 1608 638 sciendus
1647 587 1751 644 est,
1794 573 1919 634 non'

315 683 501 750 potest
527 691 558 730 a
581 675 756 738 nobis,
783 675 829 730 si
859 689 966 730 non
989 675 1058 730 sit
1082 675 1137 729 in
1152 674 1327 730 nobis.

381 770 506 826 Non
544 769 833 841 relinquam
862 786 950 824 vos
980 770 1260 841 orpltanos,
1285 776 1390 824 etc.
1433 767 1564 823 Post
1587 764 1905 838 promissio-

315 878 442 919 nem
467 860 706 932 Spiritus
730 859 905 916 sancti
949 876 1018 916 ne
1054 862 1176 932 quis
1222 868 1461 932 putaret,
1509 860 1654 932 quod
1675 861 1749 914 ita
1777 874 1902 915 eum

314 955 578 1012 Dominus
617 955 845 1010 daturus
884 953 1082 1020 fuerat,
1128 955 1278 1010 velut
1310 970 1411 1026 pro
1446 957 1644 1026 seipse,
1687 962 1747 1008 ut
1794 969 1904 1008 non

300 1057 370 1108 ait
397 1050 512 1119 ipse
559 1063 681 1104 cum
703 1049 784 1103 eis
831 1057 978 1103 esset
1014 1046 1251 1112 futurus,
1299 1047 1541 1117 adjecit:
1580 1046 1705 1102 Non
1746 1045 1904 1100 relin-

310 1160 470 1215 quam
511 1160 600 1198 vos
653 1141 933 1212 orphanos.
985 1141 1245 1209 Quamvis
1282 1157 1412 1213 ergo
1450 1157 1551 1196 nos
1600 1140 1744 1195 ﬁlius
1807 1137 1902 1194 Dei

253 1265 260 1268 —
311 1251 414 1291 suo
442 1235 584 1306 patri
623 1234 962 1304 adoptaverit
999 1233 1160 1299 ﬁlios,
1197 1242 1253 1289 et
1270 1235 1521 1289 eumdem
1554 1241 1768 1304 patrem
1800 1246 1902 1287 nos

309 1328 544 1383 voluerit
595 1327 796 1381 habere
843 1340 942 1397 per
985 1327 1241 1397 gratiam,
1306 1326 1397 1396 qui
1446 1325 1563 1396 ejus
1600 1334 1758 1395 pater
1796 1331 1897 1390 est,

307 1434 410 1489 per
436 1427 686 1473 naturam
718 1426 898 1472 tamen
941 1417 1106 1471 etiam
1141 1418 1256 1488 ipse
1277 1432 1407 1488 erga
1453 1431 1553 1470 nos
1609 1424 1897 1486 paternum

309 1511 710 1582 quodammodo
733 1511 1074 1566 demonstrat
1097 1510 1370 1576 affectum,
1419 1525 1543 1564 cum
1566 1508 1702 1564 dicit
1727 1529 1738 1563 :
1776 1508 1900 1564 Non

310 1604 603 1676 relinquam
659 1621 746 1658 vos
786 1604 1066 1675 orpltanos.
1111 1603 1316 1658 Deinde
1362 1601 1610 1672 sequitur
1654 1620 1667 1655 :
1715 1600 1900 1656 Adhuc

309 1697 572 1750 modicum
603 1706 649 1749 et
683 1695 911 1749 mundus
951 1711 1032 1749 me
1062 1697 1181 1766 jam
1232 1712 1338 1750 non
1378 1695 1539 1760 videt,
1593 1710 1680 1748 vos
1724 1702 1900 1747 autem

307 1789 494 1844 videtis
533 1806 636 1854 me,
677 1790 802 1860 quia
828 1805 920 1860 ego
952 1790 1062 1843 vivo
1093 1798 1140 1843 et
1169 1806 1256 1843 vos
1279 1789 1475 1843 vivetis.
1521 1786 1660 1854 Quid
1692 1788 1901 1842 esthoc

2004 575 2247 644 aequalis.
2283 574 2403 630 Non
2446 575 2730 644 miremur,
2755 592 2863 632 non
2886 592 3203 649 paveamus,
3249 595 3358 636 non
3379 593 3466 640 est
3489 587 3592 642 mi-

2002 683 2107 724 nor
2158 675 2333 740 patre,
2379 670 2474 724 sed
2529 685 2638 725 non
2661 679 2764 738 est,
2815 671 2923 727 nisi
2961 681 3190 743 apatre,
3236 689 3345 730 non
3401 677 3594 748 utique

2005 777 2193 827 suum,
2246 761 2340 816 sed
2385 762 2559 832 patris
2601 764 2988 830 estverbum,
3029 766 3298 835 quomodo
3338 782 3442 823 nec
3494 783 3594 825 sua

2005 853 2202 924 imago,
2229 853 2324 909 sed
2376 853 2578 923 patris,
2637 869 2742 908 nec
2785 869 2915 910 suus
2953 855 3099 913 ﬁlius
3137 858 3280 914 idem
3309 859 3446 929 ipse,
3495 859 3594 916 sed

2003 949 2194 1019 patris.
2290 971 2293 974 ι

2078 1037 2209 1093 Herc
2231 1038 2435 1093 loculus
2461 1056 2576 1093 sum
2601 1040 2742 1095 vobis
2762 1041 2905 1112 apud
2925 1057 3014 1096 vos
3036 1060 3274 1111 manens,
3289 1053 3346 1101 et
3358 1046 3590 1119 reliqua.

2002 1129 2159 1202 Apud
2189 1146 2285 1187 vos
2338 1145 2587 1198 manens,
2616 1132 2802 1201 utique
2841 1135 3132 1202 praesentia
3163 1137 3451 1206 corporali,
3486 1154 3594 1210 qua

2003 1238 2128 1278 cum
2181 1221 2289 1276 illis
2337 1222 2570 1277 visibilis
2626 1222 2983 1292 loquebatur:
3018 1221 3328 1280 Paracletus
3389 1237 3591 1297 autem,

2003 1314 2198 1385 inquit,
2232 1315 2450 1385 spiritus
2479 1325 2714 1382 sanctus,
2758 1332 2911 1387 quem
2934 1316 3117 1373 mittet.
3136 1327 3286 1387 pater
3305 1319 3360 1372 in
3386 1322 3596 1376 nomine

2002 1423 2136 1471 meo,
2171 1405 2261 1460 ille
2296 1423 2386 1460 vos
2425 1407 2624 1462 docebit
2655 1409 2850 1462 omnia.
2882 1407 3016 1463 Nam
3051 1409 3286 1477 quando,
3320 1409 3406 1463 vel
3433 1425 3596 1480 quem

2003 1497 2229 1568 spiritus
2261 1505 2486 1553 sanctus
2507 1498 2687 1564 docet,
2717 1499 2936 1554 trinitas
2979 1498 3093 1569 ipsa
3125 1499 3302 1566 docet,
3341 1500 3438 1556 sed
3460 1517 3597 1572 quo-

2002 1591 2150 1645 niam
2174 1591 2394 1646 trinitas
2437 1600 2542 1658 est,
2574 1591 2864 1661 oportebat
2889 1591 3006 1661 ejus
3035 1593 3275 1664 singulas
3315 1594 3598 1652 insinuare

2000 1699 2289 1755 personas,
2319 1699 2510 1739 omnes
2536 1685 2701 1756 igitur
2721 1693 2776 1740 et
2806 1685 2937 1740 dicit
2955 1694 3012 1741 et
3033 1685 3191 1741 docet
3210 1687 3446 1755 trinitas,
3500 1688 3597 1748 sed

2003 1777 2108 1831 nisi
2161 1777 2328 1831 etiam
2389 1776 2705 1847 singillatim
2747 1780 3245 1847 commendaretur,
3296 1795 3419 1836 eam
3475 1780 3598 1836 nul-

306 1883 454 1952 quod
503 1882 571 1937 de
604 1883 858 1952 praesenti
901 1898 961 1936 se
1008 1881 1148 1936 dixit
1196 1882 1401 1945 vivere,
1443 1879 1562 1935 illos
1611 1887 1792 1934 autem
1834 1879 1900 1934 de

2007 1870 2055 1926 lo
2107 1871 2268 1925 modo
2319 1871 2558 1925 humana
2619 1885 2815 1941 capere
2881 1880 3158 1943 utcunque
3204 1883 3390 1944 posset
3437 1873 3594 1930 inﬁr-

308 1975 492 2029 futuro
521 1989 644 2029 esse.
687 1973 963 2028 victuros?
1006 1973 1121 2028 Nisi
1165 1973 1292 2044 quia
1344 1973 1453 2027 vita
1499 1971 1665 2026 etiam
1719 1970 1900 2026 carnis

311 2068 499 2137 utique
554 2067 912 2135 resurgentis,
959 2065 1133 2136 qualis
1179 2065 1234 2119 in
1274 2066 1390 2136 ipso
1439 2063 1802 2136 prmcedebat,
1847 2070 1903 2117 et

305 2159 419 2215 illis
481 2168 564 2215 est
618 2159 890 2230 pollicitus
933 2165 1269 2214 secuturam.
1330 2157 1476 2213 Duas
1525 2172 1658 2229 ergo
1714 2172 1900 2212 resur-

306 2251 602 2315 rectiones,
650 2265 804 2309 suam
843 2248 1052 2304 scilicet
1081 2263 1205 2303 mox
1238 2245 1476 2302 futuram
1499 2289 1513 2314 ,
1564 2255 1620 2302 et
1655 2255 1900 2302 nostram

306 2341 365 2396 in
414 2340 522 2396 ﬁne
549 2341 732 2395 saeculi
781 2349 1089 2404 venturam,
1141 2339 1350 2394 duobus
1390 2339 1574 2393 verbis
1615 2338 1904 2409 praesentis

309 2435 575 2503 temporis
593 2442 647 2488 et
683 2433 872 2500 futuri,
900 2433 1195 2503 eleganter,
1220 2431 1567 2501 breviterque
1603 2430 1856 2508 promisit
1886 2447 1899 2484 :

314 2522 424 2579 Sed
473 2525 728 2593 quoniam
774 2534 898 2593 post
945 2523 1439 2589 resurrectionem,
1496 2522 1662 2578 etiam
1729 2522 1904 2593 ipsam

309 2631 534 2672 carnem
595 2629 768 2683 suam,
826 2633 990 2686 quam
1045 2631 1154 2672 non
1215 2615 1392 2670 solum
1439 2615 1750 2682 videndam,
1813 2631 1904 2672 ve-

308 2723 431 2764 rum
454 2708 621 2763 etiam
644 2707 1088 2763 contrectandam
1116 2706 1539 2773 demonstravit,
1581 2706 1696 2762 suis
1734 2707 1905 2763 voluit

304 2801 701 2868 demonstrare,
723 2817 830 2856 non
851 2802 964 2857 suis
984 2801 1328 2868 subtrahere,
1343 2801 1521 2857 ethoc
1542 2810 1629 2857 est
1649 2800 1898 2867 fortasse,

307 2896 481 2952 adhuc
501 2897 772 2952 modicum
792 2904 848 2952 et
865 2896 1101 2952 mundus
1123 2912 1211 2952 me
1225 2896 1341 2968 jam
1363 2904 1474 2952 non
1491 2896 1662 2962 videt,
1685 2912 1784 2952 vos
1805 2911 1903 2951 au-

309 2998 415 3045 tem
436 2990 634 3044 videtis
653 3005 760 3045 me.

375 3079 444 3135 In
485 3081 578 3135 illo
626 3082 733 3148 die,
763 3081 958 3153 inquit,
995 3098 1084 3135 vos
1117 3082 1459 3153 cognoscetis,
1501 3082 1627 3153 quia
1669 3100 1762 3153 ego
1784 3100 1902 3138 sum

301 3175 359 3229 in
398 3184 546 3244 patre
588 3192 724 3240 meo,
771 3183 874 3230 etc.
930 3173 989 3228 In
1039 3190 1147 3245 quo
1199 3173 1332 3229 die?
1385 3174 1492 3228 nisi
1516 3175 1582 3229 de
1630 3191 1739 3246 quo
1778 3176 1897 3230 ait:

305 3266 373 3320 Et
413 3284 501 3321 vos
534 3269 732 3334 vivetis,
777 3275 905 3322 tunc
945 3268 1093 3322 enim
1134 3267 1241 3321 erit
1277 3274 1338 3320 ut
1389 3267 1660 3337 possimus
1710 3267 1896 3323 videre

304 3362 449 3432 quod
486 3361 782 3425 credimus,
827 3376 956 3414 nam
1002 3366 1058 3414 et
1107 3374 1249 3414 nunc
1275 3366 1360 3413 est
1387 3357 1444 3411 in
1466 3359 1645 3423 nobis,
1697 3366 1752 3413 et
1795 3373 1897 3415 nos

304 3456 360 3510 in
389 3455 496 3510 illo.
533 3454 637 3521 Qui
659 3453 812 3508 liabet
836 3453 1088 3508 mandata
1123 3469 1262 3518 mea,
1294 3461 1342 3505 et
1382 3461 1554 3505 servat
1577 3469 1662 3517 ea,
1689 3450 1779 3505 ille
1823 3460 1900 3506 est

303 3551 393 3621 qui
436 3548 608 3620 diligit
653 3563 755 3613 me,
811 3547 905 3618 qui
933 3546 1097 3601 habet
1133 3546 1190 3600 in
1221 3545 1485 3600 memoria
1529 3553 1586 3598 et
1631 3552 1816 3600 servat
1843 3545 1899 3600 in

302 3643 455 3709 vita;
508 3643 600 3713 qui
625 3642 792 3696 habet
829 3641 886 3696 in
925 3640 1294 3706 sermonibus,
1353 3647 1407 3694 et
1437 3648 1620 3695 servat
1656 3639 1711 3694 in
1733 3638 1900 3693 mori-

302 3734 438 3800 bus;
481 3734 575 3802 qui
622 3734 787 3788 habet
837 3732 1128 3797 audiendo,
1179 3739 1235 3786 et
1258 3737 1441 3785 servat
1481 3728 1755 3793 faciendo,
1781 3729 1899 3799 ipse

303 3838 409 3887 est,
437 3826 631 3895 inquit,
683 3826 774 3897 qui
804 3824 982 3896 diligit
1029 3839 1147 3887 me;
1201 3831 1248 3875 et
1270 3839 1362 3892 ego
1402 3821 1621 3892 diligam
1674 3838 1816 3887 eum,
1849 3829 1900 3876 et

303 3923 652 3992 manifestabo
705 3922 750 3974 ei
782 3921 1056 3991 meipsum.
1115 3917 1349 3987 Diligam
1401 3924 1457 3971 et
1511 3915 1896 3982 manifestabo,

301 4015 362 4070 id
416 4023 520 4072 est.
568 4014 636 4068 ad
681 4013 781 4067 hoc
822 4012 1042 4082 diligam
1087 4018 1149 4064 ut
1202 4008 1578 4064 manifestem.
1628 4007 1769 4074 Quid
1815 4013 1902 4061 est

301 4104 572 4174 diligam?
617 4111 874 4170 tanquam
906 4109 1038 4154 tunc
1064 4100 1362 4154 dilecturus
1379 4099 1470 4164 sit,
1525 4107 1582 4153 et
1607 4113 1756 4152 nunc
1779 4111 1898 4152 non

300 4195 542 4267 diligat?
572 4194 734 4249 absit.
798 4192 949 4248 Nunc
985 4193 1130 4248 enim
1175 4193 1244 4246 ad
1283 4193 1386 4245 hoc
1431 4192 1630 4263 diligit,
1678 4198 1740 4245 ut
1781 4206 1901 4246 cre-

301 4288 502 4344 damus
550 4295 606 4340 et
661 4285 979 4340 mandatum
1039 4283 1165 4339 ﬁdei
1199 4293 1501 4349 teneamus,
1551 4292 1681 4338 tunc
1707 4283 1901 4338 adhoc

303 4381 511 4452 diliget,
541 4387 602 4434 ut
640 4379 944 4444 videamus,
980 4385 1035 4433 et
1070 4377 1555 4452 ipsamlvisionem
1593 4376 1900 4432 mercedem

305 4472 434 4528 ﬁdei
478 4473 778 4542 capiamus.

380 4562 662 4634 Respondit
702 4561 859 4618 Iesus
901 4572 949 4616 et
997 4563 1131 4617 dixit
1169 4562 1244 4617 eis
1274 4561 1377 4617 :Si
1415 4563 1531 4634 quis
1582 4561 1754 4631 diligit
1793 4576 1895 4625 me,
1923 4598 1977 4658 Β

303 4671 599 4710 sermonem
622 4670 794 4708 meum
808 4654 1054 4719 servabit,
1072 4663 1121 4708 et
1137 4653 1300 4708 Pater
1318 4669 1464 4708 meus
1481 4652 1662 4723 diliget
1691 4668 1828 4718 eum,
1849 4660 1898 4705 et

305 4747 377 4801 ad
401 4763 519 4800 eum
559 4747 844 4813 veniemus,
870 4754 976 4801 etc.
1017 4746 1107 4800 Sic
1136 4745 1572 4817 inseparabiliter
1602 4752 1900 4815 operantur

302 4847 464 4910 pater
490 4849 546 4894 et
574 4837 736 4904 ﬁlius,
772 4839 852 4896 sic
885 4848 942 4894 et
976 4838 1414 4910 inseparabiliter
1455 4837 1706 4910 diligunt.
1759 4836 1898 4891 Ecce

307 4931 442 4986 facit
468 4932 522 4986 in
553 4931 781 4998 sanctis,
830 4947 954 4986 cum
984 4943 1139 5002 patre
1179 4941 1235 4987 et
1283 4931 1420 4997 ﬁlio,
1469 4939 1694 4986 sanctus
1725 4929 1895 4985 etiam

306 5023 534 5094 spiritus
576 5024 917 5079 mansionem
950 5024 1095 5078 intus
1149 5024 1339 5092 utique
1384 5030 1644 5092 tanquam
1678 5022 1822 5076 Deus
1843 5021 1898 5075 in

307 5112 514 5183 templo
564 5129 678 5168 suo.
730 5113 875 5169 Deus
920 5113 1155 5181 trinitas,
1203 5123 1360 5184 pater
1389 5120 1444 5168 et
1491 5112 1636 5168 ﬁlius
1659 5122 1715 5167 et
1740 5111 1900 5183 spiri-

307 5215 401 5261 tus
446 5214 666 5262 sanctus
712 5207 938 5262 veniunt
987 5207 1054 5262 ad
1082 5222 1202 5273 nos,
1251 5207 1378 5262 dum
1406 5206 1654 5260 venimus
1677 5207 1745 5262 ad
1780 5221 1896 5261 eos.

306 5296 551 5353 Veniunt
591 5299 982 5366 subveniendo,
1031 5300 1286 5355 venimus
1306 5299 1608 5355 obediendo
1635 5317 1645 5351 :
1671 5299 1900 5353 veniunt

308 5389 686 5457 illuminando,
737 5390 985 5446 venimus
1011 5391 1290 5458 intuendo,
1351 5391 1579 5446 veniunt
1601 5389 1895 5461 implendo,

307 5482 562 5538 venimus
587 5481 869 5553 capiendo,
913 5490 975 5536 ut
1004 5482 1076 5537 sit
1127 5483 1285 5539 nobis
1332 5497 1521 5538 eorum
1551 5497 1660 5536 non
1709 5489 1898 5537 extra-

311 5577 395 5632 ria
455 5576 614 5640 visio,
679 5576 776 5632 sed
827 5577 1065 5642 interna,
1113 5585 1169 5632 et
1215 5577 1272 5631 in
1329 5577 1486 5632 nobis
1544 5592 1735 5632 eorum
1788 5592 1899 5633 non

313 5667 630 5725 transitoria
675 5668 906 5732 mansio,
960 5668 1055 5723 sed
1090 5676 1314 5723 aeterna.
1355 5666 1614 5738 Sequitur
1644 5667 1752 5722 :Et
1796 5685 1903 5723 ser-

311 5777 520 5817 monem
577 5778 731 5833 quem
766 5763 1010 5830 audistis,
1052 5779 1158 5817 non
1181 5770 1258 5818 est
1283 5778 1450 5828 meus,
1490 5762 1581 5818 sed
1620 5772 1670 5817 et
1709 5763 1897 5833 patris.

313 5855 486 5913 Recte
521 5855 686 5927 igitur
728 5858 939 5916 auctori
965 5857 1176 5925 tribuit,
1215 5856 1478 5928 quidquid
1499 5855 1631 5915 facit
1653 5856 1896 5928 aequalis,

2004 1962 2185 2018 mitas.

2075 2055 2272 2111 Pacem
2294 2056 2530 2129 relinquo
2557 2057 2716 2123 vobis,
2773 2075 2954 2129 pacem
2983 2076 3152 2115 meam
3181 2062 3249 2116 do
3285 2061 3450 2116 vobis.
3482 2061 3600 2119 Hoc

2004 2154 2087 2202 est
2101 2147 2244 2216 quod
2256 2146 2486 2218 legimus
2502 2149 2643 2219 apud
2657 2149 2977 2220 prophetam
2994 2169 3006 2204 :
3018 2147 3211 2206 Pacem
3224 2169 3382 2223 super
3392 2167 3596 2224 pacem.

2002 2237 2204 2294 Pacem
2251 2238 2408 2295 nobis
2457 2240 2718 2311 relinquit
2743 2232 2938 2308 iturus,
2995 2257 3181 2313 pacem
3239 2259 3393 2300 suam
3439 2244 3600 2301 nobis

2006 2332 2156 2387 dabit
2201 2333 2256 2387 in
2277 2332 2386 2386 ﬁne
2406 2342 2686 2399 venturus,
2735 2350 2924 2405 pacem
2953 2336 3109 2392 nobis
3132 2336 3387 2407 relinquit
3414 2338 3470 2392 in
3496 2338 3601 2393 hoc

2007 2425 2226 2490 saeculo,
2269 2441 2461 2495 pacem
2491 2441 2643 2480 suam
2677 2427 2835 2482 nobis
2865 2429 3017 2484 dabit
3056 2429 3111 2484 in
3141 2429 3327 2485 futuro
3372 2431 3596 2488 saeculo.

2006 2517 2204 2573 Pacem
2258 2518 2416 2572 nobis
2457 2519 2737 2588 relinquit,
2790 2520 2846 2573 in
2888 2536 2996 2590 qua
3051 2530 3335 2577 manentes
3384 2524 3601 2580 hostem

2004 2610 2295 2675 vincimus,
2350 2625 2544 2680 pacem
2590 2626 2746 2666 suam
2792 2610 2948 2666 nobis
2997 2611 3166 2678 dabit,
3219 2615 3436 2684 quando
3472 2615 3603 2672 sine

2005 2703 2162 2758 hoste
2211 2703 2578 2772 regnabimus.
2635 2702 2830 2758 Pacem
2859 2702 3081 2772 reliquit
3127 2705 3304 2772 nobis,
3353 2708 3602 2764 utetiam

2004 2794 2096 2848 hic
2122 2793 2354 2848 invicem
2384 2791 2692 2862 diligamus,
2746 2793 2802 2847 in
2831 2792 2924 2848 illo
2950 2801 3156 2860 tamen,
3210 2803 3375 2867 atque
3400 2797 3470 2852 ab
3507 2795 3602 2852 illo

2004 2894 2090 2942 est
2121 2885 2278 2940 nobis
2305 2899 2413 2955 pax
2437 2902 2451 2952 ;
2515 2885 2626 2956 ipse
2654 2894 2729 2940 est
2753 2902 2860 2957 pax
2886 2895 3087 2952 nostra,
3118 2888 3208 2956 qui
3230 2887 3352 2958 fecit
3379 2899 3604 2961 utraque

2004 2995 2168 3034 unum
2195 2976 2412 3050 (Ephes.
2437 2976 2522 3050 ιι),
2546 2993 2652 3050 pax
2673 2993 2803 3050 ergo
2829 2979 2944 3049 ipse
2963 2979 3119 3036 nobis
3139 2989 3245 3047 est,
3263 2989 3462 3038 etcum
3484 2997 3605 3039 cre-
3673 2968 3678 2972 ’

2004 3073 2182 3128 dimus
2212 3073 2339 3142 quia
2381 3081 2484 3139 est,
2523 3081 2578 3128 ct
2629 3087 2751 3127 cum
2783 3073 3087 3129 videbimus
3133 3091 3256 3130 eum
3303 3076 3466 3132 sicuti
3494 3084 3599 3132 est.

2006 3165 2162 3232 Quod
2186 3181 2318 3221 vero
2361 3165 2630 3235 adjunxit,
2665 3164 2790 3219 Non
2819 3165 3081 3236 quomodo
3107 3167 3337 3222 mundus
3373 3168 3488 3236 dat,
3509 3175 3604 3240 ego

1928 3233 1973 3295 Ο
2004 3259 2073 3313 do
2107 3259 2263 3322 vobis,
2293 3233 2530 3329 quidest
2555 3257 2720 3320 aliud,
2751 3233 2856 3312 nisi
2894 3272 3004 3313 non
3035 3260 3308 3328 quomodo
3355 3233 3605 3317 homines

2000 3353 2152 3418 dant,
2211 3353 2304 3422 qui
2345 3360 2568 3422 propter
2595 3367 2659 3406 ea
2689 3351 2794 3406 sibi
2821 3351 2950 3405 dant
2978 3368 3192 3422 pacem,
3240 3363 3302 3408 ut
3325 3342 3447 3410 dsine
3483 3369 3601 3410 mo-

2000 3445 2157 3501 lestia
2202 3460 2311 3500 non
2360 3443 2472 3498 Deo
2493 3483 2508 3509 ,
2567 3443 2662 3498 sed
2712 3443 2887 3499 amico
2932 3459 3031 3500 suo
3061 3446 3262 3501 mundo
3310 3447 3602 3517 perfruan-

2003 3547 2110 3593 tur.

2073 3629 2200 3686 Non
2229 3632 2470 3686 turbetur
2492 3647 2584 3685 cor
2612 3638 2859 3693 vestrum,
2886 3648 3052 3703 neque
3075 3631 3353 3703 formidet;
3374 3621 3601 3691 audistis

1999 3724 2124 3796 quia
2145 3739 2236 3794 ego
2267 3722 2380 3776 dixi
2433 3723 2598 3788 vobis,
2645 3730 2748 3778 etc.
2791 3722 2932 3780 Hinc
2979 3739 3110 3795 ergo
3150 3727 3358 3783 turbari
3402 3737 3459 3784 et
3495 3729 3603 3783 for-

2001 3815 2216 3871 midare
2275 3821 2496 3884 poterat
2555 3829 2652 3871 cor
2710 3814 2953 3883 illorum,
3019 3819 3163 3888 quod
3219 3818 3333 3874 ibat
3375 3821 3444 3875 ab
3497 3820 3602 3888 eis,

2001 3907 2250 3979 quamvis
2291 3916 2557 3962 venturus
2599 3907 2667 3962 ad
2711 3923 2829 3976 eos,
2886 3924 2957 3964 ne
2991 3909 3223 3965 forsitan
3275 3927 3494 3984 gregem
3520 3912 3604 3968 lu-

1997 4014 2101 4070 pus
2141 3999 2197 4052 in
2252 3999 2357 4054 hoc
2388 3998 2672 4053 intervallo
2711 3999 2996 4056 invaderet
3044 4002 3282 4075 pastoris
3332 4003 3599 4058 absentia.

2001 4091 2111 4146 Sed
2157 4106 2188 4144 a
2233 4091 2430 4160 quibus
2482 4091 2645 4146 homo
2670 4091 3016 4158 abscedebat,
3073 4094 3217 4148 Deus
3263 4109 3371 4148 non
3427 4094 3598 4150 relin-

2000 4184 2222 4254 quebat,
2250 4191 2304 4237 et
2327 4182 2470 4237 idem
2497 4183 2614 4251 ipse
2655 4181 2906 4237 Christus
2951 4185 3115 4238 homo
3168 4192 3224 4239 et
3251 4184 3417 4241 Deus.
3445 4186 3594 4259 Ergo

2001 4286 2057 4332 et
2083 4277 2198 4332 ibat
2238 4290 2336 4345 per
2366 4275 2420 4330 id
2452 4275 2598 4345 quod
2639 4276 2801 4330 homo
2833 4284 2971 4340 erat,
3023 4284 3079 4330 et
3106 4277 3384 4343 manebat,
3416 4293 3516 4350 per
3543 4279 3600 4336 id

2001 4367 2146 4437 quod
2176 4369 2320 4424 Deus
2350 4375 2470 4423 erat
2501 4387 2514 4422 :
2548 4368 2661 4424 ibat
2701 4384 2800 4439 per
2829 4370 2884 4424 id
2911 4370 3060 4441 quod
3088 4372 3143 4426 in
3171 4387 3282 4427 uno
3309 4372 3430 4428 loco
3455 4383 3594 4441 erat,

1909 4484 1911 4486 -
2001 4459 2261 4514 manebat
2292 4475 2392 4530 per
2421 4459 2475 4514 id
2504 4459 2648 4530 quod
2685 4460 2885 4531 ubique
2907 4468 3044 4516 erat.
3080 4460 3142 4516 Si
3175 4462 3464 4535 diligentis
3492 4482 3597 4532 me,

2002 4552 2300 4623 gauderetis
2339 4554 2520 4624 utique
2549 4553 2674 4625 quia
2711 4554 2843 4608 vado
2891 4555 2961 4609 ad
2988 4555 3226 4623 Patrem,
3255 4559 3382 4630 quia
3435 4557 3603 4615 Pater

2003 4645 2178 4716 major
2218 4662 2300 4700 me
2342 4655 2438 4699 est.
2480 4645 2587 4700 Per
2611 4646 2755 4715 quod
2781 4662 2911 4718 ergo
2937 4646 3081 4702 ﬁlius
3105 4664 3215 4705 non
3247 4657 3332 4706 est
3375 4649 3598 4720 aequalis

2002 4737 2165 4807 patri,
2196 4751 2296 4807 per
2323 4737 2429 4792 hoc
2457 4744 2577 4791 erat
2612 4737 2791 4792 iturus
2813 4738 2881 4793 ad
2925 4747 3161 4809 patrem,
3204 4756 3306 4812 per
3331 4741 3461 4796 illud
3492 4757 3594 4795 au-
3630 4787 3639 4808 ,

2002 4837 2114 4885 tem
2158 4830 2214 4884 in
2250 4844 2357 4899 quo
2410 4838 2497 4886 est
2540 4830 2767 4899 aequalis
2814 4831 3057 4902 gignenti
3087 4832 3419 4905 unigenitus,
3460 4850 3601 4890 nun-

2005 4942 2167 4996 quam
2193 4927 2400 4982 recedit
2435 4944 2466 4981 a
2513 4935 2689 4997 patre.
2715 4927 2915 4983 Forma
2941 4929 3141 5000 quippe
3173 4932 3318 4985 servi
3340 4931 3595 4997 accessit,

2003 5034 2110 5074 non
2141 5017 2316 5073 forma
2361 5017 2456 5073 Dei
2486 5019 2730 5085 recessit,
2765 5020 2883 5074 hare
2911 5027 2997 5075 est
3023 5029 3320 5092 assumpta,
3371 5036 3478 5077 non
3509 5019 3599 5075 illa

2002 5119 2341 5180 consumpta.
2365 5110 2595 5180 Propter
2619 5111 2760 5166 hanc
2789 5111 2954 5177 dicit,
2977 5109 3143 5166 Pater
3161 5114 3336 5183 major
3379 5127 3461 5165 me
3497 5120 3597 5178 est,

2003 5213 2224 5275 propter
2251 5205 2400 5258 illam
2427 5219 2580 5270 vero,
2609 5221 2704 5274 ego
2729 5214 2778 5259 et
2799 5201 2968 5266 Pater
2991 5221 3156 5260 unum
3182 5219 3387 5258 sumus.
3413 5201 3598 5274 Agno-

2004 5313 2221 5354 scamus
2271 5299 2542 5370 geminam
2569 5299 2933 5354 substantiam
2967 5298 3196 5363 Christi,
3227 5297 3467 5352 divinam
3495 5297 3598 5353 sci-

2004 5390 2132 5446 licet
2168 5406 2274 5461 qua
2303 5390 2530 5462 aequalis
2574 5399 2658 5447 est
2700 5394 2868 5463 patri,
2897 5393 3208 5454 humanam,
3257 5404 3362 5459 qua
3420 5388 3598 5461 major

2006 5492 2090 5539 est
2123 5492 2298 5554 pater.
2360 5482 2664 5554 Utrumque
2719 5491 2900 5538 autem
2947 5479 3108 5536 simul
3163 5494 3273 5534 non
3322 5478 3449 5548 duo,
3496 5480 3595 5538 sed

2007 5591 2147 5631 unus
2211 5574 2497 5640 Christus,
2550 5591 2619 5630 ne
2668 5567 2748 5630 'sit
2790 5571 3149 5643 quaternitas,
3202 5587 3312 5628 non
3364 5571 3586 5628 trinitas

2007 5668 2170 5723 Deus.
2219 5666 2372 5722 Sicut
2394 5666 2538 5722 enim
2579 5681 2719 5721 unus
2740 5672 2824 5720 est
2872 5664 3038 5718 homo
3090 5661 3274 5719 anima
3307 5663 3592 5720 rationalis

2007 5768 2062 5817 et
2104 5775 2254 5826 caro,
2285 5761 2364 5816 sic
2407 5774 2547 5814 unus
2581 5766 2664 5812 est
2712 5754 2963 5811 Christus
3004 5755 3149 5812 Deus
3192 5765 3248 5812 et
3293 5758 3478 5826 homo,
3526 5771 3592 5814 ac

2004 5871 2103 5928 per
2143 5857 2247 5911 hoc
2295 5854 2549 5912 Christus
2608 5859 2694 5908 est
2740 5851 2904 5918 Deus,
2963 5852 3141 5909 anima
3198 5847 3484 5911 rationalis
3533 5859 3594 5908 et
