4030 6456
1082 348 1601 411 COLLECTIONES
1642 348 1708 405 IN
1750 343 2133 405 EPISTOLAS
2170 343 2258 401 ET
2298 342 2716 400 EVANGELIA.

3441 340 3545 397 2H

260 496 455 542 cturus
482 488 590 546 est,
625 476 820 537 fecisse
856 476 1009 541 dicit,
1061 475 1188 548 quia
1230 488 1295 529 ea
1350 486 1473 543 quae
1514 472 1696 528 futura
1720 479 1846 529 sunt
1873 470 1927 531 Α
1951 466 2089 521 ciam
2115 450 2484 517 testimonium
2514 459 2832 530 perhibendi
2856 460 3098 515 Charitas
3119 458 3312 515 diffusa
3340 460 3547 536 ineor-

263 580 420 637 fecit.

341 671 466 728 Non
485 686 574 729 nos
596 685 679 725 me
702 667 952 738 elegistis,
994 665 1190 735 inquit,
1211 664 1301 719 sed
1322 679 1415 733 ego
1437 660 1569 731 elegi
1592 675 1700 714 vos.
1722 657 1851 712 Haec

259 776 349 826 est
393 765 482 822 illa
508 762 795 820 inelabilis
842 760 1039 834 gratia,
1072 761 1189 816 haec
1236 757 1435 829 quippe
1473 753 1670 810 electio
1720 766 1848 823 gra-

258 862 354 917 tiae
382 868 469 916 est
491 858 611 925 Dei,
666 857 733 914 de
779 871 886 926 qua
921 854 1052 911 dicit
1079 853 1367 925 Apostolus
1396 869 1411 906 :
1443 848 1532 905 Sic
1559 858 1610 903 et
1655 849 1712 902 in
1750 847 1851 901 hoc

259 962 490 1024 tempore
538 949 771 1021 reliquiw
804 964 897 1020 per
940 946 1239 1002 electionem
1281 942 1463 1015 gratiae
1489 939 1647 997 salvae
1694 940 1849 1009 factm

257 1053 401 1101 sunt.
450 1043 591 1111 Quid
633 1052 763 1113 ergo
786 1040 984 1096 dicturi
1016 1055 1203 1095 sumus
1255 1035 1522 1091 audiendo
1554 1053 1568 1088 :
1600 1031 1723 1088 Non
1762 1045 1850 1085 vos

259 1154 344 1191 me
380 1136 627 1207 elegistis,
677 1134 781 1190 nisi
831 1135 958 1205 quia
1013 1132 1140 1187 mali
1190 1144 1409 1186 eramus
1452 1136 1507 1182 et
1538 1126 1699 1182 electi
1750 1139 1845 1179 su-

259 1244 405 1296 mus,
452 1234 513 1282 ut
550 1227 680 1283 boni
719 1242 819 1298 per
864 1227 1093 1301 gratiam
1141 1240 1242 1279 nos
1284 1222 1536 1293 eligentis
1572 1215 1851 1275 essemus?

258 1320 327 1376 Et
356 1321 534 1375 videte
561 1311 1015 1392 quemadmodum
1059 1332 1167 1372 non
1190 1316 1352 1388 eligat
1374 1316 1563 1377 bonos,
1591 1313 1684 1367 sed
1715 1325 1852 1380 quos

260 1415 425 1487 elegit
453 1414 587 1472 facit
628 1416 799 1471 bonos
831 1434 845 1469 :
881 1413 1014 1485 Ego,
1043 1410 1239 1483 inquit,
1288 1409 1416 1480 elegi
1466 1425 1575 1472 vos,
1603 1417 1651 1461 et
1695 1403 1849 1475 posui

260 1524 350 1563 vos
393 1516 451 1561 ut
472 1508 604 1562 eatis
642 1516 691 1563 et
712 1507 944 1578 fructum
966 1506 1204 1578 offeratis
1232 1512 1281 1557 et
1322 1501 1525 1573 fructus
1551 1507 1715 1554 vester
1736 1514 1851 1552 ma-

263 1608 405 1654 neat.
428 1597 645 1653 Nullum
672 1577 855 1668 itaque
900 1577 1146 1651 fructum.
1182 1593 1327 1650 unde
1351 1608 1452 1648 nos
1501 1590 1727 1661 eligeret
1754 1588 1852 1643 ha-

264 1692 526 1748 bebamus
557 1709 570 1744 :
606 1688 675 1744 Ut
715 1691 867 1755 eatis,
900 1687 1076 1758 inquit
1158 1687 1300 1741 imus
1352 1693 1413 1739 ut
1453 1682 1764 1746 afferamus,
1794 1687 1849 1734 et

261 1784 379 1856 ipse
422 1792 506 1839 est
532 1784 621 1839 via
650 1799 757 1854 qua
789 1783 950 1848 imus,
991 1783 1044 1836 in
1072 1796 1178 1851 qua
1203 1796 1303 1836 nos
1329 1779 1511 1850 posuit
1542 1786 1601 1832 ut
1632 1790 1841 1832 eamus.

1953 558 2110 614 dibus
2138 556 2356 621 vestris,
2385 569 2481 626 per
2508 554 2772 624 Spiritum
2821 562 3090 621 sanctum,
3129 555 3223 625 qui
3249 555 3465 612 dabitur
3490 557 3547 611 in

1952 649 2125 703 vobis.
2161 647 2256 701 llle
2298 647 2498 717 quippe
2526 645 2894 701 testimonium
2940 646 3255 718 perhibetis,
3298 654 3354 704 et
3380 654 3548 704 testes

1952 740 2278 798 fortissimos
2328 738 2534 803 faciens
2559 777 2575 805 ,
2622 738 2780 794 vobis
2830 738 3054 801 abstulit
3099 737 3302 795 Christi
3354 739 3547 794 amicis

1949 836 2224 901 timorem,
2251 842 2309 890 et
2327 833 2670 889 inimicorum
2692 833 2875 889 odium
2895 836 3165 893 convertit
3196 835 3252 891 in
3279 849 3542 892 amorem.

1952 926 2102 993 Herc,
2142 928 2334 999 inquit,
2366 926 2571 982 locutus
2614 944 2732 982 sum
2764 928 2932 995 vobis,
2961 938 3021 983 ut
3066 945 3171 986 non
3209 930 3541 985 scandalize-

1950 1023 2101 1077 mini.
2127 1021 2263 1077 Cum
2300 1021 2444 1075 enim
2481 1021 2719 1075 charitas
2742 1018 3058 1075 diﬂ‘unditur
3083 1021 3139 1075 in
3170 1023 3426 1078 cordibus
3452 1036 3546 1077 no-

1950 1117 2078 1173 stris
2097 1132 2195 1186 per
2217 1115 2479 1187 Spiritum
2501 1123 2772 1181 sanctum,
2790 1115 2847 1169 fit
2886 1132 2991 1186 pax
3012 1116 3177 1171 multa
3205 1118 3541 1189 diligentibus

1940 1208 2113 1279 legem
2144 1208 2241 1262 Dei
2284 1205 2457 1279 (Psal.
2497 1206 2710 1281 cxvtu),
2742 1215 2803 1261 ut
2839 1222 2947 1263 non
2983 1208 3054 1262 sit
3094 1208 3408 1264 scandalum
3439 1210 3543 1264 eis.

1952 1302 2156 1357 Deinde
2183 1317 2303 1372 quae
2341 1301 2555 1371 passuri
2582 1301 2900 1372 essentiam
2928 1301 3242 1372 exprimens
3278 1302 3395 1356 ait:
3434 1302 3547 1358 Ea:-

1951 1403 2034 1448 tra
2056 1409 2353 1463 synagogas
2376 1393 2570 1463 facient
2597 1410 2706 1447 vos.
2741 1392 2882 1460 Quid
2911 1402 3092 1448 autem
3123 1393 3251 1449 mali
3275 1400 3395 1449 erat
3418 1410 3549 1465 apo-

1953 1483 2108 1540 stolis
2133 1483 2328 1552 expelli
2363 1484 2430 1538 de
2466 1482 2708 1540 Judaicis
2735 1485 3048 1556 synagogis,
3088 1486 3246 1556 quasi
3275 1501 3385 1541 non
3416 1486 3543 1542 inde

1952 1591 2011 1632 se
2035 1576 2249 1631 fuerant
2277 1579 2600 1646 separaturi,
2637 1578 2851 1637 etiamsi
2880 1577 3057 1633 nullus
3088 1593 3183 1635 eos
3212 1578 3547 1649 expelleret?

1953 1671 2060 1726 Sed
2083 1672 2341 1726 nimirum
2368 1672 2472 1726 hoc
2497 1671 2668 1727 voluit
2687 1671 3024 1739 denuntiare,
3046 1673 3171 1742 quia
3198 1672 3366 1728 Judaei
3384 1672 3545 1728 Chri-

1950 1771 2093 1819 stum
2124 1779 2231 1819 non
2278 1763 2493 1820 fuerant
2526 1765 2816 1835 recepturi,
2850 1779 2882 1818 a
2917 1779 3025 1834 quo
3069 1764 3160 1820 isti
3198 1780 3304 1820 non
3329 1763 3549 1820 fuerant

257 1848 493 1930 Droinde
514 1874 571 1930 in
595 1848 847 1931 omnibus
867 1848 1242 1929 misericordia
1272 1848 1388 1947 ejus
1406 1871 1672 1943 praevenit
1701 1885 1800 1924 nos
1832 1886 1844 1924 :
1876 1848 1925 1908 Β
1953 1859 2243 1923 recessuri.
2274 1867 2332 1914 ει
2354 1859 2476 1915 ideo
2499 1858 2738 1914 futurum
2764 1865 2886 1913 erat
2908 1865 2970 1913 ιιι
2998 1858 3148 1914 foras
3175 1859 3542 1924 mitteremur.

258 1966 330 2021 Et
350 1968 575 2039 fructus,
599 1967 795 2039 inquit,
820 1978 983 2025 vester
1004 1975 1233 2023 maneat.
1257 1965 1472 2021 Maneat
1492 1979 1623 2036 ergo
1635 1962 1852 2019 dilectio

255 2060 372 2132 ipse
399 2060 608 2117 fructus
632 2071 837 2116 noster.

328 2173 637 2233 Mementote
669 2175 921 2245 sermonis
966 2175 1088 2247 mei,
1124 2190 1275 2247 quem
1314 2189 1407 2246 ego
1435 2171 1548 2228 dimi
1598 2170 1766 2236 vobis,
1797 2177 1853 2226 et

253 2268 488 2343 reliqua.
536 2269 844 2335 Exhortans
880 2268 1142 2327 Dominus
1168 2283 1296 2325 suos
1324 2258 1508 2322 servos
1554 2265 1624 2327 ad
1666 2262 1853 2335 mundi

250 2362 381 2417 odia
421 2362 743 2439 perferenda
769 2360 1063 2439 patienter,
1098 2358 1305 2429 nullum
1347 2357 1524 2431 magis
1554 2356 1635 2410 eis
1657 2363 1713 2415 et
1736 2368 1851 2411 me:

250 2454 382 2525 lius,
439 2469 604 2529 quam
665 2454 733 2509 de
780 2444 965 2523 seipse
1012 2451 1266 2523 proponit
1334 2448 1661 2519 exemplum.
1714 2445 1853 2506 Nam

252 2548 388 2623 quid
417 2555 501 2619 est
538 2547 719 2617 aliud:
757 2544 879 2600 Non
902 2555 978 2600 est
998 2562 1177 2599 servus
1227 2543 1401 2617 major
1449 2541 1677 2613 Domino
1731 2555 1846 2609 suo,

250 2645 301 2699 si
337 2660 418 2698 me
444 2644 703 2719 persecuti
722 2651 865 2711 sunt,
894 2650 941 2695 et
976 2657 1063 2695 vos
1101 2636 1514 2711 persequentur?
1567 2633 1670 2688 Sed
1712 2633 1848 2705 lta'c,

252 2736 455 2811 inquit,
523 2736 700 2805 omniq
757 2733 955 2805 facient
1006 2731 1150 2787 vobis
1174 2738 1386 2801 prOpter
1422 2742 1609 2781 nomen
1653 2740 1845 2778 meum.

255 2826 389 2895 Quae
439 2826 644 2899 omnia,
674 2826 775 2891 nisi
812 2842 930 2899 qua:
973 2824 1129 2890 dixit,
1176 2820 1313 2887 Qdio
1359 2819 1658 2879 habebunt,
1703 2814 1850 2869 scili-

255 2928 343 2987 cet
376 2927 430 2974 et
468 2928 864 2991 persequentur
893 2931 1202 2983 sermonem
1242 2928 1404 2983 quem
1453 2906 1849 2979 contemnant?

255 3009 317 3066 Si
358 3028 462 3077 non
491 3012 765 3079 venissem,
810 3010 1002 3091 inquit,
1036 3018 1083 3063 et
1108 3006 1312 3063 locutus
1336 3006 1410 3060 eis
1437 3003 1674 3075 fuissem,
1728 3017 1848 3071 pec-

255 3107 432 3152 catum
474 3115 578 3153 non
616 3088 895 3173 haberent.
939 3097 1014 3151 De
1061 3095 1149 3155 his
1173 3094 1317 3149 enim
1351 3091 1501 3161 dicit,
1533 3090 1599 3143 de
1649 3088 1848 3161 quibus

255 3192 472 3253 dicebat
503 3212 515 3246 :
545 3191 607 3253 Si
649 3210 731 3247 me
752 3192 1009 3266 persecuti
1030 3198 1174 3261 sunt,
1227 3199 1277 3244 et
1327 3204 1413 3243 vos
1454 3191 1845 3259 persequentur.
1879 3210 1924 3274 ο

254 3281 426 3339 ,ιυόωί
449 3300 577 3359 ergo
602 3285 875 3357 persecuti
919 3291 1046 3340 sunt
1085 3281 1383 3337 Christum.
1438 3275 1694 3349 Nunquid
1724 3274 1844 3327 sine

252 3381 481 3447 peccato
530 3370 691 3451 erant
740 3371 937 3447 Judaei,
996 3382 1289 3446 antequam
1352 3369 1604 3427 Christus
1640 3366 1708 3420 ad
1757 3378 1853 3418 eos

255 3466 315 3533 in
354 3482 519 3522 carne
567 3468 843 3539 venisset?
890 3468 1016 3538 quis
1047 3467 1151 3521 hoc
1180 3464 1262 3519 vel
1299 3461 1658 3523 stultissimus
1690 3457 1846 3511 dixe-

256 3561 367 3616 rit?
407 3560 513 3633 Sed
554 3578 808 3636 magnum
858 3560 1129 3633 quoddam
1179 3564 1484 3631 peccatum,
1533 3568 1639 3615 non
1693 3564 1855 3604 omne

256 3663 569 3729 peccatum,
624 3655 766 3727 quod
805 3655 906 3710 sub
934 3650 1173 3725 generali
1201 3649 1419 3705 nomine
1459 3645 1572 3700 vult
1602 3640 1849 3712 intelligi,

254 3747 366 3817 hoc
407 3755 489 3811 est
527 3746 672 3813 enim
715 3754 1001 3819 peccatum
1035 3758 1143 3815 quo
1189 3746 1443 3796 tenentur
1490 3742 1686 3790 cuncta
1724 3746 1853 3801 pec~

256 3848 403 3902 cata,
457 3836 600 3907 quod
649 3835 1017 3919 unusquisque
1072 3832 1118 3905 si
1151 3846 1257 3885 non
1289 3829 1506 3891 habeat,
1568 3824 1855 3879 dimittun-

255 3938 353 3991 tur
378 3927 429 3983 ei
457 3936 653 3997 cuncta
686 3934 932 3998 peccata.
964 3923 1077 3979 Hoc
1098 3931 1181 3977 est
1207 3929 1410 3985 autem,
1444 3917 1570 3991 quia
1607 3930 1713 3968 non
1743 3928 1856 3966 cre-

255 4019 516 4087 diderunt
548 4020 602 4093 in
659 4018 961 4087 Christum,
1002 4016 1095 4091 qui
1136 4021 1423 4097 propterea
1471 4001 1618 4063 venit
1642 4015 1703 4061 ut
1733 4020 1855 4059 cre—

258 4111 511 4171 daturin
560 4126 702 4181 eum,
756 4112 860 4166 hoc
895 4116 1179 4181 peccatum
1230 4106 1411 4160 sinon
1438 4103 1696 4162 venisset,
1746 4112 1855 4151 non

254 4206 456 4275 utique
504 4203 770 4271 haberent
799 4221 813 4259 :
841 4201 944 4269 Qui
988 4217 1067 4254 me
1110 4199 1239 4263 odit,
1303 4196 1499 4266 inquit,
1547 4202 1595 4247 et
1646 4200 1849 4263 patrem

255 4314 438 4354 meum
482 4296 612 4351 odit.
667 4296 946 4363 Quomodo
996 4292 1141 4349 enim
1194 4289 1483 4360 diligerent
1522 4294 1730 4357 patrem
1767 4297 1857 4336 ve-

257 4389 461 4455 ritatis,
506 4388 599 4463 qui
630 4386 904 4443 habebant
933 4386 1058 4440 odio
1092 4380 1423 4439 veritatem?
1471 4378 1532 4433 Si
1563 4393 1720 4448 opera
1753 4388 1855 4427 non

261 4479 502 4551 fecissem
544 4478 599 4531 in
643 4478 738 4543 eis,
766 4493 883 4548 quae
930 4491 1079 4529 nemo
1112 4471 1250 4525 alius
1294 4470 1439 4541 fecit,
1480 4476 1534 4522 et
1566 4466 1662 4521 rel.
1689 4464 1858 4519 Nimi—

1954 1965 2077 2006 cum
2102 1950 2194 2005 illo
2220 1952 2288 2005 ab
2308 1952 2408 2017 eis,
2439 1952 2677 2022 quiesse
2704 1950 2909 2007 nollent
2941 1950 2998 2005 in
3028 1949 3139 2015 illo,
3165 1949 3242 2018 hi,
3267 1950 3396 2021 quia
3424 1963 3549 2006 esse

1953 2058 2062 2098 non
2094 2051 2314 2113 possent
2341 2043 2459 2098 sine
2483 2042 2595 2098 illo.

2025 2133 2134 2189 Sed
2162 2136 2300 2190 venit
2327 2136 2461 2189 hora
2500 2144 2565 2189 aut
2597 2133 2768 2189 omnis
2808 2134 2899 2205 qui
2929 2131 3179 2203 interﬁcit
3208 2147 3297 2187 vos
3325 2131 3552 2187 arbitre-

1954 2234 2042 2281 tur
2071 2226 2394 2297 obsequium,
2425 2235 2533 2282 etc.
2574 2225 2688 2281 Hoc
2707 2234 2813 2292 est,
2846 2240 2956 2282 non
2979 2231 3355 2297 cognoverunt
3377 2226 3549 2281 Deum

1954 2333 2133 2389 neque
2159 2319 2330 2374 ﬁlium
2352 2319 2487 2388 eius.
2509 2320 2649 2388 Quid
2670 2320 2772 2375 sibi
2799 2319 2915 2373 vult
2934 2334 3065 2391 ergo
3088 2338 3102 2373 :
3132 2319 3302 2374 Extra
3328 2335 3553 2391 synago-

1953 2427 2048 2482 gas
2079 2412 2272 2482 facient
2301 2413 2554 2468 vos?Sed
2585 2414 2733 2467 venit
2764 2415 2918 2468 hora.
2937 2413 3216 2483 Tanquam
3245 2414 3350 2469 hoc
3378 2414 3551 2468 dictu-

1956 2517 2051 2557 rus
2081 2500 2305 2557 fuisset:
2332 2504 2661 2574 separabunt
2700 2503 2776 2557 illi
2808 2503 3027 2573 quidem
3052 2517 3174 2569 vos,
3201 2504 3297 2559 sed
3326 2518 3427 2575 ego
3455 2518 3552 2560 vos

1953 2596 2220 2665 colligam,
2251 2606 2346 2652 aut
2366 2598 2853 2673 separabunt'vos,
2880 2599 2976 2653 sed
2999 2598 3148 2653 venit
3186 2597 3322 2652 hora
3350 2604 3552 2652 nostra:

1951 2688 2174 2744 laetitiae.
2215 2689 2528 2747 Iudaeorum
2554 2700 2736 2747 autem
2773 2692 2970 2759 omnis,
3002 2691 3092 2762 qui
3129 2691 3329 2747 occidit
3354 2690 3551 2761 praedi-

1952 2791 2166 2843 catores
2188 2782 2413 2850 Christi,
2454 2785 2566 2840 Deo
2591 2800 2650 2839 se
2680 2794 2943 2856 praestare
2970 2784 3178 2857 putavit
3205 2783 3549 2855 obsequium,

1952 2876 2180 2930 credens
2231 2877 2375 2945 quod
2421 2877 2737 2932 desererent
2787 2878 2956 2934 Deum
3008 2878 3195 2942 Israel,
3243 2878 3556 2947 quicunque

1952 2975 2400 3023 converterentur
2424 2969 2491 3023 ad
2517 2967 2795 3026 Christum
2826 2989 2838 3025 :
2873 2969 2918 3026 Ο
2949 2971 3272 3026 execrabilis
3300 2970 3549 3025 czeeitasl

1947 3059 2270 3129 obsequium
2317 3074 2378 3115 se
2413 3068 2673 3130 praestare
2715 3062 2976 3132 putabant
3018 3061 3129 3117 Deo
3177 3059 3552 3117 interficiendo

1956 3146 2189 3205 famulos
2212 3149 2329 3206 Dei.

2028 3242 2082 3295 Η
2085 3260 2160 3297 wc
2175 3253 2367 3309 autem,
2385 3244 2580 3315 inquit,
2594 3245 2737 3300 vobis
2759 3246 2962 3300 locutus
2982 3262 3122 3312 sum,
3137 3255 3195 3300 ut
3218 3261 3337 3300 cum
3356 3246 3553 3300 venerit

1955 3332 2087 3386 hora
2116 3349 2317 3399 eorum,
2343 3342 2449 3388 etc.
2490 3335 2617 3391 Haec
2665 3337 2893 3400 scilicet,
2945 3337 3159 3394 locutus
3205 3353 3327 3392 sum
3375 3338 3551 3406 vobis,

1954 3440 2067 3481 non
2096 3432 2305 3480 tantum
2333 3428 2462 3496 quia
2499 3430 2712 3498 passuri
2742 3430 2874 3484 estis
2898 3431 3023 3495 ista,
3057 3430 3150 3485 sed
3179 3447 3300 3486 cum
3341 3430 3556 3486 venerit

1954 3514 2291 3581 Paracletus,
2334 3516 2422 3573 ille
2461 3519 2825 3574 testimonium
2869 3521 3173 3591 perhibebit
3220 3522 3286 3577 de
3334 3537 3441 3588 me,
3484 3536 3556 3578 ne
3628 3506 3635 3511 S

1956 3606 2060 3661 ista
2088 3607 2328 3663 timendo
2356 3610 2600 3665 tacentis.
2631 3610 2762 3664 Iltrc
2798 3621 2974 3666 autem
2994 3612 3137 3666 vobis
3164 3613 3229 3666 ab
3268 3613 3420 3667 initio
3448 3629 3555 3667 non

1956 3698 2089 3763 dixi,
2118 3699 2245 3769 quia
2271 3699 2533 3755 vobiscum
2556 3718 2722 3769 eram,
2753 3711 2808 3757 et
2830 3718 2930 3775 ego
2960 3719 3056 3758 vos
3083 3704 3405 3759 consolabar
3430 3719 3553 3759 mea

1954 3793 2242 3863 praesentia
2266 3795 2553 3866 corporali.
2588 3796 2746 3850 Nunc
2772 3806 2949 3850 autem
2969 3796 3105 3851 vado
3129 3784 3208 3851 ad
3225 3813 3344 3852 eum
3362 3797 3453 3869 qui
3471 3813 3555 3852 me

1956 3887 2118 3951 misit,
2167 3896 2216 3940 et
2259 3902 2409 3940 nemo
2452 3904 2516 3943 ex
2564 3888 2703 3943 vobis
2752 3889 3041 3959 interrogat
3066 3905 3190 3945 me:
3221 3889 3340 3956 Quo
3368 3887 3558 3943 vadis?

1957 3976 2138 4032 Nubes
2156 3978 2302 4033 enim
2331 3980 2571 4049 suscepit
2598 3996 2722 4035 eum
2745 3989 2965 4036 euntem
2998 3981 3051 4034 in
3087 3980 3285 4036 caelum
3316 3978 3457 4053 (Act.
3486 3978 3552 4054 ι),

1958 4082 2014 4126 et
2036 4073 2213 4128 verbis
2232 4088 2341 4128 non
2363 4074 2856 4146 interrogaverunt,
2878 4076 2973 4130 sed
2993 4075 3165 4129 oculis
3186 4075 3548 4141 deduxerunt.

1958 4163 2062 4219 Sed
2095 4166 2220 4235 quia
2243 4166 2354 4223 Ittec
2390 4165 2594 4220 locutus
2621 4182 2738 4221 sum
2769 4168 2932 4232 vobis,
2963 4168 3178 4220 tristitia
3206 4164 3434 4236 implevit
3463 4182 3555 4220 cor

1958 4264 2205 4309 vestrum.
2234 4256 2676 4309 Contristabatur
2703 4257 2974 4312 humanus
3002 4255 3247 4323 affectus,
3282 4256 3409 4325 quia
3432 4272 3552 4311 car-

1958 4346 2098 4401 nalis
2125 4347 2472 4402 desolabatur
2493 4356 2763 4419 aspectus.

2034 4462 2141 4518 Sed
2165 4480 2258 4534 ego
2290 4465 2559 4520 veritatem
2603 4467 2720 4522 dico
2758 4468 2920 4535 vobis,
2965 4469 3171 4542 expedit
3211 4470 3352 4525 vobis
3378 4478 3434 4523 ut
3459 4486 3552 4542 ego

263 4588 389 4627 rum
436 4586 566 4643 ergo
595 4569 684 4624 illa
728 4577 854 4625 sunt
891 4582 1078 4649 opera,
1135 4577 1255 4635 quae
1309 4562 1363 4617 in
1414 4576 1603 4617 eorum
1648 4558 2184 4640 valetu-Dvadam;
2224 4561 2270 4613 si
2299 4561 2437 4614 enim
2476 4578 2581 4615 non
2625 4562 2823 4627 abiero,
2868 4560 3178 4616 Paracletus
3227 4579 3329 4615 non
3366 4562 3550 4628 veniet,

262 4664 502 4730 dinibus,
534 4670 683 4727 tanta
708 4660 969 4717 miracula
997 4658 1188 4715 salutis
1234 4654 1491 4717 ostendit,
1516 4662 1719 4722 quanta
1745 4649 1852 4704 illis

264 4767 428 4833 antea
463 4774 624 4833 nemo
669 4757 911 4813 donavit.
953 4754 1088 4822 Quia
1141 4752 1208 4808 de
1264 4751 1382 4822 ipso
1421 4749 1683 4819 scriptum
1730 4755 1851 4800 est:

264 4852 588 4908 Benedictus
635 4850 893 4906 Dominus
920 4849 1061 4904 Deus
1085 4846 1278 4913 Israel,
1319 4845 1410 4919 qui
1435 4844 1561 4916 facit
1590 4841 1857 4896 mirabilia

266 4945 416 5007 solus
467 4944 641 5016 (Psal.
692 4944 863 5017 ιχιι).
921 4941 1089 4997 Nemo
1130 4955 1261 5010 ergo
1321 4938 1461 4993 alius
1515 4936 1646 4991 fecit
1710 4951 1859 5004 quai-

268 5054 486 5109 cunque
508 5039 562 5099 in
595 5038 674 5093 eis
698 5052 862 5108 opera
890 5035 1035 5090 fecit.
1088 5032 1353 5100 Quoniam
1400 5030 1648 5100 quisquis
1694 5028 1858 5083 homo

268 5128 475 5199 aliquid
503 5143 692 5183 eorum
726 5127 873 5190 fecit,
916 5126 1032 5196 ipso
1066 5121 1302 5178 faciente
1332 5119 1481 5186 fecit,
1509 5120 1625 5174 haec
1680 5127 1862 5173 autem

270 5222 392 5292 ipse
421 5235 525 5291 non
549 5220 653 5275 illis
674 5218 998 5275 facientibus
1021 5215 1169 5272 fecit.

346 5308 478 5366 Cum
504 5320 676 5365 autem
696 5318 891 5364 venerit
913 5307 1243 5373 Paracletus,
1267 5302 1357 5359 ille
1378 5303 1730 5358 testimonium
1749 5317 1868 5371 per-

271 5402 492 5469 hibebit,
515 5410 620 5457 etc.
648 5400 931 5471 Tanquam
958 5400 1163 5455 diceret
1191 5417 1204 5452 :
1246 5396 1382 5453 Odio
1428 5409 1516 5450 me
1561 5395 1866 5450 habuerunt

274 5503 332 5550 et
380 5493 695 5549 occiderunt
724 5492 990 5546 videntes.
1037 5489 1143 5546 Sed
1174 5490 1280 5545 tale
1326 5493 1392 5545 de
1432 5506 1518 5544 me
1559 5487 1869 5544 Paracletus

277 5583 649 5638 testimonium
677 5581 1003 5654 perhibebit,
1029 5588 1091 5634 ut
1122 5595 1217 5635 eos
1260 5579 1425 5634 faciat
1452 5579 1507 5633 in
1533 5594 1619 5633 me
1648 5578 1871 5633 credere

278 5695 389 5736 non
421 5678 662 5741 videntes
689 5694 702 5731 :
734 5676 805 5731 Et
840 5692 950 5741 vos,
984 5673 1181 5745 inquit,
1210 5672 1560 5727 testimonium
1583 5670 1873 5740 perhibebi-

281 5770 373 5835 tis,
413 5768 538 5845 quia
566 5767 630 5821 ab
656 5767 806 5821 initio
852 5781 1052 5820 mecum
1093 5764 1249 5827 estis;
1292 5760 1597 5833 perhibebit
1635 5759 1870 5827 Spiritus

285 5868 529 5928 sanctus,
559 5859 912 5933 perhibebitis
951 5866 1007 5916 et
1030 5872 1154 5923 vos;
1194 5854 1344 5912 dabit
1379 5853 1525 5911 enim
1552 5852 1705 5909 vobis
1730 5851 1869 5908 fidu-

1957 4662 2061 4706 etc.
2096 4652 2375 4723 Tanquam
2423 4654 2662 4709 diceret:
2697 4653 2925 4724 Expedit
2964 4654 3117 4709 vobis
3142 4663 3202 4709 ut
3237 4655 3352 4710 haec
3379 4654 3552 4709 forma

1960 4745 2102 4798 servi
2152 4744 2429 4799 auferatur
2474 4761 2503 4800 a
2552 4745 2725 4801 vobis.
2756 4746 2895 4800 Caro
2927 4746 3146 4819 quidem
3191 4743 3395 4799 factum
3419 4744 3556 4814 Yer—

1960 4835 2088 4889 bum
2128 4836 2314 4889 habito
2361 4835 2416 4889 in
2449 4836 2623 4902 vobis,
2654 4834 2748 4890 sed
2787 4836 2912 4890 nolo
2937 4836 3113 4890 adhuc
3144 4851 3233 4895 me
3260 4835 3555 4895 carnaliter

1964 4926 2219 4997 diligatis.
2254 4926 2406 4982 Unde
2442 4935 2498 5001 et
2530 4927 2818 4982 subditur:
2845 4928 2908 4983 Si
2935 4946 3039 4983 non
3070 4927 3270 4995 abiero,
3307 4926 3556 4985 Paracle-

1967 5029 2050 5073 tus
2073 5036 2175 5073 non
2205 5020 2369 5074 veniet
2391 5018 2460 5075 ad
2487 5037 2603 5086 vos,
2633 5037 2696 5076 ac
2731 5021 2777 5076 si
2800 5022 3039 5077 diceret:
3069 5022 3185 5077 Non
3214 5022 3441 5094 potestis
3462 5036 3555 5076 ca-

1965 5129 2095 5184 pere
2129 5113 2411 5182 Spiritum,
2461 5112 2718 5183 quamdiu
2769 5115 3065 5169 secundum
3115 5130 3337 5173 carnem
3396 5126 3555 5166 nosse

1966 5204 2293 5273 persistitis:
2326 5203 2387 5259 Si
2412 5213 2587 5258 autem
2624 5204 2820 5269 abiero,
2866 5205 3060 5276 inquit,
3089 5205 3292 5256 mittam
3329 5215 3447 5254 eum
3485 5200 3555 5254 ad

1969 5310 2077 5349 vos.
2119 5294 2336 5350 Christo
2365 5302 2544 5349 autem
2580 5295 2893 5351 discedente
2932 5293 3305 5367 corporaliter,
3337 5306 3442 5345 non
3474 5307 3557 5345 so-

1971 5386 2085 5440 lum
2109 5385 2346 5456 Spiritus
2381 5395 2620 5453 sanctus,
2655 5388 2748 5443 sed
2776 5396 2831 5443 et
2855 5386 3018 5441 Pater
3042 5393 3096 5440 et
3123 5383 3290 5446 Filius
3326 5382 3431 5439 illis
3458 5384 3556 5438 ad-

1972 5479 2073 5534 fuit
2107 5479 2441 5551 spiritaliter.
2475 5479 2608 5534 Nam
2641 5495 2762 5535 cum
2790 5495 2858 5533 ex
2884 5475 3192 5533 carnalibus
3226 5483 3408 5530 essent
3448 5476 3559 5548 spi-

1971 5574 2195 5629 rituales
2221 5573 2409 5640 futuri,
2448 5574 2693 5645 profecto
2715 5582 2769 5628 et
2793 5571 3006 5625 Patrem
3034 5575 3089 5623 et
3118 5566 3311 5623 Filium
3342 5577 3397 5624 et
3436 5567 3558 5639 Spi-

1971 5670 2133 5724 ritum
2159 5678 2407 5725 sanctum
2432 5669 2683 5739 capacius
2709 5666 2922 5720 fuerant
2945 5662 3198 5717 habituri.

2046 5761 2112 5815 Et
2140 5779 2256 5815 cum
2299 5763 2491 5815 venerit
2519 5759 2626 5824 ille,
2660 5764 2839 5828 arguet
2866 5754 3117 5807 mundum
3155 5755 3219 5808 de
3246 5766 3478 5827 peccato,
3511 5763 3556 5807 et

1974 5855 2037 5909 de
2054 5854 2289 5923 justitia,
2312 5862 2359 5906 et
2386 5852 2450 5904 de
2467 5847 2704 5919 judicio;
2731 5845 2795 5899 de
2822 5853 3030 5917 peccato
3051 5846 3279 5915 quidem,
3305 5847 3427 5904 auia
3453 5862 3554 5899 non
