4030 6456
493 308 598 367 215

1784 324 2139 385 SMARAGDI
2175 326 2470 384 ABBATIS

3670 341 3782 398 2l6

493 429 824 498 crediderunt
853 433 909 488 in
947 450 1050 501 me,
1077 433 1142 489 de
1171 435 1377 504 iustitia
1415 455 1557 506 vero,
1596 440 1724 513 quia
1761 442 1830 497 ad
1864 440 2080 498 Patrem
2105 444 2159 506 Α
2183 444 2458 515 gaudebit,
2490 445 2695 501 malitia
2725 447 2909 504 mundi
2933 448 3092 521 hujus
3141 449 3366 524 intelligi
3415 461 3620 524 potest,
3660 473 3784 528 qua:

493 521 643 586 vado,
665 529 716 574 et
724 521 850 592 jam
878 542 982 580 non
1011 525 1246 581 videbitis
1282 545 1384 584 me.
1423 528 1684 604 Arguitur
1706 533 1891 604 itaque
1929 551 2084 590 mun-

491 613 590 667 dus
614 612 681 668 de
705 625 935 688 peccato
960 617 1370 686 incredulitatis,
1417 624 1664 695 arguitur
1687 632 1742 680 et
1777 627 1842 681 de
1867 625 2082 695 iustitia

489 719 678 761 eorum
700 709 792 778 qui
815 709 1059 765 credunt.
1083 709 1202 782 Ipsa
1231 714 1428 784 quippe
1459 716 1698 772 ﬁdelium
1724 721 2079 790 comparatio,

489 799 786 857 inﬁdelium
836 811 920 858 est
956 804 1325 875 vituperatio;
1379 819 1711 881 quapropter
1735 813 1967 868 mundus
2016 813 2083 868 de

487 902 714 960 peccato
736 895 956 964 quidem
984 911 1102 963 suo,
1133 898 1201 953 de
1219 897 1432 968 justitia
1455 917 1586 958 vero
1608 905 1856 974 arguitur
1882 905 2078 971 aliena,

486 984 628 1040 sicut
677 996 981 1059 arguuntur
1031 990 1098 1046 de
1156 992 1361 1050 lumine
1420 997 1674 1053 tenebrae.
1740 998 2081 1056 Incredulum

487 1081 748 1137 mundum
768 1091 959 1154 arguet
981 1084 1144 1140 etiam
1165 1088 1230 1142 de
1247 1085 1472 1156 judicio,
1495 1090 1625 1160 quia
1649 1091 1900 1164 princeps
1919 1094 2082 1164 hujus

486 1173 673 1227 mundi
695 1172 971 1242 judicatus
997 1184 1102 1244 est,
1135 1178 1190 1233 id
1208 1187 1311 1246 est,
1335 1179 1542 1249 judicio
1572 1183 1711 1254 ignis
1733 1186 1920 1242 aeterni
1945 1187 2082 1243 irre-

485 1265 802 1321 vocabiliter
836 1267 1136 1324 destinatus
1179 1280 1281 1338 est,
1311 1281 1367 1327 et
1395 1274 1460 1329 de
1487 1275 1590 1332 hoc
1630 1277 1814 1348 itaque
1847 1277 2078 1347 judicio,

484 1371 592 1425 quo
620 1357 871 1428 princeps
887 1360 1161 1430 judicatus
1189 1369 1274 1418 est
1297 1366 1506 1433 mundi,
1553 1368 1803 1438 arguitur
1829 1385 1859 1424 a
1887 1380 2078 1456 sancto

485 1446 694 1518 Spiritu
727 1453 981 1518 mundus,
1013 1453 1269 1523 quoniam
1314 1473 1438 1513 cum
1467 1474 1565 1515 suo
1595 1462 1840 1532 principe
1866 1446 2078 1534 judica-

482 1548 590 1604 tur,
623 1556 784 1610 quem
813 1545 1078 1614 superbus
1107 1555 1270 1618 atque
1301 1548 1499 1619 impius
1534 1552 1797 1607 imitatur.
1833 1551 1970 1620 Quid
1993 1562 2079 1610 est

483 1648 616 1704 ergo
649 1637 795 1705 quod
850 1639 1020 1694 dicit:
1052 1639 1232 1695 Etiam
1272 1659 1378 1696 non
1418 1643 1655 1700 videbitis
1679 1663 1783 1714 me,
1814 1647 1917 1703 nisi
1944 1665 2080 1718 quo-

480 1727 643 1782 modo
676 1745 822 1797 sum,
854 1746 979 1787 cum
1030 1733 1308 1790 vobiscum
1344 1738 1501 1791 sum?
1537 1737 1687 1793 Tunc
1727 1741 1870 1797 enim
1902 1743 2079 1798 adhuc

2185 534 2368 591 laetata
2416 545 2502 592 est
2542 539 2723 594 occiso
2785 539 3018 596 Christo.
3082 541 3234 610 Quod
3295 560 3426 600 vero
3480 547 3603 603 ait:
3637 546 3784 606 Gau-

2184 627 2330 682 dium
2384 640 2604 684 vestrum
2649 648 2796 686 nemo
2843 633 3045 702 auferet
3093 651 3126 688 a
3172 635 3485 707 vobis,quia
3522 641 3783 711 gaudium

2185 717 2424 788 ipsorum
2446 729 2532 776 est
2554 722 2671 792 ipse
2693 721 2873 791 Jesus,
2903 724 3237 795 signiﬁcatus
3257 737 3341 783 est
3363 731 3504 800 quod
3538 733 3618 787 ait
3638 734 3785 805 Apo-

2185 812 2358 867 stolus
2391 830 2404 866 :
2433 810 2676 869 Christus
2700 832 2973 887 resurgens
2999 836 3031 872 a
3058 821 3280 874 mortuis
3320 821 3439 891 jam
3484 841 3589 879 non
3617 829 3785 881 mori-

2183 910 2288 967 tur,
2316 910 2403 959 etc
2425 902 2513 976 (II
2537 902 2683 959 Petr.
2725 905 2829 978 tu).
2858 907 2995 974 Quid
3023 918 3107 964 est
3132 910 3276 966 enim
3308 914 3451 980 quod
3483 915 3561 969 ait
3586 935 3598 969 :
3630 916 3698 970 Et
3727 920 3783 973 in

2182 994 2274 1049 illo
2303 996 2388 1051 die
2436 1014 2540 1051 non
2575 1000 2822 1070 rogabitis
2853 1002 3180 1073 quidquam9
3217 1003 3331 1060 Hoc
3369 1009 3595 1063 verbum
3635 1011 3783 1080 quod

2181 1083 2299 1137 est?
2325 1083 2538 1155 Rogare
2566 1101 2674 1140 non
2704 1086 2875 1141 solum
2908 1096 3113 1158 petere,
3154 1092 3512 1148 verumetiam
3541 1093 3782 1150 interm-

2180 1191 2310 1247 gare
2349 1176 2635 1248 signiﬁcat.
2679 1178 2832 1246 Quod
2860 1195 2988 1236 vero
3036 1182 3163 1238 dicit
3206 1201 3220 1238 :
3270 1183 3422 1239 Venit
3477 1186 3608 1241 hora
3659 1205 3782 1242 cum

2171 1267 2292 1338 jam
2322 1285 2428 1322 non
2455 1269 2508 1324 in
2539 1271 2824 1341 proverbiis
2868 1271 3058 1344 loquar
3089 1276 3252 1341 vobis,
3288 1278 3380 1332 sed
3407 1277 3610 1349 palam,
3639 1280 3786 1336 futu-

2179 1375 2302 1414 rum
2329 1370 2580 1432 oportere
2631 1363 2855 1437 intelligi
2891 1368 3207 1436 secundum,
3237 1370 3329 1425 ubi
3358 1371 3662 1428 videbimus
3699 1373 3784 1428 fa-

2181 1453 2264 1508 cie
2283 1453 2350 1508 ad
2373 1452 2588 1509 faciem.
2613 1455 2960 1514 Annuntiabo
2986 1468 3167 1516 autem
3209 1462 3384 1529 vobis,
3412 1463 3546 1533 quia,
3567 1479 3666 1536 per
3692 1465 3784 1520 Fi-

2179 1546 2314 1602 lium
2356 1548 2517 1604 Pater
2554 1550 2790 1607 videtur.
2843 1553 2975 1621 Quis
3022 1557 3165 1610 enim
3218 1558 3497 1628 cognoscit
3532 1559 3777 1626 Patrem,

2179 1637 2287 1693 nisi
2312 1639 2399 1694 cui
2427 1639 2660 1696 voluerit
2692 1641 2864 1698 Filius
2895 1645 3173 1702 revelare?

2249 1727 2320 1783 Et
2351 1747 2455 1786 non
2482 1732 2598 1786 dico
2627 1735 2786 1800 vobis,
2813 1738 2939 1803 quia
2970 1754 3064 1808 ego
3095 1739 3287 1809 rogabo
3313 1738 3551 1806 Patrem,
3576 1750 3685 1796 etc.
3719 1742 3778 1798 In

481 1829 600 1874 erat
626 1822 868 1878 mortalis
895 1825 952 1878 in
988 1826 1340 1884 similitudine
1370 1830 1551 1885 carnis
1576 1833 1803 1902 peccati,
1834 1833 1926 1904 qui
1955 1849 2060 1889 esu-

2182 1831 2448 1891 quantum
2484 1824 2648 1879 homo
2673 1833 2759 1880 est
2782 1826 3092 1898 interpellat
3124 1845 3223 1900 pro
3259 1831 3418 1886 nobis
3446 1830 3691 1896 Patrem,
3720 1833 3777 1888 in

480 1911 591 1965 rire
625 1920 837 1982 poterat
864 1930 929 1970 ac
956 1916 1128 1983 sitire,
1173 1916 1390 1990 fatigari
1420 1928 1583 1989 atque
1629 1921 1886 1978 dormire.
1921 1922 2076 1980 Hunc

478 2017 610 2073 ergo
646 2004 944 2074 Christum,
990 2009 1043 2063 id
1076 2018 1180 2077 est,
1225 2011 1386 2066 talem
1419 2009 1715 2079 Christum,
1743 2030 1866 2070 cum
1901 2022 2076 2072 trans-

478 2091 611 2148 isset
654 2086 720 2150 d'e
766 2097 870 2153 hoc
907 2101 1108 2156 mundo
1153 2101 1220 2157 ad
1261 2100 1498 2170 Patrem,
1529 2119 1640 2160 non
1671 2113 1828 2160 erant
1854 2103 1969 2173 jam
1992 2107 2076 2161 vi-

475 2185 592 2242 suri
623 2205 636 2239 :
667 2185 792 2242 Non
824 2190 1058 2247 videbitis
1088 2210 1188 2260 me,
1226 2210 1291 2250 ac
1320 2197 1366 2252 si
1399 2197 1627 2266 diceret,
1670 2199 1948 2268 humilem,
1977 2202 2074 2257 sed

475 2277 772 2346 excelsum,
801 2296 902 2338 nec
922 2285 1225 2354 mortalem,
1249 2287 1343 2343 sed
1373 2289 1783 2360 sempiternum,
1806 2307 1907 2346 nec
1927 2292 2072 2362 judi-

474 2373 726 2437 candum,
774 2377 872 2432 sed
887 2375 1277 2445 judicaturum.
1308 2381 1367 2436 Si
1408 2382 1498 2437 ille
1535 2384 1796 2454 magister
1822 2385 2067 2455 interior,

471 2464 714 2534 quicum
748 2468 1028 2540 discipulis
1054 2475 1296 2531 exterius
1336 2476 1680 2546 loquebatur,
1717 2479 1879 2536 vellet
1912 2482 2070 2539 nobis

471 2555 538 2611 de
569 2556 886 2630 incorporea
912 2563 1006 2618 Dei
1036 2574 1230 2632 natura
1264 2567 1591 2624 intrinsecus
1630 2568 1836 2638 aliquid
1865 2571 2068 2639 dicere,

469 2648 612 2704 sicut
637 2652 842 2707 sanctis
869 2655 1074 2725 angelis
1102 2657 1253 2723 dicit,
1286 2659 1378 2728 qui
1409 2675 1625 2731 semper
1650 2661 1836 2718 vident
1870 2664 2070 2721 faciem

471 2741 675 2809 Patris,
708 2745 944 2801 nondum
980 2761 1044 2802 ea
1073 2757 1293 2818 portare
1321 2766 1625 2821 possumus,
1667 2741 1896 2824 pruinde
1922 2758 2072 2828 quod

470 2835 549 2889 ait
575 2853 587 2888 :
625 2834 841 2891 Docebit
869 2855 956 2893 vos
979 2857 1182 2896 omnem
1213 2843 1636 2910 veritatemfnon
1662 2847 1898 2904 arbitror
1920 2864 2070 2906 nunc

469 2924 527 2979 in
557 2926 875 2998 cujusquam
909 2941 1090 2987 mente
1117 2948 1276 3003 posse
1310 2936 1586 3006 compleri,
1633 2939 1728 2994 sed
1763 2947 1912 3008 tunc,
1943 2958 2067 2998 cum

471 3016 611 3072 facie
635 3018 704 3073 ad
727 3017 920 3076 faciem
938 3022 1252 3079 viderimus.
1278 3025 1413 3094 Quia
1434 3043 1564 3099 ergo
1582 3045 1690 3084 non
1712 3038 1795 3086 est
1813 3046 1844 3085 a
1868 3040 2067 3087 semet-

469 3108 612 3178 ipso,
643 3110 738 3166 sed
767 3112 836 3167 ab
869 3113 961 3170 illo
988 3129 1019 3168 a
1046 3130 1154 3185 quo
1177 3118 1441 3186 procedit,
1499 3119 1619 3174 Non
1667 3136 1794 3193 ergo
1835 3122 2066 3195 loquitur

2181 1922 2444 1985 quantum
2483 1924 2664 1972 autem
2703 1917 2846 1975 Deus
2875 1927 2976 1985 est,
3025 1937 3125 1976 nos
3172 1923 3392 1977 exaudit
3417 1939 3541 1978 cum
3573 1923 3776 1980 Patre:

2177 2008 2300 2081 Ipse
2320 2011 2454 2065 enitr
2484 2008 2669 2080 Pater,
2706 2013 2904 2084 inquit,
2935 2011 3216 2082 amat'vos,
3247 2018 3370 2090 quia
3402 2035 3493 2072 vos
3522 2035 3604 2072 me
3627 2035 3781 2074 ama-

2173 2102 2288 2167 stis,
2324 2101 2452 2158 hinc
2483 2117 2613 2175 ergo
2648 2102 2850 2160 factum
2878 2115 2960 2160 est
2996 2116 3053 2162 ut
3087 2109 3451 2180 diligeremur,
3481 2110 3605 2178 quia
3643 2109 3782 2164 dile-

2175 2199 2249 2253 cti
2279 2211 2488 2254 sumus.
2529 2198 2757 2256 Prorsus
2785 2202 2982 2256 donum
3034 2203 3129 2258 Dei
3183 2211 3269 2259 est
3317 2203 3539 2276 diligere
3577 2204 3776 2272 Deum,

2172 2288 2290 2360 ipse
2320 2297 2380 2344 ut
2409 2291 2726 2360 diligeretur
2756 2293 2927 2360 dedit,
2977 2296 3069 2365 qui
3118 2311 3224 2350 non
3277 2295 3501 2351 dilectus
3550 2295 3773 2352 dilexit.

2174 2380 2473 2453 Sequitur:
2504 2383 2719 2439 Exivia
2750 2385 2912 2441 Patre
2953 2397 2999 2441 et
3047 2388 3162 2442 veni
3209 2389 3262 2442 in
3309 2389 3446 2443 hunc
3488 2390 3769 2457 mundum,

2173 2476 2307 2530 exiit
2335 2476 2482 2531 enim
2520 2493 2553 2532 a
2579 2476 2759 2542 Patre,
2804 2479 2929 2548 quia
2978 2480 3045 2534 de
3082 2479 3242 2535 Patre
3269 2489 3351 2535 est
3382 2499 3394 2534 :
3425 2480 3478 2534 in
3509 2482 3770 2537 mundum

2173 2566 2344 2632 venit,
2390 2567 2519 2638 quia
2550 2568 2753 2624 mundo
2781 2584 2939 2624 suum
2983 2586 3183 2641 corpus
3230 2571 3487 2634 ostendit,
3521 2572 3668 2641 quod
3704 2571 3770 2626 de

2171 2659 2380 2730 virgine
2413 2660 2706 2730 assumpsit
2741 2678 2753 2714 :
2796 2661 3017 2731 reliquit
3062 2661 3321 2717 mundum
3366 2664 3636 2734 corporali
3661 2664 3770 2720 dis-

2172 2755 2420 2810 cessione
2452 2771 2467 2810 :
2499 2756 2740 2825 perrexit
2771 2756 2840 2811 ad
2887 2755 3102 2813 Patrem
3145 2757 3383 2813 hominis
3410 2759 3764 2814 ascensione:

2169 2860 2273 2901 nec
2300 2845 2563 2900 mundum
2592 2846 2832 2902 deseruit
2862 2848 3168 2919 praesentiae
3187 2849 3601 2920 gubernatione.

2241 2935 2607 2992 Haeclocutus
2637 2955 2754 2994 sum
2782 2939 2944 3004 vobis,
2983 2949 3043 2994 ut
3089 2941 3143 2994 in
3170 2957 3252 2994 me
3288 2958 3470 3012 pacem
3506 2942 3766 3007 habeatis,

2169 3036 2273 3086 etc.
2317 3028 2681 3100 Posteaquam
2709 3030 2777 3086 de
2823 3033 3070 3088 convivio
3115 3042 3305 3089 sancto
3350 3034 3462 3100 illo,
3507 3035 3602 3104 qui
3645 3051 3768 3090 eum

2170 3119 2469 3175 traditurus
2524 3136 2777 3192 egressus
2816 3130 2926 3189 est,
2975 3124 3114 3179 hanc
3156 3125 3301 3179 enim
3347 3140 3573 3181 causam
3621 3142 3769 3181 com-

465 3217 498 3254 a
527 3204 820 3275 semetipso,
849 3206 944 3291 sed
978 3225 1302 3282 quaecunque
1331 3213 1509 3267 audiet
1550 3191 1808 3285 loquetur.
1857 3191 1937 3272 Ab
1967 3217 2058 3275 illo
2089 3191 2136 3256 C
2166 3217 2444 3272 mendavit
2481 3191 2751 3274 sermonis
2791 3220 2895 3284 sui,
2928 3227 2984 3274 ut
3013 3220 3067 3275 in
3102 3219 3194 3275 illo
3241 3236 3433 3291 pacem
3475 3221 3765 3288 haberent,

462 3296 648 3351 audiet
675 3312 708 3352 a
733 3314 841 3369 quo
870 3289 1138 3371 procedit,
1181 3318 1213 3359 a
1259 3320 1367 3376 quo
1399 3315 1500 3372 est,
1548 3308 1616 3363 ab
1643 3307 1735 3365 illo
1762 3317 1867 3376 est,
1897 3326 1927 3366 a
1950 3329 2057 3383 quo

459 3392 724 3460 procedit.
763 3391 916 3461 Quod
954 3412 1085 3454 vero
1119 3400 1363 3469 sequitur
1408 3416 1421 3454 :
1479 3401 1580 3457 Ille
1609 3419 1692 3458 me
1721 3404 2054 3476 clariﬁcabit,

459 3488 637 3549 potest
662 3481 910 3555 intelligi,
940 3487 1068 3555 quia
1096 3487 1441 3546 diﬁ‘undendo
1471 3492 1526 3546 in
1571 3495 1906 3550 credentium
1933 3513 2056 3552 cor-

459 3570 620 3626 dibus
661 3573 1005 3643 charitatem,
1050 3577 1345 3635 declaravit
1373 3583 1454 3638 eis
1493 3586 1762 3654 quomodo
1790 3586 1937 3642 Patri
1965 3588 2055 3644 Fi-

457 3661 564 3718 lius
586 3675 730 3720 esset
753 3667 1060 3737 coaequalis.
1092 3668 1189 3725 Vel
1207 3680 1377 3739 certe,
1409 3675 1533 3744 quia
1555 3691 1653 3746 per
1675 3677 1848 3748 ipsam
1874 3680 2055 3736 chari-

457 3759 624 3808 tatem
659 3752 853 3811 ﬁducia
885 3758 1095 3828 repleti,
1135 3769 1188 3816 et
1225 3762 1418 3819 timore
1463 3766 1708 3836 depulso,
1764 3771 2052 3825 annuntia-

457 3857 582 3903 rent
627 3849 940 3909 hominibus
982 3854 1277 3914 Christum.
1311 3859 1391 3915 Ac
1419 3863 1499 3918 sic
1524 3861 1639 3932 ejus
1681 3863 1825 3920 fama
1857 3865 2051 3924 diﬁ‘usa

453 3947 540 3994 est
575 3949 687 3996 toto
717 3945 850 3999 orbe
883 3952 1171 4016 terrarum,
1215 3959 1274 4006 ut
1301 3952 1383 4008 sic
1426 3954 1625 4010 dixerit
1653 3975 1665 4010 :
1698 3956 1793 4013 Ille
1829 3973 1915 4014 me
1941 3960 2052 4014 cla-

452 4031 709 4102 riﬁcavit,
764 4045 1020 4110 tanquam
1048 4042 1253 4100 diceret
1282 4064 1294 4099 :
1322 4046 1411 4102 ille
1453 4049 1606 4104 vobis
1637 4048 1848 4107 auferet
1889 4054 2049 4108 timo~

449 4143 590 4195 rem,
621 4137 676 4184 et
700 4130 850 4188 dabit
876 4150 1140 4203 amorem,
1171 4154 1279 4208 quo
1312 4155 1400 4195 me
1444 4143 1723 4199 ardentius
1752 4146 2047 4216 praedican-

449 4226 534 4275 tes
583 4220 766 4291 gloriae
794 4239 928 4280 meae
955 4241 1054 4296 per
1078 4235 1248 4285 totum
1280 4233 1540 4288 mundum
1567 4234 1764 4291 dabitis
1801 4237 2043 4304 odorem,

447 4313 898 4369 commendabitis
925 4316 1208 4374 honorem.
1231 4321 1385 4386 Quod
1412 4324 1555 4378 enim
1596 4324 1791 4381 facturi
1831 4325 2048 4383 fuerant

449 4401 506 4456 in
535 4400 740 4471 Spiritu
775 4413 985 4468 sancto,
1019 4408 1123 4462 hoc
1162 4412 1410 4466 eumdem
1456 4414 1717 4484 Spiritum
1761 4417 1896 4472 dixit
1924 4434 2044 4474 esse

424 4490 720 4571 facturum
771 4513 784 4548 :
840 4493 1054 4563 Omnia,
1081 4499 1277 4569 inquit,
1318 4520 1640 4576 qutecunque
1682 4507 1834 4562 habet
1881 4509 2045 4564 Pater

2161 3318 2382 3382 propter
2413 3310 2557 3382 quod
2598 3318 2772 3366 totum
2817 3312 2997 3383 agitur
3036 3313 3180 3384 quod
3211 3311 3511 3368 Christiani
3555 3329 3766 3379 sumus,

2160 3401 2279 3458 htec
2306 3403 2451 3459 enim
2477 3418 2586 3474 pax
2617 3400 2780 3458 ﬁnem
2808 3404 3068 3475 temporis
3105 3419 3213 3458 non
3235 3403 3482 3470 habebit,
3508 3411 3566 3459 et
3588 3405 3770 3458 omnis

2159 3496 2264 3566 piae
2306 3506 2510 3552 nostra:
2551 3495 2869 3552 intentionis
2915 3497 3078 3562 actio,
3133 3513 3252 3568 quae
3301 3496 3428 3552 ﬁnis
3461 3495 3577 3566 ipsa
3622 3505 3766 3562 erat,

2157 3596 2383 3657 propter
2425 3588 2567 3642 hanc
2614 3587 2971 3642 sacramentis
3024 3588 3140 3659 ejus
3169 3587 3482 3642 imbuimur.
3533 3585 3768 3656 Propter

2157 3682 2300 3737 hanc
2328 3680 2671 3736 mirabilibus
2702 3680 2818 3750 ejus
2861 3682 3118 3752 operibus
3156 3690 3212 3736 et
3255 3681 3596 3737 sermonibus
3638 3697 3766 3736 eru-

2157 3774 2338 3828 dimur
2363 3791 2376 3828 :
2399 3781 2622 3843 propter
2643 3773 2784 3828 hanc
2807 3773 3031 3843 spiritus
3053 3772 3170 3841 ejus
3190 3774 3387 3844 pignus
3414 3773 3758 3842 accepimus:

2152 3872 2378 3934 propter
2406 3865 2548 3918 hanc
2584 3863 2639 3917 in
2680 3878 2804 3918 eum
2835 3863 3108 3919 credimus
3142 3871 3197 3919 et
3223 3879 3529 3935 speramus,
3558 3872 3613 3919 et
3642 3864 3762 3934 ejus

2153 3969 2340 4009 amore
2390 3962 2651 4025 quantum
2702 3954 2868 4009 donat
2921 3955 3320 4011 accendimur:
3365 3956 3468 4010 hac
3517 3970 3651 4026 pace
3701 3955 3760 4010 in

2151 4052 2426 4121 pressuris
2488 4052 2742 4106 omnibus
2803 4049 3147 4106 consolamur
3199 4067 3211 4102 :
3267 4048 3372 4103 hac
3410 4063 3441 4102 a
3483 4046 3759 4118 pressuris

2151 4139 2402 4196 omnibus
2447 4140 2766 4207 liberamur,
2813 4149 3036 4212 propter
3071 4139 3214 4194 hanc
3255 4153 3472 4194 omnem
3527 4137 3759 4193 tribula-

2153 4232 2356 4288 tionem
2386 4233 2602 4290 fortiter
2641 4235 2994 4300 sustinemus,
3024 4232 3169 4288 utin
3213 4233 3319 4288 hac
3359 4231 3592 4288 feliciter
3636 4233 3756 4288 sine

2149 4325 2258 4381 ulla
2285 4326 2632 4383 tribulatione
2662 4342 2972 4398 regnemus.

2220 4419 2372 4493 (Cap.
2424 4422 2583 4494 xvu.)
2632 4422 2762 4476 Hmc
2811 4422 3017 4477 locutus
3063 4431 3140 4477 est
3179 4422 3356 4488 Iesus,
3391 4432 3438 4477 et
3468 4422 3750 4476 sublevatis

2147 4511 2313 4567 oculis
2354 4514 2411 4568 in
2447 4513 2650 4577 caelum,
2688 4523 2795 4570 etc.
2834 4514 3205 4571 Clariﬁcatum
3261 4531 3292 4570 a
3342 4514 3505 4570 Patre
3551 4515 3751 4570 Filium

446 4601 564 4638 mea
601 4593 723 4638 sunt
747 4598 765 4636 :
787 4597 1060 4657 propterea
1090 4589 1203 4644 dixi
1231 4592 1372 4647 vobis
1405 4595 1529 4665 quia
1573 4595 1637 4649 de
1660 4613 1773 4651 meo
1804 4600 2040 4670 accipiet,
2069 4583 2124 4644 D
2148 4609 2389 4665 nonnulli
2419 4612 2693 4683 accipiunt
2718 4612 2774 4668 in
2805 4613 2927 4680 hoc,
2957 4614 3100 4685 quod
3130 4614 3178 4669 ei
3211 4629 3320 4670 non
3347 4613 3610 4686 pepercit,
3650 4615 3750 4669 sed

423 4684 504 4750 ,ει
542 4676 799 4732 continuo
839 4679 942 4732 hoc
975 4680 1233 4751 explanat
1265 4702 1277 4738 :
1318 4684 1458 4758 Ergo
1510 4687 1577 4741 de
1639 4689 1802 4745 Patre
1847 4693 2045 4762 accipit

423 4766 682 4837 Spiritus
730 4778 973 4835 sanctus,
1027 4774 1171 4829 unde
1219 4777 1416 4847 accipit
1458 4777 1649 4845 Filius,
1691 4781 1819 4850 quia
1851 4781 1905 4836 in
1942 4782 2044 4839 hac

445 4859 714 4917 Trinitate
741 4862 809 4918 de
837 4862 1000 4920 Patre
1036 4874 1196 4923 natus
1234 4879 1318 4924 est
1346 4870 1535 4938 Filius,
1570 4873 1636 4928 de
1661 4873 1821 4931 Patre
1853 4891 2043 4945 proce-

443 4951 524 5007 dit
558 4951 793 5023 Spiritus
830 4964 1072 5024 sanctus,
1096 4961 1189 5030 qui
1233 4969 1414 5018 autem
1466 4965 1532 5021 de
1576 4966 1722 5021 nullo
1751 4976 1910 5024 natus
1944 4969 2039 5038 sit,

444 5043 510 5098 de
545 5043 692 5098 nullo
722 5048 1001 5116 procedat,
1032 5048 1195 5106 Pater
1221 5061 1307 5108 est
1343 5054 1509 5111 solus.

513 5135 784 5192 Modicum
808 5149 858 5194 et
877 5141 996 5210 jam
1025 5159 1130 5197 non
1176 5145 1414 5201 videbitis
1460 5165 1563 5214 me,
1611 5158 1717 5205 etc.
1752 5150 1881 5207 Post
1905 5167 2039 5223 pau-

441 5226 607 5284 lulum
637 5230 784 5286 enim
811 5247 1007 5302 passus
1033 5243 1136 5302 est,
1163 5245 1218 5292 et
1242 5253 1349 5294 non
1373 5240 1624 5297 viderunt
1647 5258 1788 5299 eum.
1825 5244 2034 5304 Rursus

438 5327 562 5389 post
588 5321 865 5391 paululum
908 5328 1211 5382 resurrexit
1254 5339 1309 5385 et
1332 5331 1587 5396 viderunt
1610 5347 1754 5390 eum.
1792 5335 1945 5393 Unde
1978 5347 2034 5395 et

441 5413 748 5470 contristati
783 5424 910 5472 sunt
939 5417 1005 5473 de
1033 5429 1208 5476 morte
1237 5422 1450 5478 Domini
1487 5425 1750 5497 discipuli,
1805 5436 1860 5483 et
1897 5444 2027 5485 con-

441 5502 621 5558 festim
652 5509 718 5562 de
745 5512 1140 5570 resurrectione
1171 5514 1286 5584 ejus
1326 5515 1454 5581 laeti,
1489 5518 1631 5573 unde
1659 5531 1714 5574 et
1740 5521 1986 5590 sequitur
2015 5540 2028 5576 :

443 5595 678 5653 Tristitia
720 5612 886 5659 vestra
919 5617 1246 5662 convertetur
1271 5609 1324 5661 in
1369 5608 1646 5678 gaudium,
1685 5628 1810 5666 nam
1855 5622 1908 5668 et
1941 5614 2034 5667 tri-

439 5686 590 5742 stitia
619 5697 747 5746 tunc
771 5703 1115 5749 convertetur
1161 5697 1216 5750 in
1255 5696 1527 5766 gaudium,
1553 5700 1768 5768 quando
1796 5702 2028 5758 manife-

441 5782 667 5838 staverit
705 5799 764 5841 se
790 5787 903 5842 suis
931 5786 1089 5844 sicuti
1118 5797 1218 5844 est.
1252 5788 1406 5855 Quod
1435 5803 1563 5847 vero
1591 5791 1722 5848 dicit
1748 5808 1766 5847 :
1795 5792 2029 5853 Mundus

2141 4717 2242 4772 pro
2272 4704 2429 4767 nobis
2462 4705 2714 4760 omnibus
2763 4706 2985 4762 tradidit
3019 4722 3162 4762 eum.
3202 4705 3260 4762 Si
3296 4705 3549 4778 passione
3586 4703 3750 4760 clari-

2142 4793 2332 4850 ﬁcatus
2353 4797 2572 4862 dicitur,
2589 4807 2793 4866 quanto
2819 4800 2990 4868 magis
3006 4801 3434 4857 resurrectione!
3456 4799 3747 4854 Humilitas

2140 4900 2268 4958 ergo
2288 4886 2405 4956 ejus
2432 4889 2624 4958 incipit
2656 4890 2710 4943 in
2738 4906 2989 4947 ser-mone
3015 4891 3277 4963 Apostoli,
3309 4892 3379 4946 ab
3405 4907 3469 4948 eo
3499 4891 3619 4947 loco
3646 4892 3744 4946 ubi

2139 4980 2217 5034 ait
2251 4999 2263 5034 :
2300 4980 2649 5052 Semetipsum
2679 4983 2965 5039 exinanivit
3015 5002 3178 5054 usque
3208 4986 3278 5040 ad
3319 4995 3538 5040 mortem
3568 4986 3744 5039 crucis

2141 5069 2366 5143 (Philip.
2399 5072 2480 5146 ιι).
2511 5072 2744 5131 Claritas
2769 5091 2896 5131 vero
2925 5075 3042 5145 ejus
3080 5077 3272 5150 incipit
3295 5079 3364 5135 ab
3391 5094 3458 5134 eo
3493 5078 3614 5134 loco
3645 5079 3742 5136 ubi

2139 5165 2253 5219 ait:
2286 5164 2512 5238 Propter
2534 5167 2676 5238 quod
2713 5177 2760 5222 et
2804 5169 2947 5223 Deus
2979 5168 3129 5224 illum
3161 5170 3430 5237 exultavit,
3463 5179 3518 5226 et
3545 5186 3742 5241 perve-

2137 5254 2221 5310 nit
2239 5255 2378 5326 quod
2399 5257 2453 5310 in
2481 5256 2652 5327 gloria
2682 5265 2756 5311 est
2786 5257 2885 5330 Dei
2913 5257 3114 5314 Patris.
3154 5259 3441 5317 Humilitas
3465 5261 3740 5318 claritatis

2136 5355 2220 5400 est
2253 5347 2531 5413 meritum,
2563 5347 2781 5402 claritas
2811 5349 3130 5406 humilitatis
3165 5359 3250 5408 est
3290 5354 3593 5423 praemium.
3628 5351 3738 5409 Sed

2135 5440 2240 5494 hoc
2280 5437 2480 5493 factum
2527 5449 2614 5495 est
2655 5441 2709 5495 in
2755 5440 2930 5498 forma
2973 5447 3133 5501 servi.
3171 5445 3226 5500 ιη
3266 5446 3438 5501 forma
3469 5461 3596 5503 vero
3637 5447 3736 5501 Dei

2135 5539 2460 5592 semperest
2497 5532 2738 5587 claritas.
2774 5533 2879 5590 Sed
2909 5537 3037 5607 quid
3086 5538 3190 5593 sibi
3216 5537 3348 5603 vult,
3387 5538 3528 5608 quod
3557 5538 3739 5608 sequi-

2136 5627 2253 5683 tur,
2305 5619 2374 5676 Ut
2404 5620 2573 5677 Filius
2625 5633 2749 5679 tuus
2800 5625 3058 5682 clariﬁcet
3097 5637 3170 5692 te,
3215 5644 3340 5683 cum
3397 5630 3729 5698 sempiterna

2133 5707 2352 5764 claritas
2375 5711 2568 5775 Patris,
2596 5729 2695 5770 nec
2723 5716 2985 5770 diminuta
3010 5715 3173 5772 fuerit
3193 5719 3250 5774 in
3274 5718 3444 5775 forma
3467 5721 3723 5786 humana,

2132 5811 2232 5853 nec
2253 5802 2434 5870 augeri
2457 5805 2657 5874 p0terit
2679 5806 2732 5860 in
2751 5823 2844 5862 sua
2866 5805 3196 5877 perfectione
3214 5809 3594 5885 divina?Apud
3618 5813 3741 5897 ho-.
