4030 6508
326 371 438 430 217

1142 376 1656 438 COLLECTIONES
1695 380 1764 438 IN
1805 382 2194 442 EPISTOLAS
2233 384 2323 442 ET
2360 388 2778 448 EVANGELIA.

3494 401 3600 460 218

321 497 504 555 mines
539 501 723 553 autem
763 497 949 567 procul
995 497 1156 554 dubio
1198 501 1374 556 minor
1419 511 1558 570 erat,
1597 505 1815 574 quando
1857 506 1913 560 in
1939 509 1993 570 Α
2017 521 2048 561 a
2076 509 2277 563 mundo
2304 523 2666 577 recessurum,
2700 512 2820 569 illos
2847 521 3023 570 autem
3048 515 3278 584 tardius,
3317 518 3440 576 ideo
3469 521 3605 584 dixit

319 589 509 646 Iudaea
534 591 906 645 tantummodo
935 590 1077 647 Deus
1102 599 1261 646 notus
1290 603 1427 659 erat,
1471 597 1705 650 nondum
1733 612 1763 650 a
1787 597 1915 653 solis

320 691 448 738 ortu
477 695 648 750 usque
673 681 741 735 ad
771 696 1023 736 occasum
1060 682 1351 738 laudabant
1383 685 1537 755 pueri
1581 702 1778 742 nomen
1808 687 1914 744 Do-

318 773 478 838 mini,
523 773 626 828 hoc
651 783 850 836 autem,
901 776 1026 845 quia
1053 790 1151 847 per
1189 777 1540 849 Evangelium
1585 777 1784 836 Christi
1835 781 1914 837 fa-

317 874 470 920 ctum
497 876 602 932 est,
630 876 689 920 ut
715 882 814 937 per
835 867 1030 924 Filium
1057 868 1219 924 Pater
1254 870 1615 928 iunotesceret
1641 874 1910 945 gentibus,

314 954 566 1027 profecto
593 955 808 1012 Patrem
837 957 1152 1014 clariﬁcavit
1179 967 1235 1015 et
1261 960 1448 1016 Filius.
1479 960 1537 1016 Si
1574 973 1751 1018 autem
1787 974 1909 1020 tan-

315 1048 599 1104 tummodo
638 1059 883 1106 mortuus
911 1050 1100 1108 fuisset
1131 1052 1317 1120 Filius,
1355 1070 1458 1119 nec
1501 1059 1908 1128 resurrexisset,

312 1142 506 1212 procul
526 1143 688 1200 dubio
708 1160 808 1200 nec
828 1161 859 1199 a
879 1145 1040 1202 Patre
1052 1147 1378 1204 clariﬁcatus
1399 1159 1562 1217 esset,
1581 1169 1680 1208 nec
1696 1154 1911 1210 Patrem

312 1234 691 1292 clariﬁcasset.
724 1237 878 1294 Nunc
912 1247 1093 1294 autem
1136 1243 1536 1299 resurrectione
1588 1245 1909 1304 :lariﬁcatus

310 1320 348 1381 a'
383 1326 566 1396 Patre,
604 1331 1020 1387 resurrectionis
1063 1349 1175 1389 sure
1221 1335 1605 1404 praedicatione
1647 1338 1910 1395 clariﬁcat

303 1417 551 1480 Patrem.
591 1422 708 1482 Hoc
744 1425 944 1499 quippe
991 1425 1172 1499 aperit
1214 1427 1346 1482 ordo
1408 1429 1530 1498 ipse
1565 1431 1853 1485 verborum
1887 1451 1900 1487 :

270 1519 579 1592 gClari/ica,
613 1520 810 1590 inquit,
843 1518 1042 1574 Filium
1077 1529 1245 1587 tuum,
1274 1529 1331 1574 ut
1353 1518 1528 1574 Filius
1557 1531 1674 1576 tuus
1701 1523 1903 1593 clariﬁ-

272 1601 383 1676 ἔδει
407 1622 476 1679 te,
498 1612 756 1683 tanquam
783 1613 1010 1680 diceret,
1040 1613 1303 1668 resuscita
1337 1627 1446 1684 me,
1496 1621 1556 1666 ut
1596 1614 1904 1672 innotescas

303 1711 421 1758 toto
443 1705 580 1759 orbi.
613 1704 730 1774 Ipse
760 1705 957 1776 quippe
986 1703 1202 1760 Patrem
1238 1705 1563 1761 clariﬁcavit
1592 1721 1754 1775 super
1795 1714 1902 1761 ter-

300 1813 443 1863 ram,
470 1813 594 1854 cum
634 1798 884 1869 gentibus
912 1798 1257 1870 praedicando
1289 1816 1302 1852 :
1337 1797 1500 1854 Pater
1529 1814 1661 1855 vero
1699 1800 1896 1869 ipsum,

2017 617 2076 657 se
2094 600 2207 670 jam
2236 618 2342 658 non
2373 604 2500 660 hinc
2527 620 2645 660 esse
2697 606 2816 663 illos
2839 616 3018 663 autem
3045 608 3134 664 hic
3159 624 3298 666 esse.
3321 611 3602 671 Commen-

2016 691 2110 747 dat
2137 709 2268 764 ergo
2293 694 2439 750 Patri
2477 711 2571 752 eos
2625 713 2761 767 quos
2802 701 3071 770 corporali
3111 701 3356 759 absentia
3387 707 3605 763 relictu-

2014 801 2108 841 rus
2131 795 2230 851 est,
2279 787 2504 844 dicens:
2546 787 2708 844 Pater
2735 803 2930 858 sancte,
2975 811 3124 849 serva
3161 813 3246 851 eos
3292 797 3348 851 in
3397 801 3604 855 nomine

2015 887 2127 945 tuo,
2153 897 2280 950 quos
2308 880 2499 935 dedisti
2524 883 2672 948 mihi,
2704 893 2759 937 ut
2783 885 2887 938 sint
2913 902 3075 940 unum
3099 890 3232 942 sicut
3271 898 3319 943 et
3349 908 3461 958 nos,
3488 908 3596 948 non

2013 973 2089 1027 ait
2119 991 2131 1026 :
2167 973 2237 1029 Ut
2279 974 2557 1030 nobiscum
2604 976 2714 1031 sint
2755 993 2944 1044 unum,
2975 987 3034 1033 ut
3070 981 3238 1038 simus
3272 999 3438 1040 unum
3474 986 3596 1056 ipsi,

2011 1073 2066 1118 et
2089 1080 2195 1120 non
2225 1066 2365 1121 sicut
2390 1083 2555 1122 unum
2584 1084 2770 1124 sumus
2795 1085 2916 1135 nos,
2941 1071 3035 1125 sed
3065 1073 3169 1126 ait:
3190 1073 3258 1128 Ut
3284 1077 3392 1131 sint
3413 1096 3594 1146 unum,

2010 1155 2146 1209 sicut
2171 1166 2221 1210 et
2251 1175 2364 1212 nos.
2396 1158 2502 1228 Ipsi
2530 1159 2716 1230 utique
2760 1160 2815 1214 in
2862 1168 3058 1215 natura
3106 1178 3204 1218 sua
3249 1165 3361 1221 sint
3403 1184 3593 1236 unum,

2011 1248 2150 1304 sicut
2179 1257 2235 1305 et
2269 1266 2367 1306 nos
2390 1251 2444 1307 in
2483 1261 2670 1308 nostra
2697 1269 2862 1308 unum
2898 1270 3102 1311 sumus.

2081 1339 2245 1397 Pater
2270 1355 2467 1412 sancte,
2509 1347 2781 1416 sanctiﬁca
2808 1365 2894 1402 eos
2941 1350 2995 1403 in
3022 1350 3252 1406 veritate.
3288 1351 3426 1419 Quid
3464 1372 3594 1427 ergo

2009 1435 2154 1490 aliud
2183 1444 2308 1491 est:
2342 1435 2629 1508 Sancti/ica
2675 1459 2761 1497 eos
2797 1444 2850 1498 in
2893 1446 3123 1510 veritate,
3147 1447 3271 1514 nisi,
3315 1451 3595 1508 sanctiﬁca

2007 1543 2101 1584 eos
2129 1528 2184 1583 in
2212 1545 2318 1584 me.
2343 1530 2460 1600 Ipse
2483 1532 2692 1604 inquit:
2724 1534 2838 1606 Ego
2857 1553 2972 1590 sum
2997 1537 3078 1593 via
3100 1548 3148 1593 et
3175 1541 3363 1595 ueritas
3391 1551 3438 1596 et
3467 1545 3593 1598 rita.

2007 1617 2324 1676 Sanctiﬁcat
2351 1623 2533 1693 itaque
2569 1624 2734 1681 Pater
2760 1628 2814 1682 in
2844 1629 3095 1697 veritate,
3125 1631 3180 1687 id
3203 1641 3308 1701 est,
3333 1635 3387 1688 in
3420 1636 3594 1692 Verbo

2005 1723 2126 1773 suo,
2158 1709 2212 1763 in
2242 1711 2523 1782 unigenito
2553 1730 2672 1769 suo.
2702 1716 2841 1782 Quid
2867 1725 2952 1773 est
2977 1722 3118 1790 quod
3145 1723 3222 1776 ait
3250 1742 3261 1776 :
3307 1723 3374 1778 Et
3402 1743 3497 1796 pro
3519 1728 3594 1783 eis

2003 1818 2096 1872 ego
2124 1805 2394 1872 sancti/ica
2419 1808 2691 1876 meipsum,
2717 1810 2820 1864 nisi
2850 1826 2944 1868 eos
2973 1813 3027 1867 in
3055 1815 3263 1884 meipso
3290 1818 3588 1886 sanctiﬁco,

300 1891 444 1960 apud
503 1892 853 1962 semetipsum
892 1893 960 1948 ad
1011 1908 1162 1947 suam
1212 1893 1490 1948 dexteram
1556 1892 1889 1950 collocando.
1921 1887 1970 1947 B
1997 1910 2122 1949 cum
2164 1902 2220 1950 et
2259 1896 2360 1966 ipsi
2405 1899 2514 1954 sint
2560 1913 2678 1970 ego,
2710 1904 2964 1971 quoniam
3011 1905 3078 1959 de
3122 1908 3316 1976 quibus
3352 1909 3456 1965 hoc
3492 1911 3592 1978 ait,

299 1980 526 2038 Omnem
573 2000 792 2039 carnem
842 1984 1059 2054 quidem
1103 1985 1254 2050 dixit,
1322 2001 1540 2041 omnem
1596 1986 1891 2054 hominem,

295 2074 524 2146 intelligi
555 2073 669 2130 vult
700 2091 730 2130 a
758 2084 914 2147 parte
943 2085 1116 2132 totum
1153 2077 1510 2148 signiﬁcasse.

367 2165 436 2220 Et
466 2185 604 2223 nunc
645 2168 884 2239 clari/ica
913 2186 1016 2235 me,
1065 2179 1121 2223 ut
1170 2169 1334 2224 Pater
1375 2171 1516 2241 apud
1564 2180 1891 2243 temetipsum

294 2260 615 2330 claritatem,
670 2272 775 2319 etc.
821 2263 922 2319 Hic
961 2264 1322 2336 intelligamus
1360 2265 1890 2334 praedestinationem

292 2357 563 2414 claritatis
593 2359 846 2414 humana:
871 2374 991 2428 quae
1019 2358 1075 2412 in
1103 2358 1193 2411 illo
1228 2365 1312 2412 est
1347 2366 1554 2412 naturae
1580 2373 1646 2412 ex
1674 2358 1889 2414 mortali

291 2450 621 2505 immortalis
649 2451 787 2520 apud
825 2443 1055 2505 Patrem
1101 2449 1316 2503 futurae.
1360 2449 1427 2503 Et
1472 2449 1576 2502 hoc
1598 2450 1712 2519 jam
1747 2465 1892 2519 prte-

291 2543 614 2598 destinando
656 2541 856 2598 factum
896 2541 1063 2597 fuisse
1103 2551 1394 2612 antequam
1442 2541 1674 2596 mundus
1722 2550 1887 2610 esset,

289 2636 435 2707 quod
462 2636 517 2690 in
544 2635 744 2690 mundo
774 2637 938 2691 etiam
981 2651 1079 2691 suo
1121 2644 1364 2706 tempore
1410 2636 1602 2692 ﬁeret:
1634 2637 1704 2691 Et
1749 2654 1888 2692 nunc

288 2727 528 2797 clari/ica
551 2743 652 2792 me,
684 2728 790 2784 hoc
824 2734 929 2793 est,
961 2728 1102 2783 sicut
1131 2735 1258 2784 tunc
1282 2729 1774 2799 prmdestinatione,
1809 2731 1887 2785 ita

288 2827 344 2875 et
381 2836 525 2875 nunc
567 2819 921 2891 perfectione,
977 2820 1062 2876 fac
1109 2822 1164 2876 in
1196 2822 1420 2888 mundo,
1452 2824 1596 2893 quod
1643 2825 1784 2894 apud
1832 2832 1885 2881 te

280 2911 397 2980 jam
424 2911 600 2967 fuerat
621 2921 747 2968 ante
784 2912 1044 2968 mundum
1071 2932 1083 2968 :
1113 2912 1199 2968 fac
1228 2914 1281 2968 in
1322 2930 1422 2969 suo
1449 2922 1714 2985 tempore,
1739 2917 1884 2986 quod

285 3014 412 3059 ante
438 3005 617 3060 omnia
646 3013 888 3077 tempora
929 3005 1188 3072 statuisti,
1235 3005 1558 3072 claritatem,
1591 3022 1753 3077 quam
1785 3009 1882 3063 ha-

284 3096 377 3150 bui
419 3098 732 3167 priusquam
758 3099 992 3153 mundus
1036 3107 1184 3153 esset
1223 3098 1364 3169 apud
1410 3107 1480 3164 te,
1512 3099 1566 3153 id
1591 3108 1693 3161 est,
1733 3099 1880 3155 illan.

283 3189 590 3246 claritatem
636 3206 799 3261 quam
844 3190 1008 3245 habui
1048 3191 1190 3260 apud
1228 3198 1281 3245 te
1324 3191 1377 3245 in
1405 3191 1882 3261 praedestinatione

283 3287 396 3335 tua.
432 3279 668 3350 Tempus
692 3288 777 3335 est
802 3288 860 3333 ut
883 3280 1023 3350 apud
1063 3288 1116 3334 te
1143 3280 1372 3335 habeam
1419 3281 1581 3336 etiam
1609 3282 1796 3336 vivens
1825 3282 1881 3335 in

283 3374 509 3429 dextera
533 3383 642 3428 tua.
671 3372 1010 3442 Manifestavi
1031 3389 1218 3426 nomen
1240 3381 1389 3426 tuum
1409 3373 1726 3438 hominibus,
1753 3390 1881 3444 quos

281 3466 473 3520 dedisti
499 3451 628 3520 mihi
653 3465 718 3519 de
741 3464 960 3519 mundo.
1002 3464 1210 3519 Nomen
1242 3472 1392 3518 tuum
1422 3465 1525 3518 hoc
1550 3473 1653 3530 est,
1682 3481 1792 3521 non
1820 3465 1882 3521 il-

279 3553 372 3611 lud
406 3571 605 3611 nomen
631 3571 738 3625 quo
763 3556 975 3610 vocaris
1014 3555 1177 3620 Deus,
1223 3555 1365 3625 quod
1394 3556 1450 3610 in
1479 3554 1664 3611 Judaea
1693 3565 1880 3612 notum

276 3658 383 3717 est,
411 3651 546 3705 etin
573 3649 739 3706 Israel
764 3665 1042 3720 magnum,
1075 3657 1130 3705 et
1170 3650 1437 3705 universa:
1475 3658 1740 3706 creaturae
1775 3667 1877 3708 no-

275 3741 546 3797 tissimum
573 3783 587 3807 ,
638 3742 730 3798 sed
780 3742 909 3798 illud
950 3758 1057 3813 quo
1091 3743 1304 3798 vocaris
1336 3751 1492 3812 pater
1531 3758 1704 3810 meus,
1733 3744 1880 3815 quod

273 3835 496 3891 omnino
541 3836 876 3891 manifestari
925 3837 1041 3892 sine
1097 3838 1264 3908 ipsius
1307 3837 1403 3892 ﬁlii
1438 3837 1878 3895 manifestatione

270 3941 381 3981 non
415 3935 616 3997 posset.
639 3926 774 3981 Nam
803 3928 921 3983 ideo
950 3928 1142 3984 fecisse
1171 3944 1229 3984 se
1254 3929 1405 3996 dicit,
1436 3930 1581 4000 quod
1608 3940 1728 3985 erat
1757 3930 1876 3986 sine

270 4021 610 4077 dubitatione
636 4021 895 4086 facturus,
923 4025 1020 4078 sed
1059 4024 1124 4078 de
1150 4025 1235 4079 his
1257 4026 1348 4095 qui
1381 4025 1494 4095 jam
1527 4033 1683 4078 erant
1713 4024 1875 4079 disci-

266 4112 385 4184 puli
412 4111 528 4178 ejus
553 4128 657 4166 non
689 4114 754 4168 de
788 4115 1039 4170 omnibus
1073 4116 1165 4185 qui
1196 4117 1250 4171 in
1274 4117 1366 4173 illo
1404 4127 1560 4173 erant
1588 4119 1868 4186 credituri,
1904 4141 1927 4161 ο

266 4204 475 4260 dixisse
501 4204 902 4271 manifestatur,
928 4208 982 4261 in
1007 4208 1109 4261 hoc
1134 4209 1278 4276 quod
1299 4210 1548 4265 subditur
1580 4229 1594 4265 :
1626 4209 1760 4265 Cum
1785 4229 1870 4265 es-

265 4314 374 4353 sem
400 4314 515 4351 cum
547 4299 641 4363 eis,
671 4315 764 4370 ego
793 4300 1065 4354 servabam
1090 4317 1176 4355 eos
1203 4302 1257 4355 in
1285 4303 1491 4357 nomine
1512 4312 1622 4369 tuo,
1648 4314 1696 4358 et
1720 4321 1869 4358 nemo

264 4409 333 4447 ex
352 4393 426 4448 eis
454 4394 632 4464 periit,
662 4394 765 4448 nisi
787 4393 930 4463 ﬁlius
955 4394 1283 4465 perditionis,
1317 4393 1508 4451 Iudam
1535 4395 1864 4466 signiﬁcans,

266 4487 360 4558 qui
384 4487 610 4566 tradidit
634 4504 776 4544 eum.
802 4489 880 4544 Ex
914 4491 1016 4546 isto
1042 4491 1240 4562 quippe
1266 4491 1600 4548 duodenario
1637 4509 1865 4551 numero

1997 1989 2239 2044 membra
2285 2000 2410 2046 sunt
2445 1992 2562 2060 ejus
2610 2003 2666 2050 et
2697 2012 2837 2052 unus
2882 2006 2968 2053 est
3008 1999 3276 2067 Christus,
3326 2013 3489 2073 caput
3534 2013 3591 2060 et

1995 2083 2225 2150 corpus?
2257 2081 2511 2152 Sequitur
2538 2104 2549 2138 :
2592 2083 2658 2139 Ut
2680 2087 2784 2140 sint
2818 2097 2866 2142 et
2907 2090 3008 2158 ipsi
3034 2092 3348 2161 sanctiﬁcati
3374 2096 3428 2148 in
3454 2097 3588 2150 veri-

1995 2183 2124 2239 tate,
2154 2177 2297 2246 quod
2335 2178 2463 2246 quid
2509 2178 2654 2234 aliud
2683 2195 2846 2250 quam
2875 2192 2958 2238 est
2978 2183 3030 2237 in
3061 2200 3167 2250 me,
3207 2187 3502 2242 secundum
3531 2187 3589 2244 id

1993 2267 2138 2335 quod
2180 2269 2382 2322 veritas
2409 2271 2535 2324 est?
2581 2271 2732 2326 Tunc
2769 2288 2900 2344 ergo
2944 2275 3301 2332 sanctiﬁcavit
3330 2293 3388 2334 se
3419 2279 3473 2334 in
3505 2295 3583 2347 se,

1992 2355 2097 2410 hoc
2118 2367 2221 2422 est,
2260 2358 2535 2414 hominem
2563 2376 2623 2416 se
2657 2363 2711 2416 in
2736 2363 2914 2419 Verbo
2960 2381 3039 2432 se,
3079 2367 3207 2436 quia
3252 2385 3392 2425 unus
3424 2369 3585 2425 Chri-

1993 2452 2128 2511 stus,
2186 2447 2424 2503 Verbum
2470 2458 2526 2505 et
2574 2453 2755 2518 homo,
2800 2457 3146 2513 sanctiﬁcans
3201 2459 3477 2515 hominem
3529 2464 3585 2517 in

1991 2538 2193 2605 Verbo,
2223 2549 2444 2611 propter
2467 2556 2598 2596 vero
2624 2559 2718 2597 sua
2767 2547 3029 2613 membra,
3062 2557 3112 2601 et
3138 2566 3233 2619 pro
3261 2552 3352 2615 eis,
3387 2551 3582 2621 inquit,

1987 2647 2106 2696 eqo,
2138 2632 2192 2686 id
2218 2641 2320 2696 est,
2344 2634 2486 2702 quod
2517 2634 2694 2702 prosit
2719 2636 2884 2690 etiam
2912 2637 3065 2708 ipsis,
3089 2640 3216 2710 quia
3247 2648 3302 2696 et
3327 2642 3428 2711 ipsi
3458 2650 3586 2698 sunt

1986 2737 2109 2792 ego,
2148 2723 2287 2777 sicut
2307 2724 2440 2778 mihi
2473 2724 2698 2794 profuit,
2742 2729 2868 2797 quia
2911 2730 3072 2786 homo
3098 2747 3218 2786 sum
3263 2733 3380 2788 sine
3424 2735 3580 2803 ipsis,

1984 2823 2033 2867 et
2063 2830 2156 2884 ego
2182 2815 2452 2884 sanctiﬁco
2478 2817 2752 2888 meipsum,
2791 2819 2895 2875 hoc
2931 2828 3032 2887 est,
3062 2822 3207 2893 ipsos
3248 2823 3303 2878 in
3336 2839 3421 2880 me
3458 2835 3580 2881 tan-

1985 2921 2148 2976 quam
2186 2908 2454 2978 meipsum
2482 2910 2763 2966 sanctiﬁco
2787 2927 2906 2983 ego,
2932 2914 3186 2983 quoniam
3217 2916 3269 2971 in
3299 2932 3386 2972 me
3410 2918 3578 2975 etiam

1984 2999 2088 3069 ipsi
2120 3009 2247 3056 sunt
2275 3017 2394 3072 ego,
2428 3010 2487 3055 ut
2517 3003 2626 3057 sint
2653 3013 2703 3057 et
2753 3005 2854 3075 ipsi
2895 3007 3211 3076 sanctiﬁcati
3245 3008 3299 3062 in
3346 3013 3577 3068 veritate.

1984 3091 2124 3159 Quid
2151 3101 2258 3156 est,
2288 3103 2334 3146 et
2358 3094 2498 3164 ipsi?
2517 3095 2621 3150 nisu
2645 3097 3100 3165 quemadmodum
3126 3100 3179 3154 in
3202 3101 3431 3156 veritate
3455 3119 3577 3174 ego,

1985 3183 2130 3254 quod
2152 3199 2272 3238 sum
2293 3200 2412 3254 ego.
2434 3185 2689 3254 Sequitur
2714 3206 2726 3240 :
2752 3188 2876 3243 Non
2895 3206 2989 3260 pro
3010 3191 3091 3244 his
3111 3201 3287 3245 autem
3317 3210 3442 3263 rogo
3461 3205 3580 3250 tan-

1986 3283 2117 3340 tum,
2147 3274 2250 3328 hoc
2288 3285 2388 3337 est,
2422 3293 2520 3346 pro
2549 3277 2826 3346 discipulis
2855 3281 2948 3349 qui
2977 3297 3098 3336 cum
3121 3281 3214 3337 illo
3243 3291 3370 3339 tunc
3398 3295 3574 3352 erant,

1982 3366 2073 3420 sed
2094 3375 2142 3419 et
2161 3382 2258 3434 pro
2281 3366 2379 3432 eis,
2402 3366 2598 3436 inquit,
2620 3370 2710 3437 qui
2732 3370 2983 3424 credituri
3004 3382 3124 3426 sunt
3147 3390 3239 3444 per
3269 3372 3490 3428 Verbum
3522 3377 3576 3430 in

1984 3475 2084 3511 me.
2120 3457 2222 3514 Ubi
2251 3473 2440 3514 omnes
2481 3475 2608 3514 suos
2634 3460 2860 3532 intelligi
2904 3462 3097 3528 voluit,
3134 3479 3242 3518 non
3279 3465 3450 3520 solum
3482 3467 3578 3537 qui

1985 3558 2114 3606 tunc
2138 3558 2296 3605 erant
2324 3551 2380 3605 in
2406 3566 2593 3616 carne,
2621 3552 2716 3607 sed
2759 3552 2924 3608 etiam
2958 3553 3052 3622 qui
3094 3552 3260 3609 futuri
3287 3564 3441 3610 erant
3479 3571 3579 3626 per

1980 3639 2206 3695 verbum
2237 3640 2605 3711 apostolorum
2648 3643 2703 3697 in
2727 3658 2848 3698 eum
2877 3644 2994 3699 sine
3037 3644 3202 3700 dubio
3226 3645 3394 3712 credi,
3420 3657 3578 3718 quot-

1979 3741 2112 3804 quot
2140 3742 2328 3803 postea
2379 3733 2746 3800 crediderunt,
2779 3743 2832 3790 et
2874 3737 3046 3792 donec
3087 3737 3268 3793 veniat
3314 3740 3575 3797 credituri

1978 3835 2123 3882 sunt.
2155 3827 2308 3894 Quod
2329 3842 2460 3881 vero
2490 3827 2657 3882 dicit:
2694 3828 2765 3882 Et
2791 3846 2883 3900 ego
2918 3829 3213 3886 claritatem
3236 3849 3394 3902 quam
3422 3833 3572 3888 dedi-

1975 3919 2043 3973 sti
2064 3919 2191 3972 mihi
2220 3919 2340 3972 dedi
2369 3921 2476 3984 eis;
2503 3935 2667 3990 quam
2694 3920 3038 3976 claritatem?
3063 3922 3164 3977 nisi
3196 3923 3574 3979 immortalita-

1975 4021 2086 4068 tem
2115 4029 2280 4084 quam
2325 4021 2519 4069 natura
2551 4014 2790 4069 humana
2834 4015 2887 4069 in
2936 4015 3026 4069 illo
3053 4014 3233 4070 fuerat
3259 4027 3568 4087 acceptura,

1973 4119 2100 4159 nam
2132 4121 2232 4160 nec
2267 4105 2383 4174 ipse
2419 4105 2597 4160 adhuc
2625 4113 2912 4176 acceperat
2956 4121 3100 4170 eam,
3145 4109 3238 4161 sed
3269 4123 3420 4162 more
3466 4122 3566 4163 suo

1971 4208 2194 4269 propter
2242 4197 2705 4253 immortalitatem
2757 4199 3246 4268 praedestinationis
3301 4201 3566 4270 praeteriti

1971 4291 2231 4360 temporis
2254 4291 2422 4344 verbo
2448 4288 2632 4344 futura
2656 4290 2946 4360 signiﬁcat.

2040 4403 2110 4458 Et
2132 4401 2362 4457 dilexisti
2387 4418 2475 4456 eos
2509 4403 2644 4456 sicut
2688 4411 2736 4456 et
2775 4419 2856 4457 me
2883 4401 3136 4468 dilexisti,
3181 4409 3286 4457 etc.
3328 4400 3385 4457 In
3428 4402 3568 4459 Filio

1967 4497 2164 4568 quippe
2216 4511 2317 4551 nos
2363 4493 2529 4549 Pater
2566 4493 2758 4565 diligit,
2809 4493 2935 4562 quia
2970 4493 3025 4547 in
3085 4493 3200 4562 ipso
3259 4508 3359 4548 nos
3404 4491 3569 4564 elegit

165 4632 178 4642 ,
265 4582 634 4652 apostolorum
665 4583 810 4638 solus
837 4585 1018 4654 periit.
1050 4584 1205 4658 Quod
1244 4600 1376 4642 vero
1421 4587 1671 4658 sequitur
1705 4603 1719 4642 :
1765 4588 1864 4643 Tui
1887 4599 1942 4661 D
1967 4596 2092 4643 ante
2123 4587 2310 4642 mundi
2341 4586 2804 4642 constitutionem.
2849 4584 2952 4652 Qui
2996 4585 3141 4640 enim
3177 4584 3350 4655 diligit
3376 4584 3565 4653 unige-

262 4685 433 4740 erant,
465 4685 512 4730 et
538 4676 665 4730 mihi
685 4693 771 4730 eos
798 4677 1010 4742 dedisti,
1040 4669 1313 4735 hominem
1343 4696 1402 4736 se
1425 4682 1700 4751 accepisse
1719 4682 1858 4737 hanc

260 4778 609 4840 potestatem,
641 4778 702 4824 ut
744 4785 838 4825 eos
880 4771 1108 4827 haberet
1148 4773 1406 4838 ostendit,
1464 4775 1718 4844 quoniam
1766 4776 1858 4847 qui

261 4875 478 4930 semper
521 4861 862 4932 omnipotens
908 4862 1028 4927 fuit,
1081 4879 1188 4918 non
1249 4880 1465 4935 semper
1513 4866 1673 4922 homo
1733 4865 1854 4921 fuit.

260 4950 623 5018 Quamobrem
692 4953 841 5008 Patri
899 4955 1079 5023 potius
1153 4957 1317 5012 tribui
1359 4957 1604 5024 videtur,
1668 4967 1729 5013 ut
1788 4960 1857 5014 ab

260 5044 356 5099 illo
419 5059 512 5100 eos
570 5047 858 5115 acciperet,
896 5048 1152 5118 quoniam
1182 5064 1248 5103 ex
1303 5049 1421 5120 ipso
1458 5059 1559 5115 est,
1599 5050 1859 5120 quidquid

261 5147 366 5203 est,
396 5140 462 5194 de
503 5134 612 5211 quo
638 5147 722 5196 est
757 5142 922 5196 etiam
952 5142 1067 5212 ipse
1094 5159 1109 5209 ;
1144 5142 1247 5198 sibi
1296 5158 1390 5197 eos
1417 5143 1584 5209 dedit,
1617 5145 1721 5200 hoc
1748 5140 1856 5214 est,

259 5247 381 5288 cum
425 5231 588 5287 Patre
632 5232 776 5289 Deus
820 5232 1070 5289 Christus
1119 5233 1326 5288 homini
1376 5231 1613 5289 Christo.
1678 5235 1855 5290 Verba

257 5344 378 5400 quae
409 5329 602 5384 dedisti
630 5329 763 5384 mihi
800 5329 922 5384 dedi
964 5330 1065 5393 eis,
1110 5337 1166 5383 et
1205 5329 1308 5399 ipsi
1351 5337 1699 5398 acceperunt,
1751 5330 1854 5385 hoc

254 5430 361 5488 est,
391 5421 782 5476 intellexerunt
828 5429 990 5490 atque
1040 5428 1330 5476 tenuerunt
1379 5427 1435 5475 et
1480 5429 1853 5492 cognoverunt

257 5527 405 5577 vere,
436 5513 489 5567 id
513 5520 618 5578 est,
648 5510 884 5575 fortiter,
915 5511 1198 5576 stabiliter,
1228 5510 1550 5567 inconcusse
1575 5526 1588 5564 :
1621 5527 1729 5566 non
1751 5526 1850 5581 pro

259 5604 462 5659 mundo
483 5619 633 5674 rogo,
659 5603 802 5673 quod
836 5601 989 5668 dicit,
1029 5602 1285 5656 mundum
1327 5602 1440 5656 vult
1475 5602 1722 5674 intelligi,
1759 5603 1852 5674 qui

261 5697 451 5751 vivunt
505 5696 800 5752 secundum
845 5694 1340 5766 concupiscentiam
1389 5693 1593 5757 mundi,
1643 5703 1699 5748 et
1746 5708 1854 5749 non

262 5789 470 5846 suntin
494 5805 559 5844 ea
593 5797 742 5866 sorte
778 5789 984 5862 gratite.
1024 5787 1175 5856 Quod
1218 5802 1347 5842 vero
1391 5785 1562 5841 dicit:
1591 5785 1712 5840 Non
1738 5804 1856 5842 sum

264 5883 321 5940 in
348 5881 566 5953 mundo,
588 5883 879 5942 ostendens
903 5897 965 5942 se
987 5881 1278 5956 praesentia
1312 5878 1582 5954 corporali
1602 5877 1720 5950 jam
1745 5881 1856 5940 cito

1966 4681 2138 4735 nitum
2167 4678 2413 4750 profecto
2435 4678 2610 4749 diligit
2646 4685 2702 4732 et
2730 4677 2974 4732 membra
2995 4677 3112 4747 ejus
3146 4691 3266 4746 quae
3287 4676 3563 4746 adoptavit

1965 4773 2020 4828 in
2063 4787 2184 4828 cum
2212 4786 2311 4842 per
2337 4786 2480 4825 eum.
2509 4769 2626 4824 Non
2675 4769 2798 4825 ideo
2844 4783 3004 4838 pares
3047 4784 3233 4824 sumus
3285 4769 3564 4837 unigenito

1967 4866 2126 4932 Filio,
2157 4879 2256 4935 per
2283 4879 2442 4934 quem
2474 4863 2643 4918 creati
2690 4870 2747 4918 et
2774 4862 3002 4918 recreati
3052 4877 3259 4927 sumus,
3304 4862 3431 4931 quia
3475 4861 3560 4916 di-

1964 4966 2113 5012 ctum
2138 4965 2222 5012 est
2250 4975 2263 5011 :
2297 4956 2543 5011 Dilexisti
2567 4972 2654 5009 eos
2680 4956 2813 5008 sicut
2839 4963 2887 5009 et
2917 4973 3016 5020 me,
3046 4968 3220 5023 neque
3245 4953 3390 5010 enim
3417 4968 3560 5008 sem-

1963 5063 2061 5120 per
2089 5047 2454 5119 aaqualitatem
2499 5046 2768 5119 signiﬁcat
2798 5046 2899 5126 qui.
2917 5045 3069 5112 dicit,
3119 5044 3260 5100 sicut
3301 5044 3454 5108 illud,
3482 5043 3558 5100 ita

1961 5151 2016 5199 et
2046 5143 2194 5207 illud,
2229 5142 2326 5197 sed
2349 5140 2638 5211 aliquando
2669 5147 2897 5205 tantum,
2935 5139 3062 5210 quia
3089 5145 3174 5193 est
3207 5137 3360 5201 illud,
3392 5141 3475 5188 est
3498 5140 3557 5187 et

1957 5233 2106 5298 illud,
2139 5240 2232 5286 aut
2255 5231 2380 5301 quia
2410 5241 2493 5287 est
2519 5229 2669 5298 illud,
2703 5239 2760 5284 ut
2789 5231 2860 5286 sit
2883 5239 2939 5286 et
2964 5229 3113 5285 illud.
3145 5227 3324 5291 Pater,
3353 5225 3552 5293 inquit,

1954 5345 2082 5401 quos
2104 5327 2294 5381 dedisti
2318 5327 2466 5389 mihi,
2505 5324 2619 5380 volo
2663 5336 2716 5379 ut
2744 5324 2832 5378 ubi
2871 5342 2964 5396 ego
2992 5339 3108 5378 sum
3135 5329 3184 5374 et
3209 5318 3288 5371 illi
3319 5316 3422 5369 sint
3445 5331 3554 5368 me-

1952 5437 2103 5486 cum;
2134 5419 2225 5491 qui
2257 5426 2381 5473 sunt
2406 5417 2496 5472 isti
2522 5432 2659 5487 quos
2688 5417 2762 5471 ait
2788 5432 2818 5470 a
2844 5413 3005 5469 Patre
3029 5413 3185 5466 datos
3211 5407 3351 5463 sibi?
3373 5420 3554 5461 nonne

1951 5511 2026 5567 illi
2056 5511 2123 5565 de
2152 5509 2348 5579 quibus
2376 5508 2480 5563 alio
2510 5509 2632 5563 loco
2659 5508 2791 5564 dicit
2817 5526 2832 5562 :
2865 5505 3034 5559 Nemo
3072 5507 3205 5555 venit
3237 5510 3305 5552 aa
3333 5515 3416 5552 me
3443 5502 3552 5556 nisi

1955 5601 2119 5657 Pater
2141 5602 2232 5673 qui
2262 5600 2398 5656 misit
2427 5617 2508 5655 me
2530 5600 2749 5655 traxerit
2789 5597 2945 5652 eum?
2984 5595 3103 5664 Ipse
3130 5591 3346 5662 quidem
3391 5591 3456 5646 de
3489 5606 3548 5646 se

1954 5694 2110 5759 dixit,
2150 5692 2293 5763 quod
2331 5691 2404 5748 ibi
2429 5691 2542 5761 jam
2571 5698 2735 5756 esset,
2775 5689 2842 5744 de
2887 5686 3046 5743 nobis
3077 5696 3257 5740 autem
3301 5682 3438 5738 velle
3487 5695 3545 5737 se

1955 5787 2106 5851 dixit,
2141 5794 2459 5849 utessemus
2485 5783 2558 5840 ibi
2578 5797 2703 5837 cum
2725 5781 2846 5847 illo;
2874 5795 2982 5835 non
3011 5777 3264 5844 inaniter,
3296 5775 3392 5832 sed
3415 5771 3546 5828 ﬁde-

1913 5886 1918 5891 ‘
1956 5877 2210 5949 literjam
2232 5879 2452 5950 deputat
2477 5874 2702 5942 factum,
2733 5873 2877 5945 quod
2905 5871 3147 5929 futurum
3175 5885 3298 5962 esse
3318 5881 3426 5952 non
3449 5863 3544 5920 du-
