4030 6450
503 324 614 386 HO

1789 304 2143 381 εωιυιευι
2179 280 2505 369 sanans

3675 302 3782 365 220

504 376 662 502 ᾦξε.
693 435 812 493 κο,
835 433 887 499 ei
913 431 1046 491 mis
1070 428 1172 491 fu“
1199 427 1384 491 ωορκ
1411 444 1425 483 ε
1472 424 1599 493 pata
1623 434 1683 487 ut
1721 424 1812 489 ubi
1851 440 1946 496 ego
1971 439 2088 483 sum
2190 420 2306 491 ejus
2337 415 2637 485 Ecclesiam
2663 428 2766 491 per
2789 420 3023 491 quatuor
3053 417 3237 499 partes
3268 411 3458 469 mundi
3484 376 3778 486 diti'usam»;

505 547 555 594 et
578 536 677 607 ipsi
697 533 826 596 sint,
863 529 959 587 sed
986 523 1214 601 addidit,
1243 538 1445 587 mecum
1468 535 1487 575 :
1510 534 1632 581 esse
1668 520 1815 579 enim
1848 533 1973 575 cum
2000 517 2092 589 illo

504 643 764 700 magnum
795 636 993 680 nonum
1018 626 1125 683 est,
1150 625 1207 677 et
1232 616 1421 677 miseri
1448 621 1675 695 possunt
1711 628 1850 677 esse,
1881 612 1973 673 ubi
2009 616 2092 667 est

505 722 617 787 ille,
662 718 916 791 quoniam
956 711 1265 782 quicunque
1309 709 1620 778 ubicunque
1670 705 1871 769 fuerint
1917 712 1999 759 est
2037 709 2095 761 et

505 812 617 868 ille.
652 809 758 864 Sed
784 802 927 860 beati
949 800 1048 859 soli
1071 808 1197 860 sunt
1225 813 1348 855 cum
1374 797 1483 861 illo,
1516 795 1641 867 quia
1663 794 1807 857 beati
1839 808 2093 859 essenon

504 905 758 974 poterunt
782 894 887 953 nisi
908 908 975 955 ea
1010 891 1120 956 illo.
1160 889 1312 957 Quod
1343 904 1471 943 vero
1502 886 1765 959 adjunxit,
1800 894 1853 947 ut
1883 883 2091 941 uideant

506 992 796 1055 claritatem
826 1000 994 1045 meam
1018 998 1174 1055 quam
1201 980 1391 1045 dedisti
1412 979 1560 1044 milti,
1591 978 1715 1048 quia
1741 976 1973 1031 dilexisti
2010 992 2092 1031 me

504 1096 623 1142 ante
660 1080 1082 1138 constitutionem
1128 1075 1331 1141 mundi,
1359 1081 1419 1129 ut
1466 1072 1684 1141 videant
1713 1070 1868 1136 dixit,
1898 1063 2005 1135 non
2033 1076 2092 1145 ut

504 1179 746 1242 credant,
780 1174 903 1230 ﬁdei
939 1187 1149 1231 merces
1175 1177 1261 1233 est
1289 1170 1411 1233 ista.
1455 1182 1563 1233 non
1594 1165 1742 1227 ﬁdes,
1784 1178 1945 1241 quam
1976 1162 2089 1235 cla-

502 1275 722 1331 ritatem
749 1269 984 1334 Domini;
1010 1267 1116 1324 nisi
1142 1265 1287 1323 illam
1316 1278 1421 1333 qua
1447 1261 1589 1326 Deus
1634 1259 1751 1315 est?
1786 1256 1936 1312 Beati
1955 1255 2092 1312 enim

502 1363 699 1420 mundo
724 1360 902 1431 corde,
924 1359 1174 1430 quoniam
1196 1355 1294 1424 ipsi
1314 1353 1481 1419 Deum
1509 1350 1749 1417 videbunt
1774 1347 1989 1419 (Matth.
2014 1345 2088 1417 v).

505 1454 920 1529 Cognosceudus
947 1459 1032 1511 est
1059 1466 1090 1511 tt
1120 1448 1337 1513 mundis
1379 1448 1563 1509 corde,
1592 1442 1738 1511 solus
1762 1456 1923 1501 verus
1952 1439 2093 1517 Dens

501 1563 624 1604 cum
646 1546 807 1603 Patre
832 1552 889 1605 et
911 1549 1101 1611 sancto
1129 1540 1331 1611 Spiritu
1360 1538 1546 1597 Filius.
1581 1535 1707 1609 qnia
1746 1533 1985 1595 Trinitas
2012 1539 2093 1607 cst

500 1640 648 1697 solus
685 1653 847 1694 verus
882 1637 1025 1695 Deus
1056 1655 1070 1691 :
1104 1634 1171 1689 Et
1199 1642 1379 1695 uotum
1421 1630 1522 1699 feci
1550 1630 1646 1697 eis,
1678 1628 1873 1700 inquit,
1906 1642 2093 1685 nomen

499 1747 668 1802 tuum,
696 1745 742 1789 et
773 1742 949 1790 notum
978 1731 1191 1802 faciam.
1237 1716 1340 1789 hoc
1378 1733 1481 1791 est.
1514 1732 1703 1779 notum
1746 1722 1849 1778 feci
1901 1737 1997 1793 per
2031 1719 2094 1779 li-

2195 514 2373 585 tunica
2409 526 2539 567 vero
2567 510 2657 566 illa
2684 511 2874 577 sortita
2909 516 2965 566 et
3008 522 3116 563 non
3149 506 3343 575 divisa,
3372 508 3617 563 omnium
3646 502 3783 567 ista-4

2193 623 2314 681 rum
2344 604 2578 678 partium
2627 603 2965 677 signiﬁcabat
3004 600 3291 669 unitatem,
3334 615 3456 673 quae
3497 601 3785 662 charitatis

2192 698 2407 767 vinculo
2452 698 2779 754 continetur.
2826 695 2885 751 In
2931 703 3078 750 sorte
3122 704 3304 750 autem
3353 694 3481 767 quid
3535 697 3640 751 nisr
3685 698 3785 754 Dei

2194 791 2365 862 gratia
2391 790 2766 845 commendata
2802 787 2917 851 est?
2943 786 3080 855 Quid
3110 787 3253 847 enim
3282 788 3349 844 de
3375 787 3487 860 ipsa
3518 803 3681 844 cruce
3703 790 3788 845 di-

2194 866 2333 947 cturi
2358 885 2582 945 sumus?
2610 883 2779 943 Recte
2809 882 2861 937 in
2897 896 2961 953 ea
2997 880 3335 955 intelligitur,
3367 883 3511 957 quod
3536 882 3614 937 ait
3642 883 3790 955 Apo-

2194 978 2401 1035 stolus:
2438 976 2569 1045 Qua:
2604 978 2670 1031 sit
2709 975 2955 1042 latitudo,
2997 986 3044 1029 et
3072 974 3364 1051 longitudo,
3393 984 3439 1030 et
3464 958 3711 1039 altitudo,
3740 982 3792 1028 et

2192 1069 2533 1145 profundum.
2560 1069 2689 1124 Lata
2720 1078 2801 1124 est
2825 1070 3019 1147 quippe
3058 1069 3112 1123 in
3145 1077 3455 1137 transverso
3480 1069 3648 1145 ligno,
3679 1084 3791 1147 quo

2194 1161 2852 1232 extendunturpendcntis
2874 1152 3088 1227 manus,
3103 1167 3157 1217 et
3180 1159 3623 1233 signiﬁcatOpera
3643 1161 3789 1217 bona

2194 1252 2249 1319 in
2274 1255 2557 1319 latitudine
2583 1255 2885 1321 charitatis.
2916 1254 3100 1325 Longa
3125 1262 3208 1310 est
3236 1271 3267 1309 a
3299 1261 3610 1310 transverso
3640 1256 3791 1333 ligno

2194 1366 2365 1420 usque
2392 1349 2457 1405 ad
2496 1337 2719 1415 terram,
2762 1349 2856 1404 ubi
2896 1349 3113 1404 dorsum
3144 1349 3416 1423 pedesque
3447 1348 3706 1425 ﬁguntur,
3734 1358 3794 1407 ct

2195 1441 2461 1513 signiﬁcat
2505 1440 3000 1521 perseverantiam,
3050 1440 3104 1494 in
3148 1441 3486 1511 longitudine
3528 1441 3793 1510 temporis

2194 1546 2363 1607 usque
2391 1531 2444 1593 in
2476 1530 2659 1591 ﬁnem.
2692 1530 2815 1585 Alta
2840 1539 2923 1587 est
2955 1531 3008 1585 in
3040 1530 3340 1605 cacumine,
3374 1547 3482 1601 quo
3513 1538 3793 1585 transven-

2195 1639 2312 1699 surp
2348 1624 2554 1693 lignum
2592 1638 2805 1685 sursum
2831 1639 3018 1679 versus
3049 1622 3283 1701 excedit,
3318 1630 3371 1678 et
3402 1622 3674 1699 signiﬁcat
3697 1640 3790 1678 su-

2194 1730 2418 1799 pernum
2442 1714 2626 1785 ﬁnem,
2652 1732 2757 1788 quo
2776 1725 2970 1771 cuncta
2991 1731 3152 1789 opera
3181 1716 3510 1783 referuntur,
3530 1716 3793 1786 quoniam

498 1829 640 1894 dem,
674 1834 861 1883 notum
903 1823 1098 1883 faciam
1146 1836 1243 1892 per
1286 1818 1540 1889 speciem,
1592 1824 1779 1881 notum
1820 1814 1923 1885 feci
1966 1829 2088 1885 curn
2118 1802 2166 1883 Β
2195 1820 2387 1891 cuncta
2410 1824 2528 1885 quae
2549 1809 2830 1877 latitudine
2857 1818 2911 1864 et
2936 1810 3267 1885 longitudine
3292 1810 3430 1865 bene
3453 1825 3518 1865 ac
3538 1825 3795 1880 ρει-δεῖτε·
3832 1806 3845 1824 ³

497 1923 602 1979 ﬁde
630 1920 1121 1993 peregrinantibus,
1148 1926 1338 1975 notum
1358 1914 1551 1977 faciam
1582 1914 1699 1969 sine
1728 1912 1836 1967 ﬁne
1862 1926 2094 1982 regnan-

497 2014 644 2070 tibus
678 2033 689 2067 :
726 2011 793 2067 Ut
821 2011 1053 2075 dilectio,
1083 2008 1275 2078 inquit,
1310 2024 1415 2078 qua
1459 2003 1691 2065 dilexisti
1740 2019 1839 2065 me,
1872 2004 1925 2056 in
1965 2002 2092 2074 ipsis

495 2106 589 2171 sit,
616 2114 663 2159 et
693 2120 786 2174 ego
810 2103 867 2159 in
895 2101 1044 2172 ipsis.
1088 2098 1368 2166 Quomodo
1403 2112 1536 2167 ergo
1578 2094 1816 2161 dilectio,
1863 2108 1969 2164 qua
2013 2093 2093 2153 di-

497 2197 633 2256 lexit
660 2200 822 2253 Pater
844 2196 1061 2262 Filium,
1088 2204 1174 2251 est
1194 2204 1250 2251 et
1270 2196 1324 2250 in
1355 2193 1531 2258 nobis,
1560 2192 1664 2248 nisi
1695 2191 1818 2261 quia
1849 2191 2095 2255 membra

498 2292 616 2363 ejus
642 2290 865 2347 sumus?
907 2297 962 2346 et
990 2290 1045 2344 in
1073 2288 1164 2344 illo
1205 2278 1497 2359 diligimur,
1540 2301 1663 2342 cum
1706 2286 1823 2355 ipse
1852 2284 2095 2355 diligitur

498 2391 661 2447 totus,
707 2381 760 2435 id
789 2387 890 2445 est,
934 2386 1099 2449 caput
1152 2387 1206 2435 et
1249 2393 1463 2447 corpus.
1514 2376 1638 2432 Ideo
1669 2374 1988 2444 subiunxit:
2022 2375 2093 2441 Et

497 2488 589 2542 ego
631 2472 689 2525 in
724 2471 873 2541 ipsis,
903 2477 1160 2539 tanquam
1204 2469 1429 2533 diceret,
1478 2468 1733 2539 quoniam
1762 2483 1864 2536 ego
1894 2483 2013 2531 sum
2039 2475 2094 2523 et

494 2562 618 2634 ipsi.
646 2562 817 2619 Aliter
836 2561 982 2625 enim
1003 2568 1087 2621 est
1107 2562 1163 2623 in
1191 2560 1349 2617 nobis
1378 2567 1635 2630 tanquam
1658 2560 1714 2617 in
1742 2559 1944 2629 templo
1970 2575 2089 2615 suo.

492 2652 667 2713 Aliter
690 2652 1024 2721 autem'quia
1050 2658 1106 2706 et
1131 2666 1230 2707 nos
1268 2652 1382 2722 ipse
1411 2665 1619 2715 sumus,
1650 2664 1771 2704 cum
1796 2650 2092 2717 secundum

498 2745 555 2800 id
582 2745 746 2814 quod,
795 2751 855 2799 ut
891 2749 1057 2813 caput
1085 2748 1331 2809 nostrum
1379 2747 1545 2807 esset,
1576 2740 1739 2803 homo
1775 2739 1951 2803 lactus
1983 2748 2088 2809 est,

497 2851 699 2907 corpus
723 2834 840 2905 ejus
864 2849 1072 2891 sumus.
1241 2850 1249 2857 ·

570 2926 676 2983 Sed
707 2928 818 2981 hmo
842 2943 973 2982 cum
1007 2927 1225 2983 dixisset
1268 2924 1449 2993 Iesus,
1489 2942 1725 2997 egressus
1762 2936 1837 2981 est
1865 2943 1986 2981 cum
2010 2925 2092 2995 di-

494 3018 710 3090 scipulis
733 3028 881 3074 trans
908 3028 1190 3076 torrentem
1215 3016 1445 3083 Cedron,
1486 3034 1657 3088 usque
1699 3019 1769 3073 ad
1798 3018 1929 3095 illud
1958 3037 1970 3072 :
2004 3018 2092 3077 Si-

494 3127 621 3166 mon
657 3128 779 3183 ergo
817 3109 1010 3166 Petrus
1040 3111 1237 3167 habens
1263 3110 1522 3182 gladium,
1559 3110 1740 3169 eduxit
1769 3128 1889 3167 eum
1909 3121 1956 3166 et
1975 3128 2092 3183 per-

497 3205 660 3260 cussit
700 3204 951 3275 principis
991 3221 1227 3272 servum,
1276 3213 1323 3261 et
1367 3204 1590 3261 abscidit
1633 3205 1931 3269 auriculam
1973 3206 2090 3277 ejus

495 3299 754 3354 dextram.
797 3299 931 3363 Erat
954 3309 1130 3355 autem
1160 3318 1346 3356 nomen
1372 3303 1508 3356 servi
1534 3300 1799 3359 Halcltus.
1847 3302 2089 3367 Malchus

497 3399 677 3448 autem
704 3390 1091 3462 interpretatur
1121 3399 1459 3464 regnaturus.
1487 3391 1626 3459 Quid
1664 3408 1795 3464 ergo
1824 3395 1969 3453 auris
1990 3409 2089 3465 pro

492 3482 723 3539 Domino
773 3492 1051 3553 amputata
1101 3491 1155 3538 et
1199 3500 1232 3539 a
1272 3485 1502 3541 Domino
1559 3496 1750 3546 sanata
1796 3486 2086 3557 signiﬁcat,

484 3575 601 3631 nisi
625 3576 864 3629 auditum
898 3584 1175 3644 amputata
1214 3586 1485 3633 vetustate
1526 3579 1887 3637 renovatum?
1918 3587 1978 3635 ut
2021 3579 2092 3635 sit

495 3664 552 3719 in
580 3665 817 3719 novitate
840 3665 1082 3736 spiritus,
1113 3673 1168 3721 et
1196 3683 1303 3722 non
1329 3669 1383 3723 in
1409 3676 1679 3725 vetustate
1699 3669 1911 3725 litterae.
1938 3670 2092 3738 Quod

2196 1908 2380 1954 rantcr
2406 1900 2561 1965 ﬁunt,
2593 1910 2816 1975 propter
2837 1899 3175 1969 altitudinem
3202 1899 3508 1955 divinorum
3540 1894 3792 1954 facienda

2195 1980 2710 2059 suntprtemiorum.
2741 1988 3013 2047 Profunda
3061 1999 3145 2065 est
3187 1991 3243 2063 in
3279 2006 3343 2045 ea
3371 1999 3529 2062 parte
3570 2005 3691 2062 quae
3733 1991 3793 2065 in

2195 2094 2341 2143 terra
2369 2084 2575 2157 ﬁgitur,
2621 2084 2695 2139 ibi
2735 2084 2932 2163 quippe
2970 2091 3025 2138 et
3055 2084 3268 2139 occulta
3314 2066 3431 2148 est,
3473 2072 3795 2138 nec'videri

2192 2183 2390 2251 potest,
2418 2176 2512 2231 sed
2538 2187 2734 2231 cuncta
2761 2174 2878 2251 ejus
2900 2176 3214 2249 apparentia
3251 2181 3304 2229 et
3347 2174 3640 2230 eminentia
3665 2175 3797 2229 inde

2194 2277 2548 2341 consurgunt,
2584 2270 2662 2325 sic
2691 2277 2745 2324 ct
2772 2272 2910 2325 bona
2957 2278 3140 2326 nostra
3176 2270 3241 2325 de
3276 2268 3641 2341 profunditate
3662 2285 3797 2340 gra-

2196 2362 2283 2416 tiae
2311 2362 2423 2426 Dei,
2454 2377 2574 2432 quae
2601 2361 2986 2432 comprehendi
3009 2376 3073 2416 ac
3100 2360 3384 2434 dijudicari
3404 2374 3508 2415 non
3534 2369 3791 2430 possunt,

2196 2454 2448 2529 universa
2477 2455 2795 2526 procedunt.

2265 2589 2396 2645 Cum
2418 2589 2630 2646 vidisset
2649 2606 2770 2660 ergo
2799 2587 2959 2653 Iesus
2982 2597 3206 2657 matrem
3231 2599 3279 2659 et
3302 2588 3622 2662 discipulum
3643 2598 3791 2647 stan-

2193 2692 2317 2750 tem,
2342 2691 2447 2739 etc.
2482 2683 2610 2739 Hatc
2657 2683 2914 2745 nimirum
2959 2694 3042 2749 est
3086 2685 3178 2750 illa
3208 2686 3342 2751 hora
3380 2686 3452 2741 de
3490 2702 3603 2760 qua
3631 2686 3787 2749 Jews

2193 2795 2392 2850 aquam
2415 2794 2778 2837 conversurus
2799 2781 2854 2839 in
2886 2781 3093 2847 vinum,
3120 2782 3329 2843 dixerat
3374 2785 3536 2843 matri
3584 2803 3598 2838 :
3649 2784 3786 2855 Quid

2194 2870 2327 2935 mihi
2360 2880 2417 2926 et
2446 2872 2541 2933 tibi
2576 2880 2679 2939 est,
2727 2872 2960 2931 mulier?
2998 2874 3240 2937 nondum
3283 2876 3433 2941 venit
3476 2876 3611 2943 hora
3642 2892 3782 2933 mea.

2196 2963 2289 3018 Sic
2315 2979 2445 3035 ergo
2470 2972 2699 3020 matrem
2747 2965 2991 3037 magistri
3030 2974 3087 3029 et
3128 2966 3340 3035 Domini
3371 2968 3457 3033 sui
3492 2968 3787 3039 discipulus

2192 3065 2251 3111 et
2275 3056 2510 3113 famulus
2536 3059 2746 3129 accepit
2782 3059 2838 3115 in
2867 3075 2983 3126 sua,
3016 3068 3077 3114 ut
3101 3061 3316 3130 quando
3358 3061 3789 3131 distribuebatur

2117 3170 2162 3235 ρ
2194 3151 2488 3223 unicuique
2511 3161 2673 3222 prout
2699 3153 2990 3223 unicuique
3019 3170 3157 3225 opus
3196 3162 3332 3217 erat.
3377 3155 3790 3227 Intelligendum

2192 3249 2278 3296 est
2300 3243 2379 3296 sic
2404 3242 2753 3298 distributum
2792 3242 2961 3300 fuisse
3006 3245 3133 3301 huic
3176 3245 3439 3316 disdpulo
3470 3246 3613 3317 quod
3654 3262 3793 3317 opus

2190 3342 2330 3401 erat,
2381 3343 2441 3390 ut
2487 3335 2599 3391 illic
2640 3337 2807 3392 etiam
2851 3337 3024 3395 beata:
3068 3338 3250 3405 Maria:
3288 3347 3550 3409 tanquam
3595 3341 3793 3409 matris

2191 3426 2308 3497 ejus
2341 3430 2521 3500 portio
2541 3438 2859 3501 poneretur,
2883 3438 2939 3486 et
2966 3431 3034 3487 ad
3062 3428 3179 3498 ejus
3206 3446 3413 3497 curam,
3444 3431 3709 3497 quidquid
3740 3432 3792 3487 ei

2189 3530 2336 3578 esset
2364 3523 2733 3579 necessarium
2758 3524 3075 3595 pertineret.

2262 3655 2403 3743 Quid
2449 3657 2549 3713 sibi
2590 3657 2708 3712 vult
2751 3659 2887 3723 hoc,
2934 3658 3079 3728 quod
3131 3666 3367 3727 acetum,
3409 3665 3553 3717 etc.?
3613 3658 3792 3718 ειυᾶωί

496 3756 583 3811 ειιὶ
616 3756 915 3826 praestitum
940 3756 1104 3813 fuerit
1129 3774 1161 3813 a
1189 3758 1426 3828 Christo,
1456 3763 1578 3832 quis
1604 3763 1813 3818 dubitet
1839 3772 2090 3833 regnatu-

2196 3750 2389 3831 quippe
2430 3750 2531 3829 ipsi
2569 3758 2727 3809 erant
2748 3758 2984 3818 acetum,
3032 3752 3422 3824 degenerantes
3460 3770 3491 3809 a
3518 3755 3646 3809 vino
3690 3771 3791 3826 pa-

494 3862 616 3903 rum
651 3861 772 3904 esse
794 3864 919 3904 cum
945 3849 1199 3906 Christo?
1227 3851 1379 3919 Quod
1410 3861 1593 3909 autem
1624 3870 1814 3911 servus
1841 3832 2090 3917 inventus

2196 3832 2557 3898 lria’r’charum
2586 3851 2640 3899 et
2667 3846 3076 3917 prophetarum,
3126 3856 3180 3902 et
3220 3855 3477 3921 tanquam
3517 3848 3585 3905 de
3624 3850 3791 3921 pleno

497 3946 600 4005 est,
625 3947 681 3996 et
710 3940 812 3996 hoc
837 3941 906 3996 ad
932 3941 1081 3996 illam
1102 3943 1339 4013 pertinet
1363 3951 1714 4011 vetustatem,
1740 3962 1859 4015 qua;
1893 3948 1947 4005 in
1977 3964 2090 4011 ser-
2192 3951 2320 3991 vase
2348 3938 2412 3992 de
2447 3938 2732 4031 iniquitate
2766 3939 2950 3997 mundi
2980 3938 3140 4009 hujus
3163 3941 3444 4012 impletum
3469 3958 3565 3999 cor
3586 3943 3793 3999 haben-

495 4030 722 4086 vitutem
751 4041 995 4104 generat,
1024 4049 1146 4104 quae
1172 4044 1257 4091 est
1288 4035 1436 4102 Agar
1455 4076 1469 4101 ,
1513 4036 1607 4093 sed
1633 4053 1757 4095 cum
1798 4040 2090 4103 accesserit

2196 4036 2295 4095 tes,
2338 4032 2492 4099 quasi
2536 4030 2759 4105 Spongia
2810 4035 3124 4090 cavernosis
3162 4036 3577 4107 quodammodo,
3625 4047 3794 4108 atque

496 4123 698 4179 sanitas
734 4124 964 4196 ﬁgurata
987 4134 1068 4182 est
1100 4134 1154 4182 et
1174 4126 1420 4183 libertas.
2196 4126 2453 4181 tortuosis
2478 4124 2718 4183 latibulis
2747 4127 3167 4191 fraudulentum.
3186 4128 3462 4202 Hyssopus
3488 4140 3670 4187 autem
3699 4134 3795 4188 cui

407 4214 413 4220 ’
566 4216 705 4284 Quid
734 4226 817 4273 est
845 4220 986 4289 quod
1032 4220 1110 4275 ait
1148 4218 1346 4289 Iesus:
1382 4220 1615 4292 Regnum
1654 4239 1827 4283 meum
1870 4241 1976 4291 non
2015 4233 2092 4291 est
2192 4218 2697 4289 circumposuerunt
2742 4224 3021 4296 spongiam
3054 4234 3209 4281 aceto
3252 4225 3488 4296 plenam,
3528 4228 3790 4298 quoniam

492 4308 559 4373 de
592 4309 690 4373 hoc
729 4311 968 4379 mundo?
997 4310 1093 4366 llic
1140 4319 1223 4383 est
1250 4313 1399 4387 enim
1426 4331 1651 4391 regnum
1679 4318 1797 4393 ejus
1828 4334 1999 4389 usque
2037 4318 2092 4373 in
2192 4312 2358 4367 herba
2390 4319 2473 4367 est
2502 4313 2742 4381 humilis,
2775 4317 2869 4370 sed
2897 4326 3086 4386 pectus
3130 4326 3344 4389 purgat,
3377 4319 3547 4391 ipsius
3583 4319 3793 4376 Christi

494 4400 657 4459 tinem
677 4401 879 4466 saeculi,
901 4401 996 4457 sed
1017 4409 1197 4473 tamen
1221 4419 1327 4469 non
1358 4414 1439 4463 est
1465 4408 1609 4473 hinc,
1630 4410 1754 4488 quia
1779 4411 2092 4487 peregrina-
2191 4402 2555 4461 humilitatem
2598 4405 2892 4481 signiﬁcat,
2923 4422 3084 4476 quam
3120 4409 3601 4479 circumdederunt
3631 4418 3688 4483 et
3727 4426 3791 4467 se

492 4500 585 4561 tur
605 4491 895 4553 inmundo.
922 4490 1111 4563 Regna
1138 4508 1235 4564 suo
1262 4495 1460 4569 quippe
1486 4497 1646 4553 dixit:
1673 4499 1739 4554 de
1768 4500 1967 4555 mundo
1980 4516 2085 4555 non
2111 4544 2165 4573 η
2190 4494 2611 4571 circumvenisse
2659 4504 3001 4573 putaverunt.
3035 4497 3189 4555 Unde
3235 4501 3492 4571 scriptum
3520 4509 3605 4556 est
3635 4519 3651 4555 :
3684 4490 3795 4557 As-l

494 4583 650 4648 estis,
691 4583 786 4639 sed
814 4598 915 4656 ego
955 4583 1024 4655 de
1064 4584 1264 4655 munda
1302 4602 1398 4653 vos
1425 4586 1583 4661 elegi.
1634 4589 1802 4657 Erant
1845 4606 1974 4662 ergo
2022 4593 2087 4655 de
2111 4583 2164 4604 ν
2189 4601 2368 4658 perges
2393 4603 2473 4640 me
2494 4588 2738 4660 hyssopo,
2768 4599 2817 4644 et
2838 4590 3153 4659 mundabor,
3195 4591 3396 4648 Christi
3424 4608 3657 4665 namque
3688 4596 3793 4651 hu-

493 4677 727 4742 mundo,
774 4677 990 4747 quando
1050 4691 1275 4748 regnum
1317 4677 1435 4748 ejus
1485 4694 1594 4745 non
1644 4690 1821 4749 erant,
1875 4685 1966 4739 sed
2020 4686 2089 4740 ad
2193 4679 2420 4735 militate
2463 4683 2805 4738 inundamur.
2850 4684 2953 4740 Per
2991 4686 3309 4742 arundinem
3334 4702 3464 4743 vero
3492 4687 3793 4760 Scriptum

494 4766 681 4826 mundi
712 4767 1010 4838 principem
1056 4768 1417 4838 pertinebant.
1469 4768 1573 4826 Sed
1618 4772 1760 4828 Deus
1811 4791 1908 4849 nos
1951 4776 2093 4831 eruit
2193 4770 2641 4842 signiﬁcabantur
2696 4791 2815 4848 quae
2867 4776 3230 4848 implebantur
3291 4780 3394 4835 hoc
3445 4779 3609 4835 facto.
3650 4780 3792 4836 Cum

493 4858 563 4915 de
605 4865 869 4927 [intestata
918 4859 1284 4927 tenebrarum,
1333 4870 1389 4925 et
1435 4864 1711 4927 transtulit
1758 4865 1812 4921 in
1861 4882 2087 4941 regnum
2193 4877 2321 4933 ergo
2346 4865 2644 4934 accepisset
2688 4865 2846 4923 Jesus
2888 4876 3123 4934 acettmi,
3155 4869 3791 4925 dixitzConsummatum

494 4952 617 5017 Filii
645 4953 907 5017 claritatis
923 4969 1055 5021 suae,
1072 4954 1140 5010 de
1150 4970 1257 5026 quo
1278 4971 1443 5029 regno
1458 4956 1587 5012 dicit
1606 4975 1617 5013 :
1652 4957 1886 5035 (tegimur
1914 4976 2086 5014 meum

496 5062 602 5101 nou
626 5053 702 5101 est
722 5045 788 5100 de
815 5045 912 5100 hoc
939 5046 1158 5101 mundo.

565 5137 706 5205 Quid
732 5145 815 5197 est
842 5153 972 5208 ergo
1000 5138 1144 5208 quod
1172 5137 1384 5196 Marcus
1411 5142 1737 5214 evangelista
1781 5142 1910 5198 dicit
1938 5160 1950 5197 :
1982 5141 2085 5197 Do-

494 5231 694 5285 minum
720 5229 1032 5300 cruciﬁxum
1071 5232 1203 5289 ltora
1242 5233 1416 5299 tertia,
1462 5233 1695 5295 Joannes
1735 5247 1907 5299 autem
1934 5236 2086 5307 quasi

493 5323 625 5377 hora
646 5333 814 5388 sexta,
844 5322 948 5383 nisi
975 5323 1100 5394 quia
1119 5325 1255 5393 hora
1286 5325 1445 5381 tertia
1471 5327 1762 5383 cruciﬁxus
1790 5336 1873 5383 est
1898 5327 2082 5382 Domi-

493 5429 598 5468 nus
640 5404 837 5485 linguis
874 5412 1203 5485 Judatorum,
1254 5417 1387 5485 hora
1444 5427 1594 5483 sexta
1651 5433 1777 5473 vero
1835 5420 2085 5479 manibus

496 5504 729 5563 militum
745 5506 769 5561 ἲ

568 5599 625 5653 In
653 5614 718 5653 eo
745 5615 872 5663 vero
903 5601 1047 5671 quod
1071 5601 1203 5673 dicit
1240 5620 1253 5655 :
1294 5601 1614 5673 Acceperunt
1643 5604 1943 5673 uestimenta
1972 5605 2085 5675 ejus

494 5698 545 5745 et
590 5690 822 5761 fecerunt
871 5702 1096 5763 quatuor
1142 5702 1337 5764 partes.
1367 5692 1768 5765 Quadripartita
1795 5696 1959 5755 vestis
1982 5696 2086 5751 Do-

497 5784 632 5843 mini
676 5785 850 5851 nostri
888 5783 1016 5849 issu
1062 5786 1263 5869 Christi
1320 5787 1770 5865 quadripertitam
1818 5787 2087 5869 ﬁgurabat

2194 4963 2287 5009 est.
2314 4953 2454 5021 Quid
2490 4956 2593 5011 nisi
2641 4960 2784 5028 quod
2818 4960 3102 5030 prophetia
3151 4968 3301 5016 tanto
3345 4971 3589 5032 tempore
3628 4971 3790 5018 antea

2187 5047 2544 5116 prredixerat?
2565 5066 2691 5105 nam
2716 5060 2875 5108 antea
2919 5053 3007 5109 ille
3038 5054 3247 5110 dixerat
3276 5073 3289 5108 :
3318 5052 3471 5123 Sitio.
3505 5055 3792 5126 Tanquam

2186 5137 2393 5199 diceret
2421 5161 2432 5196 :
2460 5140 2574 5198 Hoc
2597 5145 2776 5203 minus
2809 5145 3032 5209 fecistis,
3066 5149 3189 5202 date
3230 5149 3375 5219 quod
3416 5150 3565 5223 estis,
3606 5160 3660 5204 et
3687 5149 3792 5203 im-

2188 5232 2393 5319 pletum
2418 5244 2502 5290 est
2527 5254 2540 5290 :
2567 5236 2635 5291 In
2674 5237 2762 5291 siti
2800 5255 2914 5292 mea
2950 5248 3255 5309 potaverunt
3300 5256 3381 5294 me
3411 5250 3556 5295 aceto
3607 5237 3784 5311 (Psal.

2189 5324 2402 5395 varu).
2447 5325 2588 5393 Quid
2631 5325 2913 5399 signiﬁcat,
2967 5329 3111 5399 quod
3150 5345 3289 5385 unus
3333 5330 3561 5385 militum
3594 5330 3789 5386 lancea

2190 5416 2334 5471 latus
2366 5419 2580 5473 Domini
2606 5420 2857 5488 aperuit?
2886 5419 2956 5477 Ut
2985 5421 3094 5477 illic
3115 5422 3512 5491 quodammodo
3535 5422 3662 5478 vitae
3698 5438 3792 5477 os-

2194 5508 2329 5561 tium
2360 5509 2688 5580 panderetur
2708 5552 2722 5576 ,
2762 5512 2906 5566 unde
2949 5520 3288 5567 sacramenta
3316 5512 3573 5568 Ecclesiae
3596 5528 3790 5567 mana—

2191 5607 2403 5653 vcrunt.
2426 5598 2561 5654 Nam
2584 5609 2635 5655 et
2660 5601 2715 5656 in
2738 5612 3087 5658 monumento
3108 5618 3247 5658 novo
3268 5604 3474 5672 positus
3497 5612 3581 5658 est
3601 5603 3784 5671 Jesus,

2191 5693 2247 5769 in
2283 5709 2389 5785 quo
2422 5696 2657 5752 nondum
2686 5697 2932 5779 quisquis
2957 5697 3166 5791 positus
3206 5706 3341 5752 erat.
3395 5697 3549 5754 Sicut
3580 5699 3634 5754 in
3676 5700 3785 5755 Ma-

2195 5787 2288 5859 ria:
2310 5788 2530 5861 virginis
2554 5796 2729 5857 utero,
2759 5804 2915 5861 nemo
2941 5787 3066 5844 ante
3092 5787 3262 5857 illum,
3287 5805 3447 5848 nemo
3473 5792 3597 5862 poSt
3632 5790 3791 5847 illum
