4030 6452
1022 358 1548 441 COLLEC'IIONES
1584 358 1651 419 IN
1691 357 2075 421 EPISTOLAS
2110 361 2202 421 BT-
2235 361 2646 421 EVANGELIA.

3375 366 3485 427 9!!

206 486 508 555 conceptus
533 486 638 549 est,
672 479 750 535 ita
791 485 847 536 et
885 478 942 534 in
966 476 1072 534 hoc
1112 456 1462 534 monumento
1489 490 1650 534 nemo
1676 483 1804 533 ante
1827 476 2107 548 Aitaque,
2142 478 2372 537 ut'nihil
2409 480 2476 537 de
2514 481 2768 540 sordibus
2799 480 3001 540 veteris
3036 480 3273 543 hominis
3314 498 3485 556 acua-

205 575 384 645 illum,
407 589 567 631 nemo
600 581 723 646 post
745 571 896 628 illum
922 572 1164 643 sepultus
1188 580 1290 627 est.

681 708 995 789 saepire
1034 706 1321 766 SANCTO.

201 843 466 905 grts'rou
524 843 686 901 illiut
746 839 1233 955 rtmzntrplslrou
1280 841 1349 883 Αι)
1408 837 1791 891 chosssuses,

282 1061 301 1093 ‹
342 1041 400 1098 Si
451 1030 879 1098 consurrexistis
924 1055 1048 1095 cum
1104 1038 1342 1104 Christo,
1400 1055 1521 1110 qua:
1575 1054 1796 1095 sursum

208 1153 229 1188 ι
258 1143 387 1191 sunt
410 1134 656 1205 quaerite,
686 1133 780 1189 ubi
817 1133 1073 1189 Christus
1099 1139 1185 1188 est
1222 1132 1277 1186 in
1306 1132 1530 1186 dextera
1558 1130 1654 1187 Dei
1702 1145 1791 1185 se-

208 1244 229 1278 ι
267 1226 424 1281 dens.
484 1224 615 1293 Quae
649 1240 869 1283 sursum
925 1233 1053 1281 sunt
1072 1224 1261 1295 sapite,
1317 1210 1425 1279 non
1480 1239 1600 1295 quae
1629 1237 1797 1293 super

208 1339 228 1374 ι
265 1329 492 1376 terram.
546 1319 741 1379 liortui
792 1321 937 1377 enim
972 1321 1127 1388 estis,
1175 1327 1231 1375 et
1273 1319 1387 1374 vita
1440 1327 1622 1375 vestra
1671 1320 1796 1374 abs-

206 1430 226 1464 (
265 1412 487 1468 condita
527 1421 611 1468 est
647 1428 771 1467 cum
803 1411 1020 1468 Christo
1049 1412 1103 1466 in
1137 1412 1269 1467 Deo.
1297 1410 1434 1466 Cum
1460 1411 1606 1465 enim
1636 1409 1795 1465 Chri-

206 1521 227 1555 ι
274 1511 393 1560 stus
410 1505 724 1576 apparuerit
744 1505 857 1560 vita
888 1513 1089 1571 vestra,
1114 1513 1245 1560 tunc
1266 1513 1321 1559 et
1341 1519 1439 1560 vos
1458 1504 1794 1575 apparebitis

206 1615 226 1648 ι
269 1610 394 1652 cum
423 1595 642 1653 Christo
668 1597 724 1652 in
747 1598 937 1670 gloria.
986 1620 1006 1652 ι
1513 1622 1519 1628 τ

271 1687 625 1757 Colossenses
655 1698 710 1745 et
737 1690 814 1756 hi,
841 1690 986 1747 sicut
1004 1690 1386 1756 Laodicenses,
1426 1700 1553 1748 sunt
1583 1691 1789 1758 Asiani,

197 1786 256 1871 et
290 1780 389 1849 ipsi
404 1781 666 1855 praeventi
694 1790 854 1849 erant
887 1798 919 1837 a
959 1782 1446 1871 pseudoapostqlis,
1497 1800 1599 1841 nec
1629 1785 1697 1839 ad
1728 1783 1780 1839 il-

1895 578 2081 627 scatur
2105 569 2161 628 in
2201 571 2382 630 nobis.
2429 571 2680 633 Christus
2719 581 2904 635 autem
2932 590 3039 651 nou
3085 584 3355 647 exparte,
3384 577 3484 643 sed

1896 664 2105 737 integer
2153 672 2239 722 est
2293 665 2605 732 cruciﬁxus,
2659 675 2720 725 ut
2766 683 2866 725 nos
2905 683 2974 741 ex
3018 676 3131 726 toto
3184 676 3484 734 moriamur

1893 768 2117 830 peccato
2170 767 2226 815 et
2272 759 2516 817 vivamus
2555 760 2685 816 Deo.
2722 759 2813 817 llle
2849 770 3028 819 autem
3053 762 3189 821 vivit
3214 763 3348 830 Deo,
3387 764 3482 835 qui

1894 850 2097 908 Christi
2121 851 2373 923 vestigia,
2417 851 2728 909 humilitate
2825 852 3258 915 sanctiﬁcatione
3285 863 3340 919 et
3363 855 3480 928 pie-.-

1898 949 2008 999 tate
2035 951 2293 999 sectatur.

1966 1033 2098 1095 Cum
2117 1037 2253 1093 enim
2275 1034 2516 1094 Christus
2546 1039 2872 1109 apparuerit,
2909 1038 3014 1097 vita
3042 1047 3233 1105 vestra.
3282 1048 3408 1105 tum;
3432 1049 3482 1097 et

1892 1144 1983 1185 vos
2028 1130 2364 1200 apparebitis,
2408 1137 2515 1185 etc.
2572 1130 2695 1191 Vita
2738 1137 2928 1203 nostra
2976 1128 3178 1195 dicitur
3207 1129 3484 1201 Christus,

1899 1220 2041 1277 sicut
2070 1221 2185 1288 ipse
2215 1222 2354 1279 dixit
2385 1242 2397 1278 :
2432 1223 2544 1295 Ego
2582 1240 2702 1280 sum
2729 1223 2836 1289 via,
2861 1223 3057 1293 veritas
3080 1231 3129 1281 et
3161 1222 3267 1283 vita
3299 1223 3480 1296 (Jaqtt.
3536 1264 3551 1296 μ

1893 1310 2029 1386 xiv).
2074 1313 2142 1368 Et
2168 1314 2294 1384 quia
2326 1314 2422 1370 ﬁlii
2473 1314 2569 1371 Dei
2591 1330 2713 1375 cum
2743 1314 2933 1379 simus,
2964 1314 3206 1373 nondum
3234 1315 3488 1385 apparuit
3539 1310 3551 1332 ³

1894 1405 2023 1474 quid
2073 1405 2296 1463 erimus.
2351 1405 2565 1477 Scimus
2615 1421 2741 1467 cum
2779 1405 3111 1482 apparuerit,
3166 1403 3373 1469 similes
3429 1406 3482 1469 ei

1894 1496 2118 1563 erimus,
2159 1513 2268 1554 non
2314 1498 2461 1555 enim
2506 1499 2597 1555 hic
2638 1497 2899 1557 debemus
2955 1503 3205 1557 nostram
3253 1494 3486 1575 gloriam

1891 1602 2152 1657 quaerere,
2184 1604 2253 1647 ue
2278 1588 2345 1648 de
2373 1586 2531 1649 nobis
2561 1588 2775 1651 dicatur
2796 1606 2808 1643 :
2833 1586 3158 1659 Receperunt
3194 1584 3486 1657 mercedem

1893 1698 2046 1753 suam
2071 1681 2287 1754 (Matth.
2307 1681 2404 1754 v1).

1934 1774 1951 1779 ’
2182 1789 2516 1833 uvmosttun
2547 1788 2833 1845 uti-rum,
2871 1788 2991 1841 cie.
3030 1787 3225 1841 xxviii,

197 1870 282 1926 los
333 1873 565 1928 accessit
604 1874 721 1945 ipse
757 1857 1073 1943 Apostolus,
1123 1875 1221 1930 sed
1248 1883 1304 1931 et
1345 1857 1565 1949 hosper
1590 1876 1789 1949 episto-
1816 1857 1865 1917 Β
1970 1887 1990 1927 t
2036 1866 2273 1939 Vespere
2296 1875 2479 1928 autem
2523 1867 2735 1931 sabbati
2783 1880 2905 1937 quae
2950 1864 3180 1933 lllCCSCii
3215 1864 3271 1934 iu
3304 1862 3482 1937 prima

197 1962 305 2019 lam
331 1965 636 2038 recorrigit.
693 1950 991 2023 Audierant
1017 1967 1163 2039 enim
1210 1970 1438 2024 verbum
1468 1969 1537 2023 ab
1566 1956 1794 2039 Archip-

196 2072 287 2129 po,
342 2058 432 2129 qui
479 2057 843 2131 ministerium
871 2059 927 2115 in
968 2074 1064 2115 eos
1105 2061 1334 2132 accepit.
1376 2062 1518 2133 Ergo
1562 2061 1793 2132 Aposto-

196 2149 284 2206 lus
332 2148 450 2220 jam
495 2150 712 2231 ligatus,
742 2150 934 2206 scribit
967 2151 1049 2207 eis
1087 2153 1155 2207 ab
1203 2153 1418 2231 Epheso
1466 2168 1567 2223 per
1605 2152 1792 2207 Tichi-

196 2262 323 2303 cum
349 2228 659 2315 diaconum,
716 2255 774 2303 et
799 2246 1119 2305 Onesimum
1145 2228 1439 2320 acoiytum,
1474 2247 1681 2318 scripta
1723 2261 1793 2302 ex

196 2342 335 2417 urbe
382 2340 576 2413 Roma.
637 2371 640 2375 ~
1434 2326 1439 2331 ’

264 2430 330 2487 Si
388 2431 791 2486 consurrexistis
854 2448 972 2486 cum
1030 2429 1259 2485 Christo.
1328 2428 1594 2502 Superius
1646 2431 1793 2487 enim

189 2519 436 2587 dixerat,
488 2523 535 2577 si
575 2522 776 2577 mortui
825 2522 958 2577 estis
1010 2537 1133 2577 cum
1160 2521 1379 2577 Christo
1416 2524 1485 2577 ab
1510 2523 1795 2579 elementis

189 2611 411 2669 mundi.
452 2611 636 2667 Mundi
663 2613 809 2679 enim
839 2613 1105 2669 elementa
1147 2613 1375 2691 intelligi
1422 2614 1609 2679 voluit,
1667 2632 1794 2671 ava-

192 2703 383 2759 ritiam
403 2711 459 2758 et
489 2703 759 2777 luxuriam
814 2713 870 2760 et
890 2712 1089 2773 caetera
1118 2705 1337 2775 similia,
1365 2714 1421 2761 et
1452 2721 1793 2779 consequen-

189 2803 283 2853 ter
309 2805 434 2871 post
458 2796 715 2853 vitiorum
751 2797 1224 2854 mortificationem
1256 2798 1333 2852 ait
1369 2817 1381 2853 :
1415 2798 1477 2855 Si
1504 2814 1788 2855 consurre-

190 2891 352 2946 xistis
391 2906 511 2944 cum
537 2886 766 2955 Christo,
798 2907 920 2961 qua:
969 2906 1179 2944 sursum
1238 2899 1360 2944 sunt
1408 2891 1649 2962 qmerite,
1687 2892 1791 2947 hoc

191 2990 316 3061 est,
376 2997 486 3051 non
547 2982 723 3049 solum
779 2983 1018 3039 terrenis
1072 2982 1381 3051 moriemini
1430 2984 1629 3057 vitiis,
1692 2985 1793 3041 sed

192 3074 363 3153 etiam
413 3072 551 3129 coelo
596 3074 782 3141 vivite,
830 3074 969 3129 nihil
1025 3074 1624 3147 terrenum‘ambiatis,
1655 3075 1791 3131 nihil

191 3166 427 3247 mortale
450 3155 733 3247 "quieratis,
755 3167 1036 3225 ccelestem
1078 3168 1360 3225 sectamini
1387 3169 1645 3240 patriam,
1676 3178 1784 3225 etc.

268 3259 371 3316 Ubi
424 3259 663 3316 Christus
685 3270 759 3317 est
784 3262 851 3315 ad
874 3261 1143 3317 dexteram
1190 3262 1289 3329 Dei
1316 3262 1521 3317 sedens.
1581 3261 1787 3319 Victori

193 3352 312 3433 filio
360 3361 415 3410 et
469 3370 569 3435 per
609 3362 853 3411 sanctam
904 3355 1336 3411 incarnationem
1389 3356 1556 3423 totius
1601 3355 1790 3410 mundi

194 3447 585 3517 triumphatori
614 3455 737 3518 post
776 3448 1194 3503 resurrectionis
1249 3447 1497 3519 gloriam,
1548 3448 1790 3503 honora-

190 3540 324 3597 bilis
380 3556 667 3613 consessus
717 3540 875 3611 datus
921 3546 1023 3603 est,
1079 3539 1133 3593 in
1184 3539 1407 3594 dextera
1441 3524 1537 3617 Dei
1586 3537 1786 3594 Patris.

192 3629 499 3688 Consessus
544 3630 690 3687 enim
720 3630 826 3686 iste
859 3629 994 3685 nihil
1043 3629 1380 3685 demonstrat
1437 3630 1620 3709 aliud,
1684 3631 1790 3709 nisi

191 3724 423 3780 honoris
463 3724 849 3803 aequalitatem.
891 3722 1026 3801 Nam
1070 3722 1296 3778 verbum
1332 3724 1434 3779 hoc
1459 3723 1589 3779 illud
1618 3724 1788 3795 signi-

190 3813 346 3882 ﬂeat,
403 3823 464 3871 ut
531 3824 695 3888 caput
752 3824 1001 3891 nostrum
1042 3815 1097 3871 in
1143 3816 1318 3887 patris
1370 3824 1793 3888 cognosceretur

190 3906 423 3985 dextera
452 3904 798 3973 collocatum,
831 3907 887 3961 in
916 3921 1023 3987 qua
1051 3915 1207 3978 parte
1237 3905 1471 3978 ponendi
1506 3914 1653 3974 sunt,
1696 3907 1790 3977 qui

188 4015 295 4072 per
348 3998 511 4055 ﬁdem
547 4016 579 4055 a
629 4000 929 4055 divinitatis
972 4015 1200 4056 munere
1250 4017 1358 4056 non
1412 4010 1789 4073 segregantur,

188 4100 419 4167 propter
449 4089 581 4165 illud
608 4105 623 4143 :
650 4090 832 4157 Pater,
858 4091 975 4146 volo
1023 4102 1079 4146 ut
1110 4093 1198 4147 ubi
1223 4111 1337 4147 sum
1356 4110 1471 4163 ego,
1517 4094 1586 4148 ibi
1616 4095 1720 4148 sint
1743 4103 1791 4147 et

192 4182 250 4240 hi
319 4197 545 4237 mecum.
612 4180 749 4236 Nam
815 4183 863 4238 si
918 4191 1169 4239 naturam
1228 4185 1447 4240 deitatis
1497 4186 1788 4256 excogites,

191 4292 360 4348 quem
413 4274 591 4330 locum
636 4282 790 4346 potes
814 4275 1041 4351 habere
1068 4276 1241 4345 patris
1269 4276 1505 4331 sinistra:
1529 4277 1614 4331 vel
1663 4278 1792 4332 dex-

189 4368 339 4447 trae?
392 4362 649 4439 quoniam
695 4368 897 4449 ubique
950 4367 1266 4441 plenissima
1314 4368 1605 4441 majestate
1635 4386 1788 4425 com-

192 4453 470 4536 plectitur.
676 4468 681 4471 ‘

270 4551 473 4609 κου·ιαὶ
502 4554 641 4609 enim
662 4554 805 4619 estis,
822 4562 870 4609 et
892 4554 999 4609 vita
1036 4563 1207 4610 vestra
1224 4555 1530 4610 abscondita
1546 4564 1648 4622 est,
1679 4565 1784 4612 etc.

195 4644 382 4713 Quaeri
431 4650 611 4715 potest
666 4645 936 4714 quomodo
997 4645 1303 4701 viventibus
1367 4654 1422 4701 et
1492 4646 1670 4702 adhuc
1720 4626 1787 4703 in

194 4738 313 4793 vita
365 4737 559 4808 positis
610 4736 830 4803 dicitur,
888 4738 1085 4792 mortui
1111 4739 1237 4793 estis
1260 4755 1379 4793 cum
1412 4738 1641 4793 Christo.
1682 4737 1789 4794 Sed

197 4829 329 4902 quia
356 4828 412 4884 in
433 4828 541 4884 alio
588 4827 709 4885 loco
746 4811 877 4884 dicit
908 4845 922 4884 :
952 4829 1260 4903 Quicunque
1293 4831 1545 4900 baptizati
1582 4833 1707 4887 estis
1733 4834 1790 4888 in

198 4922 412 4981 Christo
449 4924 601 5004 Iesu,
631 4925 687 4979 in
734 4933 900 4979 morte
925 4925 1090 4995 ipsius
1117 4925 1369 4996 baptizati
1394 4930 1536 4981 estis.
1570 4925 1636 4980 Et
1659 4928 1787 4996 quia

195 5028 359 5075 vetus
399 5019 564 5074 homo
619 5027 807 5095 noster
851 5017 1013 5074 simul
1065 5016 1357 5075 cruciﬁxus
1410 5027 1495 5075 est
1545 5035 1667 5074 cum
1699 5034 1784 5087 eo,

196 5122 416 5170 constat
456 5121 531 5179 ut,
576 5114 719 5170 sicut
742 5123 965 5186 propter
1019 5129 1119 5170 nos
1168 5113 1417 5171 Christus
1468 5116 1797 5183 crucifixus,

196 5215 452 5263 mortuus
505 5214 561 5263 et
587 5206 828 5277 sepultus
857 5217 961 5275 est,
993 5216 1050 5263 et
1077 5208 1396 5274 resurrexit,
1442 5223 1542 5264 nos
1570 5225 1786 5280 quoque

195 5300 269 5358 ad
313 5300 581 5372 passionis
638 5316 753 5356 sua;
784 5300 1214 5367 similitudinem,
1266 5300 1573 5371 voluptates
1611 5311 1667 5358 et
1696 5319 1789 5358 cun

195 5388 457 5460 piditates
513 5394 731 5451 nostras
787 5385 1192 5457 cruciﬁgamus,
1244 5395 1301 5449 et
1352 5388 1407 5453 iu
1454 5389 1787 5459 baptismate

199 5481 523 5553 mysterium
567 5481 762 5543 mortis
819 5480 1110 5550 sepultura:
1165 5490 1222 5543 et
1269 5481 1497 5552 gloriam
1544 5498 1787 5547 resurre-

197 5571 399 5643 ctionis
429 5570 546 5642 eius
592 5571 890 5637 imitemur,
929 5578 988 5629 ut
1027 5571 1073 5635 si
1106 5571 1424 5643 passionum
1478 5573 1598 5642 ejus
1654 5576 1788 5641 sqcii

198 5663 488 5730 fuerimus.
519 5664 681 5731 simul
708 5673 765 5729 et
789 5664 977 5736 glorise
1014 5663 1434 5733 resltrrsstionis
1478 5665 1701 5743 erimus:
1732 5664 1790 5723 Si

201 5757 349 5819 enim
405 5758 606 5837 mortui
632 5773 820 5821 sumus
878 5772 1003 5823 cum
1048 5757 1287 5825 Christo,
1336 5755 1611 5827 credimus
1664 5760 1789 5832 quia

152 5926 162 5937 ν
200 5851 369 5916 simul
410 5858 470 5915 et
517 5849 632 5923 iam
661 5852 911 5919 vivemus
962 5869 1087 5921 cum
1127 5867 1213 5919 ea-
1252 5849 1656 5938 Eishureudum
1708 5863 1793 5927 eat

1900 1979 1918 2013 ι
1947 1961 2180 2025 sabbati,
2200 1961 2350 2017 venit
2374 1959 2544 2021 Maria
2568 1958 2882 2029 Magdalene
2902 1967 2958 2023 et
2976 1958 3082 2023 alia
3110 1956 3279 2025 Maria
3300 1956 3489 2027 videre

1900 2074 1919 2107 ε
1950 2056 2277 2126 sepulcrum.
2312 2054 2381 2110 Et
2424 2069 2551 2110 ecce
2601 2062 2764 2117 terra:
2802 2061 2984 2127 motus
3030 2051 3203 2118 factus
3238 2061 3322 2119 est
3368 2067 3488 2117 ma-

1899 2167 1918 2201 ε
1957 2163 2117 2225 gpus.
2160 2148 2397 2220 Angelus
2434 2149 2578 2205 enim
2619 2147 2833 2209 Domini
2861 2147 3145 2207 descendit
3171 2147 3238 2211 de
3267 2145 3406 2211 C(elq
3433 2154 3490 2207 ει

1901 2260 1920 2294 ι
1958 2242 2224 2297 accedens
2270 2241 2499 2296 revolvit
2522 2240 2779 2310 lapidem,
2821 2248 2878 2295 et
2903 2238 3126 2295 sedebat
3151 2253 3316 2310 super
3338 2252 3485 2306 eum.

1899 2353 1919 2388 ι
1952 2334 2088 2395 Erat
2141 2341 2322 2391 autem
2374 2341 2627 2403 aspectus
2669 2331 2787 2402 ejus
2818 2333 2961 2397 sicut
2996 2331 3201 2413 fulgur,
3244 2337 3299 2395 et
3325 2330 3490 2391 vesti-

1900 2446 1920 2480 ι
1958 2434 2142 2501 uicina
2172 2423 2291 2495 ejus
2315 2426 2457 2483 sicut
2485 2426 2600 2485 nix.
2630 2425 2751 2485 Prae
2792 2426 2992 2487 timore
3012 2433 3195 2485 autem
3249 2421 3370 2493 ejus
3395 2438 3491 2477 ex-

1901 2538 1919 2572 ι
1950 2519 2131 2579 territi
2181 2526 2311 2576 sunt
2344 2518 2619 2583 custodes,
2667 2525 2724 2577 et
2757 2516 2888 2578 lacti
2929 2524 3058 2577 sunt
3088 2515 3236 2581 velut
3265 2513 3485 2579 mortui.

1899 2629 1919 2666 ι
1965 2611 2319 2682 Respondeas
2347 2618 2527 2669 autem
2556 2611 2781 2681 angelus
2814 2610 2960 2671 dixit
2990 2609 3349 2673 mulieribus:
3380 2606 3487 2663 No-

1898 2720 1918 2755 ι
1968 2702 2065 2761 lite
2116 2703 2308 2759 timere
2360 2716 2500 2759 vos:
2534 2700 2661 2761 Scio
2720 2703 2869 2763 enim
2920 2702 3065 2772 quod
3112 2698 3327 2764 Jcsum,
3389 2698 3483 2770 qui

1897 2814 1917 2850 ι
1953 2794 2246 2855 cruciﬁxus
2289 2801 2395 2860 est,
2444 2793 2709 2865 quaeritis.
2755 2793 2875 2851 Non
2934 2800 3019 2855 est
3063 2792 3174 2857 hic.
3240 2789 3492 2855 Surrexit

1898 2907 1919 2941 ι
1955 2889 2099 2944 enim
2127 2888 2269 2944 sicut
2317 2887 2504 2945 dixit.-
2528 2888 2720 2947 Venite
2740 2893 2795 2942 et
2835 2887 3017 2947 videte
3042 2886 3244 2952 locum.
3274 2885 3369 2948 ubi
3394 2901 3490 2955 no-

1898 2998 1916 3033 ι
1961 2981 2097 3037 situs
2140 2987 2259 3036 erat
2314 2978 2595 3037 Dominus.
2652 2978 2721 3037 Et
2787 2980 2896 3039 cito
2948 2987 3142 3040 euntes
3184 2977 3350 3043 dicite
3402 2977 3486 3041 di-

1899 3092 1917 3125 i
1964 3072 2189 3145 scipulis
2224 3070 2364 3141 ejus,
2386 3072 2516 3143 quia
2545 3072 2810 3140 surrexit,
2849 3080 2905 3129 et
2932 3086 3061 3133 ecce
3081 3069 3350 3142 prmcedet
3393 3084 3492 3125 vos

1898 3184 1918 3218 ι
1968 3166 2024 3221 in
2084 3164 2381 3221 Galilaeam.
2438 3165 2516 3221 lbi
2568 3179 2693 3220 eum
2734 3163 3013 3237 videbitis,
3052 3162 3196 3222 sicut
3238 3160 3494 3233 pimdixit

1899 3277 1920 3313 ι
1962 3258 2136 3315 vobis.
2150 3277 2167 3311 ι

1973 3347 2192 3421 Vespere
2216 3356 2394 3419 autem
2422 3336 2648 3413 sabbati,
2690 3364 2807 3419 quia
2840 3345 3053 3407 lucescit
3090 3345 3337 3414 inprima
3371 3342 3493 3405 sab-

1892 3443 2037 3513 bsti,
2086 3442 2225 3497 uenit
2274 3440 2454 3495 Maria
2496 3437 2832 3510 Magdaieue,
2888 3447 2937 3493 et
2985 3439 3157 3497 attera
3204 3434 3386 3497 Maria
3412 3434 3491 3497 vi-

1894 3534 2018 3591 dere
2050 3532 2371 3604 sepulcrum.
2425 3530 2559 3605 (Ex‘
2588 3530 2861 3604 August.)
2904 3527 3126 3601 Vespere
3171 3538 3347 3607 autem
3372 3526 3493 3589 sub-3

1894 3625 2023 3693 (tati,
2076 3625 2222 3696 quod
2249 3625 2462 3689 diversa
2496 3623 2786 3686 mulierum
2842 3630 3088 3694 tempora
3132 3621 3189 3679 in
3243 3619 3492 3688 Evange-

1893 3718 1983 3775 liis
2026 3718 2429 3783 describuntur,
2484 3731 2591 3779 non
2648 3714 2914 3781 mendacii
2968 3722 3054 3779 est
3092 3713 3328 3785 signum,
3389 3710 3487 3777 sed

1893 3809 2094 3885 εεύμιω
2145 3807 2475 3871 νὶεἱιαιίουίε
2521 3806 2782 3872 ofﬁcium.
2826 3804 2959 3872 Qui:
2979 3804 3194 3863 lucescit
3234 3803 3290 3867 in
3316 3802 3491 3874 prima
3562 3786 3575 3803 ’

1891 3902 2116 3969 sabbati,
2159 3918 2193 3957 a
2256 3908 2411 3973 parte
2456 3901 2636 3973 prima
2689 3900 2886 3966 noctis,
2937 3899 3082 3969 quod
3142 3904 3227 3965 est
3273 3910 3490 3966 vesper,

1893 3997 2070 4068 ipsam
2096 4003 2314 4055 noctem
2364 3995 2538 4065 voluit
2586 3995 2914 4067 signiﬁcare,
2971 3993 3127 4063 cujus
3185 3990 3363 4059 noctis
3384 3988 3491 4055 ﬁne

1890 4097 2160 4149 venerunt
2188 4089 2467 4147 mulieres.
2494 4088 2605 4147 Cur
2639 4097 2821 4147 autem
2857 4094 3076 4147 noetem
3124 4081 3359 4163 appellat
3398 4093 3491 4145 ve:

1892 4183 2142 4252 speraml
2174 4182 2301 4251 quia
2329 4196 2555 4251 vespere
2575 4180 2772 4243 licebat
2798 4176 2997 4234 allerre
3018 4183 3287 4242 aromata,
3311 4180 3488 4243 trans-

1892 4285 2016 4337 acto
2066 4272 2253 4341 utique
2295 4270 2543 4339 sabbato.
2575 4269 2690 4333 Hoc
2742 4283 2870 4340 ergo
2918 4267 3096 4337 dicit:
3126 4281 3332 4337 uespet’t2
3368 4263 3488 4339 ξαῄτ

1892 4366 2020 4447 tati,
2052 4380 2116 4443 as:
2161 4366 2207 4433 si
2255 4366 2463 4434 diceret
2503 4363 2720 4431 :Diqcte
2749 4378 2870 4435 qua:
2896 4363 3144 4434 sequitur
3187 4361 3480 4430 saltuatqu

1891 4467 2181 4531 venerunt,
2228 4475 2335 4531 quo
2363 4466 2610 4530 tempore
2656 4458 2961 4529 valuerant,
3015 4456 3201 4512 venire
3253 4454 3486 4521 liberum

1892 4556 2188 4622 habentes;
2225 4554 2340 4618 sive
2387 4570 2593 4625 uespere
2634 4552 2859 4617 sabbati,
2912 4565 3022 4611 non
3072 4554 3488 4621 vesperascente

1893 4651 2001 4715 die,
2053 4649 2150 4713 sed
2199 4654 2619 4720 vesperascente
2674 4653 2856 4711 nocte,
2900 4643 2956 4707 id
2993 4651 3097 4709 est,
3146 4643 3203 4699 in
3252 4641 3360 4711 ﬁne
3387 4656 3488 4701 no-

1891 4745 1995 4799 ctis
2051 4749 2340 4801 venerunt.
2381 4739 2464 4797 Ab
2491 4738 2717 4795 exordio
2738 4737 2925 4801 mundi
2979 4736 3095 4804 dies
3140 4735 3489 4808 prtecedehat

1890 4845 2110 4901 noctem
2148 4849 2322 4904 usque
2345 4834 2415 4897 ad
2441 4832 2643 4897 Christi
2676 4832 3009 4903 passionem.
3048 4831 3095 4889 Α
3116 4829 3322 4897 Christi
3350 4843 3484 4897 vero

1890 4928 2311 4995 resurrectione.
2362 4943 2471 4991 uox
2510 4927 2769 4997 praecedit
2790 4926 2953 4991 diem.
3016 4923 3143 4993 Sive
3182 4925 3257 4991 ita
3299 4924 3487 4994 legen-

1891 5023 2042 5088 dum,
2099 5037 2307 5092 uespere
2356 5019 2583 5087 sabbati,
2636 5019 2692 5074 id
2740 5027 2846 5086 est,
2896 5033 3093 5085 aurora
3147 5032 3268 5088 quae
3308 5016 3486 5083 noctis

1892 5113 2049 5178 initio
2098 5112 2260 5176 lucet,
2312 5112 2430 5182 ipsa
2477 5126 2575 5182 per
2625 5117 2796 5177 totam
2826 5117 3041 5169 noctem
3070 5116 3323 5177 manente
3366 5120 3483 5161 ma-

1894 5220 1963 5270 ne
1996 5204 2273 5271 elucescit,
2300 5210 2358 5259 et
2380 5202 2499 5271 ideo
2523 5202 2774 5271 forsitan,
2832 5202 2917 5275 hae
2958 5201 3216 5269 mulieres
3246 5216 3276 5271 a
3306 5197 3481 5273 noctis

1890 5297 2047 5363 initio.
2094 5313 2264 5368 usque
2306 5313 2466 5365 manu
2520 5298 2595 5359 ibi
2636 5306 2974 5365 manserunt.
3027 5296 3134 5357 Sed
3157 5294 3369 5361 Marcus
3400 5293 3483 5363 αξ-

1891 5389 2005 5445 cit:
2034 5387 2102 5455 Et
2134 5389 2287 5457 valde
2335 5407 2491 5453 mane
2532 5390 2730 5465 (Marc.
2786 5392 2935 5465 ult),
2988 5397 3043 5461 et
3098 5387 3326 5459 reliqua.
3376 5385 3480 5459 Ap~

1891 5492 2049 5555 paret
2091 5490 2274 5551 autem
2319 5499 2427 5555 qua
2466 5484 2601 5547 hora
2648 5485 2946 5552 resurrexit
2985 5483 3266 5549 Dominus,
3317 5481 3373 5557 id
3398 5488 3483 5549 est

1891 5593 2073 5645 mane,
2110 5593 2232 5647 cum
2262 5579 2678 5653 quadragesima
2704 5579 2874 5646 horis,
2915 5576 3073 5647 juxta
3094 5575 3479 5647 Augustinum,

1888 5670 1946 5727 in
1986 5670 2235 5743 sepulcro
2281 5670 2448 5741 fuisse
2491 5671 2839 5741 descrinitur,
2892 5668 2947 5737 id
2974 5674 3080 5739 est,
3120 5676 3354 5742 quatuor
3382 5668 3481 5737 ιιοτ

1890 5778 2000 5833 ras,
2047 5778 2153 5835 qua
2204 5763 2290 5835 die
2332 5754 2625 5835 cruciﬁxus
2665 5769 2772 5829 est,
2819 5770 3164 5835 remanentes
3185 5762 3474 5833 duodecim

1892 5854 2042 5941 herae
2079 5856 2256 5929 uastis
2294 5855 2527 5941 sabbati.
2571 5852 2854 5929 duodecim
2902 5854 3007 5941 diei
3060 5856 3293 5929 sabbati,
3340 5853 3473 5930 duo;
