4030 6458
541 354 647 411 ηδ

1835 351 2194 410 SMARAGDI
2218 350 2530 435 ABBATIS

3719 360 3835 419 224

538 474 712 532 decim
725 469 904 528 noctis
918 469 1028 527 diei
1052 466 1358 536 dominica,
1373 468 1651 525 tricesima
1672 470 1919 525 autem‘et
1941 476 2054 524 tres
2068 467 2126 523 in
2152 469 2207 530 Α
2230 464 2455 522 fecerit:
2504 462 2679 521 Venite
2715 474 2766 521 et
2786 465 2952 522 videte
2969 466 3059 521 ubi
3096 466 3297 538 positus
3324 478 3438 524 erat
3461 468 3744 541 Dominus,
3773 470 3838 533 ιιι

493 574 497 581 ’
541 567 811 640 sepulcro.
840 563 949 620 Pro
994 564 1099 618 bac
1138 576 1302 618 causa
1337 563 1757 634 quadragesima
1796 562 1988 618 diebus
2014 567 2136 631 post

542 660 1006 718 resurrectionem
1045 653 1306 725 apostolis
1327 654 1442 709 suis
1485 670 1629 724 saepe
1647 670 1707 710 se
1746 653 2132 710 manifestavit.

535 752 596 811 In
625 753 844 809 nomine
872 758 1074 812 autem,
1107 748 1253 817 quod
1301 755 1386 801 est
1420 761 1684 815 vesperae,
1730 745 1888 801 multi
1920 746 2135 801 diversa

535 853 747 920 putant.
804 843 863 899 In
923 840 1220 913 Evangelio
1280 840 1425 894 enim
1497 838 1689 894 Graeco
1746 839 1822 894 ita
1880 839 2133 905 habetur,

542 939 636 1012 ὀψε
667 938 721 995 δὲ
751 938 1030 994 σαϐϐάτων
1136 937 1494 1009 ἐπιφωσκούσῃ
1538 935 1612 994 εἰς
1660 934 1776 1004 μίαν
1830 932 2131 997 σαϐϐάτων,

538 1032 594 1088 id
614 1040 717 1100 est,
750 1046 975 1102 uespera:
995 1028 1222 1093 sabbati,
1262 1044 1380 1099 quae
1405 1026 1619 1081 lucescit
1645 1027 1703 1080 in
1743 1028 1915 1097 prima
1943 1026 2134 1082 sabba-

537 1132 730 1188 torum,
761 1123 816 1177 in
837 1136 946 1192 quo
976 1128 1224 1192 apparet,
1256 1119 1371 1191 ὀψὲ,
1399 1119 1545 1189 quod
1575 1117 1895 1173 femininum
1928 1133 2130 1174 nomen

536 1223 641 1281 est,
668 1224 733 1286 τῇ
761 1213 1080 1268 femininum
1106 1226 1408 1282 pronomen
1445 1219 1548 1276 est,
1595 1209 1738 1266 unde
1776 1211 1996 1280 quidam
2042 1228 2134 1268 vo-

537 1306 680 1372 lunt,
724 1305 871 1375 quod
920 1319 1145 1375 vespere
1182 1302 1503 1369 communis,
1553 1302 1657 1357 hoc
1704 1309 1807 1367 est,
1848 1302 2133 1358 masculini

488 1462 492 1467 ,
537 1406 594 1454 et
633 1397 881 1452 feminini
926 1396 999 1451 sit
1031 1397 1245 1469 generis
1280 1409 1500 1462 nomen,
1540 1392 1695 1463 cujus
1722 1393 1991 1450 ablativus
2035 1409 2131 1450 ve-

482 1476 491 1509 ⁷
540 1503 716 1559 spere,
765 1487 987 1557 quidam
1036 1487 1225 1542 volunt
1266 1502 1515 1559 vespera,
1562 1501 1671 1541 non
1734 1499 1957 1557 vespere
2003 1486 2129 1554 dici,

537 1583 859 1640 femininum
906 1582 1187 1639 facientes.
1231 1582 1462 1652 Quidam
1509 1579 1761 1636 subtilius
1801 1580 1877 1634 ita
1924 1579 2129 1652 legunt.

540 1676 706 1733 Venit
756 1676 925 1732 Maria
969 1678 1147 1749 prima
1205 1677 1438 1743 sabbati,
1478 1690 1600 1746 qua:
1642 1674 1871 1730 lucescit
1907 1691 2135 1748 vespere

539 1770 773 1825 sabbati.
828 1768 935 1824 Alii
979 1768 1054 1823 ita
1080 1768 1411 1839 intelligunt,
1462 1776 1523 1823 ut
1582 1767 1869 1822 sabbatum
1916 1770 2133 1838 requies

539 1862 916 1934 intepretetur.
977 1862 1216 1933 Vespere
1260 1869 1442 1917 autem
1473 1862 1674 1932 quietis
1695 1902 1710 1927 ,
1743 1876 1863 1932 quae
1910 1860 2136 1917 lucescit
2161 1845 2209 1905 Β

536 1955 593 2010 in
637 1955 832 2026 prima,
875 1960 932 2010 et
986 1953 1213 2024 reliqua.
1268 1953 1328 2008 In
1375 1955 1553 2025 prima
1588 1971 1602 2010 :
1635 1954 1818 2011 Prima
1864 1955 1980 2010 dies
2044 1954 2128 2008 di-

536 2048 679 2103 citur
721 2046 1025 2111 dominica,
1069 2061 1192 2117 quae
1236 2047 1437 2103 meruit
1489 2047 1675 2104 videre
1723 2050 2015 2105 Dominum
2044 2062 2142 2103 re-'

538 2155 790 2211 surgere,
847 2147 904 2195 et
950 2139 1211 2196 mundum
1263 2141 1450 2207 nasci,
1511 2150 1675 2213 atque
1730 2144 1974 2214 reparari
2033 2157 2135 2213 per

542 2231 840 2289 Christum.

616 2323 726 2396 (Ea:
758 2324 1007 2396 August.)
1036 2323 1152 2381 Non
1178 2332 1358 2396 potest
1395 2326 1522 2392 dici,
1549 2340 1743 2398 vesper
1774 2327 2055 2383 lucescens
2075 2328 2133 2382 in

541 2416 715 2487 prima
731 2416 965 2483 sabbati,
982 2417 1086 2472 nisi
1099 2417 1317 2473 nomine
1329 2418 1538 2489 vesperi
1555 2434 1657 2474 nox
1674 2419 1791 2491 ipsa
1803 2419 2136 2490 intelligatur

542 2524 704 2578 quam
730 2510 820 2564 lux
838 2511 1112 2576 terminat,
1129 2517 1185 2566 et
1203 2512 1439 2567 usitatus
1464 2511 1720 2583 loquendi
1739 2514 1930 2568 modus
1952 2520 2039 2567 est
2062 2511 2139 2567 di-

539 2602 680 2657 vinae
701 2600 1000 2673 Scriptum
1020 2618 1053 2657 a
1071 2611 1227 2673 parte
1251 2612 1442 2658 totum.
1458 2604 1505 2658 A
1519 2620 1749 2674 vespere
1769 2621 1900 2675 ergo
1919 2612 2136 2660 noctem

540 2692 884 2763 significavit,
908 2693 1065 2763 cujus
1092 2705 1397 2749 extremum
1428 2703 1512 2750 est
1539 2695 1858 2751 diluculum.
1889 2696 2137 2753 Diluculo

542 2784 690 2838 enim
728 2792 998 2839 venerunt
1021 2784 1127 2841 illa:
1182 2785 1441 2840 mulieres
1478 2787 1547 2841 ad
1585 2796 2021 2854 monumentum,
2071 2803 2138 2844 ac

539 2888 639 2944 per
667 2874 770 2930 hoc
788 2890 854 2931 ea
891 2885 1052 2931 nocte
1095 2884 1391 2940 .venerunt,
1434 2891 1556 2947 qua:
1577 2877 1882 2948 significata
1930 2888 2015 2934 est
2039 2894 2138 2935 no-

542 2968 688 3023 mine
714 2968 949 3039 vesperi.
994 2968 1130 3024 Tota
1172 2970 1319 3025 enim
1346 2969 1652 3041 significata
1678 2979 1764 3026 est
1798 2987 1863 3026 eo
1892 2972 2133 3041 nomine,

540 3066 603 3113 ut
644 3057 777 3125 dixi,
812 3069 868 3114 et
900 3060 1024 3116 ideo
1070 3075 1412 3131 quacumque
1445 3062 1563 3132 ejus
1611 3063 1790 3118 noctis
1829 3071 1987 3133 parte
2040 3079 2136 3120 ve-

472 3136 491 3149 ’
542 3148 768 3215 nissent,
809 3164 873 3205 ea
929 3150 1117 3221 utique
1162 3159 1322 3206 nocte
1372 3153 1669 3208 venissent.
1715 3152 1851 3209 Cum
1886 3171 2016 3225 ergo
2044 3172 2139 3212 ve-

542 3250 741 3296 nerunt
762 3251 920 3315 parte
959 3243 1078 3315 ejus
1124 3245 1301 3300 noctis
1336 3255 1597 3310 extrema,
1653 3261 1716 3301 ea
1750 3247 1937 3318 procul
1972 3249 2137 3305 dubio

541 3345 701 3393 nocte
754 3346 1046 3395 venerunt.
1119 3338 1362 3409 Vespere
1412 3348 1593 3395 autem
1637 3355 1760 3410 qua:
1806 3340 2036 3397 lucescit
2082 3342 2139 3397 in

541 3428 716 3499 prima
744 3428 976 3496 sabbati,
997 3445 1106 3485 non
1130 3438 1311 3501 potest
1330 3430 1436 3486 nisi
1460 3437 1575 3486 tota
1597 3431 1716 3501 ipsa
1745 3447 1853 3486 nox
1880 3432 2131 3505 intelligi.

542 3521 669 3578 Ideo
708 3523 874 3595 igitur
900 3539 1127 3595 vespere
1154 3533 1440 3591 venerunt,
1496 3541 1616 3597 quae
1637 3526 1754 3594 ipsa
1782 3536 1941 3585 nocte
1970 3544 2132 3586 vene-

540 3623 686 3671 runt.
727 3615 847 3686 Ipsa
870 3625 1051 3672 autem
1072 3626 1234 3675 nocte
1250 3626 1536 3686 venerunt,
1601 3634 1722 3689 quae
1751 3621 1929 3677 noctis
1954 3621 2131 3692 ipsius

543 3708 793 3778 quamvis
816 3716 1062 3764 extrema
1084 3717 1240 3779 parte
1261 3720 1547 3766 venerunt.

619 3799 725 3871 (Ea:
758 3799 938 3873 Vulg.)
977 3800 1094 3857 Non
1119 3810 1203 3857 est
1231 3802 1424 3858 relatio
1443 3802 1667 3861 Joannis
1692 3808 1990 3876 contraria,
2013 3824 2136 3880 quae

542 3891 713 3948 refert
755 3893 990 3949 diluculo
1045 3894 1112 3949 ad
1165 3905 1580 3951 monumentum
1624 3899 1837 3953 venisse
1905 3899 2134 3955 Mariam

544 3985 890 4058 Magdalene,
959 3986 1214 4045 Matthteo
1240 3989 1484 4056 dicente;
1539 4006 1743 4062 vespere
1783 3991 1987 4047 sabbati
2024 3992 2137 4048 Ma-

543 4079 683 4133 riam
725 4078 1040 4151 Magdalene
1094 4096 1216 4134 cum
1266 4080 1434 4135 altera
1484 4080 1655 4137 Maria
1704 4083 1917 4139 venisse
1958 4085 2025 4139 ad
2052 4099 2138 4141 se-

543 4176 792 4248 pulcrum
841 4176 1078 4245 Domini,
1122 4179 1251 4235 dum
1292 4196 1519 4251 vespere
1557 4197 1589 4237 a
1620 4181 1872 4240 Matthzeo
1898 4186 2136 4257 positum

543 4269 617 4324 sit
653 4284 755 4339 pro
779 4285 902 4326 sero
930 4281 985 4327 et
1035 4273 1312 4341 tarditate,
1362 4282 1617 4345 tanquam
1648 4277 1694 4331 si
1724 4277 1949 4345 diceret,
1981 4278 2137 4335 tarda

543 4362 678 4417 hora
716 4364 912 4418 noctis.
945 4364 1120 4447 Ta'rde
1137 4367 1282 4423 enim
1315 4367 1547 4424 dicimus
1574 4369 1780 4439 aliquid
1808 4370 1949 4437 fieri,
2001 4387 2139 4443 quo-

545 4454 648 4508 ties
694 4454 878 4508 multae
931 4454 1080 4510 horae
1135 4466 1471 4526 praetereunt
1523 4462 1782 4531 temporis
1831 4464 2132 4520 constituti.

2238 558 2284 613 si
2321 559 2460 614 meis
2512 559 2698 614 verbis
2743 575 2849 614 non
2890 560 3133 626 creditis,
3171 576 3345 616 vacuo
3369 564 3608 622 credatis
3652 572 3839 640 sepul—

2235 665 2348 705 cro.
2386 650 2454 705 Et
2490 649 2661 722 gradu
2717 650 2952 705 cumcito
2997 650 3225 722 pergite,
3277 652 3525 709 nuntiate
3549 655 3839 728 discipulis

2234 740 2371 811 ejus,
2406 742 2532 812 quia
2580 743 2836 809 surrexit,
2870 751 2926 798 et
2972 743 3242 813 praecedet
3283 760 3380 800 vos
3424 746 3478 801 in
3524 746 3833 822 Galilaeam,

2233 836 2339 892 hoc
2353 844 2438 891 est
2454 835 2506 889 in
2523 833 2858 903 volutabrum
2882 836 3184 905 gentilium,
3201 837 3293 892 ubi
3306 843 3434 892 ante
3447 824 3626 907 error,
3643 853 3770 899 erat
3782 854 3838 901 et

2233 928 2522 995 lubricum,
2553 936 2607 983 et
2638 925 2795 982 firmo
2818 942 2883 982 ac
2910 926 3092 982 stabili
3116 928 3253 998 pede
3277 929 3570 1001 vestigium
3592 949 3704 989 non
3731 950 3835 1005 po-

2236 1021 2458 1076 nebant.

2305 1110 2373 1165 Et
2395 1111 2632 1167 exierunt
2653 1113 2755 1167 cito
2775 1112 2840 1168 de
2852 1123 3203 1177 monumento,
3231 1116 3552 1171 cumtimore
3563 1113 3612 1170 et
3634 1119 3833 1186 gaudio

2234 1222 2444 1276 magno,
2460 1214 2726 1260 currentes
2751 1207 2998 1260 nuntiare
3008 1206 3281 1279 discipulis
3296 1208 3434 1278 ejus.
3453 1207 3659 1279 Duplex
3683 1226 3835 1266 men-

2234 1303 2318 1351 tes
2334 1295 2624 1351 mulierum
2646 1295 2867 1351 tenebat
2880 1295 3127 1364 affectus,
3145 1297 3361 1352 timoris
3382 1307 3441 1353 et
3456 1300 3664 1371 gaudii.
3681 1301 3836 1359 Alter

2234 1386 2300 1441 de
2358 1387 2606 1442 miraculi
2663 1387 3053 1458 magnitudine,
3112 1386 3250 1443 alter
3287 1385 3375 1444 ex'
3418 1390 3690 1446 desiderio
3750 1409 3836 1449 re-

2236 1478 2529 1550 surgentis,
2571 1486 2628 1534 et
2688 1488 2872 1535 tamen
2910 1487 3141 1550 uterque
3173 1478 3469 1536 femineum
3520 1484 3838 1541 concitabat

2235 1575 2483 1648 gradum,
2504 1576 2804 1648 pergebant
2816 1576 2886 1631 ad
2898 1576 3194 1647 apostolos,
3213 1585 3272 1632 ut
3283 1592 3382 1649 per
3394 1577 3517 1635 illos
3536 1577 3664 1634 fidei
3678 1580 3837 1635 semi-

2235 1666 2451 1722 narium
2473 1673 2841 1737 spargeretur.

2505 1803 2835 1861 DOMINICA
2868 1803 3141 1862 SANCTA
3178 1804 3248 1860 1N
3283 1804 3577 1863 PASCHA.

2233 1934 2492 1976 EPlSTOLA
2558 1935 2717 1976 BEATI
2782 1935 2939 1977 PAULI
3014 1936 3270 1977 APOSTOLI
3343 1937 3411 1976 AD
3484 1936 3835 1989 COBINTHIOS,

2917 2006 3037 2047 CAP.
3066 2007 3120 2046 V.
3194 2034 3199 2039 ς

2314 2125 2331 2161 ι
2376 2107 2687 2179 Expurgate
2720 2116 2878 2162 vetus
2920 2106 3252 2163 fermentum
3294 2114 3356 2161 ut
3383 2107 3504 2163 sitis
3536 2123 3677 2163 nova
3704 2124 3838 2165 con-

2216 2219 2260 2275 ίι
2293 2201 2520 2273 spersio,
2553 2201 2694 2255 sicut
2716 2200 2847 2255 estis
2870 2201 3315 2272 azymi._Etenim
3340 2201 3551 2257 Pascha
3582 2210 3840 2258 nostrum

2242 2315 2261 2348 ι
2307 2294 2617 2350 immolatus
2641 2302 2730 2349 est
2771 2293 3044 2361 Christus,
3072 2295 3257 2365 itaque
3282 2294 3559 2365 epulemur
3585 2334 3599 2359 ,
3633 2308 3750 2348 non
3784 2295 3839 2350 in

2214 2406 2261 2439 ει
2306 2385 2574 2443 fermento
2616 2386 2811 2451 veteri,
2854 2400 3034 2455 neque
3086 2386 3142 2441 in
3190 2384 3459 2441 fermento
3504 2383 3735 2439 malitiae
3786 2392 3841 2440 et

2243 2500 2262 2534 ι
2308 2479 2600 2550 nequitias,
2656 2479 2753 2535 sed
2800 2477 2859 2533 in
2913 2479 3124 2551 azymis
3177 2478 3512 2535 sinceritatis
3573 2486 3631 2534 et
3687 2477 3835 2534 veri-

2243 2592 2261 2624 ι
2309 2572 2457 2628 tatis.
2505 2591 2524 2625 ι
2690 2640 2694 2645 ,

2313 2664 2616 2735 Expurgate
2636 2670 2781 2719 vetus
2822 2663 3156 2733 fermentum,
3176 2669 3234 2717 ut
3285 2663 3401 2717 sitis
3427 2678 3561 2717 nova
3588 2678 3837 2733 consper-

2236 2757 2335 2812 sio.
2396 2756 2455 2811 ld
2491 2764 2598 2823 est,
2622 2755 2759 2810 nihil
2784 2755 2837 2810 in
2861 2756 3017 2811 vobis
3042 2761 3343 2823 remaneat,
3394 2754 3462 2810 de
3491 2754 3697 2810 veteris
3717 2770 3839 2810 cor-

2239 2849 2491 2919 ruptione
2503 2855 2731 2915 naturae,
2750 2846 2846 2904 sed
2888 2846 3090 2903 sinceri
3141 2853 3340 2913 estote,
3363 2844 3607 2902 candore
3624 2846 3835 2915 gratia,

2238 2942 2417 2997 nitore
2437 2939 2681 3009 justitiae.
3842 3012 3845 3015 δ

2310 3031 2460 3088 Sicut
2480 3032 2604 3087 estis
2625 3033 2819 3103 azymi.
2852 3031 2968 3087 Hoc
2993 3039 3100 3097 est,
3144 3030 3321 3103 azymi
3352 3028 3481 3087 facti
3501 3045 3605 3102 per
3629 3028 3839 3101 baptis-

2241 3140 2411 3192 mum,
2454 3124 2600 3195 qnod
2644 3124 2825 3183 nobis,
2850 3122 3104 3179 Christus
3151 3138 3251 3178 sua
3308 3123 3562 3192 passione
3607 3122 3838 3193 largitus

2163 3214 2207 3278 C
2240 3225 2344 3283 est,
2393 3231 2500 3272 non
2520 3215 2633 3286 jam
2671 3216 2727 3270 in
2756 3216 2880 3287 agni
2899 3216 3099 3287 specie,
3145 3214 3242 3270 sed
3289 3215 3349 3269 in
3380 3215 3617 3269 veritate
3645 3229 3837 3284 corpo-

2240 3312 2317 3366 ris
2360 3310 2689 3366 immolatus.
2723 3308 2867 3364 Nihil
2927 3313 3111 3380 itaque
3133 3308 3189 3364 in
3215 3309 3369 3364 vobis
3399 3308 3836 3365 conversationis

2236 3407 2486 3478 pristina:
2508 3405 2856 3476 relinquatis,
2873 3406 3019 3479 quod
3041 3404 3414 3462 sinceritatem
3435 3406 3607 3476 possit
3629 3414 3838 3462 natura:

2238 3512 2609 3569 corrumpere.

2310 3589 2527 3646 Etenim
2565 3588 2779 3645 Pascha
2819 3599 3056 3646 nostrum
3094 3591 3401 3648 immolatus
3443 3600 3520 3647 est
3569 3592 3836 3649 Christus.

2235 3687 2317 3744 Ac
2365 3688 2411 3743 si
2456 3687 2684 3755 diceret,
2730 3703 2840 3743 non
2869 3703 2901 3742 a
2927 3688 3083 3744 nobis
3123 3688 3180 3743 in
3222 3687 3396 3760 ﬁgura
3442 3704 3636 3759 agnus,
3694 3689 3841 3744 sicut

2236 3778 2461 3846 Judazis,
2524 3781 2620 3836 sed
2679 3781 2736 3835 in
2779 3780 3011 3837 veritate
3048 3782 3218 3859 nobis
3264 3782 3506 3853 quotidie
3566 3783 3840 3839 occiditur

2239 3872 2511 3940 Christus,
2560 3881 2618 3928 et
2660 3873 2868 3930 Pascha
2919 3875 3163 3946 quotidie
3218 3874 3582 3943 celebramus,
3635 3876 3680 3932 si
3728 3876 3837 3932 fer-

2237 3978 2482 4025 mentum
2522 3969 2742 4024 malitiae
2787 3978 2844 4025 et
2888 3971 3148 4042 nequitiae
3190 3986 3297 4026 non
3318 3971 3604 4027 habemus.
3652 3971 3720 4026 Et
3742 3968 3840 4026 Ju-

2239 4061 2342 4117 dmi
2394 4060 2612 4131 quidem
2674 4072 2879 4133 septem
2943 4064 3134 4120 diebus
3206 4079 3397 4135 azyma
3449 4063 3836 4132 comedebant,

2239 4161 2296 4209 et
2339 4154 2469 4226 quia
2489 4154 2543 4209 in
2586 4164 2793 4225 septem
2840 4155 3031 4212 diebus
3077 4157 3313 4212 mundus
3357 4164 3442 4211 est
3493 4154 3691 4218 factus.
3742 4155 3837 4227 qui

2239 4261 2456 4316 semper
2484 4246 2541 4300 in
2564 4261 2663 4302 suo
2692 4247 2884 4303 ordine
2908 4248 3227 4305 revolvitur.
3249 4246 3359 4303 Nos
3380 4246 3709 4318 simpliciter
3727 4246 3832 4302 Pa-

2238 4339 2370 4396 scha
2392 4338 2732 4394 celebramus
2760 4340 2807 4394 si
2832 4340 2886 4394 in
2937 4341 3024 4396 his
3056 4340 3249 4397 diebus
3279 4355 3414 4411 pure
3456 4348 3513 4394 et
3538 4340 3831 4396 sinceriter

2239 4447 2543 4489 versamur.
2601 4432 2755 4501 Quod
2778 4440 2864 4489 est
2916 4434 3063 4489 enim
3113 4434 3260 4490 aliud
3304 4434 3666 4501 fermentum,
3726 4433 3836 4490 nisi

544 4545 613 4602 Et
656 4547 912 4616 quoniam
952 4561 1147 4616 magna
1194 4563 1322 4618 pars
1345 4550 1461 4620 jam
1514 4526 1694 4607 fuerat
1720 4554 1894 4610 noctis
1941 4565 2134 4614 exacta

2249 4526 2518 4596 corruptio
2563 4533 2804 4594 naturae,
2850 4527 2997 4597 quod
3049 4535 3104 4582 et
3152 4528 3331 4600 ipsum
3367 4529 3520 4600 prius
3583 4543 3616 4583 a
3661 4536 3825 4585 natu-

545 4639 778 4695 Domino
801 4631 1138 4711 resurgente.
1179 4638 1419 4711 Vespere,
1453 4644 1556 4699 hoc
1585 4652 1687 4706 est.
1713 4660 1835 4701 sero
1865 4663 1959 4703 seu
1985 4650 2139 4707 tarde

546 4732 747 4789 dicitur
792 4749 823 4788 a
872 4732 1146 4798 Mattbteo,
1182 4735 1328 4807 quod
1380 4744 1435 4791 et
1481 4736 1718 4793 Joannes
1762 4739 2034 4810 significat
2061 4742 2138 4797 di-

547 4823 745 4880 luculo.
826 4825 1017 4883 Adhuc
1068 4836 1250 4885 tamen
1316 4829 1554 4885 tenebrae
1615 4840 1813 4901 erant,
1869 4842 1932 4890 ut
1977 4833 2136 4905 juxta

545 4919 871 4976 matutinum
919 4928 1131 4993 tempus
1194 4922 1283 4978 illa
1336 4923 1470 4978 hora
1523 4926 1700 4994 possit
1722 4911 1969 5000 intelligi.

617 5008 743 5067 Prtc
784 5013 969 5069 timore
1009 5024 1185 5069 autem
1225 5031 1255 5084 e
1279 5032 1341 5069 us
1371 5018 1606 5072 exterriti
1629 5029 1751 5073 sunt
1776 5021 2037 5089 custodes,
2083 5031 2134 5077 et

546 5106 675 5178 facti
715 5116 838 5162 sunt
877 5106 1013 5163 velut
1038 5111 1254 5165 mortui.
1281 5108 1724 5187 Respondensque
1748 5113 1963 5186 angelus
2002 5115 2139 5170 dixit

544 5188 1080 5271 mulieribus,‘nolite
1103 5207 1285 5262 timere
1322 5223 1432 5275 vos,
1478 5209 1586 5262 scio
1605 5209 1742 5263 enim
1785 5209 1924 5281 quod
1946 5208 2134 5265 Jesum

545 5296 636 5368 qui
660 5296 947 5367 cruciﬁxus
989 5305 1066 5352 est
1103 5298 1359 5369 quaeritis.
1400 5296 1501 5370 (Ex
1530 5298 1739 5371 Hiero.)
1772 5298 2037 5356 Custodes
2062 5294 2137 5355 ti-‘

549 5405 699 5447 more
742 5391 1041 5462 perterriti,
1097 5392 1272 5448 instar
1320 5399 1658 5448 mortuorum
1719 5393 2009 5465 stupefacti
2051 5393 2138 5463 ja-

549 5489 689 5545 ccnt,
744 5483 839 5538 sed
879 5491 1057 5539 tamen
1091 5483 1336 5556 angelus,
1391 5499 1498 5539 non
1537 5484 1675 5551 illos,
1729 5485 1825 5541 sed
1878 5485 2134 5543 mulieres

550 5576 861 5633 consolatur
882 5597 895 5633 :
918 5579 1098 5635 Nolite
1115 5581 1299 5634 timere
1324 5595 1446 5642 vos;
1471 5578 1568 5646 illi,
1588 5580 1784 5651 inquit,
1805 5579 2052 5646 timeant,
2078 5580 2134 5635 in

551 5667 639 5724 his
676 5680 986 5738 perseveret
1037 5689 1226 5744 pavor,
1278 5673 1335 5727 in
1390 5671 1587 5743 quibus
1632 5681 1919 5745 permanet
1958 5673 2136 5729 incre-

549 5759 767 5818 dulitas.
802 5762 1067 5821 Cteterum
1107 5782 1223 5834 vos,
1256 5768 1384 5838 quia
1427 5764 1613 5822 Jesum
1655 5764 1898 5837 quaeritis
1949 5766 2131 5823 ει·υοὶ-

498 5838 512 5854 Χ
550 5853 738 5925 ﬁxum,
788 5858 972 5917 audite
1017 5860 1167 5930 quod
1209 5859 1576 5919 resurrexcrit
1615 5865 1673 5917 et
1717 5859 1988 5932 promissa
2008 5875 2134 5933 per-

2242 4616 2344 4672 rali
2391 4616 2675 4674 dulcedine
2727 4618 3010 4686 recedens,
3072 4618 3379 4677 adulterino
3416 4635 3608 4678 acrore
3648 4636 3835 4676 corru-

2243 4718 2400 4781 ptum
2429 4718 2532 4766 est.

2314 4802 2503 4874 Itaque
2521 4803 2810 4874 epulemur.
2848 4804 2905 4859 Id
2930 4812 3033 4872 est,
3064 4819 3165 4861 nos
3201 4806 3297 4878 qui
3346 4821 3378 4860 a
3426 4804 3698 4862 fermento
3719 4821 3836 4862 ma-

2242 4897 2372 4953 litia:
2411 4905 2466 4952 et
2504 4898 2758 4968 nequitiae
2804 4899 3141 4955 abstinemus
3173 4900 3378 4972 jugiter
3407 4898 3665 4955 salutaris
3711 4908 3838 4954 actu

2241 4989 2431 5046 salutis
2480 4989 2743 5046 solemnia
2784 4990 3141 5058 celebremus,
3193 5000 3249 5048 et
3315 4991 3562 5049 interiori
3612 4991 3838 5049 homine

2240 5082 2604 5153 simplicitatis
2650 5091 2707 5138 et
2749 5084 2998 5140 veritatis
3026 5084 3232 5156 azymis
3282 5083 3611 5155 repleamur.

2546 5210 2885 5252 EVA‘NGELIUI
2924 5211 3113 5263 IARCI,
3153 5212 3272 5252 CAP.
3315 5211 3539 5252 ULTIIO.

2317 5314 2337 5349 ‹
2382 5295 2551 5352 Maria
2593 5295 2908 5367 Magdalene
2959 5305 3015 5353 et
3054 5297 3226 5353 Maria
3274 5296 3465 5354 Jacobi
3513 5304 3570 5353 et
3615 5296 3839 5355 Salome

2246 5409 2265 5443 ι
2311 5397 2564 5446 emerunt
2592 5398 2859 5456 aromata,
2917 5399 2980 5445 ut
3017 5392 3301 5448 venientes
3326 5398 3597 5462 ungerent
3619 5388 3835 5446 Jesum.

2248 5502 2269 5535 ι
2313 5484 2381 5539 Et
2418 5483 2575 5538 valde
2600 5499 2761 5539 mane
2787 5500 2897 5540 una
2936 5483 3297 5541 Sabbatorum
3345 5485 3571 5542 veniunt
3606 5487 3676 5541 ad
3718 5498 3839 5539 mo-

2248 5596 2267 5629 ι
2314 5584 2656 5643 nomentum,
2688 5577 2935 5648 ortojam
2960 5578 3093 5636 sole.
3122 5577 3191 5634 Et
3208 5578 3461 5634 dicebant
3480 5577 3550 5632 ad
3568 5574 3835 5644 invicem,

2247 5692 2267 5726 ι
2312 5671 2445 5742 Quis
2472 5673 2711 5729 revolvet
2739 5674 2894 5731 nobis
2925 5674 3156 5745 lapidem
3192 5673 3262 5729 ab
3288 5674 3429 5729 ostio
3450 5666 3838 5729 monumenti?

2248 5783 2267 5819 ι
2312 5765 2381 5821 Ει
2408 5766 2766 5837 respicientes
2788 5766 3043 5823 viderunt
3068 5765 3370 5822 revolutum
3395 5758 3651 5837 lapidem.
3698 5760 3839 5818 Erat

2249 5878 2269 5913 ι
2292 5860 2493 5932 quippe
2506 5875 2740 5932 magnus
2769 5859 2948 5918 valde.
2974 5859 3046 5919 Et
3070 5859 3409 5918 introeuntes
3431 5848 3835 5919 in'monumen-
