4030 6454
261 438 377 496 225

1073 428 1586 490 COLLECTIONES
1622 429 1688 486 lN
1726 428 2103 487 EPISTOLAS
2142 429 2230 486 ET
2268 428 2675 487 EVANGELIA.

271 572 292 606 ι
341 563 478 616 tum,
533 547 784 603 viderunt
814 545 1068 615 juvenem
1115 547 1390 602 sedentem
1439 560 1470 599 a
1497 544 1726 610 dextris,
1759 560 1850 599 co-
1875 551 1928 610 Α
1953 557 2018 597 ac
2063 539 2174 596 vita
2227 540 2492 612 speranda
2551 546 2812 610 perpetua
2855 539 3020 612 cmpit
3057 545 3173 599 toto
3210 543 3343 601 orbe
3378 561 3524 618 pras-

274 665 294 697 ‹
328 649 581 714 opertum
620 640 756 695 stola
799 639 1044 705 candida,
1071 646 1127 694 et
1169 639 1581 707 obstupuerunt.
1633 636 1734 704 Qui
1766 636 1848 691 di-

272 752 293 786 ‹
340 735 415 790 cit
444 731 550 786 illis
579 749 594 785 :
627 728 804 784 Nolite
822 742 1202 800 expavescere,
1255 726 1439 782 Jesum
1477 726 1719 797 quaeritis
1741 725 1848 781 Na-

273 844 293 878 (
343 837 620 888 zarenum,
662 819 1304 886 crucifixum;surrexit,
1337 837 1444 875 non
1466 827 1548 874 est
1572 819 1679 884 hic,
1723 833 1850 874 ecce

273 936 294 971 ι
340 918 492 974 locus
547 917 637 971 ubi
682 923 977 986 posuerunt
1040 931 1204 980 eum;
1251 913 1346 968 sed
1397 915 1492 980 ite,
1549 913 1713 968 dicite
1769 912 1845 968 di-

274 1031 294 1062 ι
350 1010 571 1080 scipulis
637 1010 754 1080 ejus
806 1017 862 1064 et
906 1009 1106 1074 Petro,
1153 1008 1279 1078 quia
1343 1008 1597 1078 praecedit
1649 1023 1746 1062 vos
1794 1009 1851 1064 in

273 1125 293 1159 ι
339 1104 651 1170 Galilazam,
702 1103 774 1158 ibi
816 1119 940 1158 eum
968 1102 1220 1158 videbitis
1265 1101 1405 1156 sicut
1450 1102 1588 1157 dixit
1613 1101 1784 1156 vobis.
1826 1119 1844 1153 ›

339 1240 517 1295 Maria
544 1239 856 1310 Magdalene
876 1248 924 1292 et
950 1237 1128 1292 Maria
1179 1237 1366 1292 Jacobi
1391 1248 1438 1291 et
1462 1235 1671 1292 Salome
1707 1253 1846 1291 eme-

264 1342 387 1386 runt
411 1340 668 1394 aromata,
696 1340 752 1384 ut
779 1330 1031 1384 venientes
1075 1337 1325 1399 ungerent
1341 1329 1545 1384 Iesum.
1589 1329 1647 1383 In
1670 1328 1848 1383 Evan-

263 1424 403 1494 gelio
443 1422 600 1476 Luca:
647 1421 908 1491 scriptum
936 1429 1036 1482 est,
1065 1421 1208 1491 quod
1232 1428 1566 1474 revertentes
1604 1435 1635 1472 a
1659 1433 1850 1472 monu-

263 1523 466 1576 mento,
498 1519 826 1583 paraverunt
848 1520 1091 1566 aromata
1139 1527 1196 1566 et
1219 1520 1514 1582 unguenta,
1540 1518 1594 1564 et
1623 1510 1848 1565 sabbato

260 1605 480 1674 quidem
527 1605 791 1659 siluerunt
845 1613 1064 1675 propter
1113 1604 1426 1658 mandatum
1485 1603 1636 1675 (Luc.
1672 1602 1842 1671 xxiv).

258 1696 570 1750 Mandatum
603 1711 730 1766 ergo
768 1695 901 1765 legis
943 1703 1081 1761 erat,
1121 1703 1183 1750 ut
1222 1695 1434 1751 sabbati
1475 1695 1773 1760 silentium,
1814 1711 1846 1749 a

260 1804 485 1857 vespera
532 1805 704 1859 usque
766 1789 834 1844 ad
883 1804 1164 1860 vesperam
1221 1798 1553 1845 servaretur.
1612 1789 1847 1860 Ideoque

259 1879 512 1950 religiose
555 1879 810 1935 mulieres
875 1888 1082 1952 sepulto
1138 1880 1411 1945 Domino,
1473 1880 1728 1949 quamdiu
1780 1879 1847 1932 li-

259 1972 419 2026 cebat
446 1972 682 2042 operari,
744 1972 800 2026 id
829 1981 951 2037 est.
989 1987 1161 2042 usque
1207 1973 1273 2028 ad
1302 1973 1432 2028 solis
1467 1988 1746 2037 occasum,
1791 1972 1848 2026 in

260 2063 551 2133 unguentis
605 2063 1169 2134 prteparandis‘wrant
1202 2069 1506 2134 'occupatm,
1561 2072 1620 2118 ut
1674 2065 1849 2141 Lucas

259 2153 469 2209 scribit.
531 2155 597 2208 Et
635 2156 777 2224 quod
808 2165 936 2211 tunc
985 2171 1096 2226 prae
1124 2157 1373 2226 angustia
1421 2156 1681 2226 temporis
1715 2171 1850 2226 opus

258 2247 479 2317 explere
538 2248 852 2318 nequibant,
917 2248 1310 2303 festinaverunt
1359 2264 1506 2313 mox,
1565 2256 1624 2302 ut
1669 2255 1850 2302 trans-

257 2345 384 2391 acto
426 2336 637 2391 sabbati
685 2378 698 2401 ,
725 2337 779 2392 id
799 2345 905 2402 est,
965 2339 1249 2392 occidente
1277 2337 1410 2402 sole,
1464 2337 1556 2390 ubi
1593 2337 1851 2406 operandi

254 2426 482 2481 licentia
532 2437 871 2482 remeaverat
919 2443 1101 2482 emere
1153 2436 1400 2483 aromata
1429 2469 1444 2494 ,
1507 2428 1650 2482 sicut
1712 2427 1854 2481 Mar-

256 2531 360 2570 cus
396 2515 597 2582 refert,
652 2518 928 2573 venientes
978 2532 1137 2574 mane
1179 2529 1446 2590 ungerent
1473 2535 1670 2588 corpus
1713 2519 1848 2588 ejus.

259 2605 450 2675 Neque
521 2606 664 2660 enim
735 2623 958 2677 vespere
1010 2608 1220 2662 sabbati
1273 2621 1684 2679 prwoccupante
1735 2605 1852 2676 jam

259 2696 438 2751 noctis
489 2695 742 2761 articulo,
794 2706 1206 2752 monumentum
1255 2697 1406 2752 adire
1433 2697 1742 2753 voluerunt.

337 2828 404 2883 Et
457 2828 607 2884 valde
653 2847 807 2886 mane
858 2849 965 2886 una
1004 2833 1342 2887 sabbatorum
1381 2834 1587 2888 veniunt
1632 2832 1701 2887 ad
1737 2850 1850 2887 mo-

270 2931 578 2976 numentum
632 2932 746 2979 orto
783 2925 902 2995 jam
925 2925 1053 2980 sole.
1095 2926 1277 2981 Prima
1327 2927 1696 2989 sabbatorum,
1743 2927 1855 2996 pri-

260 3031 352 3069 ma
406 3014 518 3070 dies
570 3022 674 3082 est,
725 3031 755 3070 a
805 3016 892 3071 die
923 3019 1292 3085 sabbatorum,
1347 3019 1522 3083 idest,
1557 3019 1854 3090 requietio-

259 3125 415 3174 num,
466 3124 628 3178 quam
656 3125 800 3166 nunc
825 3113 969 3168 diem
1015 3115 1363 3193 dominicam,
1418 3123 1640 3185 propter
1663 3130 1849 3170 resur-

261 3201 561 3258 rectionem
587 3200 811 3260 Domini
833 3205 1140 3271 salvatoris,
1187 3222 1306 3262 mos
1329 3206 1734 3261 ecclesiasticus
1755 3223 1850 3277 ap-

1950 633 2122 690 dicari

2020 724 2089 779 Et
2111 727 2429 781 introeuntes
2472 726 2527 780 in
2564 737 2976 794 monumentum,
3019 729 3257 783 viderunt
3282 730 3529 800 juvenem

1949 820 2207 876 sedentem
2247 822 2301 876 in
2342 820 2559 881 dextris.
2629 830 2925 891 coopertum
2987 822 3122 875 stola
3179 822 3431 890 candida,
3476 832 3526 878 et

1949 912 2343 984 obstupuerunt.
2372 911 2716 967 lntroeuntes
2761 913 2830 966 ab
2869 911 3078 966 oriente
3103 913 3159 966 in
3201 914 3418 969 domum
3457 915 3526 968 il-

1950 1003 2060 1058 lam
2104 1005 2411 1068 rotundam,
2455 1019 2575 1074 qua:
2621 1003 2676 1057 in
2716 1010 2871 1073 petra
2910 1011 2993 1056 est
3041 1005 3247 1070 excisa,
3286 1007 3536 1061 viderunt

1951 1095 2203 1167 angelum
2239 1096 2516 1152 sedentem
2552 1095 2620 1150 ad
2659 1093 3017 1148 meridianam
3055 1103 3265 1164 partem
3320 1097 3422 1152 loci
3479 1096 3539 1151 il-

1950 1187 2077 1254 lius,
2130 1189 2222 1244 ubi
2274 1190 2509 1259 positum
2550 1187 2730 1242 fuerat
2783 1202 2981 1256 corpus
3020 1185 3168 1241 Jesu.
3225 1187 3340 1243 Hoc
3388 1191 3534 1245 enim

1949 1288 2068 1335 erat
2113 1281 2168 1335 in
2207 1280 2414 1336 dextris
2443 1299 2455 1333 :
2483 1279 2619 1346 Quia
2669 1278 2925 1332 nimirum
2973 1292 3199 1346 corpus,
3246 1279 3387 1347 quod
3445 1295 3536 1334 su-
3563 1335 3575 1351 ,

1947 1372 2134 1442 pinum
2164 1373 2375 1443 jacens,
2421 1380 2582 1442 caput
2609 1369 2842 1426 habebat
2864 1371 2931 1424 ad
2959 1385 3236 1437 occasum,
3287 1372 3535 1428 dextram

1951 1479 2174 1520 necesse
2215 1473 2299 1519 est
2325 1463 2553 1519 haberet
2593 1464 2662 1519 ad
2689 1471 2957 1527 austrum,
2999 1463 3188 1518 scribit
3226 1463 3369 1518 enim
3401 1463 3535 1519 Mat—
3560 1533 3572 1546 .

1949 1559 2147 1623 tbazus,
2187 1559 2330 1628 quod
2350 1557 2620 1630 angelum,
2647 1557 2739 1626 qui
2777 1555 3002 1612 revolvit
3036 1555 3271 1625 lapidem
3299 1556 3367 1611 ab
3395 1555 3536 1612 ostio

1950 1649 2308 1716 monumenti,
2365 1649 2544 1720 primo
2587 1648 2844 1702 viderunt
2888 1661 3050 1717 super
3092 1647 3266 1716 ipsum
3304 1646 3538 1716 lapidem

1949 1743 2248 1808 sedentem,
2305 1743 2397 1813 qui
2445 1757 2538 1796 eas
2575 1741 2781 1796 intrare
2830 1741 2883 1794 in
2922 1739 3100 1796 locum
3152 1740 3244 1794 ubi
3276 1741 3539 1796 Dominus

1949 1841 2068 1888 erat
2110 1834 2317 1904 positus
2351 1831 2598 1902 jusserit,
2649 1839 2704 1886 et
2751 1830 2935 1885 videre
2985 1830 3130 1901 quod
3169 1831 3283 1901 jam
3353 1845 3536 1885 resur-

1875 1947 1923 2006 Β
1950 1927 2188 1982 rexisset
2230 1943 2261 1981 a
2308 1926 2553 1982 mortuis.
2590 1923 2792 1980 Scribit
2843 1923 3039 1990 Lucas,
3086 1925 3231 1995 quod
3267 1925 3540 1980 intrantes

1951 2019 2006 2074 in
2049 2029 2456 2076 monumentum
2493 2019 2628 2073 duos
2674 2017 2893 2088 angelos
2920 2017 2975 2070 in
3017 2016 3154 2072 albis
3204 2015 3338 2072 inibi
3385 2025 3537 2072 stan-

1950 2121 2033 2168 tes
2079 2113 2418 2168 invenerunt.
2467 2111 2574 2166 Illa:
2624 2125 2755 2180 ergo
2792 2108 3046 2163 mulieres
3075 2108 3293 2179 angelos
3330 2109 3534 2173 vident,

1951 2222 2074 2277 qum
2113 2222 2238 2261 cum
2287 2205 2620 2261 aromatibus
2651 2212 2940 2266 venerunt,
2991 2201 3116 2270 quia
3156 2201 3409 2256 videlicet
3435 2201 3538 2256 illae

1953 2311 2163 2354 mentes
2201 2315 2363 2370 super
2399 2313 2499 2353 nos
2547 2297 2692 2352 cives
2721 2296 3012 2366 aspiciunt,
3060 2310 3180 2365 qua:
3222 2311 3345 2350 cum
3365 2295 3540 2349 virtu-

1954 2389 2097 2442 tibus
2128 2389 2195 2442 ad
2235 2389 2520 2442 Dominum
2560 2403 2657 2456 per
2678 2395 2868 2441 sancta
2891 2385 3160 2441 desideria
3187 2386 3538 2455 proficiscun-

1955 2487 2063 2533 tur.
2119 2477 2424 2532 Notandum
2469 2493 2598 2532 vero
2645 2477 2802 2532 nobis
2855 2484 2939 2530 est
2970 2475 3228 2544 quidnam
3260 2476 3348 2540 sit,
3397 2477 3540 2544 quod

1955 2569 2010 2623 in
2060 2569 2265 2624 dextris
2307 2569 2498 2624 sedere
2540 2568 2763 2639 angelus
2807 2567 3069 2623 cernitur.
3123 2565 3263 2634 Quid
3309 2583 3542 2638 namque

1952 2677 2051 2732 per
2097 2662 2396 2726 sinistram,
2440 2661 2542 2715 nisi
2584 2661 2692 2715 vita
2742 2660 3018 2729 praesens?
3067 2660 3196 2729 quid
3248 2676 3381 2716 vero
3442 2677 3541 2732 per

1953 2742 2218 2816 dextram,
2281 2753 2386 2808 nisi
2441 2761 2706 2824 perpetua
2750 2754 2856 2807 vita
2892 2751 3170 2823 signatur?
3212 2751 3366 2807 Unde
3407 2753 3542 2807 scri-

1952 2854 2105 2915 ptum
2157 2853 2286 2900 est:
2335 2843 2492 2898 La'va
2533 2845 2647 2916 ejus
2710 2845 2804 2899 sub
2851 2845 3018 2915 capite
3063 2860 3196 2904 meo,
3242 2853 3290 2897 et
3353 2845 3540 2899 dextra

1950 2935 2097 2990 illius
2139 2933 2525 3005 amplexabitur
2566 2950 2668 2988 me.
2719 2933 3014 2990 Sinistram
3052 2948 3285 3002 namque
3315 2933 3410 2988 Dei
3439 2934 3542 2990 Ec-

1952 3026 2141 3090 clesia,
2169 3025 2593 3096 prosperitatem
2619 3025 2873 3080 videlicet
2909 3025 3035 3080 vitae
3065 3025 3369 3093 praesentis,
3415 3041 3541 3096 qua-

1953 3118 1999 3173 si
2025 3118 2127 3173 sub
2147 3117 2325 3188 capite
2358 3116 2557 3186 posuit,
2600 3132 2764 3186 quam
2797 3117 3103 3173 intensione
3150 3117 3348 3172 summi
3391 3132 3541 3172 amo-

1955 3209 2030 3264 ris
2075 3209 2292 3278 premit.
2322 3209 2556 3264 Dextera
2576 3223 2707 3263 vero
2731 3208 2827 3263 Dei
2857 3224 2976 3264 eam
3008 3213 3376 3283 amplectitur,
3406 3211 3536 3280 quia

259 3295 445 3366 pellat.
483 3300 540 3354 ld
563 3301 739 3371 ipsum
795 3309 976 3354 autem
1001 3307 1284 3366 est,~cum
1335 3318 1441 3356 una
1477 3301 1691 3356 sabbati
1735 3301 1850 3356 sive
1877 3309 1922 3372 ί]
1953 3301 2054 3356 sub
2097 3308 2299 3354 a2terna
2346 3299 2466 3370 ejus
2507 3299 2845 3355 beatitudine
2896 3311 3009 3356 tota
3052 3305 3338 3359 devotione
3359 3304 3529 3358 conti-

258 3403 369 3442 una
414 3389 764 3447 sabbatorum
807 3392 1052 3463 legimus,
1088 3391 1140 3447 id
1167 3400 1271 3456 est,
1303 3408 1409 3446 una
1441 3392 1557 3446 dies
1594 3408 1624 3445 a
1655 3391 1846 3446 sabba-

259 3487 442 3534 torum
465 3481 570 3546 die,
623 3484 727 3538 hoc
751 3491 856 3547 est,
890 3482 1286 3553 requietionum
1335 3496 1455 3550 qua:
1496 3482 1552 3536 in
1607 3481 1847 3536 sabbatis

258 3573 721 3629 custodiebantur.
755 3573 968 3628 Sancta:
995 3581 1175 3627 autem
1201 3572 1476 3640 mulieres,
1527 3589 1647 3644 qua:
1666 3573 1848 3628 Domi-

257 3680 394 3719 num
456 3664 670 3720 fuerant
726 3674 946 3731 secuttn,
977 3681 1101 3721 cum
1148 3665 1482 3720 aromatibus
1528 3666 1597 3720 ad
1656 3681 1846 3720 monu—

260 3765 506 3810 mentum
531 3766 815 3822 venerunt,
841 3766 895 3812 et
922 3757 973 3812 ei
1021 3772 1183 3828 quem
1224 3757 1495 3811 viventem
1521 3756 1843 3821 dilexerant,

257 3847 424 3902 etiam
466 3849 902 3904 mortuo.studio
948 3848 1298 3903 humanitatis
1334 3847 1724 3917 obsequuntur.
1778 3846 1847 3901 Et

256 3955 362 3994 nos
407 3955 535 4012 ergo
582 3942 637 3996 in
693 3957 842 4007 eum,
892 3941 986 4011 qui
1021 3950 1104 3996 est
1143 3949 1391 3996 mortuus
1435 3939 1742 4006 credentes,
1799 3940 1846 3994 si

254 4035 428 4089 odore
492 4035 750 4090 virtutum
803 4035 1028 4099 referti,
1095 4049 1217 4090 cum
1269 4034 1524 4104 opinione
1576 4034 1844 4090 bonorum

251 4144 488 4200 Operum
528 4128 813 4183 Dominum
840 4129 1154 4199 quaerimus,
1185 4129 1253 4183 ad
1285 4136 1694 4184 monumentum
1722 4142 1848 4198 pros.

256 4219 405 4274 fecto
439 4217 584 4273 illius
635 4234 759 4273 cum
785 4219 1119 4273 aromatibus
1164 4219 1429 4272 venimus.
1481 4217 1635 4284 Quod
1664 4225 1846 4271 autem

253 4312 417 4367 valde
464 4327 626 4366 mane
689 4311 944 4366 mulieres
988 4319 1255 4366 venerunt
1299 4310 1367 4363 ad
1411 4317 1842 4374 monumentum,

253 4413 381 4460 orto
428 4404 538 4474 jam
589 4403 720 4469 sole,
774 4405 828 4460 id
859 4412 965 4470 est,
1002 4419 1124 4459 cum
1143 4402 1254 4472 jam
1282 4401 1481 4457 coelum
1513 4401 1582 4456 ab
1619 4400 1846 4456 orientis

254 4504 415 4566 parte
440 4495 754 4560 albesceret,
785 4496 928 4566 quod
960 4511 1065 4550 non
1093 4495 1153 4548 fit
1180 4495 1366 4565 utique
1387 4493 1490 4549 nisi
1515 4493 1646 4548 solis
1671 4493 1846 4548 orien-

255 4587 332 4639 tis
361 4585 655 4650 vicinitate,
683 4586 837 4656 juxta
864 4586 1145 4641 historiam
1168 4586 1384 4656 quidem
1430 4601 1657 4656 magnus
1699 4599 1845 4654 qua:-

1955 3402 2136 3448 netur.
2193 3392 2331 3459 Quia
2381 3391 2548 3462 igitur
2573 3392 2882 3462 redemptor
2913 3403 3097 3449 noster
3129 3396 3244 3467 jam
3288 3411 3528 3466 praesen-

1954 3490 2025 3544 tis
2072 3489 2196 3544 vitm
2225 3488 2627 3559 corruptionem
2669 3491 2978 3556 transierat,
3003 3498 3151 3546 recte
3181 3490 3404 3563 angelus
3443 3489 3537 3562 qui

1953 3581 2204 3637 nuntiare
2250 3595 2544 3651 perennem
2571 3579 2688 3649 ejus
2715 3579 2944 3652 gloriam
3003 3591 3248 3649 venerat,
3291 3585 3345 3639 in
3399 3585 3531 3640 dex-

1956 3683 2039 3730 tra
2113 3673 2354 3728 sedebat.
2410 3671 2513 3740 Qui
2560 3668 2699 3728 stola
2756 3674 2986 3729 candida
3041 3684 3330 3746 coopertus
3373 3691 3538 3748 appa-

1953 3767 2080 3832 ruit,
2126 3767 2250 3836 quia
2274 3765 2590 3821 festivitatis
2613 3773 2816 3821 nostraa
2839 3767 3034 3838 gaudia
3065 3769 3356 3824 nuntiavit.
3392 3767 3538 3824 Can-

1953 3861 2052 3916 dor
2071 3861 2271 3916 etenim
2301 3860 2486 3927 vestis,
2518 3859 2858 3930 splendorem
2876 3871 3076 3916 nostra
3123 3862 3407 3918 denuntiat
3453 3877 3540 3918 so-

1952 3955 2247 4010 lemnitatis
2275 3973 2286 4008 :
2314 3954 2524 4011 Nostra:
2550 3955 2794 4012 dicamus
2832 3971 2901 4013 an
2939 3959 3090 4014 suae?
3133 3960 3227 4015 sed
3259 3968 3320 4015 ut
3365 3960 3535 4016 fatea-

1953 4065 2077 4104 mur
2118 4049 2321 4114 verius,
2343 4055 2400 4102 et
2438 4063 2550 4102 sua:
2590 4048 2833 4104 dicamus
2863 4055 2920 4104 et
2942 4059 3163 4118 nostrae,
3213 4052 3303 4106 illa
3334 4053 3532 4123 quippe

1953 4141 2313 4211 redemptoris
2365 4140 2538 4195 nostri
2593 4139 2943 4204 resurrectio,
2969 4148 3025 4194 et
3048 4149 3234 4196 nostra
3267 4141 3530 4197 festivitas

1954 4234 2072 4297 fuit,
2135 4233 2260 4302 quia
2296 4247 2394 4286 nos
2442 4230 2509 4285 ad
2573 4230 3034 4286 immortalitatem
3087 4233 3323 4300 reduxit,
3356 4242 3413 4289 et
3437 4251 3535 4288 an-

1953 4326 2197 4398 gelorum
2245 4323 2513 4380 festivitas
2553 4323 2782 4388 exstitit,
2826 4324 2952 4393 quia
2988 4341 3088 4381 nos
3118 4326 3425 4382 revocando
3467 4327 3536 4383 ad

1952 4416 2194 4474 cmlestia
2236 4430 2422 4470 eorum
2455 4429 2740 4469 numerum
2771 4413 3031 4484 implevit.
3081 4416 3136 4471 ln
3166 4433 3260 4472 sua
3285 4433 3416 4491 ergo
3470 4433 3535 4474 ac

1950 4518 2138 4566 nostra
2182 4507 2475 4562 festivitate
2526 4506 2731 4578 angelis
2786 4507 2841 4562 in
2885 4508 3025 4565 albis
3069 4510 3310 4567 vestibus
3362 4527 3530 4582 appa-

1951 4604 2079 4670 ruit,
2113 4602 2236 4672 quia
2285 4602 2412 4656 dum
2445 4616 2544 4656 nos
2586 4616 2683 4672 per
2722 4603 3178 4660 resurrectionem
3207 4605 3535 4664 dominicam

257 4677 414 4730 rendi
449 4687 504 4731 et
551 4678 856 4733 inveniendi
902 4679 1188 4733 Dominum
1238 4677 1419 4733 fervor
1443 4677 1729 4732 charitatis
1756 4693 1844 4732 os-
1869 4675 1924 4736 D
1950 4696 2018 4752 ad
2064 4710 2298 4765 superna
2334 4693 2664 4757 reducimur,
2707 4693 2947 4750 cmlestis
2993 4696 3184 4766 patria:
3221 4697 3416 4752 damna
3449 4715 3534 4755 rc-

255 4768 520 4823 tenditur.
567 4767 730 4824 Juxta
770 4769 1103 4825 intellectum
1145 4785 1275 4824 vero
1324 4768 1612 4840 mysticum
1685 4767 1842 4822 nobis

256 4861 422 4916 datur
449 4861 775 4931 exemplum,
809 4861 1107 4916 illuminata
1132 4861 1272 4916 facie
1293 4861 1647 4930 decussisque
1686 4859 1845 4915 vitio-

258 4967 384 5006 rum
410 4955 670 5019 tenebris,
691 4955 912 5009 odorem
937 4954 1202 5010 bonorum
1242 4969 1469 5024 operum
1499 4952 1750 5021 Domino,
1789 4961 1846 5010 et

258 5045 565 5100 orationum
589 5047 913 5102 suavitatem
943 5046 1158 5102 offerre.

335 5157 403 5212 Et
442 5159 682 5215 dicebant
725 5163 794 5216 ad
813 5163 1029 5217 invicem
1053 5176 1072 5215 :
1098 5161 1226 5228 Quis
1267 5162 1488 5217 revolvet
1533 5164 1680 5218 nobis
1703 5164 1842 5236 lapi-

259 5247 379 5303 dem
421 5250 485 5304 ab
512 5253 643 5306 ostio
684 5255 1054 5308 monumenti?
1095 5254 1163 5308 Et
1211 5253 1556 5325 respicientes,
1603 5255 1842 5310 viderunt

258 5340 552 5396 revolutum
592 5343 840 5415 lapidem,
864 5355 977 5399 erat
1000 5347 1186 5417 quippe
1227 5362 1445 5415 magnus
1490 5345 1656 5400 valde.
1699 5345 1840 5414 Quo-

258 5434 422 5488 modo
462 5434 598 5506 lapis
637 5452 732 5506 per
769 5436 1018 5506 angelum
1079 5437 1351 5491 revolutus
1414 5437 1505 5501 sit,
1555 5437 1842 5493 Mattltmus

259 5525 595 5583 suﬁicienter
632 5530 871 5600 exponit.
919 5527 1026 5582 Sed
1066 5529 1330 5584 revolutio
1372 5530 1565 5600 lapidis
1615 5531 1843 5601 mystice

260 5619 652 5676 reserationem
693 5630 1153 5677 sacramentorum
1193 5619 1413 5684 Christi,
1439 5636 1556 5689 qua:
1580 5620 1846 5676 velamine

260 5708 457 5768 littera:
498 5712 631 5783 legis
671 5715 1010 5781 tenebantur,
1043 5713 1298 5769 insinuat.
1341 5711 1451 5767 Lex
1505 5712 1650 5767 enim
1676 5715 1732 5768 in
1771 5714 1850 5769 la-

262 5803 389 5876 pide
435 5805 637 5877 scripta
683 5815 770 5862 est
794 5825 807 5861 :
832 5805 985 5877 cujus
1023 5805 1204 5861 ablato
1247 5804 1500 5876 tegmine,
1534 5803 1705 5876 gloria
1743 5821 1851 5863 re-

263 5898 625 5956 Surrectionis
685 5909 926 5964 ostensa.
973 5908 1029 5956 et
1065 5897 1304 5970 abolitio
1351 5897 1540 5955 mortis
1593 5899 1850 5969 antiquae,

1947 4791 2228 4858 parantur.
2276 4783 2382 4839 Sed
2408 4781 2523 4851 jam
2554 4781 2683 4853 quid
2705 4783 2985 4840 venientes
3020 4785 3273 4841 feminas
3313 4784 3532 4856 aﬂ'atur,

1950 4881 2249 4936 audiamus.

2023 4971 2204 5027 Nolite
2247 4989 2603 5044 expavescere,
2650 4971 2834 5029 Iesum
2873 4973 3110 5044 quwritis
3163 4970 3529 5038 Nazarenam,

1951 5064 2300 5134 Cruciﬁxum,
2365 5067 2614 5132 surrexit,
2649 5083 2754 5120 non
2798 5074 2873 5120 est
2931 5064 3035 5132 hic,
3081 5080 3196 5120 ecce
3261 5064 3406 5119 locus
3442 5062 3531 5116 ubi

1948 5167 2233 5227 posuerunt
2274 5173 2412 5211 eum.
2460 5157 2659 5224 Nolite,
2703 5157 2900 5229 inquit,
2953 5174 3310 5228 expavescere,
3365 5170 3430 5210 ac
3481 5153 3530 5211 si

1947 5258 2134 5320 aperte
2182 5249 2362 5306 dicat:
2395 5249 2638 5306 Paveant
2679 5251 2778 5320 illi,
2821 5252 2913 5323 qui
2944 5268 3052 5307 non
3099 5257 3283 5305 amant
3328 5247 3529 5302 adven-

1946 5350 2060 5398 tum
2100 5358 2457 5413 supernorum
2492 5343 2712 5410 civium,
2773 5345 3157 5415 pertimescant
3201 5339 3293 5410 qui
3334 5353 3527 5394 carna-
3595 5413 3602 5418 _

1947 5436 2086 5492 libus
2155 5435 2441 5492 desideriis
2493 5439 2697 5508 pressi,
2759 5438 2827 5492 ad
2879 5450 3066 5492 eorum
3095 5449 3153 5488 se
3209 5431 3528 5489 societatem

1949 5527 2256 5598 pertingere
2299 5544 2458 5600 posse
2496 5531 2805 5601 desperant.
2861 5528 2969 5583 Vos
3009 5532 3190 5579 autem
3243 5539 3347 5580 cur
3401 5540 3529 5596 per-

1951 5620 2258 5688 timescitis,
2301 5637 2420 5691 quae
2458 5631 2670 5678 vestros
2719 5619 2972 5675 concives
3017 5616 3248 5672 videtis?
3278 5616 3433 5676 Unde
3474 5623 3530 5673 et

1951 5712 2234 5769 Mattlneus
2255 5715 2502 5785 angelum
2526 5711 2840 5784 apparuisse
2885 5709 3200 5767 describens
3245 5711 3361 5766 ait:
3393 5709 3524 5768 Erat

1954 5817 2130 5863 autem
2153 5818 2394 5878 aspectus
2434 5806 2551 5876 ejus
2575 5804 2710 5858 sicut
2731 5800 2934 5872 fulgur,
2955 5811 3004 5858 et
3027 5804 3387 5859 vestimentum
3409 5799 3526 5869 ejus

1956 5901 2088 5956 sicut
2133 5900 2244 5955 nix.
2294 5900 2354 5956 ln
2401 5897 2609 5969 fulgore
2652 5894 2855 5952 etenim
2885 5903 3062 5955 terror
3102 5895 3314 5955 timoris
3332 5901 3438 5964 est,
3470 5891 3532 5954 in
