4030 6454
569 375 677 443 291

1852 372 2210 470 suismet)!
2246 378 2537 439 ABBATIS

3730 361 3852 430 228

572 508 697 564 nive
755 513 938 565 autem
998 504 1423 562 blandimentum
1491 503 1763 562 candoris.
1836 501 1973 569 Quia
2018 514 2149 556 vero
2175 501 2231 562 Α
2258 516 2279 550 ι
2322 500 2457 553 tavit
2480 497 2641 554 tertia
2675 496 2762 552 die
2793 502 2849 551 et
2878 493 3029 550 dedit
3054 507 3180 548 eum
3212 488 3558 547 manifestum
3583 490 3702 546 ﬁeri
3731 505 3850 548 non

572 601 917 673 omnipotens
972 598 1134 665 Deus,
1178 604 1234 652 et
1286 598 1545 654 terribilis
1604 605 1688 652 est
1749 593 2149 668 peccatoribus,

568 700 628 749 et
664 692 897 749 blandus
927 690 1120 762 justis,
1170 698 1320 747 recte
1372 691 1525 746 testis
1564 686 1982 746 resurrectionis
2031 684 2153 755 ejus

570 784 796 857 angelus
840 790 896 837 et
936 782 992 837 in
1056 780 1267 852 fulgore
1312 782 1512 849 vultus,
1577 788 1633 837 et
1672 781 1729 836 in
1761 781 2000 836 candore
2046 777 2148 833 ha-

568 881 714 938 bitus
752 880 1174 944 demonstratur,
1222 886 1284 933 ut
1330 875 1399 933 de
1427 877 1543 948 ipsa
1575 891 1676 932 sua
1700 874 1881 947 specie
1909 881 1966 929 et
1980 880 2150 928 terre-

565 982 650 1032 ret
670 974 953 1045 reprobos,
988 979 1045 1027 et
1070 970 1338 1027 mulceret
1358 970 1479 1042 pios
1506 988 1520 1025 :
1541 967 1728 1024 Iesum
1748 966 1986 1041 quaeritis
2032 964 2149 1019 Na-

564 1074 837 1123 sarenum;
884 1063 1044 1122 Iesus
1083 1063 1280 1119 Latino
1329 1062 1545 1132 eloquio
1606 1060 1885 1126 salutaris,
1935 1058 1993 1114 id
2040 1064 2147 1123 est,

560 1160 803 1219 salvator
826 1158 1235 1228 interpretatur.
1258 1155 1330 1211 At
1346 1172 1477 1213 vero
1496 1155 1651 1211 multi
1680 1156 1783 1210 hoc
1804 1153 2022 1210 nomine
2041 1150 2148 1207 dici

556 1260 814 1327 poterant
860 1261 1146 1318 tunc,non
1185 1260 1366 1306 tamen
1404 1249 1855 1314 substantialiter,
1892 1248 1988 1303 sed
2011 1262 2148 1301 nun-

559 1347 833 1418 cupative,
859 1346 986 1402 ideo
1013 1353 1070 1401 et
1095 1344 1249 1401 locus
1289 1344 1655 1415 subiungitur;
1698 1350 1760 1398 ut
1775 1344 1842 1398 de
1870 1356 1980 1414 quo
2017 1334 2150 1397 Iesu

559 1439 765 1497 dictum
798 1440 872 1495 sit
900 1437 1280 1494 manifestatur
1308 1436 1671 1493 Nazarenum.
1714 1435 1783 1490 Et
1802 1450 2022 1491 causam
2055 1449 2152 1502 po-

554 1526 668 1588 tius
693 1530 911 1588 subdit:
937 1528 1284 1601 Cruciﬁxum.
1326 1527 1505 1599 Atque
1531 1527 1738 1583 addidit
1770 1545 1782 1580 :
1816 1524 2142 1589 Resurrexit,

556 1636 662 1679 non
703 1632 779 1680 est
826 1623 932 1678 hic.
985 1620 1105 1678 Non
1154 1629 1240 1677 est
1272 1620 1386 1687 hic,
1423 1619 1626 1675 dicitur
1661 1633 1761 1689 per
1798 1616 2145 1689 praesentiam

555 1717 756 1782 carnis;
804 1714 899 1787 qui
945 1724 1127 1772 tamen
1167 1728 1437 1786 nusquam
1477 1713 1785 1784 deeratper
1800 1712 2145 1769 praesentiam

552 1810 876 1879 majeStatis.
956 1853 967 1863 .

2260 608 2280 642 ι
2322 590 2471 646 omni
2493 580 2705 662 populo,
2743 586 2838 644 sed
2859 578 3086 643 testibus
3111 576 3488 662 pratordinatis‘
3525 584 3556 637 Δ
3582 583 3712 649 Deo,
3745 586 3851 641 nd-

2259 700 2279 735 ι
2322 683 2406 739 bis
2444 660 2539 754 qui
2568 678 3015 738 manducavimus
3042 680 3098 734 et
3140 660 3375 733 bibimus
3418 682 3540 731 ‘cum
3576 662 3670 731 illo
3694 682 3853 747 post-

2255 792 2277 828 ‹
2317 790 2482 847 quam
2510 774 2811 831 resurrexit
2838 788 2870 828 a
2890 764 3141 838 mortuis,
3168 768 3225 826 et
3243 766 3501 841 prrecepit
3528 768 3685 825 nobis
3708 778 3851 840 prte-

2256 886 2277 921 t
2323 869 2505 925 dicare
2526 867 2727 940 populo
2756 875 2812 922 et
2839 861 3152 931 testiﬁcari,
3179 858 3306 934 quia
3332 854 3449 934 ipse
3473 868 3557 917 est
3587 854 3680 932 qui
3709 879 3850 919 con~

2254 979 2276 1015 ι
2323 964 2546 1021 stitutus
2586 972 2671 1019 est
2704 978 2735 1018 a
2768 964 2879 1019 Deo
2908 962 3075 1035 judex
3103 950 3350 1016 vivorum
3384 967 3441 1014 et
3474 954 3842 1015 mortuorum.

2255 1072 2276 1106 ι
2321 1053 2459 1110 Huic
2495 1070 2683 1112 omnes
2703 1042 2980 1128 prophetae
3004 1048 3372 1111 testimonium
3401 1048 3716 1122 perhibent,
3757 1070 3845 1109 re-

2255 1165 2275 1198 ι
2322 1146 2635 1202 missionem
2666 1155 3014 1217 peccatorum
3051 1135 3299 1215 accipere
3326 1157 3426 1216 per
3466 1144 3665 1200 nomen
3697 1143 3839 1215 ejus,

2242 1252 2275 1292 ,ι
2322 1246 2512 1297 ‘omues
2536 1240 2629 1311 qui
2654 1241 2883 1297 'credunt
2912 1242 2967 1295 in
2993 1238 3138 1297 eum.
3182 1254 3203 1292 ι

2332 1330 2559 1386 Verbum
2581 1332 2720 1387 misit
2743 1329 3004 1387 Dominus
3022 1331 3151 1403 ﬁliis
3178 1328 3373 1396 Israel,
3402 1330 3730 1385 annuntians
3749 1348 3840 1400 pa-

2250 1436 2359 1481 ‘eem
2386 1430 2479 1497 per
2495 1427 2679 1482 Iesum
2700 1425 2989 1482 Christum.
3019 1426 3258 1482 Verbum
3283 1423 3375 1480 hic
3400 1422 3632 1479 missum
3659 1421 3841 1491 Evan:

2250 1519 2447 1593 gelium
2476 1514 2627 1587 dicit,
2657 1520 2771 1577 sive
2801 1521 2980 1592 ipsum
3000 1520 3288 1577 Dominum
3313 1517 3498 1574 Iesum
3530 1516 3833 1585 Christum,

2248 1615 2376 1685 quia
2410 1614 2683 1685 Apostolis
2724 1614 2802 1669 ait
2834 1628 2850 1669 :
2880 1612 3076 1668 Pacem
3115 1616 3285 1669 meam
3322 1611 3391 1667 do
3434 1609 3600 1677 nobis,
3648 1626 3834 1682 pacem

2249 1720 2420 1764 meum
2461 1708 2765 1763 commendo
2795 1708 2958 1764 uobis.
3006 1708 3111 1776 Qui
3142 1711 3225 1764 est
3261 1706 3507 1763 amnium
3532 1705 3833 1771 Dominus,

2250 1798 2306 1856 in
2337 1800 2439 1857 hoc
2469 1806 2714 1873 apparet,
2750 1798 2958 1871 inquit,
2993 1800 3164 1857 Deum
3192 1800 3537 1871 acceptaret!)
3573 1810 3687 1855 non
3714 1812 3839 1856 esse

628 1866 735 1958 Sed
759 1902 849 1968 ite,
881 1900 1038 1956 dicite
1070 1898 1342 1971 discipulis
1371 1899 1487 1970 ejus
1514 1907 1564 1954 et
1588 1895 1769 1965 Petro,
1790 1897 1915 1969 quia
1946 1912 2139 1967 prwce—
2165 1866 2215 1928 Β
2242 1866 2619 1965 personarum,
2663 1866 2792 1964 quia
2819 1866 3016 1947 imum
3058 1896 3217 1947 suum
3258 1866 3601 1962 unigenitum
3639 1888 3737 1961 qui
3777 1896 3834 1946 et

553 1994 637 2048 det
663 2004 750 2049 vos
786 1992 842 2047 iu
866 1988 1166 2049 Galilieam.
1208 1990 1567 2059 Quaerendum
1593 1990 1750 2046 nobis
1781 1996 1896 2054 est,
1926 2004 2026 2044 cur
2050 2004 2142 2044 no-

552 2085 773 2141 minatis
802 2083 1077 2155 discipulis
1106 2082 1303 2138 Petrus
1329 2082 1645 2152 designatur
1673 2095 1741 2136 ex
1771 2081 2011 2144 nomine,
2044 2077 2139 2135 sed

552 2170 598 2233 si
628 2177 773 2232 hunc
794 2174 1016 2249 angelus
1045 2175 1367 2231 nominatim
1394 2190 1502 2229 non
1533 2173 1881 2245 exprimeret,
1907 2171 1998 2241 qui
2025 2186 2140 2226 ma-

552 2269 784 2340 gistrum
814 2274 1109 2339 negaverat
1144 2267 1331 2322 venire
1378 2266 1520 2321 inter
1570 2265 1861 2335 discipulos
1908 2281 2016 2319 nou
2044 2279 2140 2318 au-

549 2358 721 2414 deret.
758 2357 993 2414 Vocatur
1019 2370 1148 2428 ergo
1172 2372 1236 2411 ex
1264 2356 1505 2424 nomine,
1533 2372 1600 2411 ne
1627 2356 1933 2426 despcrarit
1950 2370 2016 2410 ex
2046 2368 2142 2410 ne-

546 2451 782 2523 gatione,
833 2464 940 2520 qua
984 2449 1041 2505 in
1084 2465 1147 2505 re
1187 2450 1640 2507 considerandum
1679 2449 1837 2504 nobis
1886 2456 1989 2515 est,
2042 2464 2141 2503 cur

545 2543 890 2613 omnipotens
918 2540 1062 2598 Deus
1096 2556 1219 2597 eum
1259 2554 1421 2612 quem
1465 2550 1676 2597 cunctae
1705 2540 1962 2597 Ecclesiae
1998 2554 2142 2609 prte-

544 2632 690 2689 ihrre
737 2624 1100 2703 disposuerat,
1149 2631 1358 2687 ancillae
1391 2645 1581 2685 vocem
1620 2631 2030 2700 pertimescere,
2084 2637 2141 2685 et

545 2724 785 2793 seipsum
839 2738 1041 2794 negare
1089 2722 1351 2793 permisit.
1411 2721 1565 2789 Quod
1622 2722 1877 2777 nimirum
1927 2735 2139 2792 magnae

546 2818 729 2869 actum
754 2813 970 2884 pietatis
1003 2812 1409 2883 dispensatione
1434 2812 1812 2883 cognoscimus
1829 2848 1845 2879 ,
1884 2821 1946 2868 ut
1974 2812 2022 2868 is
2045 2811 2139 2882 qui

544 2905 761 2961 futurus
782 2913 903 2961 erat
940 2914 1130 2976 pastor
1157 2904 1413 2961 Ecclesiae
1437 2945 1452 2970 ,
1490 2905 1546 2959 in
1576 2916 1673 2959 sua
1699 2903 1855 2975 culpa
1879 2904 2135 2971 disceret,

545 3000 779 3071 qualiter
805 2999 926 3056 aliis
955 3000 1204 3056 misereri
1234 3000 1530 3058 debuisset.
1563 3000 1722 3055 Prius
1749 3000 1935 3071 itaque
1956 3009 2138 3056 osten-

542 3091 623 3147 dit
646 3105 772 3146 eum
800 3090 934 3157 sibi,
977 3098 1034 3146 et
1059 3096 1187 3147 tunc
1212 3093 1507 3164 praeposuit
1549 3093 1797 3158 caeteris,
1844 3100 1905 3147 ut
1932 3108 2001 3148 ex
2037 3108 2135 3149 sua

544 3182 859 3239 inﬁrmitate
885 3191 1254 3256 cognosceret,
1303 3198 1468 3255 quam
1494 3183 1923 3242 misericbrditer
1952 3184 2129 3240 aliena

542 3271 760 3329 inﬁma
786 3273 1063 3331 toleraret.
1090 3274 1236 3331 Bene
1259 3282 1442 3332 autem
1462 3275 1529 3332 de
1556 3275 1922 3347 Redemptore
1946 3286 2132 3334 nostro

542 3363 746 3420 dicitur
776 3382 791 3419 :
1729 3432 1731 3434 η

612 3452 884 3512 Prtecedet
921 3472 1009 3513 vos
1034 3457 1091 3512 in
1125 3454 1427 3526 Galilaeam,
1460 3458 1534 3515 ibi
1573 3476 1694 3514 eum
1715 3460 1973 3527 uidebitis,
1996 3462 2133 3516 sicut

540 3547 677 3603 dixit
718 3547 880 3604 vobis.
920 3547 1143 3605 Galiltea
1165 3565 1401 3624 namque
1439 3553 1847 3623 transmigratio
1882 3554 2023 3610 facta
2050 3556 2133 3610 in-

540 3645 889 3710 terpretatur.
924 3637 1045 3695 Iam
1078 3640 1277 3712 quippe
1313 3642 1645 3714 Redemer
1687 3653 1876 3701 noster
1922 3663 1954 3702 a
2001 3663 2129 3718 pas-

541 3729 694 3786 sione
722 3730 791 3786 ad
816 3731 1297 3800 resurrectionem,
1329 3748 1362 3788 a
1387 3742 1564 3791 morte
1591 3735 1659 3790 ad
1688 3736 1877 3803 vitam,
1917 3754 1947 3794 a
1970 3754 2132 3809 poena

540 3818 609 3876 ad
637 3820 893 3893 gloriam,
926 3837 960 3876 a
990 3822 1338 3893 corruptione
1363 3824 1429 3880 ad
1460 3824 1925 3897 incorruptionem
1952 3838 2131 3885 trans-

539 3914 895 3984 migraverat,
931 3926 986 3970 et
1015 3915 1167 3986 prius
1196 3924 1320 3986 post
1347 3918 1804 3975 resurrectionem
1829 3920 1884 3975 in
1910 3920 2129 3978 Galilaca

539 4023 572 4064 a
607 4007 889 4080 discipulis
913 4009 1149 4077 videtur,
1172 4010 1299 4081 quia
1318 4013 1736 4070 resurrectionis
1759 4015 1876 4086 ejus
1900 4015 2128 4087 gloriam

537 4107 662 4171 post
702 4098 809 4155 laeti
833 4099 1171 4169 videbimus,
1221 4102 1267 4158 si
1303 4103 1463 4160 modo
1490 4120 1520 4160 a
1566 4104 1712 4162 vitiis
1756 4108 1826 4163 ad
1863 4109 2128 4165 virtutum

537 4190 919 4247 celsitudinem
964 4193 1437 4265 transmigramus.
1475 4195 1578 4263 Qui
1617 4212 1747 4268 ergo
1792 4198 1848 4254 in
1878 4200 2127 4271 sepulcro

536 4282 841 4351 nuntiatur,
862 4282 918 4338 in
939 4286 1417 4357 transmigratione
1447 4288 1627 4345 carnis
1645 4291 1976 4359 ostenditur,
1998 4294 2125 4364 quia

498 4426 501 4429 ,
537 4370 586 4427 is
614 4374 705 4442 qui
730 4374 786 4428 in
800 4375 1218 4434 mortiﬁcatione
1239 4381 1421 4436 carnis
1435 4384 1771 4454 agnoscitur,
1796 4386 1852 4440 in
1870 4388 2126 4444 transmi-

535 4464 784 4535 gratione
816 4467 1016 4523 mentis
1042 4468 1276 4524 videtur.

866 4596 1064 4660 FERIA
1105 4600 1423 4661 SECUNDA
1463 4604 1545 4662 PA
1554 4601 1778 4667 SCHAS.

786 4714 981 4772 Lucrio
1009 4718 1225 4773 Acruuu
1261 4736 1666 4790 srosrowauu,
1705 4741 1823 4782 CAP.
1858 4744 1914 4783 χ.

615 4843 633 4878 ι
680 4824 845 4881 Stans
887 4827 1081 4884 Petrus
1111 4829 1164 4885 in
1206 4831 1387 4887 medio
1420 4833 1593 4903 plebis
1637 4836 1816 4893 dixit:
1853 4840 1969 4895 Viri
2008 4841 2123 4897 ira-

540 4939 562 4974 s
607 4932 751 4989 tres,
786 4921 1026 4980 Verbum
1056 4927 1205 4983 misit
1232 4928 1375 4985 Deus
1410 4930 1535 5001 ﬁliis
1561 4932 1756 5002 Israel,
1793 4938 2123 4994 annuntians

540 5031 561 5066 ι
603 5028 790 5085 pacem
817 5030 913 5085 per
943 5014 1130 5072 Iesum
1155 5017 1455 5088 Christum,
1484 5023 1571 5078 hic
1594 5032 1678 5079 est
1717 5025 1978 5083 Dominus
2003 5042 2115 5082 om-

532 5124 560 5159 4
602 5107 783 5177 nium,
802 5123 898 5166 vos
926 5110 1079 5166 scitis
1104 5112 1248 5182 quod
1277 5112 1481 5170 factum
1510 5129 1594 5173 est
1613 5119 1838 5174 verbum
1860 5136 1959 5190 per
1987 5122 2113 5177 uni-

536 5216 558 5252 ‹
602 5214 813 5255 versam
831 5197 1092 5269 Iudaeam,
1124 5202 1388 5274 incipiens
1408 5207 1554 5262 enim
1576 5225 1605 5262 a
1635 5208 1858 5266 Galilaea
1886 5221 2008 5282 post
2028 5215 2119 5269 ba-

446 5330 451 5335 ~
536 5311 558 5348 ι
602 5295 882 5365 ptismum,
908 5296 1052 5366 quod
1075 5298 1391 5367 pmdicavit
1414 5298 1651 5358 Joannes
1672 5301 1858 5360 Iesum
1889 5321 1919 5360 a
1947 5306 2119 5363 Naza-

538 5401 561 5437 ι
602 5388 739 5453 reth,
772 5389 1043 5458 quomodo
1067 5391 1285 5446 unxerit
1303 5407 1426 5448 eum
1453 5393 1595 5467 Deus
1619 5395 1823 5467 Spiritu
1847 5410 2035 5456 sancto
2060 5410 2117 5457 et

539 5493 561 5528 ι
604 5476 822 5535 virtute.
851 5479 954 5549 Qui
989 5483 1341 5553 pertransivit
1374 5462 1764 5544 benei‘aciendo
1793 5500 1848 5546 et
1875 5494 2116 5551 sanando

538 5587 560 5621 ί
600 5583 790 5627 omnes
830 5588 1119 5646 oppressos
1160 5591 1194 5630 a
1230 5576 1447 5633 diabolo
1471 5617 1487 5645 ,
1522 5581 1780 5651 quoniam
1812 5582 1955 5639 Deus
1995 5595 2117 5642 erat

536 5679 560 5717 ι
600 5676 727 5720 eum
769 5663 881 5722 illo.
917 5667 986 5723 Et
1014 5683 1117 5725 nos
1152 5677 1321 5726 testes
1346 5684 1534 5725 sumus
1570 5672 1813 5729 omnium
1840 5689 1960 5745 quae
1988 5676 2118 5735 fecit

538 5776 559 5810 ε
604 5757 657 5815 in
688 5759 905 5832 regione
933 5760 1244 5820 Iudaeorum
1270 5774 1326 5819 et
1364 5763 1723 5831 Hierusalem,
1772 5785 1933 5840 quem
1968 5764 2123 5830 ccci;

540 5870 559 5904 ς
605 5852 801 5912 derunt
833 5856 1223 5928 suspendentes
1266 5860 1324 5918 in
1356 5861 1524 5935 ligno.
1567 5861 1722 5920 Hunc
1767 5863 1909 5923 Deus
1938 5870 2109 5927 susci-

2242 1980 2501 2042 Dominus
2537 1986 2780 2042 omnium
2816 1988 2980 2056 atque
3029 1979 3281 2040 conditur
3313 1990 3418 2051 est,
3471 1990 3599 2040 eum
3635 1990 3839 2054 genere

2240 2074 2478 2134 humano
2501 2092 2692 2150 pacem
2718 2076 2901 2134 facere
2932 2075 3102 2134 misit.

2320 2165 2424 2225 Vos
2462 2170 2606 2225 scitis
2641 2170 2781 2242 quod
2816 2170 3017 2241 factum
3049 2177 3124 2224 est
3166 2167 3380 2223 verbum
3407 2170 3503 2239 per
3532 2169 3838 2222 universam

2240 2260 2506 2317 Jildtt’am.
2550 2262 2818 2330 Quoniam
2857 2261 3100 2318 Verbum
3138 2250 3236 2317 Dei
3265 2264 3395 2317 caro
3431 2260 3571 2315 meta
3597 2259 3839 2314 verbum

2240 2362 2344 2423 est,
2376 2352 2430 2411 id
2462 2363 2575 2423 est,
2609 2356 2868 2428 quoniam
2890 2355 3128 2411 humana
3159 2356 3358 2408 natura
3397 2353 3512 2409 sine
3539 2350 3667 2407 ullis
3693 2362 3838 2422 prm-

2242 2449 2557 2506 cedcntibus
2594 2451 2860 2505 honorum
2900 2452 3127 2519 cperum
3154 2446 3387 2510 meritis,
3422 2445 3518 2501 Del
3543 2442 3732 2499 Verbo
3753 2450 3836 2499 est

2241 2539 2295 2597 in
2326 2544 2481 2597 ute‘ro‘
2505 2542 2744 2613 Virginis
2771 2540 3044 2612 copulata,
3080 2540 3155 2594 ita
3180 2546 3241 2594 ut
3265 2542 3387 2594 'cum
3416 2536 3511 2593 illo
3537 2534 3699 2591 ﬁeret
3723 2548 3833 2590 una

2238 2640 2502 2702 persona,
2536 2631 2606 2687 ob
2633 2631 2735 2687 hoc
2767 2646 2892 2687 eum
2921 2629 3247 2687 conﬁtemur
3283 2636 3473 2685 natum
3514 2625 3583 2684 de
3618 2625 3830 2700 Spiritu

2242 2732 2431 2780 sancto
2456 2730 2510 2779 et
2539 2722 2709 2779 Maria
2738 2720 2969 2797 virgine.

2314 2815 2584 2888 Incipiens
2609 2835 2642 2872 a
2668 2815 2893 2873 Galilwa
2916 2825 3035 2887 post
3057 2816 3392 2888 baptismum.
3417 2813 3555 2870 Cum
3571 2812 3832 2870 Ecclesiae

2240 2911 2426 2982 regula
2465 2911 2539 2966 sit
2568 2911 2754 2967 ﬁdeles
2783 2911 2838 2966 in
2866 2911 3087 2966 nomine
3110 2917 3311 2966 sanctae
3335 2908 3624 2964 Trinitatis
3649 2908 3829 2978 bapti-

2238 3018 2377 3068 zari,
2391 3003 2654 3073 quaeritur
2674 3002 2946 3074 quomodo
2972 3002 3151 3059 Lucas
3172 3018 3272 3073 per
3288 3008 3460 3056 totum
3476 2999 3641 3070 hujus
3662 2998 3829 3055 libelli

2237 3103 2466 3161 textum,
2503 3112 2613 3152 non
2639 3095 2797 3151 aliter
2826 3110 2991 3166 quam
3013 3095 3071 3150 in
3094 3095 3312 3151 nomine
3332 3092 3461 3150 Iesu
3493 3092 3703 3148 Christi
3730 3092 3830 3147 ba-

2235 3187 2496 3256 ptismum
2509 3187 2627 3242 dari
2651 3194 2902 3253 testetur,
2923 3186 3069 3257 quod
3085 3186 3159 3240 ita
3174 3186 3364 3241 beatus
3375 3182 3702 3239 Ambrosius
3721 3183 3831 3239 sol-

2235 3278 2333 3333 vit.
2377 3277 2487 3349 (Ea:
2510 3277 2778 3350 Ambros.)
2824 3277 2979 3345 Quod
3005 3292 3104 3348 per
3131 3278 3398 3333 unitatem
3433 3275 3673 3331 nominis
3720 3276 3826 3329 im-

2234 3369 2436 3440 pletum
2463 3370 2780 3442 mysterium
2813 3370 2907 3435 sit,
2938 3368 3066 3440 quia
3096 3368 3213 3424 sive
3244 3367 3524 3424 Christum
3565 3367 3739 3433 dicas,
3771 3376 3831 3422 et

2234 3463 2405 3519 Deum
2443 3462 2662 3520 Patrem
2676 3500 2695 3530 λ,
2730 3480 2762 3518 a
2800 3478 2909 3534 quo
2939 3471 3135 3519 unctus
3175 3470 3259 3517 est
3297 3461 3504 3528 Filius,
3548 3472 3605 3518 et
3647 3462 3830 3532 ipsum

2234 3554 2327 3624 qui
2357 3563 2555 3610 unctus
2578 3563 2663 3610 est
2691 3553 2909 3621 Filium,
2936 3562 2993 3609 et
3022 3552 3284 3624 Spiritum
3314 3569 3422 3627 quo
3460 3560 3657 3609 unctus
3681 3554 3830 3610 desi-

2231 3647 2430 3718 gnasti.
2472 3646 2748 3717 Scriptum
2781 3654 2866 3702 est
2888 3646 3035 3702 enim
3065 3660 3080 3701 :
3112 3645 3299 3701 Iesum
3329 3664 3362 3701 a
3390 3643 3665 3701 Nazareth
3688 3663 3827 3716 quo-

2232 3738 2388 3794 modo
2432 3739 2585 3793 unxit
2624 3756 2744 3794 eum
2778 3739 2920 3794 Deus
2957 3738 3162 3809 Spiritu
3207 3747 3408 3794 sancto.
3453 3736 3580 3794 Sive
3603 3737 3827 3795 Patrem

2233 3832 2382 3889 'dicas
2415 3842 2470 3888 et
2508 3833 2701 3889 Filium
2727 3834 2863 3905 ejus,
2903 3841 2960 3889 et
2988 3833 3253 3905 Spiritum
3277 3834 3473 3905 horum
3502 3833 3712 3904 pariter
3738 3834 3827 3889 in-

2229 3924 2445 3991 dicasti,
2476 3925 2523 3980 si
2546 3933 2723 3981 tamen
2747 3925 2803 3981 id
2822 3935 2880 3981 et
2905 3926 3068 3982 corde
3088 3924 3540 3995 comprehendas,
3561 3925 3677 3980 sive
3702 3923 3827 3997 Spi-

2229 4023 2395 4078 ritum
2427 4022 2609 4088 dicas,
2640 4030 2695 4077 et
2725 4022 2897 4077 Deum
2925 4020 3164 4088 Patrem,
3202 4036 3234 4075 a
3263 4036 3371 4091 quo
3408 4018 3659 4091 procedit
3697 4018 3824 4090 Spi-

2229 4114 2404 4179 ritus,
2453 4122 2509 4170 et
2556 4113 2754 4169 Filium
2780 4154 2795 4179 ,
2825 4114 2953 4184 quia
2980 4112 3105 4168 Filii
3149 4127 3367 4183 quoque
3414 4121 3501 4167 est
3551 4110 3822 4183 Spiritus.

2227 4204 2574 4275 uuncupasti.
2609 4204 2765 4262 Unde
2794 4213 2855 4261 ut
2883 4204 3120 4261 orationi
3164 4204 3452 4275 copuletur
3495 4205 3814 4271 auctoritas,

2226 4299 2283 4355 in
2332 4299 2528 4371 spiritu
2554 4314 2772 4371 quoque
2813 4307 2963 4356 recte
3008 4297 3278 4369 baptizari
3316 4312 3419 4353 nos
3460 4312 3624 4369 posse
3671 4296 3819 4354 Scri-

2223 4400 2383 4463 ptura
2412 4392 2638 4457 indicat,
2653 4392 2867 4448 dicente
2889 4391 3118 4446 Domino
3144 4405 3159 4444 :
3196 4386 3299 4444 Vos
3320 4397 3498 4445 autem
3523 4387 3818 4461 buptisabi—

2221 4485 2355 4540 mini
2384 4486 2440 4538 in
2460 4483 2663 4555 Spiritu
2686 4492 2893 4551 sancto,
2923 4493 2979 4537 et
3004 4482 3293 4554 Apostolus
3318 4482 3433 4538 ait:
3459 4478 3656 4537 Omnes
3676 4483 3817 4537 enim

2148 4590 2203 4651 D
2227 4577 2285 4633 in
2310 4578 2423 4650 ipso
2446 4594 2680 4648 corpore,
2705 4578 2762 4633 in
2786 4593 2889 4633 uno
2915 4577 3107 4647 spiritu
3130 4570 3387 4647 baptizati
3407 4592 3613 4632 sumus.
3640 4575 3817 4633 Aliter

2228 4672 2502 4742 prmcipue
2528 4672 2779 4745 congruit
2805 4687 2906 4729 nos
2933 4672 2988 4727 in
3010 4672 3231 4728 nomine
3269 4672 3485 4728 Domini
3510 4669 3641 4728 Iesu
3662 4672 3819 4730 Chri-

2228 4763 2298 4819 sti
2326 4763 2625 4833 baptizari,
2671 4763 2797 4833 quia
2833 4764 2975 4819 sicut
3018 4762 3309 4835 Apostolus
3349 4763 3469 4820 ait:
3501 4762 3820 4838 Quicunque

2227 4853 2479 4923 baptizati
2511 4871 2691 4910 sumus
2717 4857 2773 4910 in
2805 4854 3014 4912 Christo
3042 4855 3204 4925 Iesu,
3236 4858 3291 4911 in
3315 4866 3483 4913 morte
3519 4858 3691 4929 ipsius
3724 4860 3821 4915 ια-

2223 4946 2409 5016 ptisati
2427 4962 2628 5001 sumus.

2299 5044 2454 5111 Quod
2482 5048 2787 5117 praedicavit
2808 5047 3041 5103 Ioannes
3067 5047 3254 5104 Iesum
3275 5048 3310 5105 ἐι
3350 5050 3649 5116 Nazareni,
3680 5068 3819 5120 quo-

2225 5139 2381 5194 modo
2403 5141 2551 5194 unxit
2571 5157 2711 5208 eum,
2742 5151 2846 5197 etc.
2869 5141 3190 5198 Pratdicavit
3215 5158 3347 5215 ergo
3371 5141 3608 5200 Joannes
3627 5141 3817 5200 Iesum

2226 5231 2368 5287 sicut
2415 5233 2570 5287 unxit
2601 5248 2724 5289 eum
2766 5233 2909 5290 Deus
2939 5234 3147 5307 Spiritu
3194 5245 3408 5306 sancto,
3453 5245 3582 5292 tunc
3622 5237 3817 5308 utique

2224 5338 2350 5380 cum
2391 5323 2597 5380 dicebat
2636 5343 2649 5379 :
2684 5324 2806 5395 Ipse
2839 5343 2926 5380 vos
2965 5328 3252 5400 baptizavit
3293 5332 3349 5386 in
3388 5329 3595 5402 Spiritu
3625 5340 3817 5386 sancto

2224 5412 2421 5485 (Marc.
2456 5414 2519 5485 l).
2552 5414 2620 5470 Et
2643 5416 2836 5471 iterum
2870 5435 2883 5471 :
2912 5417 3052 5484 Quia
3076 5421 3181 5476 vidi
3216 5421 3473 5493 Spiritum
3491 5420 3817 5477 descenden-

2219 5511 2324 5558 tem
2350 5506 2507 5576 quasi
2528 5506 2822 5562 columbam
2846 5525 3005 5580 super
3031 5527 3150 5565 eum
3175 5511 3359 5585 (Joan.
3397 5512 3459 5584 ι).
3493 5506 3706 5568 chtus
3728 5521 3816 5567 est

2220 5609 2348 5666 ergo
2371 5594 2549 5663 Iesus,
2580 5612 2686 5652 non
2724 5599 2844 5656 oleo
2864 5600 3087 5672 visibili,
3121 5603 3217 5659 sed
3246 5603 3389 5660 dono
3414 5604 3626 5676 gratim,
3662 5605 3814 5675 quod

2219 5688 2417 5745 visibili
2446 5690 2787 5763 signiﬁcatur
2824 5706 3131 5766 unguento,
3172 5711 3281 5766 quo
3310 5699 3616 5769 baptizatos
3652 5698 3816 5771 ungit

2218 5779 2480 5837 Ecclesia.
2512 5781 2624 5839 Nec
2656 5791 2836 5840 tamen
2864 5793 2991 5842 tunc
3022 5795 3217 5845 unctus
3244 5798 3331 5846 est
3356 5789 3561 5863 Spiritu
3587 5797 3811 5858 sancto,

2216 5873 2469 5943 quoniam
2506 5890 2666 5945 super
2704 5892 2827 5932 eum
2861 5877 3194 5949 baptizatum
3233 5882 3377 5939 velut
3418 5883 3667 5941 columba
3707 5885 3811 5941 de.
