4030 6466
273 415 383 491 2'29
1080 386 1596 494 COLLECTIONES
1631 430 1701 490 IN
1738 402 2127 489 Epistolas
2165 414 2253 485 Et
2292 416 2703 487 EVANGELIA.
3432 408 3540 492 add

272 544 508 604 seendit.
544 534 696 601 Tunc
735 534 880 602 enim
902 536 1099 618 corpus
1127 563 1306 616 suum,
1336 550 1390 606 id
1421 561 1524 617 est,
1556 542 1854 604 Ecclesium
1880 549 1929 610 Α
1960 532 2139 616 (Joan.
2173 532 2249 614 ἢ).
2279 530 2412 597 item
2448 536 2563 613 ipse
2588 542 2644 599 et
2682 532 3003 615 pote$tatem
3034 534 3180 599 dedit
3201 536 3251 600 ei
3270 538 3536 616 judicium

272 656 429 696 suam
457 637 809 710 prmﬁgurare
831 639 1086 711 dignatus
1112 648 1229 709 est,
1256 643 1311 697 in
1336 659 1442 713 qua
1472 641 1739 714 praecipue
1758 636 1855 697 ba-
1958 637 2160 703 facere,
2199 637 2326 706 quia
2350 630 2518 691 Filius
2552 624 2787 693 hominis
2825 640 2927 695 est.
2969 628 3101 705 Quis
3132 625 3311 694 dedit?
3353 626 3535 711 Pater,

271 730 463 804 ptizati
493 730 763 801 accipiunt
787 724 1047 801 Spiritum
1077 743 1347 803 sanctum,
1375 735 1471 792 sed
1495 730 1599 791 ista
1629 728 1859 806 mystica
1958 727 2045 783 cui
2068 718 2244 784 dedit?
2274 728 2432 794 Filio,
2471 728 2559 785 cui
2585 726 2730 785 enim
2761 730 2908 787 dedit
2935 726 3101 787 vitain
3126 718 3325 787 habere
3357 724 3408 788 in
3449 748 3534 791 se-

271 834 329 880 et
350 823 607 880 invisibili
635 824 904 881 unctione.
1957 814 2210 889 metipso‘,
2244 819 2347 874 iste
2375 818 2644 886 Christus,
2676 828 2728 875 et
2753 806 2918 877 Filius
2940 820 3037 879 Dei
3071 828 3123 880 Et
3156 810 3321 880 Filius
3358 806 3534 882 humi;

348 910 452 982 Qui
480 917 788 987 pertransiit
824 910 1190 987 benefaciendo
1226 908 1273 973 ei
1302 910 1541 974 sanando
1564 934 1738 972 omnes
1766 932 1858 987 op-
1958 900 2044 966 niS
2071 920 2169 978 est,
2204 912 2428 983 proinde
2455 913 2580 983 Quid
2620 900 2788 969 Filius
2816 908 3051 970 homiriis
3075 906 3177 983 est,
3210 916 3418 988 accepit

272 1026 478 1081 pressos
500 1025 532 1062 α
550 1006 784 1075 diabolo,
813 1015 915 1064 etc.
938 1009 995 1064 ld
1018 1016 1121 1076 est,
1147 1010 1310 1067 Pater
1333 1026 1454 1066 cum
1485 1002 1639 1075 Filio,
1667 1008 1858 1065 melius
1960 1000 2211 1059 ῑθὲῑίὶῐθῐη
2251 1011 2306 1059 ει
2333 998 2595 1075 judlClUm
2636 994 2837 1070 facere,
2881 1002 3025 1076 quod
3056 996 3320 1075 judicium
3346 1006 3400 1063 in
3431 1000 3540 1065 iine

271 1106 358 1155 est
386 1098 530 1155 enim
573 1099 653 1155 sic
681 1093 979 1172 intelligere
1014 1117 1175 1171 quam
1208 1094 1548 1156 divinitatem
1576 1096 1699 1155 Filii
1734 1114 1857 1153 cum
1959 1093 2139 1149 saeculi
2171 1093 2294 1149 erit.
2326 1094 2443 1164 Ipse
2476 1095 2621 1150 enim
2644 1092 2888 1151 ascendit
2910 1095 2966 1149 in
2997 1090 3186 1163 caelos,
3216 1096 3269 1153 Et
3302 1090 3443 1155 sedit
3468 1098 3537 1154 ad

271 1190 494 1246 homine
536 1207 698 1263 quam
733 1190 1034 1263 adsumpsit
1080 1176 1481 1249 cohabitantem
1521 1190 1814 1267 Signiﬁcari
1840 1233 1854 1258 ,
1958 1178 2239 1242 deiteram
2278 1187 2487 1255 Patris,
2539 1184 2665 1244 inde
2710 1186 2974 1243 venturus
3016 1184 3256 1247 iudicate
3297 1188 3450 1249 vivos
3486 1196 3543 1247 et

271 1296 451 1354 neque
474 1281 676 1339 Christi
702 1286 993 1354 personam
1020 1284 1317 1355 geminare,
1347 1293 1403 1342 et
1427 1285 1482 1341 in
1506 1284 1741 1341 NeStorii
1765 1285 1858 1340 do-
1957 1291 2221 1335 mortuos.

271 1391 399 1448 gma
435 1366 629 1432 cadere
655 1376 956 1432 videamur.
2027 1362 2167 1427 Huic
2197 1380 2373 1428 antttes
2408 1370 2668 1446 propheta:
2689 1375 3043 1430 testimonium
3069 1362 3353 1446 perbibéiit.
3385 1368 3539 1441 Qua:-

346 1467 514 1535 Quem
566 1468 867 1524 occiderunt
905 1471 1285 1541 suspendentes
1313 1473 1369 1527 in
1406 1472 1567 1543 ligno.
1610 1468 1858 1526 Christus
1957 1478 2168 1535 cunque
2198 1470 2421 1537 propter
2445 1458 2745 1522 faciendam
2779 1467 2939 1522 (idem
2978 1462 3351 1537 temporaliter
3388 1470 3541 1538 gesta

270 1561 462 1632 passus
486 1566 601 1632 est,
642 1552 940 1617 moriamur
964 1568 1207 1632 peccato,
1239 1558 1488 1618 Christus
1518 1562 1853 1627 resurrexit,
1958 1566 2083 1614 sunt
2111 1567 2203 1613 aut
2232 1560 2537 1615 testimonia
2570 1556 2849 1616 missionis
2878 1560 3038 1632 hujus
3065 1550 3304 1626 fuerunt,
3335 1564 3429 1614 aut
3458 1557 3537 1631 ip-

270 1630 516 1709 vivamus
566 1630 678 1709 beo
706 1694 720 1719 ,
783 1630 1032 1708 Christus
1101 1654 1316 1709 transiit
1367 1655 1433 1710 de
1490 1652 1595 1709 hoc
1658 1652 1860 1709 mundo
1959 1664 2073 1706 sam
2098 1651 2409 1707 missionem
2434 1651 2554 1706 Filii
2585 1650 2679 1708 Dei
2705 1630 3208 1724 pronuntiaverunt.

270 1745 341 1802 ad
383 1727 601 1801 i’atrem
628 1788 643 1814 ,
690 1762 798 1801 non
835 1743 1160 1805 hicbmreat
1204 1762 1300 1802 cor
1345 1752 1616 1815 nostrum,
1657 1734 1753 1803 sed
1789 1742 1859 1802 ad
2029 1742 2404 1798 Remissionem
2428 1746 2758 1814 peccatorum
2787 1745 3039 1816 accipere.
3064 1742 3243 1814 Ipsum
3268 1743 3412 1800 enim
3441 1740 3543 1798 Da-

270 1854 503 1910 superna
541 1828 798 1910 sequatur
842 1832 1003 1909 caput
1027 1842 1293 1904 nostrum,
1325 1830 1583 1910 pependit
1604 1839 1659 1895 in
1689 1838 1854 1910 ligno,
1957 1834 2047 1890 vid
2093 1835 2410 1902 exhortans,
2440 1822 2516 1889 ait
2554 1853 2566 1889 :
2597 1833 2836 1907 Amplius
2880 1828 2999 1889 lava
3035 1848 3117 1897 me
3159 1830 3223 1890 ab
3263 1832 3539 1906 iniquitate

268 1924 763 2001 concupiscentiam
793 1931 976 1986 carnis
1006 1923 1405 2003 cruciﬁgamus.
1883 1938 1931 1998 Β
1958 1945 2097 1995 mea,
2113 1938 2204 1983 eta
2216 1939 2427 2000 peccato
2446 1945 2556 1983 meo
2571 1928 2767 1983 mimda
2784 1926 2882 1984 nte.
2900 1926 3163 1984 EtAverte
3184 1924 3373 1998 [beiem
3394 1926 3543 1983 tium:

340 2016 389 2075 11
398 2039 496 2076 unc
513 2019 654 2077 Deus
669 2016 937 2077 suscitavit
962 2020 1117 2076 tertia
1141 2022 1246 2077 die.
1271 2020 1404 2091 Quis
1424 2010 1709 2077 suscitavit
1728 2037 1853 2077 eum
1956 2039 1987 2075 a
2001 2023 2224 2093 peccatis
2238 2023 2390 2087 meis,
2404 2031 2453 2077 et
2470 2037 2647 2077 omnes
2665 2022 2968 2093 iniquitates
2981 2039 3121 2078 meas
3144 2021 3257 2077 dele
3271 2021 3443 2095 (Psal.
3463 2021 3540 2095 ι).

265 2111 373 2169 nisi
403 2112 692 2169 invisibilis
721 2112 894 2170 Deus?
924 2106 1191 2169 Dormivit
1221 2114 1365 2169 enim
1387 2122 1442 2169 et
1469 2129 1715 2169 somnum
1742 2132 1853 2171 cm—
1953 2112 2022 2167 Et
2044 2114 2163 2182 ipse
2190 2113 2245 2168 in
2269 2113 2558 2185 Evangelio
2578 2115 2970 2186 potentialiter,
2986 2116 3074 2173 cui
3094 2114 3544 2172 volebat:Dimit-

263 2203 346 2275 pit
382 2211 439 2257 et
474 2205 798 2269 exsurrexit,
842 2206 1100 2276 quoniam
1135 2207 1397 2262 Dominus
1425 2208 1664 2276 suscepit
1693 2224 1816 2263 eum
1836 2250 1850 2274 ,
1954 2214 2139 2259 tuntur
2169 2204 2262 2258 tibi
2290 2214 2503 2276 peccata
2528 2215 2640 2273 tua,
2666 2206 2899 2262 dicebat.

264 2296 353 2351 cui
391 2292 647 2350 dixerat:
681 2293 891 2351 Suscita
931 2298 1011 2351 tite
1052 2298 1100 2352 et
1142 2290 1357 2351 reddam
1399 2294 1473 2353 eis
1516 2286 1697 2371 (Psal.
1740 2301 1848 2372 1v).
2025 2294 2133 2349 Per
2153 2313 2340 2350 nomen
2369 2296 2485 2367 ejus
2514 2314 2689 2352 omnes
2715 2299 2807 2369 qui
2833 2298 3051 2354 credunt
3076 2299 3133 2355 in
3171 2313 3310 2353 eum.
3336 2297 3543 2354 Nomen

266 2384 519 2459 Traditus
557 2399 630 2443 est
658 2394 866 2460 propter
890 2386 1081 2444 delicta
1109 2402 1311 2458 nostra,
1342 2404 1391 2447 et
1429 2397 1711 2450 resurrexit
1734 2414 1855 2466 pra-
1954 2388 2072 2459 eius
2113 2388 2180 2443 ab
2222 2388 2412 2459 308010
2453 2390 2773 2461 Priusquam
2817 2399 3134 2447 nasceretur
3176 2398 3429 2447 vocatum
3458 2398 3543 2446 εει

262 2491 382 2551 pter
410 2476 848 2552 justiﬁcationem
880 2480 1111 2536 nostram
1146 2480 1323 2554 (Rom.
1355 2485 1433 2557 v).
1474 2482 1592 2541 Erit
1620 2486 1763 2543 enim
1799 2496 1856 2544 et
1953 2477 2133 2545 38503,
2163 2477 2316 2548 cuius
2355 2479 2764 2551 etymologiam.
2804 2482 2947 2537 idem
2988 2481 3213 2553 angelus
3255 2490 3544 2539 exsecutus

261 2570 424 2627 nobis
451 2571 610 2642 hujus
640 2573 820 2628 saeculi
842 2572 999 2629 nocte
1024 2566 1285 2630 translata
1319 2581 1648 2636 resurrectio
1673 2584 1853 2639 carnis
1953 2570 2219 2642 adium“:
2251 2572 2437 2628 dicens
2461 2590 2473 2626 ε
2498 2572 2616 2644 Ipse
2658 2574 2803 2628 enim
2833 2573 3042 2629 salvum
3084 2573 3247 2631 Τίδοίοῐ
3287 2574 3544 2645 Populum

261 2662 335 2719 ad
369 2670 618 2736 regnum”,
659 2662 817 2734 cujus
855 2666 911 2721 in
944 2666 1120 2737 capite
1145 2664 1334 2722 nostro
1360 2671 1637 2740 praecesSit
1662 2686 1849 2728 exem-
1953 2682 2112 2723 suum
2140 2683 2173 2721 a
2197 2668 2435 2738 peccatis
2467 2684 2678 2725 eorum.
2704 2669 2765 2727 In
2803 2671 2960 2742 cujus
2993 2671 3213 2726 nomine
3261 2668 3544 2751 prophetis

263 2756 432 2829 plum.
475 2754 724 2814 Surrexit
767 2765 823 2814 et
858 2758 1057 2815 volavit
1098 2761 1153 2816 in
1199 2758 1366 2816 altum
1395 2804 1410 2829 ,
1457 2771 1513 2819 et
1553 2780 1652 2835 pro
1694 2758 1852 2823 nobis
1951 2761 2336 2816 attestanlibus
2385 2762 2760 2818 remissionem
2804 2770 3188 2834 peccatorum,
3222 2776 3331 2818 non
3372 2758 3546 2817 Judaei

263 2850 456 2906 unicus
476 2848 797 2925 interpellat
818 2853 875 2908 in
906 2853 1062 2911 cmlo.
1092 2836 1321 2910 Praestat
1349 2873 1472 2912 cum
1499 2852 1680 2927 Patre,
1707 2848 1852 2931 quod
1952 2859 2184 2921 nulum,
2214 2852 2309 2908 50d
2335 2868 2524 2908 omnes
2547 2853 2640 2924 qui
2664 2854 2913 2921 credunt.
2941 2855 3234 2927 aGCipiuut-

262 2940 567 3013 postularat
611 2960 643 2999 a
672 2933 868 3013 Patre,
914 2946 1040 3017 quia
1086 2934 1355 3005 mediator
1393 2960 1480 3007 est
1515 2961 1571 3008 et
1615 2964 1848 3011 creator.

1640 2964 1848 3011 :reator,
2264 2959 2605 3003 EVANGELIUI
2642 2962 2823 3013 LUCE,
2854 2961 2975 3002 CAP.
3008 2962 3231 3004 υιτιιο.

261 3033 528 3093 Mediator
555 3046 614 3093 ut
650 3048 860 3110 poscat,
890 3050 1107 3097 creator
1148 3052 1209 3098 ut
1251 3045 1476 3100 tribuat.
1508 3045 1851 3105 Fidelissimo

2028 3057 2047 3091 ι
2085 3038 2358 3096 Exeuntes
2388 3039 2495 3094 duo
2520 3054 2590 3094 ex
2632 3039 2912 3110 discipulis
2937 3038 3068 3098 Iesu
3095 3040 3248 3097 ibant
3292 3039 3409 3111 ipsa
3451 3037 3539 3095 die

261 3124 430 3199 igitur
455 3122 511 3184 et
542 3123 805 3187 ﬁdissimo
837 3124 1030 3188 aiiectu
1062 3132 1111 3189 ei
1147 3135 1447 3192 orationem
1480 3153 1642 3208 quam
1667 3140 1852 3204 docuit
1958 3151 1977 3184 ι
2013 3133 2069 3188 in
2099 3133 2381 3190 castellum
2414 3134 2558 3204 quod
2588 3141 2707 3189 erat
2733 3134 2787 3188 in
2833 3134 3010 3205 spatio
3038 3134 3338 3191 stadiorum
3379 3147 3536 3188 sexa-

262 3217 578 3303 allegemus,
601 3222 660 3276 ut
684 3216 828 3294 quod
861 3218 1163 3280 faciendum
1183 3225 1365 3296 jussit,
1397 3224 1514 3301 ipso
1539 3228 1845 3301 adjuvante,
1958 3244 1977 3276 ί
2012 3226 2159 3297 ginta
2184 3226 2253 3280 ab
2275 3224 2613 3281 Hierusalem
2645 3226 2862 3282 mulin
2887 3227 3107 3282 Emaus-
3132 3226 3201 3281 Εῑ
3228 3227 3327 3298 ἧι)δὶ
3353 3226 3542 3298 loque-

261 3305 444 3365 facere
488 3308 763 3371 valeamus
781 3355 797 3383 ,
832 3317 976 3387 quod
1014 3312 1387 3389 accipiendum
1424 3312 1693 3392 promisit,
1726 3318 1847 3396 ipso
1874 3307 1920 3371 C
1956 3337 1975 3372 ι
2012 3319 2210 3374 bantur
2233 3319 2301 3373 ad
2330 3319 2564 3374 invicem
2590 3319 2658 3375 de
2684 3319 2769 3375 his
2787 3320 3037 3375 omnibus
3056 3336 3176 3390 qua:
3200 3320 3534 3377 acciderant.

261 3397 447 3469 dante,
479 3416 779 3461 sumamus.
1955 3428 1975 3462 ι
2011 3410 2079 3464 Et
2105 3409 2311 3464 factum
2350 3417 2465 3477 est,
2511 3410 2639 3465 dum
2674 3409 3064 3478 fabularentur,
3093 3419 3149 3466 et
3175 3427 3359 3467 secum
3388 3428 3534 3483 quae-

339 3493 406 3550 Et
443 3494 588 3551 dedit
625 3514 745 3553 eum
780 3499 1117 3569 manifestum
1156 3500 1276 3571 ﬁeri
1311 3520 1417 3558 non
1451 3504 1594 3560 omni
1628 3504 1845 3577 populo,
1954 3520 1974 3553 ι
2011 3512 2216 3567 rerent,
2251 3510 2306 3558 et
2329 3502 2443 3572 ipse
2461 3500 2619 3558 Iesus
2640 3503 3081 3574 appropinquans
3108 3503 3223 3559 ibat
3248 3518 3375 3560 cum
3405 3503 3532 3560 illis.

258 3595 368 3644 etc.
392 3587 700 3647 Invenimus
727 3590 909 3663 itaque
938 3594 1080 3666 apud
1102 3603 1335 3667 quatuor
1360 3598 1732 3670 Evangelistas
1754 3599 1850 3656 de-
1955 3615 1975 3648 ι
2013 3595 2166 3652 Oculi
2203 3604 2383 3652 autem
2410 3596 2626 3652 illorum
2657 3597 3002 3664 tenebantur,
3032 3612 3099 3652 ne
3123 3612 3247 3652 eum
3277 3610 3540 3668 agnosce-

258 3676 373 3739 cies
400 3692 883 3740 commemoratum
916 3686 1203 3743 Dominum
1227 3689 1402 3745 visum
1428 3705 1551 3746 esse
1577 3692 1644 3747 ab
1674 3692 1848 3747 homi-
1880 3700 1886 3706 '
1954 3709 1975 3743 ι
2012 3700 2152 3747 rent.
2178 3690 2248 3745 Et
2290 3690 2369 3745 ait
2399 3691 2468 3746 ad
2500 3691 2621 3746 illos
2666 3710 2679 3745 :
2710 3689 2813 3758 Qui
2859 3698 2986 3746 sunt
3010 3690 3067 3746 hi
3098 3705 3376 3747 sermones
3402 3705 3540 3761 quos

257 3770 421 3829 nibus
462 3781 585 3843 post
614 3774 1087 3833 resurrectionem.
1122 3774 1301 3835 Semel
1326 3770 1394 3835 ad
1436 3766 1847 3838 monumentum
1955 3803 1975 3836 ι
2010 3783 2271 3839 confertis
2296 3784 2364 3839 ad
2396 3783 2628 3839 invicem
2669 3782 3033 3849 ambulantes,
3069 3791 3125 3839 et
3155 3784 3289 3840 estis
3319 3782 3535 3838 tristes?

258 3864 600 3923 mulieribus.
652 3864 850 3924 lterum
877 3870 1085 3926 eisdem
1129 3873 1561 3944 regredientibus
1600 3891 1631 3930 a
1662 3892 1849 3931 monu-
1955 3896 1974 3930 ι
2011 3878 2080 3933 Ει
2127 3878 2463 3948 respondens
2495 3894 2665 3944 unus,
2709 3878 2796 3933 cui
2833 3891 3032 3934 nomen
3079 3876 3365 3948 Cleophas,
3403 3876 3539 3932 dixit

255 3969 447 4014 mento
473 3961 527 4015 in
558 3962 772 4020 itinere.
807 3965 992 4038 Tertio
1018 3967 1202 4025 Petro.
1244 3970 1451 4038 Quarto
1478 3972 1687 4028 duobus
1712 3988 1847 4029 eun—
1952 3989 1976 4023 ι
2011 3971 2061 4026 ei
2088 3989 2101 4025 :
2134 3970 2215 4026 Tu
2244 3970 2389 4027 solus
2419 3972 2739 4042 peregrinus
2767 3985 2829 4026 es
2855 3970 2909 4025 iu
2946 3969 3307 4036 Hierusalem,
3337 3977 3392 4024 et
3429 3983 3540 4023 non

253 4051 410 4109 tibus
448 4053 503 4107 in
537 4048 838 4112 castellum.
872 4050 1073 4126 Quinto
1110 4056 1355 4131 pluribus
1386 4062 1440 4119 in
1483 4052 1845 4133 Hierusalem,
1956 4084 1975 4116 ι
2015 4064 2312 4135 cognovisti
2342 4080 2463 4135 quae
2487 4063 2632 4119 facta
2670 4071 2797 4120 sunt
2824 4064 2879 4118 in
2909 4062 3001 4118 illa
3044 4063 3132 4118 his
3157 4062 3381 4118 diebus?
3407 4060 3539 4127 Qui-

251 4142 353 4200 ubi
381 4148 487 4199 nun
514 4154 631 4201 erat
656 4140 907 4205 Thomas.
949 4148 1118 4205 Sexto
1150 4153 1241 4207 ubi
1275 4158 1400 4209 eum
1428 4154 1564 4211 vidit
1586 4156 1844 4213 Thomas.
1957 4174 1977 4208 ‹
2012 4157 2115 4211 bus
2151 4155 2242 4210 ille
2270 4156 2443 4210 dixit:
2483 4155 2650 4222 Qum?
2678 4155 2746 4209 Et
2782 4156 3071 4209 dixerunt:
3102 4152 3181 4207 De
3206 4151 3335 4208 Jesu
3364 4151 3537 4208 Naza-

256 4234 506 4307 Septimo
530 4237 600 4292 ad
631 4252 782 4293 mare
812 4240 1135 4297 Tiberiadis.
1165 4242 1369 4299 Octavo
1394 4246 1448 4301 in
1478 4256 1658 4331 monte
1690 4250 1842 4305 Gali-
1958 4267 1977 4301 ι
2017 4242 2180 4314 réno,
2222 4249 2315 4319 qui
2355 4246 2459 4302 fuit
2500 4248 2584 4331 vir
2631 4248 2910 4318 propheta,
2945 4252 3137 4316 potens
3182 4245 3239 4331 lu
3279 4258 3445 4314 Opere
3482 4255 3540 4300 θι

252 4330 371 4386 latae
420 4332 715 4387 secundum
753 4330 1086 4390 Matthaeum.
1120 4332 1399 4410 Nonoquc,
1450 4341 1581 4397 dicit
1610 4326 1846 4411 Marcus,
1958 4359 1977 4393 ι
2020 4356 2270 4397 sermone
2296 4355 2479 4397 coram
2508 4322 2619 4394 Deo
2646 4346 2702 4393 et
2731 4337 2879 4393 omni
2905 4336 3123 4408 populo.
3175 4322 3243 4393 Et
3270 4337 3538 4407 quomodo

255 4425 554 4481 novissime
602 4427 1069 4494 recumbentibus,
1113 4429 1241 4499 quia
1279 4429 1391 4500 jam
1424 4449 1533 4489 non
1587 4442 1743 4490 erant
1792 4434 1847 4491 in
1959 4451 1977 4485 ι
2015 4432 2357 4488 tradiderunt
2404 4447 2527 4487 eum
2574 4430 2773 4486 summi
2809 4429 3119 4485 sacerdotes
3164 4436 3219 4484 et
3268 4428 3539 4500 principes

256 4522 405 4575 terra
436 4530 560 4576 cum
588 4520 681 4576 illo
703 4521 1079 4577 convivaturi.-
1107 4524 1325 4579 Decimo
1348 4523 1402 4579 in
1437 4526 1554 4597 ipso
1589 4526 1705 4594 die,
1737 4544 1846 4583 non
1959 4543 1978 4577 ι
2016 4524 2190 4580 nostri
2238 4525 2290 4579 in
2337 4523 2738 4580 damnationem
2784 4523 3003 4588 mortis,
3052 4530 3108 4577 et
3153 4520 3545 4578 cruciﬁxerunt

248 4611 366 4684 jam
406 4608 461 4666 in
508 4620 685 4679 terra,
726 4612 819 4668 sed
866 4610 1136 4668 elevatum
1173 4610 1226 4669 in
1274 4617 1431 4671 nube.
1465 4612 1665 4673 Crebra
1700 4619 1844 4675 enim
1869 4672 1920 4687 ,η
1958 4634 1977 4668 α
2015 4631 2160 4672 eum.
2191 4613 2300 4671 Nos
2339 4625 2521 4671 autem
2556 4617 2927 4687 sperabamus,
2955 4614 3080 4685 quia
3139 4613 3255 4685 ipse
3276 4621 3423 4669 esset
3458 4629 3542 4669 re-

256 4715 379 4762 erat
406 4723 529 4762 cum
550 4707 659 4763 illis
679 4706 796 4778 ejus
815 4709 1176 4774 conversatio,
1206 4724 1303 4779 per
1326 4711 1441 4766 dies
1461 4713 1841 4784 quadraginta,
1868 4672 1923 4733 Β
1958 4726 1976 4759 ι
2014 4708 2329 4779 dempturus
2359 4696 2546 4763 Israel.
2585 4672 2657 4761 iit
2685 4722 2829 4762 nunc
2866 4722 3030 4776 super
3057 4706 3173 4762 haec
3201 4706 3403 4771 omnia,
3434 4714 3538 4760 ter-

256 4798 575 4870 prlusqnam
600 4799 935 4854 ascendisset
958 4798 1012 4854 in
1040 4799 1254 4855 coctam.
1286 4800 1400 4855 Non
1432 4802 1611 4858 tamen
1642 4804 1721 4859 eis
1745 4819 1847 4874 per
1956 4818 1975 4850 ί
2014 4800 2088 4854 tia
2118 4800 2233 4855 dies
2255 4809 2339 4855 est
2364 4801 2543 4866 hodie,
2568 4801 2711 4869 quod
2735 4799 2853 4855 htec
2880 4799 3021 4855 facta
3043 4806 3187 4855 sunt.
3216 4798 3323 4855 Sed
3348 4806 3403 4853 et
3428 4813 3541 4852 muv

255 4906 448 4946 ornnes
496 4889 779 4947 continuos
821 4897 1166 4962 apparuerat.
1214 4891 1320 4946 Per
1364 4892 1485 4948 illos
1521 4893 1665 4948 enim
1707 4894 1844 4964 q'ua-
1956 4909 1975 4942 ι
2012 4890 2173 4946 lieres
2196 4892 2438 4960 quaedam
2462 4907 2529 4946 ex
2555 4893 2755 4947 nostris
2784 4901 3098 4949 terruerunt
3124 4908 3241 4956 nos,
3270 4906 3388 4960 qua:
3412 4898 3539 4943 ante

253 4981 507 5054 draginta
545 4983 661 5039 dies
702 4983 916 5055 quoties
956 4982 1153 5051 voluit,
1184 4984 1378 5054 quibus
1416 4986 1605 5053 voluit,
1655 5001 1843 5057 quem—
1955 4998 1975 5031 ι
2010 4980 2185 5035 lucem
2220 4980 2437 5037 fuerunt
2473 4982 2540 5037 ad
2584 4992 3022 5050 monumentum.
3072 4993 3129 5038 εί
3162 4997 3270 5037 non
3318 4980 3541 5035 ίηνεηῑο

255 5076 549 5132 admodum
587 5076 779 5143 voluit,
811 5076 1079 5146 apparuit.
1955 5089 1976 5123 ί
2014 5086 2239 5142 corpore
2277 5073 2414 5143 ejus,
2458 5083 2722 5129 venerunt
2763 5074 3040 5131 dicentes:
3072 5090 3128 5129 se
3170 5073 3335 5129 etiam
3375 5071 3540 5125 visio-

330 5167 499 5223 Nobis
527 5170 619 5241 qui
645 5168 1076 5223 manducavimus
1105 5176 1151 5223 et
1178 5164 1543 5223 bibimus'cum
1576 5164 1699 5235 illo,
1729 5176 1837 5226 etc.
1953 5176 1974 5214 α
2012 5178 2137 5217 nem
2165 5161 2477 5234 angelorum
2520 5164 2737 5231 vidisSe,
2765 5160 2856 5235 qui
2883 5166 3068 5221 dicdnt
3091 5174 3215 5220 eum
3237 5164 3439 5219 ‘vivcre.
3469 5158 3539 5216 Et

253 5254 357 5315 Hic
388 5259 581 5316 beatus
615 5256 810 5315 Petrus
834 5259 977 5329 quod
1020 5259 1074 5314 in
1100 5258 1392 5329 Evangelia
1424 5258 1719 5326 recitetur,
1747 5270 1844 5315 ex-
1955 5266 1976 5308 ι
2014 5257 2265 5312 abierunt
2309 5257 2528 5328 quidam
2565 5272 2631 5313 ex
2678 5261 2878 5315 nostris
2904 5252 2971 5315 ad
3012 5265 3445 5323 monumentum,
3482 5264 3539 5311 et

250 5351 427 5423 ponit,
459 5359 583 5421 post
624 5352 1077 5407 resurrectionem
1121 5351 1331 5408 scilicet
1374 5367 1432 5407 se
1472 5352 1675 5408 bibisse
1717 5366 1842 5408 cum
1954 5367 1976 5403 ι
2013 5348 2088 5403 ita
2116 5349 2441 5405 invenerunt
2467 5350 2606 5405 sicut
2629 5351 2880 5408 mulieres
2905 5350 3177 5417 dixerunt,
3205 5350 3382 5420 ipsum
3407 5365 3538 5408 vero

252 5435 507 5511 Damino,
537 5442 643 5500 nisi
668 5438 809 5499 forte
829 5434 938 5497 illic
958 5440 1241 5500 credamus
1269 5442 1586 5512 indicatum,
1608 5445 1701 5501 ubi
1723 5445 1839 5500 ait:
1955 5464 1975 5497 ι
2013 5460 2121 5500 non
2167 5445 2507 5500 invenerunt.
2556 5445 2622 5500 Et
2655 5446 2768 5517 ipse
2801 5442 2941 5502 diiit
2983 5432 3052 5500 ad
3084 5452 3197 5500 eos.
3229 5440 3275 5498 Ο
3304 5442 3452 5500 stulti
3483 5451 3540 5501 et

253 5534 432 5590 Donec
475 5534 609 5590 illud
639 5533 813 5590 bibant
842 5528 1100 5590 vobiicum
1140 5550 1327 5590 novum
1366 5536 1422 5591 in
1460 5550 1616 5609 regno
1658 5532 1841 5593 Patris
1959 5553 1979 5588 ι
2018 5536 2157 5591 tardi
2185 5539 2347 5592 corde
2376 5537 2444 5592 ad
2468 5534 2817 5603 credendum,
2846 5537 2901 5591 in
2930 5526 3184 5590 omnibus
3210 5550 3331 5607 qua:
3372 5526 3538 5591 locuti

252 5627 357 5682 mei
385 5624 602 5698 (Hattlt.
634 5626 808 5698 xxvr).
1958 5647 1977 5681 ι
2017 5634 2143 5684 sunt
2171 5630 2464 5699 prophetae.
2485 5628 2674 5685 Nonne
2699 5629 2815 5682 haec
2842 5626 3081 5696 oportuit
3101 5625 3215 5698 pati
3259 5626 3534 5684 Christum

327 5718 400 5772 Et
434 5718 681 5790 prrtcepit
716 5716 865 5773 nobis
895 5719 1177 5790 pradicari
1212 5720 1424 5792 papula,
1469 5731 1517 5777 et
1566 5723 1841 5797 testificari
1958 5740 1976 5772 ι
2014 5729 2070 5777 et
2116 5721 2185 5777 ita
2235 5716 2439 5777 intrare
2480 5722 2534 5776 in
2584 5719 2809 5792 gloriam
2857 5708 3049 5773 suam?
3094 5708 3161 5774 Et
3211 5717 3531 5793 incipiensa

254 5813 379 5885 quia
417 5808 529 5884 ipse
559 5820 658 5879 est,
682 5820 789 5870 etc.
816 5810 937 5885 ipse
956 5814 1101 5870 enim
1128 5813 1182 5868 in
1209 5814 1500 5884 Evangelia
1523 5814 1598 5872 ait
1631 5835 1642 5871 :
1678 5814 1843 5873 Pater
1955 5836 1972 5866 ι
2012 5808 2158 5872 Mose
2200 5824 2253 5871 et
2291 5814 2542 5871 omnibus
2574 5809 2873 5883 prophetis,
2918 5809 3378 5883 interpretabatur
3428 5798 3533 5866 illis

192 5951 207 5967 .
259 5884 365 5959 abit
382 5903 595 5976 judice:
615 5884 949 5977 quamquam,
975 5904 1064 5963 sed
1086 5914 1237 5990 omne
1250 5906 1517 5978 judicium
1533 5905 1677 5965 dedit
1692 5900 1837 5964 Filio
1955 5930 1973 5962 ι
2012 5910 2066 5965 in
2113 5908 2364 5967 omnibus
2393 5904 2704 5977 Scripturas
2727 5908 2848 5978 quas
2878 5904 2947 5963 de
2990 5906 3110 5977 ipso
3139 5904 3315 5963 erant.
3345 5884 3415 5964 iit
3441 5900 3534 5975 ap-

1869 6073 1913 6080 οσ-
