4030 6524
428 387 526 447 251

1740 372 2098 462 smmum
2134 368 2430 429 seems

3597 363 3718 423 232

437 519 457 554 ι
493 497 987 573 propinquaverunt
1030 491 1284 559 castello,
1322 507 1430 564 quo
1469 491 1652 559 ibant,
1691 500 1748 548 et
1793 493 1908 562 ipse
1953 506 2012 546 se
2039 491 2092 550 A
2115 485 2392 549 exhibuit,
2440 482 2537 538 sed
2568 481 2635 537 de
2681 493 2740 538 se
2786 477 3181 547 dubitantibus,
3225 475 3551 550 cognitionis
3595 497 3720 539 suae

437 612 458 646 ι
494 593 648 648 ﬁnxit
694 591 904 663 longius
946 589 1042 643 ire.
1093 586 1160 640 Et
1205 593 1500 657 coegerunt
1545 585 1694 640 illum
1726 584 2009 640 dicentes:

438 703 457 737 ‹
495 683 650 739 Mane
690 683 990 745 nobiscum,
1016 679 1272 750 quoniam
1303 679 1734 748 advesperascit,
1767 686 1823 733 et
1865 676 2017 732 incli-

439 793 458 826 ‹
495 782 622 828 nata
647 781 730 828 est
753 773 864 844 jam
891 771 1026 826 dies.
1055 771 1123 824 Et
1157 771 1382 825 intravit
1403 786 1526 825 cum
1557 769 1685 824 illis.
1720 770 1787 823 Et
1811 768 2016 824 factum

438 883 459 918 ι
498 874 582 922 est
607 867 732 920 dum
774 864 1118 918 recumberet
1151 878 1274 917 cum
1311 862 1437 928 illis,
1483 863 1693 932 accepit
1734 876 1932 932 panem
1961 868 2019 914 et

441 979 460 1013 ι
496 958 769 1015 benedixit
806 973 871 1012 ac
907 956 1066 1028 fregit
1107 965 1162 1012 et
1199 958 1508 1028 porrigebat
1557 957 1681 1012 illis.
1731 956 1798 1011 Et
1845 956 2019 1026 aperti

440 1072 460 1107 ς
495 1062 621 1110 sunt
646 1053 787 1108 oculi
810 1068 998 1107 eorum
1023 1062 1078 1106 et
1101 1060 1468 1123 cognoverunt
1494 1068 1639 1107 eum.
1670 1052 1738 1106 Et
1761 1052 1875 1121 ipse
1901 1065 2020 1105 eva-

444 1164 464 1198 σ
501 1145 618 1202 nuit
657 1161 725 1200 ex
765 1145 939 1200 oculis
979 1159 1186 1200 eorum.
1228 1145 1296 1199 Et
1340 1143 1592 1199 dixerunt
1633 1145 1700 1200 ad
1741 1143 2015 1198 invicem:

440 1256 460 1290 α
499 1237 687 1294 Nonne
712 1253 806 1292 cor
848 1245 1094 1291 nostrum
1121 1237 1318 1291 ardens
1344 1245 1464 1291 erat
1492 1235 1545 1290 in
1575 1236 1731 1290 nobis
1771 1235 1896 1289 dum
1943 1234 2023 1290 lo-

440 1349 461 1384 (
497 1339 756 1403 queretur
794 1331 848 1384 in
879 1330 986 1394 via,
1015 1337 1071 1384 et
1113 1327 1348 1400 ap‘eriret
1389 1329 1546 1383 nobis
1583 1327 1931 1398 Scripturas?
1956 1326 2023 1380 Et

442 1441 461 1475 ι
498 1427 782 1492 surgentes
829 1420 1019 1474 eadem
1068 1420 1201 1474 hora
1246 1419 1480 1492 regressi
1517 1427 1643 1475 sunt
1673 1420 1726 1473 in
1759 1419 2021 1473 Hierusa-

447 1534 467 1567 ι
501 1514 631 1578 lem,
681 1520 736 1567 et
783 1513 1106 1567 invenerunt
1145 1519 1501 1582 congregatos
1544 1511 1795 1567 undecim
1841 1519 1897 1566 et
1931 1526 2024 1565 eos

419 1627 463 1674 η(
501 1608 593 1678 qui
640 1592 762 1662 eum
812 1605 946 1675 ipsis
997 1594 1194 1669 erant,
1246 1605 1489 1659 dicentes
1533 1623 1545 1658 :
1603 1604 1739 1671 Quia
1789 1604 2026 1658 surrexit

444 1720 464 1753 ‹
501 1700 762 1756 Dominus
783 1714 930 1763 vere,
963 1706 1016 1752 et
1055 1697 1306 1767 apparuit
1353 1695 1582 1750 Simoni.
1617 1695 1680 1749 Et
1707 1695 1805 1764 ipsi
1839 1711 2028 1748 narra-

444 1812 463 1845 ι
500 1796 634 1850 bant
688 1809 806 1862 qua:
853 1800 1001 1863 gesta
1031 1797 1188 1845 erant
1218 1792 1271 1844 in
1319 1789 1429 1856 via,
1457 1797 1512 1845 et
1535 1789 1803 1859 quomodo
1829 1804 2026 1860 cogno-

447 1904 466 1938 σ
502 1894 697 1942 verunt
725 1901 850 1942 eum
880 1868 936 1938 in
961 1883 1222 1938 fractione
1249 1883 1460 1952 panis.»

513 2023 778 2078 Exeuntes
807 2022 911 2076 duo
938 2037 1004 2076 ea:
1031 2019 1304 2092 discipulis
1329 2018 1479 2084 Iesu,
1510 2020 1657 2074 ibant
1676 2019 1732 2074 in
1759 2019 2033 2073 castellum

443 2120 555 2189 ipsa
581 2119 683 2185 die,
711 2118 851 2190 quod
893 2126 1006 2172 erat
1046 2118 1101 2171 in
1130 2116 1298 2187 spatio
1340 2115 1633 2170 stadiorum
1663 2115 1939 2184 sexaginta
1969 2112 2033 2166 ab

445 2209 814 2275 Hierusalem,
847 2211 1055 2264 nomine
1104 2208 1326 2273 Emaus,
1358 2219 1406 2263 et
1439 2211 1540 2280 ipsi
1575 2208 1922 2281 loquebantur
1967 2207 2034 2260 ad

444 2303 664 2356 invicem
694 2302 758 2356 de
786 2303 868 2357 his
911 2302 1150 2356 omnibus
1179 2319 1297 2372 qua:
1337 2301 1660 2356 acciderant.
1692 2300 1794 2372 (Ex
1841 2296 2035 2368 Beda.)

447 2392 695 2449 Stadium
717 2393 858 2464 quod
882 2392 1078 2457 Graeci,
1103 2403 1325 2449 auctore
1352 2402 1412 2448 ut
1438 2394 1625 2449 dicunt
1654 2391 1901 2458 Hercule,
1926 2392 2038 2446 via-

445 2502 566 2541 rum
591 2486 766 2556 spatia
795 2495 1132 2551 mensurant,
1158 2496 1350 2542 octava
1392 2494 1477 2540 est
1501 2501 1629 2556 pars
1676 2484 1945 2549 milliarii,
1986 2493 2042 2538 et

445 2578 567 2635 ideo
614 2579 896 2650 sexaginta
947 2581 1156 2646 stadia,
1203 2590 1408 2651 septem
1457 2580 1626 2634 millia
1676 2595 1937 2651 passuum
1985 2587 2041 2634 et

447 2672 771 2742 quingentos
800 2673 1130 2742 significant,
1172 2673 1315 2741 quod
1357 2673 1497 2727 bene
1539 2671 1774 2743 spatium
1822 2671 2042 2726 itineris

450 2765 700 2834 congruit
745 2765 825 2819 eis
865 2765 980 2834 qui,
1012 2765 1079 2819 de
1125 2773 1298 2820 morte
1328 2780 1392 2820 ac
1435 2763 1713 2834 sepultura
1757 2764 2043 2820 salvatoris

453 2855 625 2919 certi,
651 2854 800 2910 dubii
827 2855 892 2909 de
924 2856 1325 2921 resurrectione
1354 2855 1756 2926 gradiebantur.
1791 2855 1927 2910 Nam
1959 2871 2045 2910 re-

455 2947 875 3013 surrectionem,
900 2963 1020 3017 quae
1045 2957 1169 3019 post
1197 2948 1488 3019 septimum
1520 2948 1731 3003 sabbati
1761 2947 1906 3004 facta
1936 2956 2042 3014 est,

453 3048 647 3095 octavo
695 3054 922 3094 numero
979 3039 1248 3094 contineri
1297 3042 1418 3111 quis
1469 3040 1740 3110 ambiget?
1786 3038 2047 3110 Discipuli

451 3147 602 3204 ergo,
637 3132 729 3202 qui
756 3132 823 3187 de
851 3132 1077 3187 Domino
1106 3132 1410 3202 loquentes,
1443 3132 1793 3199 incedebant,
1827 3142 1883 3189 et
1918 3149 2044 3189 sex-

452 3231 566 3278 tum
607 3224 770 3294 ccepti
816 3224 1029 3280 itineris
1079 3224 1391 3280 milliarium
1434 3225 1882 3295 compleverunt,
1917 3228 2045 3298 quia
2074 3221 2120 3285 C

454 3314 604 3371 illum
625 3315 742 3370 sine
763 3316 980 3385 querela
1002 3316 1273 3372 viventem
1299 3333 1469 3388 usque
1495 3318 1563 3373 ad
1598 3326 1854 3385 mortem,
1881 3336 2046 3390 quam

454 3417 605 3464 sexta
634 3410 842 3465 sabbati
874 3410 1060 3476 subiit,
1092 3411 1408 3479 pervenisse
1434 3411 1712 3478 dolebant,
1745 3413 2049 3483 compleve-

455 3507 584 3553 runt
611 3508 666 3555 et
697 3501 1016 3569 septimum,
1047 3501 1175 3570 quia
1220 3503 1363 3556 bunc
1393 3503 1447 3556 in
1483 3503 1732 3573 sepulcro
1777 3505 2052 3574 quievisse

456 3605 564 3644 non
592 3591 932 3645 dubitabant.
962 3593 1163 3648 Verum
1190 3592 1256 3646 de
1282 3601 1475 3648 octavo
1511 3593 1795 3648 dimidium
1840 3603 2051 3650 tantum

456 3690 816 3754 peregerunt,
867 3684 995 3752 quia
1041 3684 1270 3754 gloriam
1317 3685 1603 3740 celebratae
1647 3686 1760 3755 jam
1803 3704 2051 3744 resurre-

460 3774 656 3829 ctionis
701 3776 938 3830 nondum
985 3775 1227 3846 perfecte
1267 3778 1582 3833 credebant.
1623 3780 1823 3836 Emaus
1872 3791 2052 3837 autem

461 3865 578 3935 ipsa
610 3875 693 3921 est
735 3865 1029 3937 Nicopolis,
1072 3868 1267 3924 civitas
1310 3869 1540 3941 insignis
1582 3870 1892 3939 Palestinzc,
1935 3889 2054 3944 quae

461 3966 584 4029 post
617 3958 1068 4031 expugnationem
1097 3958 1315 4026 Iudaeae,
1347 3962 1449 4016 sub
1478 3961 1660 4018 Marco
1689 3963 1913 4020 Aurelio
1943 3966 2053 4020 An-

466 4051 654 4105 tonino
681 4051 930 4122 principe
959 4059 1294 4121 restaurata,
1346 4070 1472 4110 cum
1527 4063 1674 4111 statu
1724 4059 1953 4114 mutavit
2000 4066 2057 4114 et

467 4159 683 4202 nomen.

538 4259 608 4315 Et
637 4260 836 4332 factum
860 4274 958 4332 est,
986 4281 1113 4322 aum
1142 4266 1533 4340 fabularentur,
1560 4279 1608 4326 et
1635 4290 1810 4328 secum
1853 4290 2058 4345 quwre-

468 4361 604 4417 rent,
631 4362 678 4406 et
705 4355 812 4424 ipse
838 4355 993 4410 Jesus
1020 4361 1448 4429 appropinquans
1492 4361 1601 4416 ibat
1631 4381 1749 4418 cum
1790 4365 1918 4419 illis.
1950 4366 2056 4420 Lo-

469 4454 696 4515 quentes
719 4447 787 4501 de
817 4462 876 4503 se
905 4449 1164 4505 Dominus
1193 4454 1632 4524 appropinquans
1659 4459 1975 4525 comitatur,
1998 4467 2060 4514 ut

469 4546 525 4593 et
555 4537 715 4593 ﬁdem
745 4555 857 4595 sum
886 4544 1300 4599 resurrectionis
1330 4559 1521 4600 eorum
1549 4549 1822 4604 mentibus
1863 4551 2053 4606 incen-

473 4629 586 4696 dat,
615 4638 670 4685 et
702 4631 911 4688 occulte
937 4634 1227 4702 praesentia
1259 4636 1558 4706 majestatis
1585 4654 1801 4710 semper
1831 4657 1889 4696 se
1915 4644 2058 4712 quod

472 4724 722 4792 promisit
753 4725 1097 4795 impleturum
1123 4727 1386 4800 designet.
1415 4729 1516 4784 Ubi
1543 4732 1680 4786 enim
1706 4744 1825 4788 sunt
1849 4735 1957 4789 duo
1981 4736 2062 4791 uel

475 4825 578 4872 tres
619 4822 914 4890 congregati
942 4821 996 4875 in
1027 4824 1234 4877 nomine
1265 4841 1401 4891 meo,
1430 4825 1501 4879 ibi
1528 4843 1644 4881 sum
1675 4829 1730 4882 in
1777 4831 1947 4886 medio
1974 4849 2062 4888 eo-

477 4922 594 4961 rum
625 4907 837 4979 (Matth.
863 4910 1045 4982 xvm).

551 5017 703 5074 Oculi
749 5031 924 5077 autem
979 5021 1192 5078 illorum
1249 5027 1575 5095 tenebantur,
1623 5049 1686 5086 ne
1726 5050 1844 5088 eum
1893 5051 2060 5104 agno-

475 5120 696 5175 scerent,
739 5122 788 5166 et
827 5112 902 5166 ait
940 5114 1010 5168 ad
1043 5113 1163 5170 illos
1186 5129 1204 5166 :
1229 5116 1333 5182 Qui
1373 5130 1495 5175 sunt
1535 5121 1590 5174 hi
1632 5140 1894 5178 sermones
1933 5143 2063 5197 quos

478 5203 725 5274 confertis
748 5201 818 5258 ad
855 5205 1091 5271 invicem,
1121 5209 1449 5268 ambulantes
1487 5224 1536 5268 et
1571 5216 1692 5270 estis
1723 5218 1938 5272 tristes?
1958 5218 2067 5289 Ap-

477 5297 657 5366 paruit
695 5299 913 5366 quidem
939 5298 1216 5370 discipulis
1258 5303 1537 5371 Dominus,
1573 5308 1666 5361 sed
1713 5309 1793 5363 eis
1829 5311 2065 5380 speciem

481 5401 643 5454 quam
681 5399 1131 5460 recognoscerent
1173 5407 1281 5446 non
1329 5396 1583 5450 ostendit.
1629 5395 1742 5451 Hoc
1787 5413 1916 5468 ergo
1960 5399 2071 5469 egit

483 5472 616 5530 foris
656 5477 912 5534 Dominus
953 5480 1006 5535 in
1036 5481 1206 5537 oculis
1242 5487 1511 5554 corporis,
1550 5488 1693 5557 quod
1739 5489 1880 5557 apud
1923 5490 2070 5558 ipsos

484 5567 746 5638 agebatur
772 5570 916 5626 intus
955 5572 1011 5626 in
1054 5574 1225 5630 oculis
1263 5573 1468 5632 'cordis.
1500 5577 1606 5646 ipsi
1655 5593 1889 5649 namque
1929 5580 2071 5649 apud

485 5659 806 5728 semetipsos
837 5661 982 5719 intus
1016 5675 1072 5720 et
1117 5667 1372 5722 amabant
1403 5677 1459 5724 et
1487 5669 1823 5726 dubitabant.
1855 5672 1948 5727 Eis
1974 5689 2070 5728 au-

488 5757 597 5806 tem
625 5749 883 5809 Dominus
911 5754 1042 5812 foris
1067 5766 1123 5814 et
1163 5775 1403 5830 praesens
1432 5761 1642 5828 aderat,
1675 5773 1731 5818 et
1763 5765 1884 5834 quis
1923 5776 2071 5824 esset

467 5857 601 5924 non
623 5846 964 5906 ostendebat.
1004 5846 1083 5906 De
1107 5864 1170 5909 se
1194 5866 1324 5926 ergo
1350 5852 1698 5926 loquentibus
1721 5858 2068 5927 praesentiant

2117 578 2354 652 speciem
2384 575 2687 632 abscondit.
3585 645 3588 647 _

2189 671 2526 741 Rcspondens
2575 676 2751 723 autem
2797 682 2936 722 unus
2997 683 3149 738 cujus
3197 681 3385 721 nomen
3430 663 3718 738 CleOphas,

2117 764 2248 818 dixit
2275 763 2322 816 ei
2346 776 2363 812 :
2389 760 2467 815 Tu
2491 759 2634 815 solus
2657 760 2962 830 peregrinus
2989 775 3042 813 es
3068 759 3124 812 in
3151 756 3510 823 Hierusalem,
3533 769 3579 812 et
3610 777 3721 817 non

2119 857 2403 928 cognouisti
2457 872 2576 928 quce
2611 855 2753 926 facta
2784 863 2905 909 sunt
2933 854 2990 908 in
3019 853 3116 907 illa
3157 854 3239 907 his
3281 852 3508 908 diebus?
3547 851 3723 909 Pere-

2120 952 2333 1023 grinum
2361 949 2626 1021 putabant
2665 962 2820 1013 eum,
2854 946 3008 1016 cujus
3053 945 3263 1001 vultum
3294 961 3404 1001 non
3451 960 3720 1017 agnosce-

2118 1045 2271 1100 bant.
2304 1043 2408 1100 Sed
2437 1053 2492 1099 et
2534 1058 2724 1099 revera
2753 1041 3072 1114 peregrinus
3101 1047 3222 1095 erat
3261 1040 3365 1104 eis,
3406 1055 3435 1094 a
3476 1055 3719 1110 quorum

2121 1147 2330 1194 naturae
2372 1137 2685 1210 fragilitate,
2715 1143 2971 1206 percepta
3002 1133 3118 1204 jam
3144 1131 3568 1188 resurrectionis
3596 1132 3721 1204 glo-

2123 1230 2225 1296 ria,
2276 1230 2433 1301 longe
2477 1229 2730 1284 distabat.
2774 1225 3101 1295 Peregrinus
3131 1231 3250 1280 erat
3277 1223 3380 1287 eis,
3419 1239 3450 1277 a
3485 1238 3726 1293 quorum

2124 1322 2301 1377 adhuc
2325 1321 2430 1376 fide
2456 1329 2645 1392 utpote
2669 1317 3090 1375 resurrectionis
3110 1315 3228 1386 ejus
3254 1315 3442 1372 nescia
3465 1316 3730 1371 manebat

2125 1422 2440 1468 extraneus.

2199 1502 2400 1568 Quibus
2426 1501 2516 1558 ille
2541 1503 2676 1558 dixit
2698 1517 2718 1556 :
2748 1502 2918 1570 Quae?
2942 1500 3010 1556 Et
3041 1500 3289 1556 dixerunt
3312 1515 3330 1552 :
3355 1500 3424 1556 de
3449 1501 3579 1556 Jesu
3607 1498 3728 1557 Na-

2130 1615 2339 1663 zarene,
2366 1597 2454 1668 qui
2484 1597 2583 1668 fuit
2629 1603 2707 1653 vir
2749 1597 3021 1668 prapheta,
3068 1605 3248 1666 potens
3276 1596 3332 1651 in
3363 1613 3516 1666 opere
3540 1605 3592 1650 et
3616 1613 3728 1650 ser-

2129 1707 2282 1744 mone
2312 1707 2491 1744 coram
2523 1690 2631 1744 Deo
2656 1700 2704 1744 et
2749 1689 2890 1744 omni
2916 1687 3129 1759 populo.
3170 1687 3502 1758 Prophetam
3529 1695 3586 1743 et
3615 1704 3731 1742 ma-

2132 1799 2296 1854 gnum
2332 1782 2594 1848 fatentur,
2628 1781 2824 1836 Filium
2854 1781 2949 1835 Dei
2991 1788 3206 1844 tacent,
3236 1788 3297 1834 ut
3335 1779 3563 1843 scilicet,
3589 1795 3732 1834 non-

2059 1856 2106 1916 B
2138 1875 2266 1931 dum
2311 1875 2550 1947 perfecte
2579 1877 2882 1940 credentes,
2910 1873 2996 1928 vel
3041 1871 3279 1936 solliciti,
3311 1887 3379 1926 ne
3426 1872 3736 1928 inciderent

2138 1967 2194 2022 in
2225 1983 2417 2022 manus
2439 1965 2746 2022 Judaeorum
2771 1964 3234 2036 persequentium,
3258 1963 3386 2034 quia
3415 1965 3738 2021 nesciebant

2135 2061 2258 2130 quis
2283 2069 2426 2116 esset
2455 2076 2580 2115 cum
2609 2074 2716 2130 quo
2749 2058 3129 2128 loquebantur,
3157 2055 3303 2126 quod
3335 2070 3526 2112 verum
3551 2057 3736 2113 credi-

2139 2156 2264 2212 dere
2292 2154 2552 2210 celantes.
3505 2208 3508 2210 .

2208 2248 2276 2302 Et
2313 2247 2571 2320 quomodo
2599 2245 2932 2300 tradiderunt
2973 2262 3090 2299 eum
3124 2243 3318 2299 summi
3358 2242 3654 2298 sacerdotes
3685 2251 3740 2297 et

2136 2339 2397 2410 principes
2434 2337 2598 2392 nostri
2625 2337 2681 2390 in
2721 2337 3112 2390 damnationem
3151 2337 3355 2398 mortis,
3383 2343 3428 2389 et
3459 2334 3746 2402 cruciﬁxe-

2139 2440 2262 2485 runt
2291 2447 2428 2483 eum.
2459 2428 2573 2482 Nos
2615 2440 2790 2482 autem
2822 2427 3162 2499 sperabamus
3211 2427 3335 2498 quia
3363 2427 3468 2498 ipse
3501 2435 3636 2480 esset
3665 2433 3746 2480 ιτ-

2140 2523 2445 2592 dempturus
2480 2518 2670 2573 Israel.
2704 2519 2900 2575 Merito
2928 2519 3112 2573 tristes
3139 2517 3484 2582 incedebant,
3528 2517 3657 2587 quia
3681 2525 3745 2571 et

2143 2617 2351 2685 seipsos
2398 2615 2800 2685 quodammodo
2836 2617 3170 2685 arguebant,
3217 2616 3360 2687 quod
3402 2616 3459 2670 in
3506 2613 3603 2669 illo
3648 2629 3740 2669 re-

2143 2707 2506 2778 demptionem
2537 2706 2894 2776 speraverint,
2937 2723 3098 2777 quem
3137 2709 3250 2778 jam
3281 2715 3558 2762 mortuum
3585 2705 3739 2760 vide-

2144 2808 2292 2864 rant,
2343 2813 2445 2854 nec
2476 2807 2910 2854 resurrecturum
2942 2801 3257 2873 credebant,
3285 2808 3342 2855 et
3381 2799 3618 2855 maxime
3648 2798 3747 2854 do—

2146 2888 2332 2944 lebant
2355 2904 2480 2945 eum
2508 2889 2625 2945 sine
2654 2891 2813 2961 culpa
2837 2891 3098 2960 occisum,
3127 2893 3257 2964 quia
3285 2899 3556 2947 noverant
3593 2890 3747 2946 inno-

2149 2990 2387 3037 centeni.

2223 3075 2292 3129 Et
2342 3093 2480 3132 nunc
2508 3093 2664 3149 super
2709 3077 2821 3132 haec
2863 3078 3072 3143 omnia,
3108 3077 3264 3131 tertia
3301 3075 3413 3131 dies
3454 3082 3530 3131 est
3571 3075 3747 3141 hodie,

2149 3167 2289 3238 quod
2315 3168 2426 3222 hare
2467 3169 2607 3238 facta
2632 3179 2774 3224 sunt.
2810 3168 2914 3224 Sed
2944 3179 2991 3223 et
3022 3168 3265 3224 mulieres
3289 3167 3534 3240 qua'dam
3571 3185 3638 3222 ea:
3661 3185 3751 3222 no-

2151 3260 2275 3315 stris
2297 3270 2594 3316 terruerunt
2621 3279 2736 3327 nos,
2767 3277 2887 3339 quae
2927 3272 3048 3316 ante
3074 3259 3241 3314 lucem
3278 3259 3492 3327 fuerunt
3530 3259 3601 3313 ad
3633 3275 3749 3313 mo—

2151 3358 2477 3417 numentum,
2511 3360 2558 3405 et
2589 3366 2696 3405 non
2723 3351 2928 3404 invento
2956 3366 3171 3420 corpore
3199 3349 3313 3419 ejus
3355 3357 3629 3412 venerunt,
3665 3348 3751 3402 di—

2153 3450 2324 3496 centes
2369 3458 2422 3496 se
2459 3443 2616 3495 etiam
2659 3442 2910 3496 visionem
2946 3440 3251 3511 angelorum
3289 3441 3502 3506 vidisse,
3539 3441 3633 3511 qui
3675 3441 3754 3495 di-

2153 3543 2277 3585 cunt
2298 3549 2418 3585 eum
2442 3533 2629 3586 vivere.
2658 3532 2945 3588 Terruisse
2971 3532 3226 3586 dicuntur
3253 3531 3449 3586 merito
3476 3547 3589 3597 eos,
3619 3547 3757 3602 quo-

2153 3639 2276 3678 rum
2300 3625 2573 3679 mentibus
2597 3623 2718 3695 plus
2749 3624 2816 3679 de
2844 3640 2951 3679 non
2981 3624 3201 3680 invento
3225 3639 3453 3693 corpore
3483 3624 3758 3680 dominico

2155 3720 2494 3784 mmstitiam,
2525 3719 2654 3790 quia
2679 3719 2935 3774 dolebant
2971 3720 3192 3785 addere,
3223 3734 3386 3789 quam
3418 3718 3484 3773 de
3507 3718 3756 3772 nuntiata

2153 3827 2250 3883 per
2278 3812 2498 3882 angelos
2523 3809 2640 3879 ejus
2669 3811 3071 3867 resurrectione
3100 3811 3375 3882 gaudium,
3403 3825 3513 3879 quo
3543 3823 3758 3884 regeea-

2155 3912 2366 3971 rentur,
2397 3903 2587 3959 videre
2615 3911 2930 3975 potuerunt.

2225 4019 2295 4092 Et
2321 4019 2560 4074 abierunt
2586 4019 2803 4092 quidam
2839 4036 2903 4073 ea:
2928 4019 3121 4074 nostris
3149 4018 3218 4074 ad
3257 4026 3676 4083 monumentum,
3704 4027 3757 4072 et

2153 4114 2231 4168 ita
2275 4112 2614 4177 invenerunt,
2645 4113 2781 4166 sicut
2816 4111 3058 4166 mulieres
3100 4111 3365 4165 dixerunt.
3404 4110 3591 4181 Ipsum
3635 4127 3759 4165 vero

2157 4220 2262 4258 non
2306 4202 2631 4256 invenerunt.
2662 4201 2797 4257 Cum
2828 4202 2942 4273 ipse
2982 4202 3155 4269 Lucas
3201 4217 3364 4273 supra
3413 4201 3637 4257 Petrum
3673 4202 3755 4257 di-

2156 4295 2300 4350 xerit
2349 4295 2656 4350 cucurrisse
2697 4296 2764 4349 ad
2805 4304 3250 4360 monumentum,
3288 4302 3345 4350 et
3391 4309 3537 4348 nunc
3589 4293 3752 4348 Cleo-

2158 4401 2264 4456 pan
2299 4386 2521 4453 dixisse,
2557 4387 2672 4457 ipse
2702 4386 2951 4441 retulerit
2997 4388 3140 4457 quod
3183 4387 3402 4458 quidam
3449 4401 3640 4441 eorum
3673 4387 3756 4442 ie-
3795 4444 3808 4461 ,

2158 4486 2282 4534 rant
2324 4479 2395 4534 ad
2448 4487 2895 4546 monumentum,
2937 4480 3031 4534 sed
3089 4479 3308 4535 Petrum
3355 4479 3530 4536 solum
3578 4480 3761 4549 primo

2084 4573 2646 4662 Dcommemoravit,
2693 4573 2820 4642 quia
2865 4572 2943 4627 illi
2998 4573 3251 4645 primitus
3307 4573 3480 4628 Maria
3533 4573 3758 4629 nuntia-

2169 4665 2327 4721 verit.

2241 4757 2311 4812 Et
2337 4759 2446 4828 ipse
2475 4756 2610 4811 dixit
2630 4757 2700 4811 ad
2728 4774 2854 4812 eos:
2887 4755 2932 4813 0
2963 4757 3108 4812 stulti
3131 4768 3178 4814 et
3203 4760 3347 4814 tardi
3367 4757 3525 4814 corde
3555 4759 3626 4813 ad
3656 4776 3768 4814 cre-

2170 4849 2418 4915 dendum,
2442 4850 2496 4902 in
2518 4849 2757 4904 omnibus
2780 4867 2896 4921 quce
2915 4849 3077 4904 locuti
3101 4861 3222 4906 sunt
3247 4853 3545 4922 prophetw!
3570 4851 3765 4906 Nonne

2169 4945 2280 4998 haec
2315 4943 2540 5013 oportuit
2572 4944 2683 5013 pati
2714 4941 2981 4997 Christum
3027 4953 3074 4998 et
3101 4953 3178 4999 ita
3205 4945 3406 4999 intrare
3436 4945 3492 4999 in
3529 4943 3764 5014 gloriam

2170 5035 2362 5090 suam?
2390 5033 2456 5088 Et
2487 5035 2737 5106 incipiens
2767 5055 2800 5090 a
2827 5035 3009 5107 Moyse
3031 5045 3080 5090 et
3111 5037 3350 5092 omnibus
3371 5037 3657 5108 prophetis.
3683 5037 3767 5091 in-

2169 5127 2555 5197 terpretabatur
2580 5127 2688 5181 illis
2717 5129 2771 5182 in
2805 5129 3043 5182 omnibus
3069 5129 3367 5200 scripturis,
3393 5147 3510 5200 qua:
3544 5130 3610 5184 de
3650 5132 3766 5201 ipse

2169 5229 2340 5274 erant.
2370 5219 2482 5274 Hoc
2521 5220 2678 5276 nobis
2721 5220 2840 5276 loco
2869 5221 3072 5276 nullam
3121 5224 3447 5293 scripturam
3494 5225 3767 5295 interpre-

2169 5311 2348 5372 tandi,
2392 5312 2485 5367 sed
2513 5313 2726 5383 gemina
2765 5329 2864 5369 nos
2911 5314 3056 5385 ipsos
3101 5316 3422 5373 bumiliandi
3463 5319 3767 5376 necessitas

2173 5402 2451 5466 incumbit,
2481 5405 2572 5476 qui
2611 5421 2784 5476 neque
2811 5407 2864 5460 in
2898 5409 3204 5479 scripturis,
3237 5418 3498 5481 quantum
3522 5420 3766 5483 oportet,

2170 5496 2365 5560 edocti,
2391 5513 2567 5568 neque
2597 5499 2664 5552 ad
2695 5499 2990 5570 implenda,
3015 5519 3136 5574 quae
3166 5505 3374 5560 discere
3401 5505 3542 5584 forte
3577 5508 3767 5577 potui-

2167 5601 2306 5650 mus,
2326 5595 2588 5656 quantum
2605 5589 2778 5655 decet,
2799 5608 2985 5648 sumus
3005 5593 3216 5648 intenti.
3239 5593 3373 5648 Nam
3397 5595 3440 5651 si
3469 5593 3686 5667 Moyses
3709 5603 3768 5651 et

2167 5690 2356 5732 omnes
2390 5679 2669 5749 prophetae
2713 5680 2991 5738 Christum
3026 5683 3187 5738 locuti
3236 5693 3382 5750 sunt,
3411 5687 3639 5742 ethunc
3663 5702 3768 5757 per

2165 5772 2469 5841 angustiam
2491 5775 2757 5844 passionis
2774 5775 2825 5831 in
2841 5775 3066 5848 gloriam
3090 5793 3244 5832 suam
3265 5778 3594 5835 intraturum
3615 5820 3630 5846 ,
3651 5795 3766 5850 qua

2165 5863 2380 5921 ratione
2410 5881 2469 5923 se
2496 5869 2796 5940 gloriantur
2835 5870 3344 5952 esse_Chri5tianos,
3368 5875 3460 5947 qui
3486 5873 3645 5949 juxta
3672 5874 3767 5957 vis
