4030 6496
260 397 370 460 253

1071 399 1594 464 COLLECTIONES
1630 399 1702 463 IN
1737 391 2121 464 EPISTOLAS
2156 393 2247 457 ΕΤ
2284 389 2703 454 EVANGELIA.

3428 391 3540 448 ΞΜ

259 513 402 570 rium
448 528 669 571 suarum
706 513 1001 584 modulum,
1031 530 1212 588 neque
1253 516 1573 589 scripturas,
1611 516 1846 588 qualiter
1869 523 1925 585 Α
1945 513 2072 570 lus:
2106 510 2248 579 Quia
2291 507 2527 580 sepultus
2553 515 2663 574 est,
2694 513 2745 563 et
2768 505 2895 580 quia
2938 505 3224 561 resurrexit
3253 506 3410 560 tertia
3451 503 3541 561 die

257 607 329 663 ad
358 605 634 664 Christum
661 609 1002 680 pertineant,
1047 609 1396 682 investigare,
1429 624 1606 681 neque
1633 610 1702 666 ad
1731 609 1844 681 glo-
1943 605 2231 663 secundum
2252 601 2633 673 scripturas,et
2655 599 2781 673 quia
2806 599 3052 672 apparuit
3073 595 3262 670 Ceplue
3283 605 3334 652 et
3357 604 3542 669 postea

258 699 418 767 riam,
444 717 606 772 quam
629 718 754 758 cum
777 701 996 760 Christo
1022 702 1223 760 habere
1249 703 1493 774 cupiunt,
1523 717 1624 774 per
1645 703 1848 778 passio-

256 808 358 857 nes
385 795 791 851 tribulationum
817 795 1132 852 desiderant
1152 795 1450 868 attingere?

329 884 401 940 Et
439 889 980 960 appropinquaverunt
1024 888 1260 956 castello,
1302 906 1403 960 quo
1447 889 1629 957 ibant,
1655 901 1702 946 et
1741 891 1850 962 ipse

256 997 313 1036 se
351 979 507 1050 ﬁnxit
537 980 742 1052 longius
787 983 883 1048 ire,
933 991 981 1037 et
1025 992 1300 1054 coegerunt
1351 983 1534 1050 illum,
1578 984 1848 1039 dicentes:

260 1072 421 1128 Hane
449 1072 750 1139 nobiscum,
776 1081 885 1130 etc.
928 1072 1074 1128 Nihil
1109 1073 1336 1145 simplex
1368 1075 1568 1130 veritas
1607 1090 1704 1146 per
1756 1075 1852 1130 du-

257 1165 558 1238 plicitatem
585 1163 733 1220 fecit.
766 1165 873 1220 Sed
901 1163 1045 1236 quod
1071 1164 1270 1220 dicitur
1300 1183 1312 1218 :
1344 1161 1531 1219 Finxit
1560 1181 1614 1219 se
1644 1163 1850 1235 longius

257 1252 358 1319 ire,
402 1255 562 1311 talem
603 1271 662 1312 se
701 1257 946 1312 exhibuit
990 1256 1271 1326 discipulis
1315 1257 1372 1312 in
1402 1270 1632 1328 corpore
1677 1255 1852 1327 qualis

259 1347 402 1418 apud
428 1345 548 1402 illos
577 1346 633 1402 in
665 1355 848 1403 mente
873 1357 1013 1404 erat.
1040 1347 1313 1403 Probandi
1340 1357 1521 1403 autem
1541 1353 1699 1402 erant
1724 1346 1847 1414 sibi,

259 1441 352 1510 qui
383 1455 504 1496 eum
543 1441 648 1498 etsi
685 1443 918 1499 necdum
945 1451 1008 1499 ut
1045 1443 1220 1499 Deum
1249 1443 1554 1516 diligerent,
1583 1442 1762 1499 saltim
1791 1451 1854 1499 ut

262 1533 602 1604 peregrinum
631 1549 818 1591 amare
843 1535 1163 1606 potuissent.
1201 1533 1307 1590 Sed
1342 1535 1469 1606 quia
1508 1550 1631 1590 esse
1669 1541 1852 1590 extra-

260 1624 350 1680 nei
379 1639 410 1678 a
440 1625 709 1682 charitate
733 1643 843 1682 non
871 1634 1146 1697 poterant,
1181 1626 1236 1682 bi
1266 1641 1389 1682 cum
1426 1625 1620 1698 quibus
1649 1625 1851 1682 veritas

260 1716 630 1789 gradiebatur,
661 1733 786 1775 eum
812 1719 881 1775 ad
927 1720 1257 1791 hospitium,
1302 1719 1458 1792 quasi
1503 1720 1851 1790 peregrinum

1946 697 2214 754 undecim.

2017 792 2088 848 Et
2129 792 2230 863 ipsi
2260 789 2550 846 narrabant
2577 802 2696 860 quae
2734 794 2879 858 gesta
2914 794 3063 841 erant
3101 786 3158 840 in
3192 785 3296 850 via,
3335 791 3385 837 et
3410 798 3544 854 quo-

1948 886 2104 942 modo
2144 891 2495 956 cognouerunt
2538 897 2687 946 eum,
2736 886 2841 935 etc.
2878 877 3083 934 Praeter
3117 879 3221 934 hoc
3253 876 3398 948 quod
3441 889 3544 946 pro

1951 977 2147 1034 merito
2177 975 2376 1032 mentis
2401 988 2610 1039 eorum,
2637 971 2816 1026 adhuc
2842 969 3175 1040 ignorantes,
3207 968 3352 1041 quod
3377 982 3544 1038 opor-

1952 1071 2102 1130 tebat
2140 1068 2420 1126 Christum
2468 1066 2608 1122 mori
2647 1072 2704 1121 et
2753 1076 3058 1133 resurgere,
3106 1061 3284 1118 simile
3340 1058 3548 1131 aliquid

1951 1177 2144 1218 eorum
2187 1161 2331 1218 oculi
2358 1160 2508 1232 passi
2550 1164 2710 1224 sunt,
2749 1169 2859 1211 non
2899 1155 3128 1209 veritate
3173 1152 3412 1221 fallente,
3448 1152 3548 1211 sed
3602 1175 3618 1240 ξ

1952 1253 2087 1324 ipsis
2126 1253 2412 1308 veritatem
2456 1250 2741 1322 percipere
2781 1263 2892 1306 non
2935 1245 3265 1314 valentibus,
3297 1256 3352 1303 et
3399 1247 3550 1304 aliud
3607 1244 3616 1275 τ

1953 1363 2116 1418 quam
2139 1361 2227 1402 res
2249 1353 2334 1402 est
2359 1344 2727 1417 opinantibus,
2755 1341 2893 1398 certi
2920 1339 3086 1396 etiam
3110 1339 3355 1410 mysterii
3379 1353 3549 1395 causa

1954 1438 2157 1494 factum
2187 1446 2291 1505 est,
2321 1445 2385 1494 ut
2406 1437 2487 1493 eis
2528 1436 2585 1492 in
2618 1435 2711 1491 illo
2741 1433 2848 1489 alia
2895 1431 3276 1489 ostenderetur
3318 1428 3548 1502 elligies,

1952 1538 2008 1586 et
2035 1529 2117 1586 sic
2144 1545 2270 1586 eum
2302 1529 2520 1586 nonnisi
2558 1529 2614 1583 in
2659 1526 2927 1582 fractione
2967 1523 3126 1595 panis
3166 1529 3548 1596 agnoscerent.

1952 1622 2033 1679 Ne
2074 1623 2365 1695 quisquam
2406 1637 2467 1679 se
2510 1621 2790 1679 Christum
2818 1618 3106 1691 agnovisse
3135 1617 3453 1685 arbitretur,
3500 1617 3553 1676 si

1953 1715 2072 1786 ejus
2097 1715 2345 1788 corporis
2369 1714 2642 1787 particeps
2672 1728 2780 1769 non
2807 1719 2912 1780 est,
2944 1711 3001 1768 id
3033 1719 3119 1768 est
3145 1709 3422 1780 Ecclesiae,
3453 1725 3553 1767 cu—

261 1817 474 1864 vocant.
519 1809 630 1866 Cur
665 1818 848 1867 autem
877 1811 1128 1879 dicimus,
1158 1819 1374 1879 vocant,
1402 1827 1527 1867 cum
1572 1811 1684 1868 illic
1714 1811 1851 1868 scri—
1946 1804 2037 1875 jus
2079 1805 2350 1862 unitatem
2375 1805 2432 1862 in
2469 1810 2816 1862 sacramento
2841 1803 3002 1874 panis
3028 1803 3374 1892 commendat
3397 1801 3550 1873 Apo—

260 1907 412 1970 ptum
441 1900 534 1967 sit,
557 1908 612 1956 et
640 1911 935 1975 coegerunt
956 1902 1145 1958 illum?
1168 1917 1236 1958 ex
1261 1917 1371 1974 quo
1393 1902 1652 1958 nimirum
1675 1917 1856 1958 exem—
1881 1908 1929 1968 Β
1956 1899 2150 1968 stolus,
2172 1899 2360 1957 dicens
2389 1917 2403 1954 :
2438 1896 2583 1954 Unus
2623 1897 2799 1970 panis,
2835 1911 3002 1952 unum
3040 1911 3230 1966 corpus
3271 1894 3426 1950 multi
3459 1911 3554 1952 su-

261 1990 348 2062 plo
371 1991 657 2063 colligitur,
687 1993 814 2064 quia
835 1994 1108 2066 peregrini
1133 2010 1242 2050 non
1263 1993 1447 2053 solum.
1460 1993 1529 2050 ad
1559 1993 1857 2065 hospitium

260 2079 524 2136 invitandi
555 2091 702 2151 sunt,
731 2083 828 2140 sed
851 2083 1022 2139 etiam
1047 2084 1318 2140 trahendi.

331 2171 402 2228 Et
435 2173 637 2243 factum
684 2184 760 2231 est
803 2177 930 2232 dum
974 2177 1292 2232 recumberet
1327 2194 1446 2232 cum
1487 2175 1616 2244 illis,
1659 2177 1858 2248 accepit

258 2283 448 2338 panem
479 2275 530 2323 et
567 2268 857 2334 benedixit,
904 2278 1010 2326 etc.
1045 2269 1217 2338 Quem
1255 2271 1312 2326 in
1355 2270 1641 2341 scripturae
1686 2285 1860 2326 sacra:

259 2358 601 2428 expositione
628 2374 738 2415 non
765 2369 1163 2431 cognoverunt,
1191 2362 1246 2414 in
1292 2360 1448 2430 panis
1479 2360 1743 2415 fractione
1769 2375 1862 2416 co-

259 2458 548 2521 gnoscunt.
599 2449 882 2506 Audiendo
947 2459 1217 2522 praecepta
1263 2451 1358 2506 Dei
1407 2451 1693 2507 illuminati
1751 2467 1860 2508 non

262 2547 412 2606 sunt,
451 2538 701 2594 faciendo
728 2539 1018 2594 illuminati
1065 2548 1208 2595 sunt.
1241 2538 1378 2607 Quia
1420 2540 1684 2612 scriptum
1733 2554 1856 2598 est:

262 2630 392 2685 Non
418 2631 687 2686 auditores
713 2631 838 2702 legis
861 2632 998 2702 justi
1025 2641 1148 2686 sunt
1186 2631 1328 2703 apud
1365 2631 1551 2698 Deum,
1579 2633 1670 2688 sed
1697 2634 1862 2705 facto-

261 2737 346 2776 res
373 2720 502 2793 legis
523 2722 958 2792 justiﬁcabuntur
985 2721 1164 2796 (Rom.
1193 2722 1275 2795 ιι).
1309 2723 1567 2794 Quisquis
1590 2741 1721 2796 ergo
1743 2725 1859 2780 vult

262 2813 449 2869 audita
493 2815 818 2887 intelligere,
863 2815 1083 2872 festinet
1122 2830 1188 2871 ea
1233 2829 1356 2887 quae
1395 2811 1512 2885 jam
1557 2815 1859 2887 intelligere

261 2907 461 2977 potuit,
488 2923 653 2981 opere
679 2909 928 2980 implere.

335 2995 407 3052 Et
426 2996 536 3070 ipse
562 2999 768 3054 euanuit
797 3015 862 3054 ea:
882 2997 1046 3055 oculis
1074 3015 1256 3054 eorum
1275 3009 1323 3056 et
1351 2999 1599 3056 dixerunt
1621 3013 1640 3054 :
1665 2999 1858 3058 Nonne

261 3101 356 3141 cor
395 3095 636 3142 nostrum
677 3088 869 3144 ardens
915 3097 1028 3144 erat
1072 3088 1129 3144 in
1164 3089 1332 3146 nobis.
1385 3090 1598 3163 Ignem,
1647 3092 1856 3164 inquit,

261 3178 380 3233 ueni
404 3179 605 3236 mittere
642 3179 699 3234 in
740 3188 964 3246 terram,
1003 3188 1055 3235 et
1093 3180 1220 3252 quid
1250 3179 1389 3245 volo,
1430 3182 1532 3237 nisi
1572 3191 1632 3237 ut
1667 3182 1856 3239 ardeat

1959 2007 2098 2058 mus,
2131 1997 2194 2046 ut
2234 2004 2359 2045 cum
2401 1987 2519 2058 ejus
2560 1986 2909 2043 benedictum
2961 1999 3159 2056 panem
3208 1984 3575 2057 porrigeret,

1960 2081 2304 2152 aperirentur
2330 2079 2474 2136 oculi
2518 2092 2709 2135 eorum
2744 2085 2799 2134 et
2837 2085 3197 2149 agnoscerent
3233 2091 3377 2132 eum.
3407 2076 3556 2147 Ape-

1960 2174 2176 2230 riuntur
2205 2175 2395 2246 utique
2419 2173 2488 2229 ad
2519 2169 2639 2241 ejus
2665 2171 3052 2244 cognitionem,
3103 2178 3312 2228 remoto
3343 2169 3554 2227 scilicet

1960 2264 2370 2335 impedimento,
2395 2278 2504 2336 quo
2531 2263 2880 2327 tenebantur,
2911 2277 2981 2318 ne
3009 2269 3384 2335 agnoscerent.
3429 2258 3553 2317 Non

1962 2363 2145 2412 autem
2175 2357 2598 2427 incongruenter
2622 2355 2954 2426 accipiamus
2978 2355 3085 2410 hoc
3103 2354 3554 2426 impedimentum

1961 2446 2021 2502 in
2065 2447 2241 2504 oculis
2284 2462 2475 2504 eorum
2515 2463 2548 2502 a
2585 2447 2788 2502 Satana
2837 2445 3027 2512 fuisse,
3060 2463 3130 2502 ne
3169 2455 3556 2517 agnosceretur

1961 2533 2140 2604 Jesus,
2169 2538 2267 2594 sed
2296 2546 2478 2594 tamen
2503 2553 2534 2593 a
2583 2537 2802 2593 Christo
2831 2536 2978 2594 facta
3015 2544 3100 2594 est
3138 2538 3424 2608 permissio
3461 2553 3556 2594 us-

1961 2644 2068 2701 que
2092 2630 2162 2686 ad
2190 2639 2595 2687 sacramentum
2621 2630 2799 2702 panis,
2826 2637 2890 2685 ut
2915 2629 3125 2684 unitate
3159 2629 3406 2698 corporis
3435 2629 3556 2700 ejus

1957 2723 2281 2796 participata
2308 2724 2576 2781 removeri
2610 2722 2944 2795 intelligatur
2977 2722 3426 2793 impedimentum
3450 2723 3557 2780 ini-

1957 2815 2112 2885 mici,
2133 2823 2197 2873 ut
2222 2813 2472 2874 Christus
2495 2815 2669 2888 possit
2688 2814 2930 2886 agnosci.
2956 2813 3150 2871 Amen.

2330 2952 2538 3011 FERlA
2573 2951 2828 3010 TERTIA
2861 2950 3181 3012 PASCHAE.

2315 3087 2514 3131 ιεοτιο
2539 3089 2756 3131 Αετυυιι
2784 3088 3194 3131 Ανοετοιοιιυκ.

2037 3215 2058 3252 ι
2095 3195 2338 3270 Surgens
2357 3196 2561 3253 Paulus
2579 3204 2636 3252 et
2664 3212 2829 3252 manu
2859 3196 3135 3252 silentium
3166 3195 3412 3254 indicens
3437 3195 3555 3257 ait:

265 3272 420 3346 (Luc.
446 3273 599 3348 xxi)?
626 3274 812 3349 Ignem
843 3275 1042 3348 quippe
1068 3275 1332 3333 Dominus
1358 3277 1415 3334 in
1443 3285 1649 3333 terram
1683 3278 1855 3346 misit,

1972 3310 1988 3349 ι
2024 3292 2142 3350 Viri
2165 3291 2388 3358 fratres,
2417 3291 2516 3348 lilii
2542 3290 2761 3364 generis
2785 3290 3081 3355 Abraham,
3111 3297 3168 3345 et
3189 3290 3283 3360 qui
3311 3290 3366 3345 in
3399 3292 3558 3350 vobis

261 3383 391 3425 cum
419 3367 603 3424 aﬂlatu
638 3370 860 3440 spiritus
895 3369 1072 3426 sancti
1112 3386 1209 3427 cor
1253 3369 1551 3427 carnalium
1601 3369 1860 3438 incendit,

263 3473 324 3521 et
356 3473 503 3522 terra
532 3464 708 3533 ardet,
743 3481 866 3522 cum
903 3479 1000 3522 cor
1037 3465 1338 3522 carnalium
1363 3465 1420 3518 in
1456 3464 1568 3520 suis
1593 3465 1745 3536 prius
1774 3479 1866 3521 vo-

265 3556 569 3628 luptatibus
610 3557 868 3628 frigidum
922 3557 1184 3629 relinquit
1231 3557 1698 3628 concupiscentias
1727 3573 1868 3628 prae-

265 3651 442 3706 sentis
484 3651 667 3708 saeculi
695 3659 752 3706 et
790 3650 1097 3708 incenditur
1124 3651 1193 3707 ad
1233 3665 1475 3708 amorem
1508 3651 1643 3706 Dei:
1674 3649 1867 3707 Nonne

265 3758 363 3798 cor
388 3752 647 3810 nostrum,
678 3742 952 3814 inquiunt,
987 3742 1180 3798 ardens
1210 3752 1322 3798 erat
1350 3743 1408 3797 in
1445 3743 1592 3798 nobis
1639 3741 1765 3796 dum
1792 3740 1868 3796 lo-

267 3841 517 3906 queretur
541 3834 597 3890 in
625 3835 727 3901 via,
755 3843 807 3889 et
826 3834 1047 3906 aperiret
1073 3833 1220 3889 nobis
1241 3835 1548 3905 scripturas.
1575 3833 1656 3888 Ex
1681 3833 1868 3890 audito

270 3925 477 3995 quippe
507 3939 758 3980 sermone
806 3925 1105 3980 inardescit
1143 3925 1359 3980 animus
1402 3924 1665 3996 corporis,
1695 3922 1868 3996 frigus

269 4014 504 4082 recedit,
538 4015 600 4070 lit
625 4032 780 4073 mens
818 4016 874 4070 in
905 4031 1139 4088 superno
1163 4014 1437 4072 desiderio
1471 4016 1650 4083 anxia,
1680 4031 1712 4070 a
1739 4031 1868 4072 con-

265 4107 626 4176 cupiscentiis
664 4109 898 4165 terrenis
938 4109 1135 4165 aliena.
1174 4109 1344 4165 Amor
1371 4124 1554 4176 verus,
1591 4109 1684 4180 qui
1726 4109 1868 4166 hanc

267 4198 584 4269 repleverit,
615 4199 670 4254 in
713 4199 926 4256 ﬂetibus
972 4202 1202 4257 cruciat.
1236 4201 1344 4258 Sed
1385 4202 1511 4257 dum
1541 4201 1636 4256 tali
1674 4201 1869 4257 ardore

267 4292 570 4357 cruciatur,
605 4292 736 4364 ipsis
769 4292 884 4348 suis
925 4293 1258 4350 cruciatibus
1299 4295 1563 4365 pascitur,
1606 4293 1794 4349 audire
1818 4292 1870 4348 ei

270 4385 410 4440 libet
428 4393 696 4455 praecepta
719 4383 980 4440 ccelestia.
1008 4385 1076 4441 Et
1101 4387 1243 4458 quod
1268 4385 1540 4440 mandatis
1560 4384 1871 4452 instruitur,

272 4477 432 4548 quasi
459 4483 538 4530 tot
568 4474 777 4532 facibus
806 4477 1202 4533 inﬂammatur.

353 4568 422 4622 Et
457 4579 729 4640 surgentes
767 4570 951 4625 eadem
991 4570 1123 4625 hora
1164 4569 1386 4642 regressi
1416 4579 1540 4625 sunt
1578 4571 1634 4625 in
1673 4567 1870 4624 Hieru-

275 4662 441 4719 salem
461 4703 476 4728 ,
521 4673 627 4719 etc.
677 4661 798 4720 Jam
835 4673 956 4720 erat
988 4662 1152 4730 fama,
1181 4663 1324 4734 quod
1352 4673 1666 4720 surrexerat
1691 4661 1869 4729 Jesus,
1895 4657 1949 4717 D

278 4754 350 4808 ab
378 4752 482 4809 illis
510 4752 824 4810 mulieribus
854 4753 1018 4819 facta,
1044 4762 1100 4808 et
1123 4769 1156 4808 a
1187 4753 1408 4810 Simone
1436 4753 1619 4820 Petro,
1647 4753 1735 4808 cui
1755 4753 1872 4824 jam

278 4853 630 4915 apparuerat,
662 4846 765 4902 hoc
787 4847 933 4901 enim
961 4847 1052 4902 isti
1085 4847 1190 4902 duo
1215 4847 1542 4903 invenerunt
1565 4847 1870 4918 loquentes,

278 4938 351 4993 ad
381 4954 518 5009 quos
564 4941 619 4994 in
667 4937 1006 4996 Hierusalem
1043 4949 1328 4997 venerunt.
1371 4940 1518 4996 Fieri
1561 4941 1743 5012 itaque
1776 4956 1872 5012 po-

280 5042 413 5099 test,
457 5041 515 5087 ut
559 5034 751 5089 timore
784 5034 935 5106 prius
979 5034 1031 5089 in
1061 5035 1150 5091 via
1193 5035 1469 5090 noluerint
1507 5034 1687 5090 dicere
1729 5033 1874 5105 quod

281 5142 409 5181 eum
457 5126 740 5182 audierant
786 5129 1182 5195 resurrexisse,
1234 5128 1449 5198 quando
1499 5127 1874 5182 tantummodo

282 5217 506 5286 angelos
531 5217 785 5274 dixerunt
817 5219 964 5275 visos
1009 5234 1131 5276 esse
1174 5219 1512 5274 mulieribus.
1555 5218 1874 5290 lgnOrantes

283 5308 432 5363 enim
461 5324 583 5364 cum
610 5324 717 5379 quo
746 5309 1114 5380 loquerentur,
1143 5311 1340 5367 merito
1369 5317 1594 5381 possent
1616 5324 1740 5366 esse
1771 5308 1876 5365 sol—

283 5397 442 5465 liciti,
470 5415 541 5456 ne
585 5401 717 5472 quid
759 5402 961 5472 passim
1001 5402 1070 5458 de
1107 5402 1309 5458 Christi
1352 5401 1752 5459 resurrectione
1788 5399 1876 5472 ja-

281 5499 523 5558 ctantes,
569 5495 625 5551 in
657 5510 848 5550 manus
903 5495 1205 5551 inciderent
1241 5493 1571 5552 Iudaeorum.
1621 5495 1876 5552 Omnium

283 5599 420 5656 ergo
447 5584 692 5642 virorum
713 5586 890 5657 primo
919 5585 1178 5642 Dominus
1208 5587 1520 5658 apparuisse
1545 5587 1766 5661 legitur,
1797 5587 1878 5642 in-

284 5676 552 5750 telligitur
583 5679 765 5746 Petro,
793 5695 861 5735 ex
885 5679 972 5734 his
999 5679 1263 5734 duntaxat
1289 5678 1541 5734 omnibus
1561 5694 1695 5750 quos
1716 5694 1876 5734 evan-

284 5769 494 5844 gelista:
534 5781 781 5843 quatuor,
809 5780 866 5828 et
889 5771 1088 5827 Paulus
1117 5768 1392 5842 apostolus
1417 5784 1877 5826 commemorave-

285 5872 438 5927 runt.
479 5863 744 5937 Loquitur
771 5865 914 5922 enim
945 5864 1013 5920 ad
1037 5861 1350 5925 Corinthios
1375 5863 1442 5922 de
1476 5862 1707 5922 Domino
1734 5861 1876 5926 Pau~

731 5960 998 6027 Panos.
1031 5957 1165 6031 Cll.

1975 3401 1995 3438 s
2034 3384 2228 3439 timent
2251 3382 2442 3449 Deum,
2470 3382 2627 3437 vobis
2650 3381 2877 3436 verbum
2905 3380 3096 3435 salutis
3124 3380 3285 3451 hujus
3327 3381 3558 3438 missum

1974 3495 1996 3531 s
2031 3484 2118 3534 est
2139 3491 2154 3532 :
2177 3476 2280 3545 Qui
2309 3477 2455 3532 enim
2489 3474 2808 3532 habitabant
2832 3473 3172 3530 Hierusalem
3200 3483 3256 3530 et
3282 3475 3558 3546 principes

1974 3588 1995 3624 ι
2033 3568 2173 3640 ejus,
2222 3569 2537 3641 ignorantes
2585 3565 2770 3622 Jesum
2813 3573 2870 3622 et
2912 3581 3076 3622 voces
3123 3564 3558 3643 Prophetarum,

1975 3682 1995 3718 ‹
2033 3678 2154 3736 quas
2179 3677 2278 3735 per
2301 3677 2462 3718 omne
2491 3661 2777 3718 sabbatum
2805 3659 3078 3733 leguntur,
3120 3659 3429 3731 judicantes
3455 3659 3560 3716 im-

1975 3774 1997 3810 ι
2031 3757 2335 3828 pleverunt.
2379 3755 2450 3811 Et
2479 3753 2684 3811 nullam
2711 3760 2935 3810 causam
2981 3753 3175 3809 mortis
3223 3753 3562 3810 invenientes

1975 3866 1996 3902 ι
2033 3847 2091 3904 in
2127 3863 2215 3915 eo,
2251 3846 2526 3918 petierunt
2565 3861 2598 3900 a
2644 3843 2853 3911 Pilato,
2901 3851 2963 3900 ut
2996 3843 3368 3901 interﬁcerent
3409 3859 3559 3901 eum.

1976 3957 1998 3994 s
2033 3939 2281 4011 Cumque
2302 3945 2774 3996 consummassent
2800 3937 3006 4004 omnia,
3031 3953 3152 4008 quae
3169 3935 3238 3993 de
3265 3952 3332 3993 eo
3355 3938 3564 4009 scripta

1975 4049 1996 4085 ι
2035 4039 2210 4098 erant,
2255 4031 2584 4102 deponentes
2630 4043 2757 4085 eum
2819 4027 2888 4084 de
2932 4027 3100 4100 ligno,
3147 4037 3450 4098 posuerunt
3505 4027 3564 4082 in

1977 4141 1997 4177 ι
2032 4129 2403 4179 monumento.
2434 4122 2578 4178 Deus
2604 4135 2736 4176 vero
2773 4118 3057 4175 suscitavit
3096 4133 3220 4173 eum
3248 4133 3280 4172 a
3306 4117 3559 4173 mortuis.

1977 4230 1997 4265 ι
2034 4212 2138 4281 Qui
2167 4212 2316 4267 visus
2344 4219 2429 4267 est
2471 4226 2570 4282 per
2598 4211 2717 4267 dies
2751 4208 2949 4265 multos
3002 4208 3088 4265 bis
3129 4207 3222 4278 qui
3270 4207 3430 4262 simul
3475 4223 3565 4264 as-

1979 4323 1998 4358 ι
2033 4303 2332 4361 cenderant
2357 4319 2480 4359 cum
2523 4318 2590 4360 eo
2614 4303 2682 4358 de
2707 4302 2926 4359 Galiltea
2954 4302 3008 4356 in
3058 4300 3430 4369 Hierusalem,
3470 4303 3567 4375 qui

1979 4414 1998 4449 ι
2034 4411 2204 4469 usque
2225 4411 2367 4452 nunc
2385 4403 2511 4451 sunt
2531 4402 2699 4450 testes
2718 4393 2836 4465 ejus
2853 4393 2920 4450 ad
2939 4393 3171 4465 plebem.
3197 4393 3264 4449 Et
3285 4409 3386 4451 nos
3409 4395 3565 4452 vobis

1979 4508 2000 4543 α
2038 4490 2421 4546 annuntiamus
2446 4504 2588 4554 eam,
2630 4503 2751 4559 qua:
2793 4487 2861 4542 ad
2894 4493 3079 4557 patres
3119 4493 3339 4542 nostros
3368 4502 3562 4558 repro-

1981 4599 2000 4633 ι
2037 4581 2226 4637 missio
2251 4579 2396 4636 facta
2425 4589 2537 4645 est,
2570 4579 2829 4650 quoniam
2877 4578 3020 4634 hanc
3061 4577 3204 4634 Deus
3249 4579 3564 4650 adimplevit

1981 4688 2000 4724 ι
2039 4669 2166 4726 filiis
2194 4671 2410 4726 vestris.
2445 4668 2796 4724 Resuscitans
2837 4665 3022 4722 Jesum
3060 4666 3337 4724 Christum
3373 4668 3560 4724 Domi-

1981 4780 2001 4814 (
2040 4777 2170 4818 num
2197 4769 2498 4816 nostrum.»

2047 4851 2277 4924 Surgens
2312 4850 2518 4907 Paulus
2563 4860 2611 4907 et
2648 4868 2810 4907 manu
2854 4851 3122 4907 silentium
3168 4851 3404 4907 indicens
3444 4853 3562 4907 ait:

1981 4943 2096 4999 Viri
2122 4943 2334 5014 fratres,
2357 4942 2456 5012 ﬁlii
2473 4944 2677 5014 generis
2701 4944 2986 5010 Abraham,
3009 4953 3116 5000 etc.
3143 4943 3344 5000 Omnes
3366 4946 3564 5016 quibus

1973 5035 2079 5092 ista
2129 5035 2452 5106 loquebatur
2495 5035 2808 5106 Apostolus,
2851 5038 3150 5093 secundum
3196 5054 3414 5094 carnem
3469 5037 3562 5090 ﬁlii

1975 5129 2210 5185 Abrahae
2247 5138 2436 5196 erant,
2465 5130 2608 5186 sicut
2633 5139 2689 5186 et
2715 5130 2817 5202 ipsi
2852 5132 2919 5188 de
2947 5148 3008 5189 se
3043 5133 3174 5205 ipsis
3202 5134 3306 5190 hoc
3348 5133 3400 5186 in
3445 5131 3565 5185 loco

1976 5219 2263 5274 dixerunt:
2295 5217 2485 5276 Semen
2521 5220 2748 5277 Abrahae
2769 5238 2976 5289 sumus,
3005 5231 3053 5278 et
3094 5221 3228 5277 nulli
3260 5221 3565 5276 seruiuimus

1977 5329 2232 5384 unquam,
2258 5321 2316 5368 et
2342 5313 2506 5369 item:
2536 5310 2702 5369 Pater
2741 5322 2918 5371 noster
2941 5313 3211 5369 Abraham
3250 5321 3345 5378 est,
3379 5318 3434 5366 et
3461 5311 3568 5366 Do-

1979 5405 2157 5462 minus
2204 5405 2348 5461 illis:
2376 5405 2500 5462 Scio
2525 5405 2652 5479 quia
2677 5405 2778 5478 ﬁlii
2804 5406 3031 5464 Abralue
3075 5408 3218 5462 estis.
3258 5403 3570 5459 Imitatione

1978 5497 2125 5554 enim
2167 5512 2276 5552 non
2313 5497 2410 5554 lilii
2450 5497 2685 5556 Abrahae
2724 5508 2884 5557 erant
2918 5499 3030 5566 illi,
3059 5497 3257 5570 quibus
3302 5496 3569 5555 Dominus

1978 5588 2302 5659 loquebatur
2336 5609 2352 5651 :
2393 5589 2497 5648 Vos
2524 5609 2590 5648 ea:
2622 5601 2774 5664 patre
2811 5590 3021 5646 diabolo
3049 5589 3210 5657 estis;
3248 5589 3394 5645 unde
3436 5603 3570 5660 ergo

1976 5679 2148 5738 Judaei
2177 5681 2272 5738 lilii
2297 5682 2530 5739 diaboli?
2548 5698 2656 5738 non
2678 5681 2951 5740 nascendo
2977 5681 3072 5738 sed
3102 5680 3400 5738 imitando:
3439 5675 3568 5745 V08.

1981 5773 2158 5847 inquit
2195 5774 2474 5842 Dominus,
2501 5790 2566 5830 ea:
2601 5782 2751 5845 patre
2791 5771 3004 5828 diabolo
3046 5774 3168 5830 estis
3212 5782 3262 5830 et
3305 5769 3570 5828 desideria

1977 5867 2146 5943 patris
2182 5865 2336 5927 vestri
2381 5865 2555 5939 facere
2606 5861 2780 5922 vultis.
2825 5862 2966 5924 Ecce
3011 5864 3156 5926 unde
3189 5863 3284 5921 ﬁlii
3328 5858 3570 5921 diaboli!

3090 5958 3132 6033 8
