4030 6530
411 398 578 466 ~835

1747 380 2106 449 SMARAGDI
2142 372 2438 444 ABBATIS

3648 387 3793 446 236

472 528 604 597 Qum
630 522 759 582 sunt
790 523 937 580 illius
958 508 1266 577 desideria?
1293 516 1397 573 me
1432 507 1697 572 homicida
1724 516 1926 572 eratab
1952 516 2057 571 ini-
2079 510 2135 577 Α
2157 515 2507 569 monumento
2535 518 2697 565 nemo
2727 502 2854 566 ante
2884 492 3064 577 illum,
3104 508 3269 567 nemo
3312 509 3439 582 post
3470 502 3630 566 illum
3681 523 3793 568 se—

470 622 566 685 tio,
593 627 646 675 et
677 633 769 673 vos
802 612 1036 687 auaritia
1058 626 1142 670 me
1177 604 1435 667 occidere.
1466 611 1608 666 Ecce
1636 608 1906 680 quomodo
1935 609 2059 665 imi-

474 713 685 769 tatione
709 709 802 764 ﬁlii
831 705 1067 763 diaboli?
1103 704 1241 760 Nam
1268 712 1325 759 et
1348 703 1443 757 ﬁlii
1474 711 1632 758 erant
1657 702 1890 759 Abrahae
1932 717 2060 774 pro-

470 816 597 878 pter
637 802 903 876 originem
944 799 1147 864 carnis,
1191 798 1389 868 quibus
1419 798 1525 853 ista
1550 796 1839 867 Apostolus
1873 795 2061 866 loque-

471 900 651 961 batur,
681 901 738 949 et
759 891 857 948 ﬁlii
881 889 1220 954 imitationis,
1248 896 1473 960 propter
1491 889 1799 944 castitatem
1827 887 2056 944 timoris.

473 990 682 1059 Quibus
727 985 1040 1058 specialiter
1069 982 1287 1039 dicebat
1324 1001 1338 1037 :
1367 989 1424 1038 et
1454 982 1549 1053 qui
1580 982 1638 1037 in
1671 981 1827 1038 vobis
1864 980 2060 1037 timent

418 1096 423 1101 ‘
473 1085 670 1140 Deum.

550 1175 777 1232 Verbum
802 1171 990 1229 salutis
1016 1172 1237 1226 missum
1259 1176 1356 1226 est.
1388 1168 1491 1242 (Ex
1517 1166 1768 1239 Hieron.)
1797 1165 1934 1221 Illud
1960 1165 2063 1221 uti-

471 1284 599 1340 que,
643 1267 711 1323 de
750 1280 859 1335 quo
902 1264 1070 1319 Isaias
1099 1263 1176 1318 ait
1211 1274 1229 1317 :'
1263 1260 1494 1317 Verbum
1530 1260 1672 1315 misit
1719 1259 1979 1314 Dominus
2005 1259 2063 1312 in

471 1358 641 1414 Jacob
669 1366 719 1412 et
763 1356 949 1412 cecidit
988 1356 1047 1411 in
1092 1352 1265 1410 Israel
1310 1352 1479 1426 (Isai.
1535 1352 1638 1425 ιι),
1667 1352 1722 1407 id
1765 1361 1882 1417 est,
1916 1350 2066 1406 misit

476 1452 623 1517 Deus
652 1448 819 1505 ﬁlium
843 1464 999 1505 suum
1017 1489 1031 1513 ,
1060 1448 1131 1503 de
1158 1462 1269 1518 quo
1292 1444 1530 1502 Joannes
1556 1445 1669 1500 ait:
1703 1443 1770 1499 In
1804 1444 2061 1516 principio

473 1550 586 1598 erat
623 1537 848 1595 Verbum
868 1548 920 1593 et
951 1537 1177 1593 Verbum
1201 1547 1311 1591 erat
1337 1536 1479 1608 apud
1509 1536 1678 1591 Deum
1700 1544 1748 1589 et
1772 1535 1914 1589 Deus
1949 1542 2061 1589 erat

488 1633 732 1699 Verbum,
760 1634 831 1689 ad
866 1631 1055 1697 Iacob,
1086 1632 1139 1687 id
1180 1639 1291 1694 est,
1339 1630 1407 1685 ad
1432 1627 1668 1692 Judaaos,
1707 1635 1763 1682 et
1806 1627 1956 1683 venit
1996 1626 2065 1681 ad

472 1728 658 1793 Israel,
691 1727 794 1783 hoc
841 1732 954 1791 est,
1003 1724 1072 1779 ad
1118 1722 1363 1795 gentium
1413 1721 1691 1791 populum.
1737 1718 1836 1773 Dei
1881 1725 2064 1772 autem

2159 601 2346 674 pultus
2376 600 2482 658 est.

2231 694 2372 749 Deus
2409 710 2527 749 vero
2569 693 2840 748 suscitavit
2866 709 2986 748 eum
3012 709 3045 748 a
3081 691 3328 750 mortuis.
3357 689 3535 749 Radix
3568 706 3789 751 amara

2161 786 2341 842 crucis
2378 786 2614 851 evanuit,
2652 785 2752 841 ﬂos
2779 785 2907 841 vita:
2948 801 3074 841 cum
3120 784 3390 841 fructibus
3431 784 3683 845 surrexit
3721 785 3788 841 in

2161 878 2349 952 gloria.
2384 877 2510 935 Haec
2538 887 2621 935 est
2639 880 2793 952 virga
2813 879 3019 947 Aaron,
3041 894 3162 951 qua:
3187 888 3309 953 post
3336 878 3648 936 siccitatem
3672 878 3789 943 ﬂo-

2159 975 2288 1028 ruit.
2316 973 2483 1047 Virga
2513 973 2661 1029 enim
2686 981 2812 1046 post
2842 973 3152 1031 ariditatem
3174 974 3477 1041 viresceus,
3506 972 3788 1029 Christus

2162 1078 2250 1125 est
2290 1075 2415 1141 post
2452 1050 2695 1147 mortem
2715 1083 3030 1141 resurgens,
3069 1069 3164 1142 qui
3204 1075 3289 1127 est
3316 1066 3416 1126 llos
3458 1068 3783 1145 virginum,

2163 1174 2365 1217 corona
2392 1169 2716 1234 martyrum,
2747 1161 2920 1233 gratia
2942 1152 3359 1216 continentium.

2238 1254 2343 1322 Qui
2383 1253 2526 1309 visus
2556 1263 2633 1308 est
2679 1270 2774 1325 per
2816 1252 2926 1308 dies
2972 1250 3188 1317 multos.
3233 1251 3293 1308 Id
3334 1258 3453 1318 est,
3492 1266 3594 1325 per
3644 1251 3783 1307 dies

2165 1344 2543 1416 quadraginta.
2588 1345 2707 1401 Non
2758 1353 2941 1403 tamen
2990 1344 3071 1400 eis
3124 1358 3225 1416 per
3274 1358 3468 1401 omnes
3517 1344 3783 1415 quadra-

2166 1437 2313 1508 ginta
2344 1435 2464 1493 illos
2503 1434 2617 1492 dies
2650 1435 2908 1491 continuo
2937 1436 3219 1511 apparuit,
3259 1434 3355 1491 sed
3399 1436 3618 1507 quoties
3663 1452 3777 1493 vo-

2165 1530 2296 1595 luit,
2342 1528 2535 1599 quibus
2586 1528 2758 1584 voluit
2813 1534 2869 1584 et
2917 1527 3374 1601 quemadmodum
3427 1528 3605 1585 voluit
3661 1544 3773 1602 ap—

2167 1622 2373 1694 paruit.

2242 1710 2341 1768 His
2373 1713 2464 1786 qui
2503 1711 2663 1769 simul
2707 1714 3052 1770 ascenderunt
3094 1732 3212 1769 cum
3254 1732 3315 1777 eo
3354 1715 3419 1772 de
3451 1716 3680 1773 Galila’a
3710 1719 3775 1773 iis

474 1819 716 1876 Verbum
761 1818 877 1889 ipse
917 1823 1001 1871 est
1031 1814 1127 1871 Dei
1172 1812 1362 1867 Filius.
1408 1811 1750 1881 Quapropter
1775 1824 1896 1865 cum
1939 1823 2065 1864 eum
2096 1882 2137 1889 _
2172 1803 2525 1874 Hierusalem,
2555 1815 2661 1862 etc.
2697 1805 2857 1863 Salva
2891 1805 3117 1864 historia
3153 1807 3436 1865 videamus
3468 1809 3774 1883 intelligen-

476 1911 645 1969 Pater
671 1882 853 1965 Verbo
877 1906 1027 1962 misit
1055 1921 1088 1960 a
1116 1905 1300 1969 Patre,
1331 1912 1389 1960 ct
1426 1903 1482 1957 in
1512 1900 1693 1957 Verbo
1719 1902 1838 1972 ejus
1863 1899 2066 1955 factum
2094 1882 2144 1942 Β
2172 1897 2324 1952 tiam.
2355 1896 2577 1954 Galilrea
2610 1914 2844 1971 namque
2876 1899 3279 1975 transmigratio
3308 1899 3450 1959 facta
3492 1901 3771 1974 interpre-

472 2010 584 2067 θα,
612 2009 673 2056 ut
699 2000 1027 2055 mitteretur.
1061 1997 1205 2069 Ergo
1232 2012 1263 2049 a
1302 1995 1467 2049 Patre
1491 2001 1547 2050 et
1574 1993 1711 2049 Filio
1742 1993 1944 2048 missus
1985 2001 2070 2048 est

475 2091 621 2151 idem
655 2089 851 2155 Filius,
878 2088 1005 2160 quia
1037 2087 1274 2144 Verbum
1314 2085 1495 2140 Patris
1522 2093 1610 2140 est
1646 2085 1764 2156 ipse
1795 2083 1985 2149 Filius,
2014 2084 2069 2139 in

474 2185 595 2255 ipso
627 2182 725 2239 Dei
752 2182 949 2247 Verbo,
975 2180 1118 2250 quod
1146 2187 1267 2235 erat
1293 2179 1349 2233 in
1392 2178 1659 2249 principio
1697 2177 1839 2248 apud
1872 2176 2065 2243 Deum,

475 2282 534 2333 et
558 2275 703 2331 Deus
735 2282 875 2339 erat,
902 2273 959 2331 in
994 2273 1109 2343 ipsa
1139 2271 1348 2327 scilicet
1375 2270 1639 2341 sapientia
1675 2267 1770 2324 Dei
1793 2276 1933 2334 erat,
1962 2284 2069 2340 quo

477 2375 722 2438 tempore
751 2367 991 2424 Verbum
1033 2378 1163 2420 caro
1189 2361 1365 2429 ﬁeret,
1398 2369 1455 2418 et
1479 2361 1751 2417 habitaret
1791 2362 1846 2416 in
1890 2360 2065 2416 nobis.

479 2458 615 2526 Qua
640 2456 920 2530 plenitudo
956 2455 1220 2525 temporis
1259 2469 1384 2509 cum
1418 2453 1687 2519 venisset,
1735 2452 1886 2508 misit
1927 2452 2070 2509 Deus

442 2594 449 2599 .
475 2550 676 2609 Filium
696 2565 854 2607 suum
880 2546 1085 2604 factum
1109 2561 1178 2602 ex
1203 2544 1451 2612 muliere,
1476 2551 1537 2600 ut
1565 2544 1911 2601 incarnatum
1934 2543 2069 2600 Ver-

478 2643 612 2701 bum
631 2640 948 2698 bominibus
973 2640 1282 2709 appareret.

450 2776 453 2777 ν
556 2733 660 2799 Qui
681 2730 822 2790 enim
846 2728 1157 2791 habitabant
1204 2725 1534 2785 Hierusalem
1559 2735 1607 2780 et
1634 2725 1895 2796 principes
1933 2723 2065 2794 ejus,

475 2832 586 2882 etc.
622 2822 725 2895 (Ex
751 2818 942 2892 Beda.)
970 2818 1111 2875 Hinc
1137 2818 1197 2873 in
1234 2816 1462 2873 Actibus
1508 2814 1891 2886 Apostolorum
1924 2813 2067 2868 scri-

475 2923 632 2988 ptum
657 2918 780 2969 est:
813 2910 989 2968 Moses
1016 2907 1155 2966 enim
1178 2925 1210 2964 a
1238 2906 1554 2979 temporibus
1584 2907 1812 2977 antiquis
1841 2903 1993 2959 habet
2014 2904 2069 2958 in

479 3006 703 3078 singulis
744 3003 1041 3060 civitatibus
1066 3002 1156 3073 qui
1181 3018 1300 3056 eum
1328 2999 1575 3073 prtedicet
1602 2999 1656 3054 in
1684 2999 1983 3071 sgnagogis,
2014 2999 2069 3053 in

482 3099 571 3154 his
608 3096 932 3153 testimoniis
954 3093 1243 3151 manifeste
1287 3091 1612 3162 declaratur,
1643 3086 1768 3162 quia
1798 3091 1958 3146 lectio
1994 3091 2071 3145 le—

483 3192 570 3269 gis
616 3189 706 3247 vel
740 3190 1133 3262 prophetarum
1177 3203 1208 3245 a
1241 3184 1443 3245 Iudaeis
1488 3184 1714 3242 sabbato
1758 3196 1973 3254 semper
2015 3182 2068 3238 in

482 3283 774 3359 synagogis
798 3282 1102 3354 legebatur.

553 3376 786 3450 Cumque
820 3381 1264 3433 consummassent
1307 3372 1486 3431 omnia
1519 3386 1636 3443 qua:
1674 3370 1740 3425 de
1778 3385 1838 3425 eo
1874 3370 2068 3439 scripta

479 3480 624 3532 sunt.
660 3468 764 3544 (Ex
785 3467 1037 3541 August.)
1068 3468 1196 3525 Haec
1230 3467 1396 3523 verba
1423 3472 1479 3521 et
1507 3463 1745 3523 Joannes
1774 3464 1879 3519 hoc
1907 3462 2068 3518 modo

480 3569 693 3628 narrat,
725 3561 909 3617 dicens
932 3573 948 3614 :
977 3557 1165 3615 Postea
1197 3560 1366 3612 sciens
1392 3557 1569 3620 Jesus,
1594 3555 1720 3626 quia
1746 3554 1923 3610 omnia
1946 3570 2072 3608 con-

484 3661 745 3713 summata
756 3660 897 3717 sunt,
913 3662 969 3704 ut
984 3658 1434 3705 consumtnaretur
1446 3648 1723 3716 Scriptura
1739 3644 1889 3701 dicit:
1910 3642 2064 3712 Sitio,

484 3750 590 3800 etc.
622 3739 802 3816 (Joan.
829 3738 966 3811 xxx).
1013 3739 1255 3800 Peractis
1280 3737 1530 3795 omnibus
1567 3736 1743 3802 Jesus,
1780 3751 1901 3806 quas
1940 3744 2069 3791 ante

486 3852 641 3897 suam
666 3844 897 3892 mortem
922 3832 1106 3905 peragi
1134 3832 1440 3903 oportebat,
1472 3830 1686 3901 quando
1719 3828 1887 3889 voluit
1913 3836 1969 3885 et
1995 3829 2070 3884 siv-

480 3910 583 3985 hcut
604 3927 776 3985 voluit
801 3924 1025 3983 tradidit
1048 3923 1320 3995 spiritum.

562 4021 881 4094 Deponentes
908 4034 1025 4089 eum
1052 4016 1116 4071 de
1157 4015 1320 4087 ligno.
1340 4014 1388 4071 A
1415 4014 1563 4073 Moss
1602 4015 1656 4072 in
1682 4028 1866 4072 eremo
1892 4030 2067 4072 atreus

487 4127 711 4185 serpens
751 4110 896 4182 ligno
916 4123 1210 4181 suspensus
1237 4115 1353 4172 est,
1382 4113 1441 4163 ut
1469 4105 1732 4163 Dominus
1757 4113 1813 4162 et
1852 4106 1911 4161 in
1946 4122 2063 4163 sero

482 4212 650 4277 pente
676 4209 921 4260 mortuus
961 4199 1144 4273 (Joau.
1168 4213 1262 4263 tu;
1310 4195 1476 4259 Num.
1497 4195 1612 4269 XXI)
1634 4236 1648 4261 ,
1690 4204 1747 4252 et
1776 4197 1831 4252 in
1859 4211 1967 4251 aere
1994 4196 2068 4251 si-

485 4293 835 4369 gniﬁcaretur
859 4300 1117 4356 aeternus,
1148 4287 1430 4354 videlicet,
1459 4296 1519 4344 ut
1551 4288 1884 4346 indicaretur
1915 4303 2065 4344 mor-

485 4394 614 4441 tuus
637 4400 735 4455 per
759 4382 1151 4438 humanitatem
1168 4420 1184 4446 ,
1211 4388 1266 4437 et
1296 4388 1479 4435 tamen
1503 4387 1651 4436 esset
1684 4379 1840 4450 quasi
1884 4395 2066 4436 ancus

485 4491 585 4549 per
608 4473 968 4533 divinitatem.

561 4566 678 4641 (Ea:
723 4565 1030 4636 Eucherio.)
1079 4562 1221 4632 Quid
1275 4561 1706 4633 respondendum
1742 4570 1826 4619 est
1860 4561 2065 4620 Judaais

486 4658 863 4733 objicientibus
882 4656 1251 4719 testimonium
1264 4656 1419 4717 illud.
1456 4654 1768 4711 Maledictus
1786 4657 1956 4712 omnis
1975 4659 2065 4731 qui

486 4742 674 4825 pendet
718 4752 773 4806 in
797 4750 981 4823 ligno?
1011 4750 1351 4805 Maledictum
1392 4763 1514 4805 esse
1548 4750 1823 4807 hominem
1869 4753 1960 4822 qui
2006 4755 2061 4809 in

488 4849 637 4921 ligno
659 4848 909 4921 pendeat,
951 4847 1045 4907 sed
1073 4846 1322 4912 noxium,
1349 4860 1455 4902 non
1484 4845 1848 4903 innocentem.
1877 4847 2065 4921 Neque

487 4940 635 4996 enim
675 4938 995 4997 innocentia
1021 4946 1203 5010 potest
1223 4950 1345 4995 esse
1372 4936 1718 5011 maledictum
1744 4955 1903 5011 plena
1938 4956 2065 5013 pec-

488 5032 617 5088 cati.
643 5029 856 5088 Etenim
885 5031 929 5087 si
974 5029 1333 5089 Mardocheus
1362 5040 1664 5101 praeparato
1693 5032 1840 5103 ligno
1864 5048 2065 5105 appen-

487 5140 581 5181 sus
604 5123 927 5181 sententiam
957 5123 1119 5196 regite
1144 5122 1484 5181 crudelitatis
1506 5124 1797 5194 explesset,
1824 5126 2064 5197 nunquid

486 5230 611 5271 cum
639 5214 861 5287 dignum
885 5214 987 5271 hac
1028 5213 1406 5273 maledictieue
1427 5214 1767 5286 iudicarent?
1797 5216 1913 5271 Non
1946 5232 2066 5273 om—

487 5308 616 5363 nino
662 5307 865 5363 idcirco
893 5306 1154 5371 Dominus
1197 5317 1384 5364 noster
1425 5308 1682 5379 pependit
1719 5308 1773 5363 in
1810 5308 1972 5379 ligno,
2006 5317 2067 5367 ut

485 5414 586 5454 nos
628 5415 658 5454 a
705 5398 921 5463 delicto,
948 5399 1094 5471 quod
1129 5400 1185 5461 in
1224 5398 1373 5472 ligno
1405 5397 1581 5455 fuerat
1608 5398 1930 5469 perditionis
1962 5401 2061 5456 ad-

488 5495 736 5561 missum,
762 5494 907 5566 ligno
927 5508 1194 5565 appellans
1220 5493 1548 5549 absolveret.

560 5580 855 5638 Posuerunt
882 5587 940 5640 in
970 5592 1324 5645 monumento.
1351 5582 1453 5654 (Ex
1491 5581 1741 5653 August.)
1780 5583 1839 5637 lu
1873 5598 2065 5640 monu-

489 5683 673 5732 mento
701 5690 839 5731 novo
868 5675 1076 5747 positus
1102 5684 1187 5731 est
1222 5672 1399 5739 Jesus,
1427 5674 1482 5729 in
1507 5687 1615 5742 quo
1645 5675 1887 5729 nondum
1915 5674 2064 5744 quis-

487 5783 648 5838 quam
674 5767 884 5839 positus
910 5774 1045 5831 erat,
1076 5766 1221 5822 sicut
1239 5765 1292 5819 in
1322 5764 1546 5835 virginis
1567 5773 1721 5819 utero
1751 5780 1911 5822 nemo
1934 5777 2063 5825 ante

487 5861 661 5931 illum,
705 5877 867 5919 nemo
902 5867 1025 5933 post
1066 5858 1215 5914 illum
1245 5865 1537 5929 conceptus
1575 5867 1677 5925 est,
1730 5860 1802 5914 ita
1852 5862 1903 5917 in
1959 5863 2060 5922 hoc

2153 1996 2341 2056 tatur,
2372 1990 2711 2067 Hierusalem
2741 1991 2877 2047 visio
2906 1993 3075 2063 pacis.
3106 1992 3185 2047 llli
3207 1993 3355 2049 enim
3381 2009 3506 2050 cum
3530 1994 3770 2052 Domino

2171 2081 2239 2135 de
2281 2080 2499 2137 Galilrea
2545 2083 2905 2141 ascenderunt
2952 2084 3007 2138 in
3056 2082 3432 2152 Hierusalem,
3469 2087 3563 2157 qui
3612 2088 3770 2159 prius

2171 2172 2264 2229 hic
2286 2174 2541 2229 vitiorum
2583 2174 2825 2230 fomitem
2871 2184 3208 2247 respuentes,
3249 2177 3319 2233 ad
3347 2177 3613 2239 virtutum
3646 2179 3768 2235 cul-

2170 2265 2320 2321 mina
2375 2267 2782 2339 transmigrant.
2832 2267 2912 2322 llli
2965 2267 3204 2336 scilicet,
3243 2284 3367 2327 cum
3417 2270 3779 2342 redemptore

2171 2365 2359 2412 nostro
2381 2373 2411 2411 a
2436 2359 2689 2428 passione
2717 2358 2783 2414 ad
2812 2360 3288 2429 resurrectiOnem,
3324 2377 3353 2417 a
3382 2372 3555 2418 morte
3580 2363 3656 2418 ad
3690 2364 3777 2420 vi-

2171 2452 2304 2512 tam,
2330 2461 2360 2500 a
2398 2462 2560 2517 pcena
2588 2448 2654 2503 ad
2696 2449 2940 2519 gloriam,
2969 2466 3001 2504 a
3033 2451 3379 2522 corruptione
3418 2453 3485 2508 ad
3514 2453 3774 2512 incorru-

2170 2536 2415 2607 ptionem
2470 2539 2935 2610 transmigrabant
3006 2541 3059 2597 in
3124 2538 3479 2599 Hierusalem.
3542 2544 3771 2602 Caelesti

2171 2628 2497 2698 quandoque
2562 2629 2731 2684 Deum
2781 2630 2886 2685 laeti
2946 2631 3242 2700 videbunt,
3300 2635 3393 2706 qui
3453 2635 3544 2692 hic
3605 2636 3771 2694 modo

2169 2722 2321 2778 vitiis
2367 2722 2639 2779 derelictis
2683 2724 2752 2779 ad
2801 2724 3069 2782 virtutum
3106 2726 3486 2784 celsitudinem
3527 2730 3770 2787 transie-

2172 2817 2306 2873 rint.

2244 2908 2314 2962 Et
2339 2926 2433 2964 nos
2463 2910 2607 2965 vobis
2635 2913 3011 2969 annuntiamus
3032 2931 3094 2969 ea
3121 2932 3239 2987 qua?
3264 2916 3333 2973 ad
3354 2927 3532 2991 patres
3559 2929 3769 2977 uestros

2171 2992 2506 3074 repromissio
2535 3003 2677 3074 facta
2709 3014 2803 3073 est,
2836 3015 2943 3062 etc.
2968 3006 3201 3066 Abrahae
3229 3011 3372 3069 enim
3405 3010 3613 3073 dictum
3643 3023 3764 3069 est:

2165 3089 2230 3150 in
2257 3102 2310 3149 te
2338 3095 2730 3153 benedicentur
2770 3098 3038 3155 universae
3074 3102 3432 3172 cognationes
3461 3110 3647 3165 terrae.
3676 3104 3769 3163 Ja-

2174 3187 2275 3241 cob
2304 3194 2525 3242 autem:
2559 3187 2628 3243 Et
2660 3189 3034 3246 benedicentur
3068 3193 3122 3247 in
3159 3203 3207 3247 te
3247 3204 3294 3249 et
3336 3195 3393 3251 in
3434 3198 3636 3257 semine
3674 3207 3767 3255 tuo

2172 3286 2376 3333 cuncta:
2413 3278 2581 3334 tribus
2609 3289 2782 3337 terra’.
2813 3282 2965 3351 Quod
3008 3284 3299 3356 Apostolus
3328 3303 3607 3359 exponens
3642 3291 3763 3346 ait:

2172 3367 2297 3423 Non
2327 3371 2459 3426 dixit
2494 3373 2549 3427 in
2579 3375 2880 3441 seminibus,
2912 3376 3004 3431 sed
3038 3377 3091 3432 in
3123 3380 3319 3434 semine
3361 3389 3474 3448 tuo,
3512 3383 3656 3455 quod
3687 3393 3765 3440 est

2170 3459 2427 3520 Christus.
2453 3464 2651 3522 Semen
2675 3468 2891 3538 quidem
2918 3469 3150 3527 Abraha:
3172 3470 3423 3531 Christus
3451 3483 3556 3541 est,
3588 3477 3642 3532 in
3671 3494 3769 3533 cu-

2163 3554 2254 3625 jus
2278 3556 2513 3613 nominis
2543 3556 2646 3613 ﬁde
2673 3562 2926 3617 omnibus
2957 3570 3114 3617 terrae
3144 3560 3362 3621 familiis
3386 3563 3590 3623 ludatis
3616 3570 3770 3627 vide-

2167 3647 2297 3703 licet
2330 3658 2387 3704 et
2420 3650 2672 3721 gentibus
2706 3660 2789 3708 est
2826 3652 3134 3712 benedictio
3172 3659 3521 3728 repromissa,
3552 3659 3609 3717 id
3645 3670 3763 3731 est,

2170 3737 2469 3809 signiﬁcat,
2518 3741 2655 3796 dabo
2685 3742 2840 3798 vobis
2883 3753 3073 3801 sancta
3116 3744 3287 3801 David
3321 3747 3523 3816 ﬁdelia,
3562 3750 3619 3807 id
3648 3761 3764 3820 est,

2168 3846 2504 3905 quaecunque
2532 3834 2700 3890 David
2728 3836 2977 3906 promisi,
3000 3838 3192 3896 eadem
3219 3840 3373 3899 vobis
3397 3842 3573 3903 ﬁdelis
3598 3860 3765 3917 spon—

2169 3936 2260 3980 sor
2290 3924 2545 3995 implebo,
2589 3925 2865 3985 Christum
2894 3928 3105 3988 scilicet
3131 3932 3197 3990 de
3225 3930 3344 4009 ejus
3373 3934 3547 4013 stirpe
3582 3937 3764 4003 uascic

2168 4023 2351 4071 turum
2359 4056 2372 4070 .

2524 4122 2862 4168 EVANGELIUM
2897 4129 3074 4181 LUCE,
3103 4129 3225 4170 CAP.
3251 4130 3400 4173 ιιιν.

2246 4219 2264 4253 ι
2303 4198 2468 4258 Stetit
2500 4200 2658 4259 Jesus
2696 4202 2749 4259 in
2790 4204 2969 4261 medio
2996 4206 3381 4278 discipulorum
3416 4224 3662 4277 suorum,
3705 4220 3766 4271 et

2174 4311 2196 4345 ι
2232 4293 2308 4348 ait
2338 4293 2476 4351 illis:
2508 4292 2621 4351 Pax
2645 4297 2819 4365 vobis,
2847 4313 2947 4368 ego
2972 4313 3110 4362 sum,
3146 4299 3312 4356 nolite
3344 4301 3580 4358 timere:
3615 4302 3762 4359 Con-

2174 4402 2194 4436 ι
2235 4383 2436 4440 turbati
2460 4401 2592 4443 vero
2613 4394 2670 4442 et
2696 4390 2979 4445 conterriti
3009 4390 3394 4449 existimabant
3418 4409 3476 4449 se
3505 4395 3765 4469 spiritum

2175 4495 2193 4527 ι
2229 4477 2433 4532 videre.
2468 4477 2534 4532 Et
2557 4478 2694 4534 dixit
2734 4480 2814 4535 eis
2847 4498 2859 4534 :
2888 4480 3027 4548 Quid
3054 4482 3252 4538 turbati
3282 4484 3434 4552 estis,
3462 4493 3517 4541 et
3552 4488 3765 4559 cogita.

2175 4591 2193 4618 ι
2232 4568 2406 4624 tiones
2452 4571 2753 4641 ascendunt
2796 4571 2849 4626 in
2893 4573 3056 4630 corda
3099 4583 3301 4641 vestra,
3339 4574 3518 4633 videte
3559 4592 3762 4634 manus

2179 4676 2197 4709 ι
2232 4673 2382 4716 meas
2409 4668 2465 4716 et
2492 4661 2676 4731 pedes,
2706 4662 2832 4733 quia
2860 4678 2960 4736 ego
2989 4665 3104 4735 ipse
3146 4681 3286 4732 sum,
3324 4666 3538 4740 palpate
3581 4676 3638 4725 et
3670 4670 3761 4725 vi-

2178 4769 2198 4805 t
2234 4754 2376 4821 dete,
2403 4754 2530 4826 quia
2559 4755 2784 4825 spiritus
2820 4772 3040 4813 carnem
3071 4768 3126 4813 et
3154 4774 3276 4814 ossa
3307 4775 3415 4816 non
3458 4760 3655 4829 habet,
3684 4763 3763 4817 si-

2177 4865 2197 4900 s
2233 4856 2326 4903 cut
2359 4863 2448 4904 me
2483 4847 2680 4905 videtis
2716 4849 2941 4907 habere.
2983 4849 3052 4906 Et
3081 4868 3201 4907 cum
3249 4851 3363 4909 haec
3395 4853 3642 4921 dixisset,
3669 4869 3763 4911 os—

2177 4954 2196 4992 t
2232 4939 2404 4995 tendit
2438 4939 2518 4995 eis
2563 4956 2755 4999 manus
2783 4951 2840 4998 et
2869 4944 3055 5014 pedes.
3083 4943 3275 4999 Adhuc
3300 4952 3480 5001 autem
3511 4944 3617 5001 illis
3646 4960 3757 5002 non

2177 5046 2198 5081 ι
2232 5030 2577 5088 credentibus
2602 5041 2657 5088 et
2686 5033 3010 5091 mirantibus
3047 5048 3160 5104 prae
3202 5035 3397 5108 gaudio
3433 5035 3614 5093 dixit:
3647 5034 3760 5093 Ha-

2175 5140 2195 5174 c
2229 5121 2369 5179 betis
2391 5123 2483 5180 hic
2508 5124 2713 5196 aliquid
2740 5128 2885 5198 quod
2913 5126 3307 5184 .manducetur?
3330 5127 3401 5184 At
3439 5126 3512 5185 illi
3541 5129 3758 5188 obtule-

2172 5232 2192 5265 σ
2229 5222 2356 5269 runt
2380 5215 2429 5271 ei
2454 5224 2664 5287 partem
2694 5218 2860 5289 piscis
2884 5219 2993 5275 assi
3018 5227 3073 5274 et
3099 5217 3283 5276 favum
3309 5220 3506 5279 mellis.
3533 5221 3606 5283 Et
3627 5239 3755 5280 cum

2172 5323 2192 5358 ‹
2228 5309 2609 5364 nanducasset
2650 5324 2836 5365 coram
2883 5312 2992 5377 eis,
3037 5327 3257 5369 sumens
3301 5313 3558 5389 reliquias
3606 5315 3756 5376 dedit

2170 5419 2190 5454 ι
2225 5401 2331 5467 eis,
2357 5409 2413 5456 et
2449 5399 2585 5456 dixit
2612 5401 2679 5457 ad
2708 5415 2839 5458 eos:
2869 5400 2996 5460 Haec
3025 5412 3151 5460 sunt
3183 5398 3349 5462 verba
3377 5422 3499 5479 qua:
3518 5405 3755 5465 locutus

2172 5511 2192 5545 ι
2227 5506 2347 5548 sum
2375 5491 2444 5547 ad
2468 5506 2567 5549 vos
2594 5508 2714 5548 cum
2744 5495 2919 5550 adhuc
2944 5511 3119 5552 essem
3158 5497 3459 5563 vobiscum,
3489 5498 3750 5571 quoniam

2171 5601 2193 5636 ‹
2225 5599 2449 5642 necesse
2494 5593 2577 5643 est
2624 5585 2839 5657 impleri
2883 5589 3065 5646 omnia
3113 5604 3232 5660 qua:
3280 5590 3482 5661 scripta
3521 5598 3650 5648 sunt
3694 5590 3753 5648 in

2171 5698 2193 5734 ι
2226 5681 2346 5753 lege
2389 5681 2559 5756 Moysi
2598 5692 2654 5739 et
2680 5684 2957 5756 prophetis
2998 5693 3052 5740 et
3090 5685 3315 5756 psalmis
3357 5686 3423 5743 de
3461 5702 3566 5744 me.
3596 5684 3751 5744 Tunc

2173 5793 2192 5826 ‹
2230 5776 2440 5845 aperuit
2487 5776 2593 5832 illis
2627 5792 2865 5843 sensum,
2909 5785 2971 5833 ut
3003 5777 3368 5850 intelligerent
3422 5779 3747 5850 scripturas.

2173 5885 2192 5920 ‹
2231 5868 2298 5923 Et
2329 5868 2464 5925 dixit
2505 5868 2583 5925 eis
2617 5884 2631 5923 :
2666 5870 2929 5938 Quoniam
2978 5871 3059 5928 sic
3103 5872 3363 5942 scriptum
3403 5881 3521 5941 est,
3564 5883 3621 5930 et
3666 5873 3757 5945 sit;
