4030 6452
241 418 355 486 131

1082 414 1603 487 COLLECTIONES
1642 420 1711 485 IN
1750 422 2132 485 EPISTOLAS
2168 422 2259 481 ET
2296 420 2707 484 EVANGELIA.

3406 422 3513 489 Q38

246 559 271 609 ξ
308 520 597 612 opem
638 539 755 611 peti
796 538 1079 603 Christum
1110 549 1171 599 et
1207 554 1492 615 mansere
1533 558 1565 598 a
1594 542 1822 599 mortuis
1847 543 1900 606 Α
1922 555 2157 611 nemque
2172 541 2563 599 dubitationem
2585 542 2762 599 desua
2785 543 3184 607 resurrectione
3197 545 3511 619 tollendum

245 630 1827 708 «dictorumotpmdioariinnomineejuspoeni-

244 740 267 777 ι
309 726 537 785 tentiam
584 733 644 791 et
698 726 1077 795 remissionem
1139 739 1487 802 peccatorum
1529 731 1587 787 in
1637 743 1827 791 omnes

245 833 267 868 ι
304 823 517 887 guttas.
539 836 561 871 ι
798 883 810 895 ο

312 906 468 966 Stetit
488 909 647 975 Iesus
670 911 727 975 in
754 912 927 969 medio
951 913 1332 987 discipulorum
1363 935 1580 975 suorum
1613 928 1663 976 et
1693 920 1828 976 dicit

237 1000 349 1057 illis
360 994 392 1058 ἐ
420 999 540 1059 Pas;
564 1002 731 1073 vobis,
763 1020 857 1075 ego
881 1022 1020 1074 sunt,
1050 1006 1211 1063 nolite
1237 1010 1440 1066 timere.
1467 1009 1621 1069 Hanc
1644 1019 1827 1068 osten-

240 1097 452 1153 sionem
475 1095 691 1157 Domini
719 1106 842 1169 post
858 1102 1337 1170 resurrectionem,
1352 1103 1657 1163 etJnannes
1682 1121 1829 1165 com-

238 1196 525 1254 memorat,
555 1188 783 1249 dicens:
811 1188 945 1253 Cant
982 1202 1114 1253 esset
1138 1210 1257 1253 sero
1281 1196 1483 1253 dieillo
1507 1214 1617 1253 una
1640 1198 1828 1254 sabba-

236 1285 417 1333 torum
440 1287 489 1335 et
522 1277 663 1349 fores
700 1289 873 1347 οωςιμ
909 1280 1105 1343 claua!
1133 1285 1223 1340 ubi
1251 1294 1403 1343 erant
1427 1286 1676 1358 discipuli
1702 1304 1829 1345 cow-

237 1370 441 1440 gregati
465 1379 678 1442 propter
702 1381 897 1429 metum
923 1373 1257 1443 Judaeum,
1285 1379 1421 1435 venit
1444 1376 1623 1444 Iesus.
1652 1387 1701 1434 et
1727 1388 1830 1434 sto-

237 1462 300 1517 tit
326 1462 385 1515 in
412 1460 584 1527 taedio
605 1471 655 1519 et
679 1462 810 1527 dicit
836 1464 919 1527 eis,
938 1479 957 1517 :
984 1462 1109 1523 Pas:
1138 1466 1280 1527 vobis
1310 1468 1492 1537 (Jortin.
1517 1468 1661 1540 ult).
1688 1468 1828 1537 Quid

236 1553 437 1623 mirum
463 1553 507 1611 si
535 1553 738 1621 clausis
753 1554 939 1624 januis
959 1567 1085 1627 post
1111 1561 1569 1621 resurrectionem
1589 1574 1744 1619 suam
1772 1564 1829 1619 in

235 1652 499 1709 aeternum
523 1642 641 1716 jam
687 1646 930 1707 victurus
975 1648 1231 1716 intravit,
1260 1651 1353 1721 qui
1396 1652 1694 1718 moriturus
1737 1669 1830 1711 ve-

236 1736 413 1807 niens,
444 1752 557 1799 non
581 1747 773 1809 aperto
800 1746 956 1801 utero
987 1741 1213 1814 virginis
1251 1744 1437 1807 exivit.
1466 1744 1620 1813 Quod
1646 1753 1828 1803 autem

237 1828 653 1899 dicit‘iomtues,
696 1850 805 1897 non
848 1851 977 1898 cum
1003 1836 1112 1895 illis
1151 1836 1321 1899 fuisse
1354 1847 1483 1898 tunc
1521 1841 1826 1910 apostolum

1929 628 2133 686 Parnm
2163 627 2265 686 fuit
2283 630 2454 688 oculis
2479 646 2538 689 se
2563 631 2850 691 videndum
2875 634 3136 704 prtebere,
3162 634 3208 693 si
3235 652 3345 693 non
3375 653 3521 709 prae-

1927 718 2085 775 beret
2110 718 2275 775 etiam
2310 720 2561 777 manibus
2608 725 3075 795 contrectandum.
3109 725 3214 795 Qui
3250 726 3383 801 dum
3406 728 3520 803 pa].

1926 808 2106 879 panda
2125 809 2403 883 discipulis
2417 825 2543 867 ossa
2561 810 2890 885 carnemque
2908 823 3309 887 prmmonstrat,
3330 826 3519 895 aperte

1928 906 2133 955 statum
2162 914 2303 957 verse
2330 901 2769 968 resurrectionis,
2795 919 2916 975 qua:
2942 914 2997 960 et
3023 906 3085 963 in
3106 922 3166 965 se
3202 924 3347 981 nunc
3370 907 3517 985 facta

1929 1000 1986 1047 et
2017 991 2073 1046 in
2107 990 2265 1051 nobis
2285 1000 2371 1051 est
2419 992 2602 1051 futura
2628 993 2922 1066 signiﬁcat,
2956 997 3087 1069 quia
3109 1015 3219 1057 non
3242 1000 3386 1079 sicut,
3409 1000 3519 1059 Eu-

1929 1083 2144 1155 tychius
2192 1084 2806 1159 Constantinopolitanae
2862 1088 3013 1146 urbis
3056 1092 3345 1165 episcopus
3384 1094 3521 1159 scri-

1928 1176 2078 1250 psit.
2111 1195 2131 1228 ι
2157 1175 2368 1248 Corpus
2399 1186 2647 1235 nostrum
2680 1179 2737 1234 in
2770 1179 2867 1235 illa
2891 1183 3309 1245 resurrectionis
3346 1186 3522 1262 gloria

1930 1268 2037 1323 erit
2081 1269 2454 1343 impalpabile,
2496 1272 2675 1331 ventis
2720 1287 2956 1347 aereque
3012 1275 3284 1335 subtilius.
3325 1278 3387 1353 In
3428 1280 3522 1336 illa

1927 1360 2074 1417 enim
2103 1362 2519 1421 resurrectionis
2544 1365 2716 1437 gloria
2737 1366 2843 1423 erit
2872 1382 3073 1440 corpus
3103 1377 3353 1426 nostrum
3393 1374 3522 1430 sub—

1930 1451 2022 1509 tile
2061 1454 2280 1525 quidem
2325 1471 2425 1527 per
2462 1456 2719 1531 ell‘ectutn
2766 1459 3063 1531 spiritualis
3102 1462 3382 1532 potentiae,
3426 1464 3524 1521 sed

1927 1546 2195 1618 palpabile
2228 1564 2326 1620 per
2350 1551 2637 1607 veritatem
2681 1561 2944 1609 naturas.»
2974 1553 3160 1627 Neque
3188 1557 3312 1617 huic
3344 1573 3527 1616 asser-

1931 1639 2063 1694 tioni
2092 1648 2315 1710 putetur
2350 1642 2594 1714 Apostoli
2637 1661 2817 1703 sermo
2846 1662 3148 1721 repugnare
3179 1668 3193 1705 :
3228 1650 3368 1718 Quia
3397 1669 3524 1708 caro

1929 1741 1979 1788 et
2022 1736 2238 1805 sanguis
2280 1752 2496 1807 regnum
2527 1738 2624 1793 Dei
2654 1756 2759 1794 non
2795 1741 3131 1811 possidebunt
3173 1742 3227 1816 (I
3252 1741 3375 1799 Cor.
3406 1746 3523 1817 xv).

1931 1827 2047 1885 Hoc
2069 1830 2214 1884 enim
2242 1829 2362 1887 loco
2386 1831 2678 1902 Apostolus
2700 1834 2883 1891 carnis
2907 1842 2964 1895 et
2983 1836 3262 1907 sanguinis
3283 1837 3525 1905 nomine,

238 1920 523 1991 Thomam,
549 1939 692 1993 cum,
719 1927 1018 1991 θωυμὼιω
1045 1928 1277 1997 Lucam,
1319 1931 1427 1987 duo
1466 1930 1562 1997 iui,
1592 1946 1823 2002 quorum
1852 1918 1900 1981 Β
1927 1937 2039 1978 non
2087 1924 2447 1979 substantiam
2496 1926 2613 1982 veri
2661 1927 2939 1997 corporis,
2979 1928 3077 1984 sed
3121 1929 3527 1999 corruptibnem

237 2022 358 2069 crat
385 2029 525 2070 unus
551 2013 837 2087 Cleopbas,
861 2020 1098 2090 regressi
1120 2020 1461 2083 Hierusalem
1508 2023 1831 2083 invenerunt

230 2117 601 2178 congregatos
642 2108 893 2175 undecim
926 2119 982 2166 et
1026 2126 1122 2171 eos
1166 2113 1259 2183 qui
1303 2128 1431 2175 cum
1458 2115 1592 2185 ipsis
1635 2123 1829 2181 erant,

234 2197 427 2269 procul
452 2198 617 2255 dubio
650 2200 1063 2273 intelligendum
1100 2213 1214 2272 est,
1259 2207 1402 2276 quod
1432 2206 1557 2264 inde
1595 2207 1831 2265 Thomas

236 2288 437 2347 exierit
464 2298 757 2362 antequam
786 2292 868 2349 eis
903 2293 1167 2351 Dominus
1203 2296 1320 2352 haec
1359 2296 1705 2365 loquentibus
1731 2311 1828 2366 ap-

233 2388 482 2453 pareret.

314 2471 627 2529 Conturbati
665 2490 785 2531 vero
828 2484 877 2533 st
925 2478 1200 2533 conterriti
1229 2477 1600 2533 existimabant
1631 2494 1686 2534 se
1725 2478 1834 2548 spi-

236 2563 408 2617 ritum
444 2563 636 2619 videre.
679 2564 839 2634 Quod
883 2567 1127 2637 baretici
1176 2568 1459 2631 κυλίοιιωὶ
1502 2570 1569 2627 de
1613 2570 1832 2627 Christo

236 2653 589 2723 suspicantur
630 2661 686 2709 et
715 2655 975 2724 credunt,
1014 2659 1141 2728 quia
1189 2674 1298 2715 non
1348 2668 1467 2715 erat
1509 2673 1642 2719 vera
1678 2675 1827 2725 caro,

238 2744 338 2800 sed
378 2745 603 2815 spiritus
640 2755 779 2814 erat,
826 2749 943 2813 haec
979 2750 1156 2820 prima
1199 2751 1459 2822 cogitatio
1498 2752 1735 2809 surrexit
1773 2754 1829 2808 in

239 2835 496 2905 cordibus
523 2838 910 2908 apostolorum.
939 2840 1008 2897 Et
1034 2840 1109 2897 illi
1135 2842 1354 2914 quidem
1383 2842 1661 2903 Manichaei
1692 2860 1831 2899 unn-

239 2940 406 3001 quam
445 2926 675 2993 credunt
697 2926 881 2993 Jesutn
910 2928 1079 2989 fuisse
1105 2931 1414 3001 hominem.
1456 2934 1704 3005 discipuli
1734 2951 1829 2991 au-

240 3027 354 3077 tem
381 3028 641 3089 noverant
668 3021 961 3087 hominem,
996 3038 1119 3093 cuin
1143 3040 1255 3096 quo
1290 3034 1572 3098 tantopere
1613 3027 1830 3087 fuerant

239 3112 567 3169 conversati.
610 3109 719 3168 Sed
764 3120 1119 3187 posteaquam
1154 3123 1403 3172 mortuus
1429 3124 1532 3184 est,
1564 3117 1707 3188 quod
1735 3133 1830 3175 no-

238 3216 435 3267 verant
469 3209 688 3279 quando
731 3210 1053 3276 crederent,
1098 3210 1202 3271 hoc
1229 3212 1472 3283 potuisse
1515 3214 1828 3271 resuscitari

1932 2014 2280 2072 mortalitatis
2324 2016 2610 2087 significat.
2644 2017 2797 2077 Sicut
2834 2020 2950 2090 ipse
2989 2030 3388 2092 consequenter
3431 2037 3529 2081 ex—

1931 2109 2133 2178 posuit,
2165 2110 2388 2166 dicens:
2426 2109 2611 2183 Neque
2651 2114 2918 2183 corruptio
2948 2113 3358 2185 incorruptelam
3405 2132 3529 2186 pos-

1934 2200 2144 2255 sidebit.
2189 2199 2363 2259 Aliter
2408 2215 2644 2273 namque
2685 2218 2812 2259 caro
2860 2203 3144 2275 Scriptura
3185 2222 3339 2262 sacra
3367 2206 3528 2277 juxta

1934 2298 2220 2356 naturam,
2266 2290 2425 2346 aliter
2460 2292 2614 2364 juxta
2661 2294 2900 2365 culpam,
2948 2295 3107 2351 aliter
3137 2296 3295 2367 juxta
3338 2314 3531 2355 corru-

1934 2377 2173 2446 ptionem
2204 2380 2577 2446 mortalitatis,
2603 2396 2723 2450 qua:
2764 2399 2832 2439 ex
2859 2383 3012 2455 culpa
3037 2387 3266 2457 contigit
3293 2389 3531 2458 appella«

1935 2476 2046 2534 tur,
2076 2469 2234 2539 juxta
2282 2478 2533 2527 naturam
2564 2471 2813 2541 quidem,
2851 2488 2975 2529 cum
3019 2475 3223 2530 dictum
3254 2483 3377 2531 est:
3410 2476 3529 2533 Hoc

1934 2577 2073 2616 nunc
2102 2578 2168 2617 ea:
2192 2561 2396 2618 ossibus
2434 2563 2560 2618 meis
2583 2572 2633 2618 et
2662 2580 2788 2619 caro
2819 2565 2883 2620 de
2907 2583 3067 2622 carne
3091 2584 3207 2622 mea
3236 2566 3391 2641 (Gen.
3418 2570 3480 2642 ll)
3511 2589 3527 2625 :

1931 2653 2005 2707 Et
2060 2652 2283 2708 Verbum
2327 2671 2451 2709 caro
2496 2655 2696 2725 factum
2739 2666 2849 2722 est,
2894 2665 2945 2715 et
2978 2658 3233 2714 habitavit
3282 2661 3339 2715 in
3380 2661 3530 2717 nobis

1934 2744 2118 2817 (Joan.
2146 2744 2209 2817 ι).
2236 2745 2397 2803 Juxta
2425 2746 2639 2818 cubem
2682 2762 2811 2803 vero
2839 2748 3039 2809 dicitur
3063 2771 3076 2804 :
3103 2748 3242 2806 Caro
3275 2750 3527 2822 concupi-

1930 2839 2026 2893 scit
2068 2838 2320 2897 adversus
2345 2839 2617 2909 spiritum,
2664 2848 2713 2895 et
2757 2840 2973 2911 spiritus
3012 2842 3263 2898 adversus
3291 2861 3525 2901 carnem.

1928 2927 2093 2985 Juxta
2121 2930 2631 3001 corruptibilitatem
2655 2939 2838 2991 autem
2865 2948 2987 2991 cum
3017 2934 3279 3005 scriptum
3310 2945 3394 2993 est
3419 2956 3430 2992 :
3454 2938 3529 2994 Et

1930 3022 2206 3077 memorati
2233 3029 2376 3089 sunt,
2403 3024 2530 3094 quia
2567 3038 2692 3078 caro
2717 3034 2865 3091 sunt,
2889 3026 3012 3087 ideo
3035 3025 3256 3098 fragiles
3281 3035 3337 3084 et
3362 3030 3530 3093 mori-

1926 3109 2116 3179 bundi,
2141 3113 2246 3169 hoc
2285 3114 2428 3171 enim
2455 3130 2515 3173 se
2538 3115 2722 3172 carnis
2752 3116 2971 3181 nomine
2998 3116 3314 3189 designasse
3354 3122 3530 3179 mani-

1926 3201 2096 3260 fcstat
2131 3205 2246 3277 ipse
2274 3203 2582 3273 Psalmista,
2618 3207 2709 3276 qui
2758 3208 3005 3278 protinus
3055 3208 3206 3266 addit
3248 3228 3261 3264 :
3295 3209 3528 3282 Spiritus

239 3300 388 3371 quod
413 3302 589 3372 ροωίι
623 3301 781 3361 mori.
803 3300 1075 3372 Apparuit
1100 3281 1247 3375 εει-80⁷
1269 3304 1443 3361 oculis
1474 3305 1718 3375 ipsorum
1750 3314 1830 3361 ια-
1856 3281 1901 3345 C
1933 3295 2126 3350 uadens
2160 3305 2209 3350 et
2244 3313 2348 3352 non
2376 3298 2581 3353 rediens
2623 3296 2849 3369 (Psalm.
2873 3300 3100 3371 Lxxvu).
3137 3281 3388 3371 Regnum
3423 3303 3530 3363 ita-

237 3392 326 3459 lis,
364 3393 580 3463 qualem
618 3393 768 3450 illum
796 3402 1084 3461 noverant,
1118 3402 1174 3455 et
1201 3409 1313 3453 non
1346 3396 1632 3452 credentes
1671 3396 1832 3455 tertia

234 3484 331 3545 die
361 3485 601 3557 posuisse
626 3501 811 3549 veram
853 3498 1075 3551 carnem
1118 3485 1185 3541 de
1229 3485 1482 3555 sepulcro
1526 3500 1831 3557 resurgere,

234 3587 567 3650 putaverunt
587 3596 648 3639 se
675 3581 929 3652 spiritum
968 3580 1176 3663 videre.
1203 3579 1372 3639 Error
1416 3581 1519 3637 iste
1562 3580 1834 3653 apostolo-

237 3689 364 3731 rum
392 3684 542 3732 secta
569 3684 656 3732 est
695 3674 1137 3731 Manichaeorum.
1169 3674 1359 3730 Solent
1400 3683 1582 3733 autem
1613 3677 1833 3747 quando

131 3777 146 3787 ‘
240 3766 351 3823 illis
394 3769 509 3826 haec
554 3769 906 3840 objiciuntur,
943 3770 1019 3826 ita
1063 3771 1393 3841 respondere
1431 3789 1445 3826 :
1480 3788 1500 3823 ι
1529 3768 1670 3839 Quid
1705 3770 1831 3827 mali

238 3859 532 3925 credimus,
573 3861 701 3932 quia
743 3861 1023 3919 Christum
1050 3861 1220 3919 Deum
1260 3862 1554 3929 credimus,
1580 3863 1830 3934 spiritum

236 3953 415 4015 fuisse
449 3956 740 4023 credimus,
778 3971 999 4013 carnem
1039 3973 1146 4014 non
1195 3958 1488 4014 credimus.
1532 3956 1720 4014 Melior
1746 3967 1831 4014 est

238 4048 467 4119 spiritus
490 4063 652 4118 quam
673 4063 839 4105 caro:
864 4050 1015 4121 quod
1036 4050 1230 4107 melius
1254 4059 1339 4106 est
1366 4051 1663 4118 credimus,
1689 4052 1832 4121 quod

238 4141 488 4199 deterius
529 4148 613 4198 est
651 4141 875 4198 credere
917 4141 1222 4199 nolumus.»
1255 4142 1315 4199 Si
1346 4143 1481 4199 nihil
1510 4144 1639 4199 mali
1664 4153 1750 4200 est
1778 4144 1832 4199 in

232 4235 351 4292 isto
376 4247 651 4300 sermone,
685 4233 923 4290 dimittat
960 4231 1120 4299 Iesus
1144 4235 1436 4305 discipulos
1461 4250 1589 4291 suos
1630 4238 1685 4292 in
1728 4237 1832 4292 isto

238 4339 451 4385 errore.
477 4323 618 4391 Quid
642 4323 771 4381 mali
794 4324 1142 4380 crediderunt
1165 4333 1222 4381 et
1252 4324 1535 4396 discipuli?
1557 4324 1830 4383 Christum

240 4417 502 4489 spiritum
521 4418 887 4475 crediderunt.
911 4416 1032 4475 Non
1056 4418 1200 4479 enim
1223 4432 1347 4475 esse
1368 4424 1695 4490 putaverunt
1718 4419 1831 4474 nul-

241 4506 378 4574 lum.
409 4508 503 4567 sed
524 4508 798 4579 spiritum.
828 4508 1003 4566 Parvo
1029 4510 1221 4567 morbo
1241 4518 1296 4567 te
1320 4518 1481 4581 putas
1502 4509 1834 4581 periclitari?

242 4598 387 4653 Audi
415 4600 738 4654 sententiam
770 4600 990 4656 medici.

318 4688 389 4743 Et
417 4689 551 4745 dixit
574 4690 673 4757 eis,
697 4689 826 4762 quid
853 4691 1051 4755 turbati
1069 4693 1195 4749 estis
1222 4700 1273 4747 et
1291 4692 1631 4764 cogitationes
1653 4710 1835 4753 ascen-

242 4781 380 4837 dunt
421 4783 477 4838 in
533 4782 695 4845 corda
736 4782 937 4837 vestra?
970 4782 1169 4851 Quales
1216 4783 1405 4855 utique
1439 4786 1835 4856 cogitationes?

246 4874 357 4930 nisi
391 4872 557 4942 falsae,
607 4874 886 4943 morbida,
931 4877 1269 4948 perniciosae.
1306 4876 1640 4935 Perdidissct
1687 4879 1833 4936 enim

246 4966 501 5023 Christus
528 4966 762 5025 fructum
790 4967 1080 5038 passionis,
1107 4966 1155 5023 si
1181 4982 1290 5022 non
1318 4976 1464 5025 esset
1506 4969 1708 5025 veritas
1745 4985 1833 5025 re-

244 5058 606 5117 surrectionis
639 5076 653 5113 :
689 5057 831 5131 Quid
864 5058 1059 5117 turbati
1104 5058 1248 5126 estis,
1276 5068 1325 5114 et
1371 5060 1711 5130 cogitationes
1750 5078 1837 5115 as-

244 5151 476 5209 cendth
516 5152 571 5207 in
611 5150 773 5213 corda
819 5151 1021 5209 vestra?
1059 5149 1342 5224 Tanquam
1385 5152 1562 5211 bonus
1599 5152 1836 5224 agricola

246 5244 495 5306 diceret:
528 5242 681 5313 Quod
708 5243 781 5300 ibi
810 5243 1049 5317 plantavi
1069 5285 1084 5315 ,
1119 5244 1195 5301 ibi
1239 5244 1542 5312 inveniam,
1582 5259 1692 5301 non
1727 5246 1835 5316 spi-

247 5349 373 5403 ωε,
412 5349 550 5407 quas
587 5349 698 5391 non
735 5334 973 5407 plantavi
1004 5336 1061 5391 in
1093 5338 1259 5393 corde
1300 5344 1501 5405 vestro.
1549 5336 1839 5394 Descendit

247 5425 408 5495 fides,
435 5426 563 5501 quia
584 5426 816 5498 desuper
843 5433 948 5482 est.
978 5425 1350 5500 Cogitationes
1371 5436 1553 5485 autem
1578 5428 1700 5485 ista;
1729 5444 1836 5486 non

247 5519 488 5591 desuper
512 5518 927 5589 descenderunt,
949 5517 1047 5577 sed
1081 5517 1140 5579 in
1166 5518 1288 5591 ipso
1313 5520 1481 5579 corde
1504 5520 1645 5579 sicut
1669 5519 1837 5577 herba

246 5612 400 5671 mala
429 5613 810 5673 ascenderunt.

1926 3400 2040 3456 .que
2064 3386 2158 3442 Dei
2194 3402 2324 3444 caro
2354 3402 2461 3442 non
2488 3386 2804 3457 possidebit,
2851 3388 2905 3443 id
2930 3396 3031 3453 est,
3058 3404 3187 3445 caro
3223 3387 3379 3459 juxta
3407 3391 3525 3447 cui—-

1932 3492 2059 3547 pain
2094 3478 2180 3534 vel
2234 3479 2651 3544 mortalitatem,
2698 3487 2755 3536 et
2810 3488 2993 3541 tamen
3041 3496 3172 3539 caro
3229 3483 3530 3552 possidebit

1934 3585 2159 3643 regnum
2188 3570 2304 3627 Dei.
2337 3571 2460 3627 Ideo
2496 3587 2625 3627 caro
2653 3569 2811 3641 juxta
2841 3581 3112 3639 naturam,
3142 3589 3306 3645 quam
3338 3584 3396 3631 et
3423 3576 3528 3633 Do-

1933 3665 2113 3720 minus
2144 3673 2264 3735 post
2296 3666 2748 3729 resurrectionem
2778 3665 3068 3722 videndam
3093 3667 3532 3740 palpandamque

1934 3757 2212 3827 discipulis
2243 3758 2509 3815 exhibuit.
2548 3757 2617 3813 Et
2641 3759 2708 3817 de
2736 3774 2844 3830 qua
2884 3758 3076 3819 beatus
3098 3759 3221 3827 Job,
3248 3776 3372 3817 cum
3407 3761 3529 3833 glo-

1932 3848 2072 3903 riam
2123 3849 2540 3913 resurrectionis
2597 3850 2962 3917 describeret,
3013 3852 3143 3907 ait:
3187 3851 3257 3909 Et
3315 3868 3529 3908 rursum

1932 3941 2301 3997 circumdabor
2342 3943 2494 4014 opelle
2547 3960 2696 4009 mea,
2748 3953 2800 3997 et
2850 3944 2906 3998 in
2966 3961 3124 4001 carne
3172 3962 3289 4005 mea
3344 3943 3530 4001 videbo

1932 4031 2100 4087 Deum
2150 4031 2292 4106 (Job.
2318 4033 2465 4106 xix).
2499 4033 2644 4107 Lege
2686 4032 2970 4105 epistolam
3024 4035 3197 4090 sancti
3240 4035 3530 4108 Augustini

1934 4126 2001 4180 ad
2039 4124 2422 4191 Consentium,
2469 4126 2536 4181 de
2578 4140 2811 4197 corpore
2858 4124 3072 4181 Domini
3110 4132 3233 4196 post
3276 4140 3527 4182 resurre-

1932 4218 2188 4273 ctionem.

2004 4308 2073 4362 Et
2100 4326 2219 4363 cum
2253 4310 2351 4363 hoc
2385 4308 2627 4377 dixisset,
2657 4311 2884 4367 ostendit
2928 4311 3005 4371 eis
3031 4328 3221 4367 manus
3264 4322 3314 4369 et
3347 4314 3531 4386 pedes.

1933 4402 2049 4460 Non
2078 4403 2253 4460 solum
2281 4419 2476 4461 manus
2515 4412 2571 4462 et
2599 4402 2787 4476 pedes,
2817 4405 3015 4475 quibus
3043 4404 3215 4461 indita
3247 4405 3529 4467 clavorum

1932 4500 2179 4565 claruere
2206 4500 2452 4572 vestigia,
2488 4500 2583 4561 sed
2607 4506 2898 4571 attestante
2925 4497 3156 4567 Joanne,
3181 4500 3346 4561 etiam
3385 4500 3530 4561 latus

1936 4593 2081 4665 quod
2127 4593 2315 4649 lancea
2359 4592 2595 4649 foratum
2643 4590 2821 4649 fuerat
2861 4592 3132 4659 ostendit,
3176 4600 3239 4649 ut
3275 4593 3532 4653 videlicet

1938 4696 2158 4746 ostensa
2187 4687 2470 4745 vulnerum
2493 4701 2716 4745 suorum
2746 4686 3016 4751 cicatrice,
3048 4686 3342 4745 dubietatis
3363 4695 3531 4758 atque

1936 4778 2276 4836 inﬁdelitatis
2298 4793 2488 4833 eorum
2517 4776 2712 4834 vulnus
2740 4784 2976 4837 sanaret.
3006 4775 3211 4837 Verum
3254 4780 3529 4851 quomodo

1939 4881 2063 4946 post
2090 4872 2542 4931 resurrectionem
2583 4872 2863 4929 clavorum
2890 4872 2977 4931 vel
3002 4873 3202 4932 lancea
3242 4875 3360 4932 loca
3386 4892 3524 4949 pan-

1938 4966 2114 5023 dendo
2170 4958 2555 5036 discipulorum
2604 4965 2856 5037 dignatus
2894 4973 2981 5023 est
3026 4965 3220 5036 ﬁdem,
3264 4983 3528 5042 spemque

1938 5057 2217 5121 roborare,
2240 5055 2315 5111 ita
2333 5055 2386 5111 in
2410 5056 2498 5112 die
2514 5054 2706 5125 judicii
2731 5064 2789 5114 et
2811 5057 3003 5115 eadem
3025 5074 3136 5116 suae
3154 5062 3422 5132 passionis
3443 5062 3529 5118 in-

1939 5148 2104 5214 dicia,
2131 5156 2188 5203 et
2217 5148 2389 5218 ipsam
2414 5148 2619 5217 pariter
2641 5162 2858 5206 crucem
2888 5152 3240 5208 monstrando
3265 5160 3533 5209 venturus

1939 5246 2025 5294 est
2052 5238 2387 5309 impietatem
2414 5240 2767 5311 superborum
2798 5240 3280 5314 inﬁdelitatemque
3306 5241 3532 5300 confun-

1942 5332 2093 5399 dere,
2124 5332 2332 5389 scilicet
2358 5341 2419 5388 ut
2446 5334 2623 5405 ipsum
2648 5349 2708 5391 se
2737 5350 2878 5399 esse,
2922 5337 3016 5407 qui
3039 5336 3109 5391 ab
3133 5335 3319 5407 impiis
3343 5344 3397 5392 et
3426 5353 3530 5409 pro

1943 5424 2125 5496 impiis
2153 5433 2401 5483 mortuus
2425 5433 2530 5493 est,
2572 5428 2785 5485 cunctis
2813 5427 2994 5499 palam
3030 5427 3239 5499 angelis
3268 5436 3324 5483 et
3353 5429 3529 5493 homi-

1943 5519 2103 5576 nibus
2124 5517 2399 5587 ostendat,
2420 5518 2745 5592 videantque
2767 5530 2825 5577 ut
2853 5521 3112 5590 scriptum
3137 5529 3223 5576 est
3242 5539 3257 5576 :
3284 5521 3355 5577 In
3373 5540 3531 5595 quem

1942 5622 2271 5684 patuerunt,
2301 5622 2351 5671 et
2398 5612 2649 5685 piangasu
2692 5630 2747 5670 se
2783 5628 2942 5683 super
2982 5626 3103 5667 eum
3140 5626 3319 5670 omnes
3361 5615 3531 5671 tribus

340 5704 517 5769 Videte
551 5724 739 5765 manus
778 5723 924 5765 meas
959 5715 1012 5763 et
1050 5706 1208 5780 pedes
1245 5724 1409 5775 meos,
1450 5709 1576 5780 quia
1613 5709 1723 5780 ipse
1748 5725 1841 5782 ego
1945 5714 2121 5761 terra.
2146 5704 2292 5762 Sane
2319 5706 2612 5762 notandum
2637 5704 2781 5775 quod
2824 5701 3000 5758 solent
3029 5702 3082 5758 in
3114 5704 3218 5760 hoc
3245 5704 3365 5761 loco
3399 5720 3532 5776 gen-

251 5815 395 5864 sum,
421 5808 528 5855 etc.
559 5797 1034 5857 Resurrectionem
1079 5814 1236 5856 suam
1288 5807 1496 5857 certam
1551 5809 1608 5856 et
1657 5815 1843 5856 veram
1947 5799 2072 5854 tiles
2113 5798 2440 5855 calumniam
2482 5807 2714 5859 struere,
2757 5803 2809 5849 et
2848 5793 3006 5850 ﬂicm
3053 5806 3282 5869 speratae
3313 5816 3342 5851 a
3372 5798 3529 5854 nobis

254 5894 446 5961 multis
465 5904 520 5963 et
538 5893 707 5955 variis
723 5894 1063 5963 documentis
1080 5895 1393 5973 persuadet,
1420 5893 1703 5967 perﬁdiam
1723 5910 1840 5953 om—
1952 5891 2365 5965 resnrreotionis
2393 5887 2556 5948 stulta
2583 5885 2898 5959 garrulitate
2934 5886 3199 5960 deridere.
3237 5906 3256 5941 ι
3286 5887 3344 5944 Si
3383 5887 3540 5957 enim

800 6066 919 6085 ~~~-'\
936 6071 989 6087 ,ιθ
1016 6053 1101 6081 τά
