4030 6464
561 417 670 477 339

1842 415 2194 475 SMARAGDI
2231 416 2524 476 ABBATIS

3723 426 3835 491 M0
3895 491 3905 516 .:

561 537 678 606 ipse
704 533 850 590 Deus
875 540 1074 596 vester,
1098 530 1368 602 inquiunt,
1401 545 1503 587 nec
1531 530 1633 587 sibi
1656 530 1859 588 inﬂicta
1883 547 1914 586 a
1943 531 2141 587 Iudaeis
2165 533 2220 592 Α
2244 532 2401 588 sum?
2423 531 2542 602 Ipse
2563 531 2708 587 enim
2736 538 2905 588 latere
2936 531 3188 603 dignatus
3218 533 3273 589 In
3299 534 3456 606 aquis
3483 541 3702 610 generis
3732 543 3836 602 lm-
3889 527 3902 548 ”

559 630 785 688 vulnera
830 644 1020 685 curare
1063 627 1369 698 przevaluit,
1417 627 1512 682 sed
1545 626 1860 681 cicatricum
1912 626 2139 696 vestigia

559 722 720 789 caelo,
745 735 928 776 secum
948 727 1008 773 ut
1027 718 1229 784 dicitis,
1246 717 1470 782 invexit,
1488 733 1593 787 qua
1615 718 1920 772 temeritate
1939 718 2140 786 putatis

558 827 684 871 eum
723 819 902 867 vestra
943 811 1010 866 de
1051 810 1272 880 pulvere
1316 809 1560 864 membra
1596 808 1663 863 ad
1711 810 1979 880 integrum
2020 823 2141 863 esse

558 902 1033 959 restauraturum?
1072 899 1278 966 Quibus
1322 899 1778 969 respondendum,
1822 898 1948 967 quia
1999 899 2141 953 Deus

559 1003 768 1061 noster,
795 995 887 1066 qui
911 1010 1064 1050 suam
1085 1003 1343 1064 perpetua
1369 992 1480 1062 jam
1509 992 1912 1047 immortalitate
1937 991 2140 1061 gloriﬁ-

555 1095 736 1143 catam
757 1087 824 1141 de
849 1084 1097 1156 sepulcro
1113 1100 1331 1140 carnem
1359 1083 1684 1139 resuscitare
1709 1083 1925 1152 quando
1947 1081 2134 1146 voluit,

552 1187 609 1236 et
630 1181 900 1250 quomodo
924 1179 1115 1244 voluit,
1143 1179 1318 1250 potuit
1359 1179 1520 1233 etiam
1541 1177 1754 1247 qualem
1777 1176 1945 1230 voluit
1968 1176 2139 1230 susci-

552 1272 710 1326 tavit.
758 1271 944 1340 Neque
970 1271 1113 1326 enim
1143 1284 1479 1340 consequens
1502 1279 1606 1334 est,
1632 1277 1691 1323 ut
1716 1268 1807 1337 qui
1830 1266 2032 1336 majora
2055 1266 2137 1321 fe-

553 1366 695 1420 cisse
718 1366 1000 1435 probatur,
1035 1364 1246 1418 minora
1290 1365 1470 1419 facere
1498 1363 1820 1432 nequiverit,
1854 1363 1948 1417 sed
1991 1370 2138 1417 certe

553 1455 971 1525 dispensationis
1015 1454 1211 1524 gratia,
1253 1453 1344 1522 qui
1379 1451 1551 1521 majus
1575 1452 1722 1517 fecit,
1753 1452 1930 1506 minus
1957 1450 2138 1506 facere

552 1547 878 1616 supersedit,
905 1548 1007 1601 hoc
1028 1554 1131 1612 est,
1157 1547 1248 1616 qui
1274 1546 1466 1600 mortis
1485 1560 1650 1615 regna
1673 1544 1955 1608 destruxit,
1984 1545 2136 1615 signa

549 1638 744 1692 mo‘rtis
763 1637 1080 1692 oblitterare
1107 1635 1298 1690 noluit.
1323 1635 1506 1689 Primo
1529 1635 1798 1700 videlicet,
1827 1643 1885 1688 ut
1903 1649 2001 1703 per
2022 1636 2134 1690 hzec

549 1728 828 1797 discipulis
851 1727 1008 1782 ﬁdem
1031 1742 1144 1781 sua:
1164 1727 1578 1781 resurrectionis
1604 1733 1890 1781 astrueret.
1908 1727 2133 1792 Deinde,

547 1827 611 1872 ut
629 1818 768 1887 patri
798 1833 895 1886 pro
914 1818 1068 1872 nobis
1088 1817 1411 1886 supplicans,
1440 1818 1598 1886 quale
1630 1833 1797 1888 genus
1827 1820 2018 1874 mortis
2036 1835 2134 1890 pro

2242 626 2408 691 mani,
2439 627 2558 696 capi
2587 625 2754 681 voluit
2780 626 2973 696 laqueo
2997 629 3186 684 mortis
3214 637 3432 698 nostrae,
3462 641 3518 687 et
3543 635 3701 703 quasi
3732 638 3836 694 tri-

2241 715 2518 774 bulatione
2548 728 2764 774 assatus
2803 729 2904 785 est,
2953 730 3191 791 tempore
3226 724 3497 793 passionis
3540 742 3674 784 suae.
3725 729 3835 787 Sed

2240 811 2332 878 qui
2366 811 2530 881 piscis
2555 828 2710 868 assus
2739 811 2852 868 ﬁeri
2894 812 3146 884 dignatus
3175 825 3258 872 est
3289 817 3343 871 in
3369 819 3644 888 passione,
3677 822 3836 881 favus

2241 902 2416 958 mellis
2441 903 2597 959 nobis
2618 905 2830 959 exstitit
2854 905 2908 959 in
2936 908 3353 963 resurrectione.
3377 908 3449 964 At
3482 911 3574 979 qui
3598 911 3654 965 in
3683 913 3835 982 pisce

2240 1009 2366 1049 asso
2399 994 2622 1066 ﬁgurari
2664 997 2833 1051 voluit
2860 998 3264 1054 tribulationem
3297 1002 3566 1070 passionis
3609 1020 3746 1071 suae,
3779 1009 3832 1063 in

2239 1085 2364 1142 favo
2392 1087 2568 1143 mellis
2595 1097 2881 1159 utramque
2903 1099 3157 1147 naturam
3182 1094 3489 1163 exprimere
3516 1097 3690 1152 voluit
3715 1114 3835 1168 per-

2240 1191 2386 1238 sonae
2413 1194 2544 1234 sure.
2583 1180 2760 1237 Favus
2788 1183 2986 1253 quippe
3027 1184 3133 1238 mel
3173 1185 3227 1239 in
3262 1200 3386 1240 cera
3416 1195 3520 1253 est,
3568 1189 3678 1244 mel
3703 1206 3832 1247 vero

2239 1269 2294 1324 in
2323 1286 2447 1326 cera
2477 1282 2578 1338 est,
2610 1273 2864 1330 divinitas
2904 1276 2960 1330 in
2989 1277 3346 1333 humanitate.
3397 1278 3491 1334 Sic
3519 1290 3707 1337 autem
3736 1299 3830 1340 sua

2239 1362 2551 1433 redemptor
2601 1366 2834 1434 indicat,
2864 1376 2926 1421 ut
2979 1368 3298 1425 imitationis
3345 1371 3493 1425 viam
3543 1374 3706 1429 nobis
3751 1391 3834 1431 seL

2241 1456 2535 1524 quentibus
2562 1464 2787 1514 sternat.
2828 1459 2969 1515 Ecce
2997 1461 3142 1516 enim
3171 1461 3224 1516 in
3259 1462 3380 1518 cibo
3417 1478 3518 1518 suo
3542 1464 3681 1534 pisci
3709 1481 3832 1523 asso

2237 1548 2563 1620 conjungere
2590 1549 2772 1605 favum
2802 1551 2988 1616 voluit,
3017 1554 3144 1622 quia
3188 1554 3444 1611 videlicet
3486 1557 3611 1614 illos
3642 1557 3702 1613 in
3735 1575 3831 1616 suo

2239 1652 2465 1708 corpore
2495 1641 2562 1695 ad
2608 1650 2864 1697 aeternam
2895 1644 3130 1714 quietem
3162 1646 3412 1718 suscipit,
3439 1649 3534 1718 qui
3577 1665 3706 1705 cum
3745 1652 3830 1709 hic

2237 1729 2612 1788 tribulationes
2655 1749 2755 1804 pro
2799 1735 2908 1790 Deo
2953 1737 3214 1804 sentiunt,
3258 1739 3327 1795 ab
3371 1755 3560 1797 amore
3602 1743 3830 1800 interna:

2239 1821 2539 1881 dulcedinis
2571 1842 2677 1882 non
2705 1829 2981 1884 recedunt.
3020 1829 3155 1884 Cum
3185 1846 3309 1888 asso
3351 1833 3503 1903 pisce
3546 1836 3707 1893 favus
3736 1854 3829 1894 su-

551 1909 858 1962 mortalium
887 1909 996 1962 vita
1027 1907 1330 1978 pertulerit,
1362 1923 1522 1978 super
1545 1911 1812 1965 ostendat.
1841 1911 2044 1977 Tertio,
2072 1921 2130 1967 ut
2158 1910 2206 1969 B
2236 1918 2421 1984 mitur,
2447 1921 2573 1990 quia
2601 1921 2693 1991 qui
2733 1921 2822 1976 hic
2861 1921 3203 1978 alﬁictionem
3225 1939 3331 1994 pro
3377 1927 3612 1984 veritate
3657 1931 3824 1987 susci-

549 2015 645 2054 sua
663 2009 834 2054 morte
857 1999 1166 2068 redemptis.
1186 2016 1350 2068 quam
1374 2002 1797 2058 misericorditer
1817 2005 1926 2058 sint
1944 2006 2128 2076 adjuti,

548 2092 839 2162 pr0positis
869 2107 1083 2159 semper
1126 2091 1364 2163 ejusdem
1410 2094 1600 2149 mortis
1645 2095 1864 2151 innovet
1899 2098 2130 2153 indiciis.

546 2185 780 2254 ideoque
827 2183 1226 2238 misericordias
1274 2183 1487 2238 Domini
1523 2185 1577 2239 in
1608 2194 1868 2241 asternum
1915 2195 2133 2242 cantare

546 2293 654 2331 non
677 2283 912 2341 cessent,
937 2275 1029 2330 sed
1051 2276 1233 2331 dicant
1259 2275 1351 2344 qui
1383 2276 1646 2347 redempti
1673 2288 1797 2332 sunt
1819 2294 1848 2331 a
1872 2277 2128 2334 Domino:

547 2369 813 2434 Quoniam
857 2367 1043 2433 bonus,
1079 2367 1327 2437 quoniam
1371 2367 1425 2420 in
1469 2375 1721 2421 teternum
1770 2369 2133 2424 misericordia

542 2461 660 2530 ejus
689 2458 860 2532 (Psal.
886 2473 1098 2524 cxxvn,
1129 2458 1271 2529 cnv).
1313 2457 1594 2514 Postremo
1621 2468 1681 2514 ut
1718 2461 1882 2516 etiam
1911 2461 2132 2531 perﬁdis

543 2552 600 2606 in
639 2551 842 2622 judicio
872 2565 1034 2620 quam
1059 2549 1202 2621 juste
1231 2549 1578 2617 damnentur,
1608 2559 1825 2606 ostensa
1854 2553 1997 2607 inter
2025 2552 2130 2608 alia

539 2643 770 2713 ﬂagitia,
824 2642 987 2697 etiam
1037 2640 1322 2696 vulnerum
1372 2657 1494 2712 qua:
1541 2643 1610 2697 ab
1645 2644 1725 2698 eis
1770 2645 2009 2713 suscepit
2052 2647 2130 2701 ci-

540 2734 773 2789 catrices
816 2733 1126 2799 denuntiet,
1165 2733 1333 2788 veluti
1375 2735 1422 2788 si
1467 2733 1622 2790 miles
1662 2735 1855 2806 aliquis
1896 2736 2129 2794 fortissi-

537 2842 681 2893 mus,
708 2827 933 2898 jubente
961 2842 1060 2882 suo
1088 2841 1236 2898 rege,
1267 2843 1366 2896 pro
1395 2829 1562 2884 totius
1587 2831 1766 2900 gentis
1788 2830 1983 2898 salute,
2017 2833 2128 2888 sin-

539 2919 716 2992 gulari
743 2920 1040 2976 certamine
1070 2919 1364 2985 desudans,
1402 2921 1589 2975 multis
1629 2922 1843 2991 quidem
1883 2925 2124 2980 vulneri-

536 3009 641 3066 bus
675 3011 934 3082 exceptis,
966 3012 1177 3067 hostem
1226 3019 1405 3065 tamen
1450 3012 1759 3079 interﬁciat,
1801 3016 1971 3085 spolia
2007 3017 2125 3086 ejus

538 3105 788 3176 diripiat,
836 3105 1119 3160 victoriam
1163 3119 1274 3161 sua:
1313 3106 1461 3177 genti
1503 3117 1766 3176 reportet,
1794 3118 1849 3164 et
1883 3111 2120 3165 interro-

536 3205 695 3267 gatus
747 3213 778 3252 a
816 3197 1025 3252 medico
1067 3197 1157 3254 cui
1201 3199 1470 3254 curandus
1505 3201 1890 3268 committitur,
1934 3204 2006 3257 ita
2052 3219 2120 3259 ne

533 3287 669 3342 velit
693 3285 894 3352 curari,
920 3295 1102 3342 utnec
1120 3274 1348 3357 vestigia
1373 3287 1656 3343 vulnerum
1679 3290 1785 3344 ulla
1813 3293 2116 3360 resedeant,

532 3394 604 3434 an
649 3381 823 3450 magis
853 3381 959 3447 ita,
999 3387 1058 3435 ut
1099 3381 1386 3436 cicatrices
1411 3381 1613 3436 eaedem
1654 3392 1990 3450 remaneant,
2021 3385 2117 3440 de-

532 3470 781 3528 formitas
806 3487 939 3528 vero
964 3487 1188 3541 prorsus
1221 3472 1457 3528 hominis
1493 3481 1548 3527 et
1586 3473 1801 3530 foeditas
1840 3476 2001 3541 absit,
2031 3491 2115 3531 re-

532 3565 798 3634 spondeat
838 3579 897 3620 se
927 3564 1105 3634 potius
1147 3564 1221 3618 ita
1250 3565 1387 3620 velle
1431 3566 1646 3632 sanari,
1675 3577 1736 3622 ut
1773 3576 1884 3622 toto
1927 3569 2116 3625 salutis

528 3655 851 3725 decorisque
879 3655 1092 3725 pristini
1113 3662 1260 3710 statu
1285 3666 1633 3727 recuperato,
1650 3667 1908 3729 perpetua
1932 3676 2115 3717 secum

525 3748 667 3802 tanti
709 3744 1058 3802 circumferat
1098 3745 1252 3817 signa
1284 3745 1562 3816 triumphi.
1595 3747 1687 3804 Sic
1723 3749 1967 3819 profecto
2007 3751 2112 3807 Do-

529 3840 981 3912 minus'perpetis
1005 3839 1075 3894 ob
1112 3840 1327 3910 signum
1361 3840 1602 3896 victoriae
1625 3857 1732 3896 non
1761 3855 1983 3914 excepta
2015 3861 2113 3915 pro

526 3933 686 3990 nobis
711 3935 932 3989 vulnera
961 3935 1249 4005 passionis,
1279 3935 1373 3989 sed
1400 3934 1638 4004 ipsorum
1660 3937 1948 3993 cicatrices
1975 3937 2113 3994 coelo

525 4042 709 4082 secum
741 4027 939 4082 inferre
977 4043 1140 4097 quam
1182 4026 1400 4083 abolere
1436 4027 1655 4094 maluit,
1697 4045 1796 4085 nec
1827 4038 2006 4086 tamen
2045 4047 2110 4087 ex

522 4119 609 4175 his
635 4120 912 4191 quippiam
949 4120 1071 4176 ﬁdei
1101 4130 1301 4176 nostra:
1329 4124 1743 4180 resurrectionis
1771 4125 2106 4195 przejudicat.

522 4211 599 4267 De
640 4229 744 4283 qua
774 4213 954 4268 veraci
999 4214 1358 4283 promissione
1402 4215 1750 4284 prmdicitur:
1779 4216 1846 4271 Et
1883 4218 2109 4291 capillus

521 4304 586 4358 de
615 4307 782 4374 capite
807 4315 973 4360 uestro
1000 4323 1106 4360 non
1131 4308 1313 4377 peribit
1347 4306 1495 4379 (Luc.
1520 4308 1656 4381 xxx).

2234 2012 2408 2081 piunt,
2438 2013 2545 2068 illic
2569 2014 2851 2070 dulcedine
2875 2031 3000 2070 vera
3029 2017 3320 2072 satiantur.

2255 2141 2264 2148 .
2306 2103 2377 2155 Et
2405 2103 2539 2157 dixit
2565 2104 2634 2158 ad
2658 2104 2775 2160 illos
2804 2121 2822 2159 :
2850 2104 2982 2172 Haec
3003 2117 3123 2162 sunt
3154 2108 3308 2163 verba
3331 2126 3452 2179 qua:
3477 2111 3685 2170 locutus
3711 2133 3831 2172 sum

2235 2192 2305 2245 ad
2345 2209 2450 2257 vos,
2497 2211 2616 2248 cum
2647 2196 2819 2250 adhuc
2859 2213 3021 2251 essem
3057 2199 3335 2255 vobiscum.
3384 2201 3497 2259 Hoc
3539 2213 3660 2273 est,
3701 2224 3830 2263 cum

2234 2285 2410 2340 adhuc
2443 2299 2619 2342 essem
2660 2287 2713 2340 in
2743 2303 2906 2344 carne
2948 2290 3198 2357 mortali,
3245 2292 3300 2346 in
3331 2309 3433 2364 qua
3461 2296 3588 2351 estis
3614 2305 3673 2351 et
3701 2313 3827 2354 vos.

2235 2374 2385 2430 Tunc
2415 2377 2561 2431 enim
2603 2379 2656 2432 in
2683 2381 2872 2435 eadem
2900 2397 3085 2448 carne,
3123 2385 3217 2439 sed
3247 2389 3372 2440 cum
3401 2385 3506 2442 illis
3528 2387 3587 2442 in
3627 2390 3826 2446 eadem

2232 2467 2566 2526 mortalitate
2604 2486 2708 2526 non
2751 2482 2895 2538 erat,
2928 2484 2983 2530 et
3026 2492 3149 2532 cum
3193 2477 3302 2534 illis
3331 2479 3574 2548 quidem,
3604 2491 3826 2553 postea-

2231 2573 2394 2627 quam
2424 2564 2740 2629 resurrexit,
2772 2564 2872 2620 fuit
2897 2561 3490 2640 quadraginta‘diebus,
3511 2581 3572 2627 ut
3600 2573 3822 2644 legitur,

2231 2652 2562 2708 exhibitione
2587 2656 2884 2725 corporalis
2922 2660 3242 2728 praesentiae,
3275 2663 3371 2717 sed
3413 2677 3522 2719 non
3557 2679 3685 2720 cum
3715 2665 3822 2722 illis

2228 2737 2332 2794 fuit
2356 2745 2630 2800 consortio
2656 2745 2991 2803 inﬁrmitatis
3023 2750 3292 2807 humanae.

2301 2835 2564 2900 Quoniam
2595 2856 2817 2905 necesse,
2846 2851 2904 2896 ut
2932 2843 3251 2914 impleantur
3276 2848 3454 2902 omnia
3475 2865 3595 2920 qua:
3622 2852 3819 2923 scripta

2227 2939 2348 2984 sunt
2375 2932 2430 2984 in
2461 2931 2569 3002 lege
2594 2932 2753 2999 Mosi,
2778 2944 2826 2988 et
2857 2937 3122 3006 prophetis
3162 2946 3211 2992 et
3239 2940 3455 3009 psalmis
3482 2941 3549 2996 de
3582 2959 3686 2997 me.
3718 2943 3818 3016 (Ex

2225 3022 2414 3096 Beda.)
2459 3024 2590 3080 Vide
2638 3029 2904 3096 quomodo
2946 3029 3067 3083 tulit
3113 3045 3302 3087 omnes
3343 3034 3619 3104 ambages,
3671 3036 3818 3091 visus

2226 3120 2330 3179 est,
2363 3123 2538 3171 tactus
2563 3127 2668 3184 est,
2710 3120 3078 3186 manducavit,
3107 3121 3223 3192 ipse
3249 3133 3396 3180 certe
3437 3134 3576 3181 erat.
3606 3126 3815 3182 Tamen

2223 3219 2294 3259 ne
2326 3205 2380 3260 in
2424 3207 2605 3278 aliquo
2636 3225 2830 3266 sensus
2861 3211 3127 3269 humanos
3173 3212 3484 3271 ludiﬁcasse
3512 3216 3812 3284 videretur,

2147 3272 2191 3333 (ἶ
2224 3295 2372 3349 misit
2413 3272 2603 3352 manus
2631 3300 2699 3353 ad
2733 3301 3048 3372 scripturas.
3098 3303 3292 3360 Dicant
3316 3307 3517 3376 pagani
3546 3272 3814 3378 quidquid

2219 3387 2440 3455 volunt,
2480 3405 2672 3461 magus
2717 3389 2846 3459 fuit,
2880 3395 3058 3463 potuit
3095 3395 3174 3451 sic
3212 3411 3271 3452 se
3309 3399 3616 3454 ostendere.
3666 3399 3815 3454 Nun—

2219 3481 2348 3550 quid
2391 3496 2581 3550 magus
2620 3492 2908 3554 antequam
2949 3493 3128 3553 natus,
3155 3489 3332 3558 potuit
3369 3491 3448 3544 sic
3475 3505 3533 3546 se
3574 3492 3814 3562 prephe-

2218 3571 2370 3625 tare?
2394 3571 2470 3626 Da
2499 3574 2814 3644 scripturas,
2836 3577 2963 3645 quia
2983 3579 3125 3648 quod
3146 3580 3359 3647 videtis,
3384 3590 3509 3636 ante
3531 3584 3812 3652 provisum

2215 3671 2317 3730 est,
2344 3667 2486 3735 quod
2513 3668 2752 3731 cernitis,
2786 3676 2912 3723 ante
2942 3670 3259 3738 praedictum
3287 3679 3371 3726 est
3400 3690 3413 3726 :
3446 3671 3586 3727 Audi
3615 3672 3727 3730 ﬁlia
3754 3684 3812 3732 et

2215 3755 2362 3823 vide,
2391 3758 2514 3812 audi
2543 3760 2821 3829 praedicta,
2846 3761 2970 3816 vide
2999 3763 3288 3833 completa.

2288 3848 2431 3903 Tunc
2481 3853 2682 3921 aperuit
2729 3851 2836 3907 illis
2887 3871 3129 3921 sensum,
3171 3866 3225 3910 ut
3269 3857 3615 3929 intelligerent
3669 3864 3805 3914 scri-

2211 3950 2412 4012 pturas.
2452 3941 2523 3996 Et
2565 3943 2699 3998 dixit
2731 3946 2805 4000 eis
2830 3960 2848 3998 .'
2882 3945 3146 4012 Quoniam
3183 3951 3258 4003 sic
3317 3952 3570 4022 scriptum
3613 3957 3725 4020 est,
3755 3964 3805 4008 et

2210 4031 2286 4085 sic
2331 4033 2594 4102 oportebat
2636 4034 2902 4092 Christum
2946 4041 3056 4110 pati
3093 4051 3143 4095 et
3189 4059 3455 4114 resurgere
3496 4063 3530 4099 a
3575 4049 3799 4102 mortuis

2210 4121 2296 4176 de
2334 4125 2509 4178 tertia.
2551 4125 2763 4184 Praebet
2805 4144 2863 4185 se
2892 4130 3182 4187 videndum
3223 4135 3417 4201 oculis,
3449 4138 3658 4206 praebet
3688 4154 3803 4193 ma-

2209 4213 2369 4270 nibus
2424 4221 2900 4290 contrectandum,
2935 4239 3126 4294 parum
3173 4235 3257 4282 est
3290 4227 3441 4300 lege?
3468 4245 3802 4289 commemo-

2208 4315 2294 4362 rat
2338 4309 2654 4380 scripturas,
2698 4323 2753 4369 et
2790 4316 2891 4371 hoc
2922 4323 3114 4388 parum
3159 4322 3278 4376 est?
3326 4323 3502 4392 aperit
3539 4338 3796 4393 sensum,

592 4395 777 4449 Adhuc
820 4406 995 4451 autem
1041 4413 1142 4450 non
1188 4398 1514 4454 credentibus
1555 4411 1605 4454 et
1647 4403 1958 4458 mirantibus
1997 4422 2106 4475 prae
2205 4407 2266 4454 ιιι
2299 4403 2442 4470 quod
2479 4403 2612 4475 legis
2661 4406 2948 4480 intelligas,
2982 4412 3177 4468 deinde
3218 4430 3316 4485 per
3355 4420 3794 4476 commendatam

519 4487 738 4557 gaudio,
763 4486 936 4540 dixit:
969 4485 1186 4541 Habetis
1215 4489 1299 4541 hic
1329 4488 1528 4559 aliquid
1553 4490 1692 4561 quod
1722 4495 2106 4550 manducetur?
2203 4492 2288 4547 sui
2328 4497 2570 4566 corporis
2613 4500 2896 4556 veritatem
2917 4543 2932 4570 ,
2974 4509 3314 4564 commendat
3367 4509 3625 4568 Ecclesiae
3668 4513 3796 4568 uni-

519 4576 602 4630 Ad
632 4576 1008 4631 insinuandam
1054 4579 1468 4634 resurrectionis
1496 4595 1604 4634 sute
1633 4582 1947 4652 veritatem,
1990 4603 2097 4643 non
2123 4637 2172 4652 Ἀ
2205 4591 2390 4640 tatem.

519 4667 692 4723 solum
727 4667 873 4737 tangi
919 4684 949 4722 a
991 4668 1287 4736 discipulis,
1331 4671 1424 4725 sed
1471 4671 1634 4726 etiam
1675 4678 1924 4732 convesci
1972 4694 2096 4735 cum
2123 4637 2176 4698 D
2270 4686 2339 4741 Et
2381 4690 2670 4760 praedicare
2713 4695 2769 4750 in
2807 4697 3014 4752 nomine
3063 4700 3206 4769 ejus,
3244 4704 3632 4773 paenitentiam,
3681 4714 3791 4762 etc.

519 4757 624 4812 illis
668 4757 939 4829 dignatur,
982 4774 1088 4813 non
1126 4761 1281 4829 quasi
1330 4761 1546 4830 quidem
1582 4772 1703 4832 post
1738 4771 2096 4826 resurrectio-
2197 4777 2316 4833 Non
2362 4757 2524 4836 latret
2569 4787 2807 4852 pravitas
2856 4757 3263 4862 haereticorum,
3309 4796 3378 4852 de
3425 4757 3631 4870 angulo
3674 4807 3792 4856 toto

516 4863 640 4902 nem
667 4849 788 4904 cibo
830 4850 1098 4921 indigens,
1141 4867 1241 4907 nec
1268 4855 1422 4922 quasi
1453 4871 1552 4910 nos
1599 4859 1653 4912 in
1699 4864 2096 4922 resurrectione
2197 4874 2328 4929 orbe
2377 4883 2643 4932 terrarum
2684 4879 2925 4938 Ecclesia
2973 4884 3165 4941 diffusa
3208 4895 3322 4955 est,
3364 4849 3554 4946 omngs
3598 4901 3792 4962 gentes

515 4956 681 5010 quam
716 4950 1112 5011 exspectamus,
1141 4943 1276 5000 cibis
1321 4961 1482 5019 egere
1527 4948 1855 5021 signiﬁcans,
1898 4957 1990 5010 sed
2035 4966 2095 5013 ut
2197 4965 2396 5021 habent
2436 4969 2753 5027 Ecclesium.
2802 4973 2972 5031 Nemo
3012 4994 3110 5034 nos
3155 4943 3324 5047 fallat,
3370 4983 3485 5056 ipsa
3515 4943 3787 5051 cstovera,

515 5046 576 5056 ,Α
610 5049 643 5056 ἡ
668 5034 763 5056 μμ
795 5044 1036 5056 ,Δημώ
1347 5054 1462 5056 ν
1613 5041 1645 5056 -.
1769 5053 1778 5056 -

511 5046 578 5087 eo
610 5034 767 5088 modo
794 5044 1040 5089 naturam
1067 5037 1311 5106 corporis
1344 5041 1677 5112 resurgentis
1701 5053 1989 5112 astrueret,
2022 5065 2090 5106 ne
2196 5058 2312 5127 ipsa
2342 5069 2424 5114 est
2456 5063 2734 5129 catholica,
2767 5069 2932 5138 coepit
2961 5070 3028 5125 ab
3055 5034 3418 5142 Hierusalem:
3440 5079 3690 5148 pervenit
3717 5078 3789 5133 ad

513 5124 638 5148 :Il.-.l
672 5142 770 5148 --.μμ
807 5144 992 5148 --η-μ---
1047 5145 1093 5148 Α-
1115 5131 1134 5148 ,1
1167 5131 1241 5148 -__'
1269 5131 1313 5148 νο.
1655 5137 1664 5148 ι
1690 5137 1723 5148 u.

513 5124 639 5179 mu“
670 5142 775 5180 "0"
802 5144 1014 5225 “illius,
1042 5131 1136 5225 δ(ῖά
1164 5131 1414 5225 εΡίΓίῑυΨ
1441 5149 1562 5189 esse
1589 5137 2004 5205 arbitraremur.
2034 5150 2088 5196 et
2199 5124 2317 5216 nos,
2347 5160 2403 5207 et
2430 5154 2503 5209 ibi
2531 5165 2634 5222 est,
2663 5167 2716 5211 et
2744 5124 2994 5215 him-Non
3020 5165 3164 5218 enim
3189 5175 3249 5221 nt
3277 5124 3621 5222 hucvemret
3654 5169 3786 5225 inde

510 5216 621 5315 εει)ίο
644 5233 750 5272 υοη
779 5217 968 5285 some»
998 5220 1093 5276 Sed
1138 5221 1501 5325 ὶιιιθείξιειιίιθις
1525 5241 1820 5325 ’ξιρρπθῖεο
1858 5227 2085 5325 {"3"le-
2195 5243 2465 5314 discessit,
2497 5250 2690 5317 crevit,
2729 5267 2836 5306 non
2883 5255 3156 5325 migravit.
3193 5259 3260 5313 Et
3302 5259 3494 5316 merito
3524 5261 3604 5316 sic
3643 5262 3786 5317 scri-

509 5305 649 5358 cavit
671 5315 956 5376 potestate,
982 5325 1083 5366 non
1110 5314 1448 5368 necessitate.
1473 5314 1647 5369 Aliter
1667 5318 1810 5370 enim
1833 5319 2085 5378 absorbet
2191 5342 2343 5405 ptum
2397 5305 2504 5401 est,
2558 5305 2699 5395 ῖοηιρί-
3575 5305 3781 5409 ἔρξω...

509 5409 704 5465 aquam
737 5410 881 5456 terra
909 5403 1118 5470 sitiens,
1136 5405 1297 5462 aliter
1322 5406 1451 5463 solis
1475 5408 1657 5465 radius
1686 5410 1959 5468 candens:
1995 5416 2082 5472 ille
2192 5403 2370 5481 menta
2398 5447 2410 5481 :
2443 5429 2511 5483 Et
2558 5431 2635 5486 sic
2664 5437 2966 5504 oportebat,
2999 5449 3059 5494 ut
3091 5403 3647 5511 ministri‘sermonis,
3681 5447 3779 5517 qui

509 5485 794 5517 :nA:.......:_
855 5495 952 5517 ευ,
984 5498 1216 5517 _-.-_..:_
2193 5515 2201 5517 ξ

2619 5485 2628 5486 ,
2677 5485 2966 5504 ,‘.__--__-,
3355 5485 3647 5511 νυ....ν....τ,
3721 5485 3770 5501 ι..

507 5485 822 5560 indigentia,
855 5495 956 5550 iste
983 5498 1244 5567 potentia.
2186 5515 2241 5570 in
2275 5518 2490 5574 nomine
2519 5518 2721 5578 Christi
2750 5528 2994 5584 cruciﬁxi
3024 5540 3080 5586 et
3111 5534 3419 5591 resuscitati
3451 5552 3482 5591 a
3511 5485 3770 5602 mortuis,

575 5583 640 5696 ﬁt
681 5584 757 5640 illi
805 5588 1099 5643 obtulerunt
1139 5592 1187 5644 ei
1235 5602 1434 5662 partem
1462 5594 1621 5664 piscis
1664 5598 1770 5650 assi
1814 5608 1863 5652 et
1903 5599 2080 5668 fartim
2183 5609 2557 5677 pmnitemiam
2600 5626 2757 5672 erant
2802 5627 2857 5673 ει
2905 5622 3277 5679 remissionem
3326 5635 3674 5696 peccatorum
3717 5583 3775 5684 il;

502 5673 692 5742 mellis,
722 5687 919 5732 etcum
961 5680 1330 5736 manducasset
1374 5701 1552 5738 coram
1589 5686 1663 5739 eis
1707 5703 1915 5739 sumens
1962 5689 2083 5742 reli-

507 5767 650 5789 _--.'_-
709 5768 839 5789 J-J!.
892 5771 949 5789 -34
1023 5770 1158 5789 ιἰκμε]
1219 5773 1251 5789 ν·
1333 5774 1380 5789 οη
1497 5788 1500 5789 ,
1671 5776 1701 5789 ιο
1915 5778 1925 5788 υ

3327 5673 3674 5696 ἵππων--
3717 5673 3774 5684 ...

2231 5716 2368 5756 nues
2407 5715 2594 5776 gentes
2636 5711 3004 5778 praedicaturi,
3037 5715 3104 5769 ab
3133 5715 3521 5789 Hierosolymis
3565 5718 3774 5789 incipe-

499 5767 652 5837 quias
701 5768 839 5823 dedit
879 5771 974 5824 eis.
1021 5770 1162 5836 Quid
1209 5773 1512 5844 signiﬁcare
1559 5776 1830 5831 credimus
1875 5778 2080 5846 piscem

2408 5767 2436 5776 ν
2637 5767 2652 5778 .
2993 5767 3004 5777 ,
3073 5767 3094 5769 η
3134 5767 3520 5789 ---------,,-----
3566 5767 3744 5789 ---πρ

2231 5806 2320 5862 ειη,
2352 5815 2457 5854 non
2492 5802 2662 5858 solum
2685 5846 2697 5868 ,
2727 5807 2850 5874 quia
2882 5809 3085 5864 credita
3117 5819 3242 5866 sunt
3271 5813 3377 5869 illis
3402 5815 3616 5884 eloquia
3645 5815 3768 5882 Dei,

495 5869 702 5932 “sum:
733 5860 836 5953 ηίξί
861 5860 1037 5934 ipsum
1067 5864 2146 5974 mediamrede@9391):th
2181 5860 2313 5962 quia
2349 5904 2535 5947 eorum
2583 5860 2856 5968 adoptatio
2881 5906 2967 5956 est
3002 5899 3259 5976 ﬁliorum,
3289 5911 3346 5962 et
3372 5860 3564 5984 gloria,
3595 5913 3654 5987 et
3688 5860 3776 5980 te;
