4030 6454
199 438 311 499 2H

1045 438 1568 501 COLLECTIONES
1604 440 1673 498 IN
1711 437 2089 498 EPISTOLAS
2127 438 2217 496 ET
2256 439 2670 498 EVANGELIA.

3364 440 3476 502 242

202 556 501 617 stamenta,
541 558 599 607 et
625 550 913 623 legislatio,
950 560 1007 608 et
1041 555 1358 626 obsequium
1375 597 1391 624 ,
1418 564 1476 613 et
1503 558 1793 629 promissa,
1822 561 1875 620 Α
1898 572 1997 627 pro
2025 563 2210 611 nostra
2230 555 2571 621 liberatione,
2604 556 2773 613 tradit
2801 557 3155 630 semetipsum
3179 556 3351 617 Filius
3372 574 3479 633 pro

202 645 338 717 quia
362 659 550 700 eorum
577 652 776 716 patres,
805 655 860 702 et
885 662 954 702 ex
977 648 1062 703 his
1085 648 1331 706 Christus
1353 653 1649 708 secundum
1677 669 1796 708 car-

203 754 362 805 nem,
389 739 482 811 qui
520 746 604 795 est
636 755 799 811 super
838 743 1018 797 omnia
1053 742 1196 800 Deus
1236 743 1553 803 benedictus
1598 747 1652 803 in
1694 764 1795 804 sae-

202 830 330 888 tmla
360 827 541 898 (Rom.
566 829 671 903 Ill).
702 831 903 887 Verum
936 833 1102 889 etiam
1141 843 1202 890 ut
1235 844 1444 907 gentes,
1477 853 1596 909 quae
1627 840 1795 895 variis

202 930 367 978 erant
405 924 681 980 erroribus
720 933 773 980 et
807 924 1140 984 facinoribus
1160 928 1466 1001 implicatae,
1494 932 1598 988 hoc
1619 934 1791 988 maxi-

204 1031 311 1071 ma:
364 1015 559 1073 divinae
600 1018 818 1089 pietatis
852 1020 1131 1088 indicium,
1160 1023 1227 1080 ad
1263 1040 1413 1095 spem
1441 1025 1792 1096 impetranda:

205 1106 381 1162 veniae
411 1118 765 1178 provocaret,
803 1114 946 1183 quod
991 1114 1072 1171 eis
1099 1130 1313 1187 quoque
1356 1117 1449 1190 qui
1495 1116 1665 1173 ﬁlium
1694 1118 1790 1174 Dei

203 1197 638 1267 cruciﬁxerunt,
690 1218 799 1258 non
854 1211 1065 1260 tantum
1117 1207 1331 1263 veniam
1386 1218 1569 1265 reatus
1610 1225 1641 1263 a
1689 1224 1789 1279 pa-

205 1296 313 1355 tre,
346 1288 441 1345 sed
468 1298 524 1347 et
556 1293 681 1350 vita:
704 1303 922 1352 aeterna:
959 1299 1213 1371 gaudium
1257 1299 1506 1357 viderent
1550 1318 1670 1360 esse
1696 1303 1794 1359 do-

205 1387 417 1437 natum.

664 1458 871 1515 FERIA
907 1461 977 1518 IV
1012 1461 1325 1521 PASCHE.

579 1565 796 1608 Δοτυσιί
823 1570 1206 1613 Αροετοιοιιωι
1233 1572 1355 1613 CAP.
1380 1574 1463 1615 III.

283 1676 303 1710 ι
338 1658 602 1730 Aperiens
635 1662 829 1723 Petrus
852 1682 915 1723 os
947 1684 1103 1724 suum
1148 1670 1321 1725 dixit:
1353 1670 1469 1727 Viri
1509 1670 1789 1741 Israelitae,

208 1770 232 1804 s
267 1761 325 1807 et
354 1755 448 1823 qui
485 1756 689 1814 timetis
736 1759 936 1826 Deum,
984 1761 1183 1817 audite.
1236 1762 1378 1819 Deus
1423 1763 1693 1820 Abraham
1734 1774 1791 1822 et

208 1862 229 1895 ε
269 1843 412 1901 Deus
433 1845 585 1904 Isaac
607 1856 663 1904 et
690 1850 833 1907 Deus
854 1850 1040 1919 Iacob,
1071 1854 1215 1910 Deus
1239 1862 1455 1926 patrum
1478 1865 1787 1914 nostrorum

1897 656 2079 704 nostra
2127 637 2435 705 dilectione.
2485 649 2562 705 De
2608 648 2774 706 Patre
2822 650 2969 706 enim
3013 651 3091 705 ait
3132 650 3473 722 Apostolus:

1899 739 2002 806 Qui
2023 738 2406 811 proprioFiIio
2429 757 2533 796 non
2558 742 2804 813 pepercit,
2832 743 2923 797 sed
2944 760 3038 815 pro
3062 742 3209 799 nobis
3236 744 3477 803 omnibus

1896 833 2115 887 tradidit
2134 850 2272 888 eum.
2299 832 2376 889 De
2405 832 2519 889 ﬁlio
2546 841 2728 890 autem
2768 850 2784 887 :
2824 832 2929 900 Qui
2958 833 3144 890 dilexit
3172 851 3267 891 nos
3290 845 3339 892 et
3366 844 3480 892 tra-

1896 922 2030 978 didit
2064 925 2393 997 semetipsum
2420 942 2516 996 pro
2539 925 2710 982 nobis.

1970 1015 2040 1070 Et
2069 1018 2293 1088 negastis
2314 1027 2435 1074 ante
2449 1019 2640 1090 faciem
2658 1016 2845 1073 Pilati.
2868 1018 3121 1076 Dicentes
3151 1038 3165 1075 :
3194 1020 3478 1095 Cruciﬁge,
3558 1044 3563 1049 ν

1897 1109 2164 1180 cruciﬁge,
2207 1110 2367 1167 talem
2398 1127 2498 1169 nos
2525 1128 2631 1168 non
2659 1111 2910 1168 habemus
2949 1129 3120 1183 regem
3156 1116 3260 1171 nisi
3298 1114 3479 1173 Cma-

1896 1216 2039 1267 rem,
2083 1219 2178 1257 nos
2204 1202 2367 1275 legem
2404 1206 2687 1273 habemus,
2720 1216 2771 1261 et
2806 1204 3093 1260 secundum
3128 1203 3292 1277 legem
3332 1206 3480 1263 debet

1895 1295 2052 1360 mori,
2080 1297 2171 1367 qui
2194 1295 2366 1365 ﬁlium
2389 1297 2490 1353 Dei
2517 1315 2573 1354 se
2599 1299 2741 1370 fecit.

1962 1386 2248 1445 Iudicante
2283 1389 2375 1446 illo
2400 1392 2611 1447 dimitti.
2638 1392 2916 1459 Quaerebat
2940 1391 3099 1457 enim,
3127 1390 3206 1447 ait
3223 1390 3470 1465 Evange-

1893 1475 2059 1546 lium,
2120 1479 2330 1537 Pilatus
2369 1485 2810 1555 opportunitatem
2849 1492 2910 1538 ut
2957 1483 3241 1539 dimitteret
3265 1481 3474 1552 Iesum,

1897 1571 2084 1627 dicens
2113 1590 2126 1626 :
2161 1571 2276 1644 Ego
2318 1591 2424 1629 non
2460 1576 2670 1631 invenio
2701 1577 2759 1631 in
2794 1592 2854 1631 eo
2888 1592 3131 1642 causam,
3178 1576 3275 1632 sed
3307 1576 3486 1647 neque

1896 1659 2161 1730 Herodes,
2196 1662 2401 1721 Pilatus
2427 1666 2594 1722 mittit
2620 1667 2689 1722 ad
2710 1665 3001 1734 Herodem,
3035 1666 3275 1722 Herodes
3301 1666 3487 1722 remit-

1895 1754 1962 1810 tit
1988 1755 2057 1810 ad
2083 1754 2334 1812 Pilatum.
2369 1757 2513 1813 Inter
2533 1761 2668 1815 duas
2705 1759 3011 1831 impietates
3029 1800 3044 1826 ,
3075 1757 3335 1815 discurrit
3360 1758 3481 1829 pie-

1895 1852 1997 1912 tas,
2028 1857 2083 1903 et
2108 1855 2289 1904 tamen
2315 1849 2563 1921 impietas
2590 1851 2846 1921 pietatem
2879 1865 2986 1907 non
3012 1857 3193 1923 potest
3228 1849 3486 1906 condem-

209 1952 230 1987 ι
267 1935 592 2007 gloriﬁcavit
622 1941 792 1997 ﬁlium
821 1959 977 2000 suum
1004 1943 1209 2015 Iesum,
1240 1963 1400 2017 quem
1437 1964 1533 2004 vos
1573 1951 1791 2021 quidem

1898 1950 2046 1991 nare.
2079 1937 2326 1995 Praesens
2364 1949 2447 1997 est
2490 1957 2655 2008 reus,
2704 1950 2761 1998 et
2802 1957 2910 1997 non
2962 1941 3241 1997 invenitur
3279 1947 3481 1996 reatus.

215 2045 236 2077 ι
278 2028 597 2097 tradidistis,
627 2042 683 2089 et
714 2037 956 2106 negastis
1006 2046 1133 2093 ante
1181 2035 1375 2094 faciem
1425 2038 1622 2106 Pilati,
1653 2040 1801 2113 judi-

213 2135 235 2170 ‹
276 2129 437 2177 caute
468 2122 560 2178 illo
603 2124 823 2181 dimitti.
855 2127 965 2184 Vos
1003 2140 1181 2185 autem
1203 2129 1409 2198 justum
1453 2140 1508 2188 et
1551 2141 1800 2189 sanctum

206 2227 227 2262 ι
268 2216 526 2284 negastis,
553 2226 609 2272 et
635 2219 849 2289 petistis
880 2220 1054 2276 virum
1102 2222 1429 2277 homicidam
1468 2225 1661 2279 donari
1705 2241 1800 2281 vo-

205 2318 226 2352 ς
264 2301 371 2369 bis,
402 2316 682 2364 auctorem
709 2326 841 2365 vero
871 2314 995 2367 vitae
1036 2314 1410 2377 iuterfecistis,
1454 2330 1613 2384 quem
1657 2316 1800 2372 Deus

203 2410 224 2444 ι
265 2398 551 2453 suscitavit
580 2414 610 2452 a
655 2403 903 2465 mortuis,
936 2404 1090 2474 cujus
1135 2420 1234 2459 nos
1274 2413 1440 2460 testes
1478 2420 1686 2460 sumus.
1729 2407 1798 2460 Et

200 2508 222 2541 ‹
265 2506 437 2556 nunc,
482 2490 697 2557 fratres,
734 2493 869 2559 scio,
898 2495 1024 2565 quia
1053 2510 1151 2566 per
1179 2497 1540 2568 ignorantiam
1568 2497 1796 2568 fecistis,

202 2601 222 2633 ι
263 2581 407 2636 sicut
430 2590 484 2636 et
505 2585 781 2655 principes
806 2589 996 2643 vestri.
1025 2589 1165 2644 Deus
1194 2599 1399 2657 autem,
1425 2592 1514 2661 qui
1544 2608 1799 2663 praenun-

204 2690 224 2723 ε
267 2672 424 2727 tiavit
448 2689 547 2744 per
570 2689 634 2730 os
666 2678 908 2733 omnium
944 2679 1340 2751 Pmphetarum
1370 2684 1481 2753 pati
1517 2682 1795 2741 Christum

203 2782 224 2816 α
262 2779 420 2819 suum
450 2765 691 2837 implevit
714 2768 815 2823 sic.
853 2768 1197 2826 Pmnitemini
1240 2773 1406 2845 igitur
1427 2781 1484 2829 et
1520 2775 1791 2830 converti-

204 2872 224 2907 ρ
262 2855 419 2920 mini,
444 2864 507 2912 ut
531 2856 813 2914 deleantur
835 2870 1015 2917 vestra
1042 2870 1319 2932 peccata.»

270 2945 519 3016 Aperiens
565 2944 757 3005 Petrus
786 2967 845 3005 os
892 2969 1046 3007 suum
1097 2954 1252 3010 dixit.
1296 2955 1600 3014 Notandum
1645 2961 1790 3032 quod

204 3036 348 3092 viros
373 3037 443 3093 de
488 3054 687 3109 genere
719 3041 918 3110 Israel,
953 3053 1011 3100 et
1055 3046 1312 3105 timentes
1358 3050 1528 3107 Deum
1572 3052 1640 3107 ad
1688 3070 1790 3109 au-

203 3128 456 3185 diendum
503 3132 716 3189 Domini
762 3147 1022 3207 provocat
1065 3141 1311 3196 verbum.
1351 3141 1468 3200 Viri
1516 3147 1664 3202 enim
1706 3148 1789 3204 di-

203 3229 399 3277 cuntur
428 3240 459 3279 a
501 3226 729 3293 viribus,
769 3231 860 3299 qui
904 3233 1157 3289 nesciunt
1204 3236 1485 3295 tolerando
1527 3240 1782 3311 deﬁcere,

203 3323 297 3370 aut
343 3316 396 3370 in
454 3322 729 3391 prosperis
776 3323 956 3395 aliqua
1004 3341 1063 3380 se
1120 3326 1353 3383 elatione
1413 3328 1646 3399 jactare,
1689 3337 1784 3390 sed

202 3409 386 3463 animo
431 3412 612 3466 stabili
660 3413 819 3469 deﬁxi
867 3424 923 3470 et
963 3418 1264 3474 cmlestium
1316 3436 1499 3477 rerum
1548 3434 1792 3481 contem-

203 3498 440 3570 platione
483 3502 702 3569 ﬁrmati,
732 3516 952 3563 manent
999 3524 1212 3580 semper
1256 3512 1551 3583 impavidi:
1584 3516 1688 3581 Qui
1724 3519 1792 3572 ti-

203 3592 352 3646 metis
381 3592 682 3662 Dominum,
722 3597 925 3669 inquit,
959 3600 1158 3665 audite,
1188 3602 1241 3657 id
1267 3611 1386 3668 est,
1417 3606 1507 3674 qui
1538 3622 1790 3663 reveren-

1902 2028 2226 2087 Tradidistis
2252 2034 2383 2089 mihi
2413 2035 2559 2091 hunc
2584 2035 2877 2099 hominem,
2910 2035 3116 2105 inquit,
3142 2035 3299 2105 quasi
3329 2049 3487 2089 aver-

1901 2129 2103 2178 tentem
2139 2125 2392 2196 populum
2412 2167 2427 2193 ,
2468 2136 2523 2181 et
2552 2141 2681 2183 ecce
2715 2142 2899 2183 coram
2927 2126 3080 2183 vobis
3118 2127 3483 2196 interrogans,

1900 2213 2104 2268 nullam
2134 2231 2353 2272 causam
2384 2219 2599 2273 invenio
2633 2219 2688 2274 in
2723 2234 2810 2283 eo,
2852 2219 2905 2274 in
2936 2215 3022 2273 his
3052 2218 3107 2273 in
3135 2218 3331 2288 quibus
3358 2232 3485 2273 eum

1901 2307 2189 2361 accusatis.
2233 2308 2453 2374 Dicitis,
2499 2311 2642 2380 quod
2670 2310 2951 2381 praecipiat
2986 2309 3189 2364 tributa
3213 2324 3322 2365 non
3348 2308 3485 2364 solvi

1900 2395 2100 2452 Caesari
2126 2417 2139 2453 :
2172 2402 2515 2471 comprobavi
2543 2402 2737 2458 falsum
2768 2403 3068 2473 esse,quod
3095 2403 3350 2474 objicitis.
3381 2402 3485 2457 Do-

1900 2504 2027 2544 cere
2061 2490 2206 2547 hunc
2244 2500 2435 2547 contra
2471 2492 2644 2564 legem
2673 2494 2854 2549 dicitis
2889 2512 2902 2547 :
2946 2492 3172 2563 probavi
3209 2508 3333 2547 eum
3372 2506 3483 2546 non

1900 2582 2181 2639 destruere
2206 2584 2409 2656 legem,
2440 2586 2534 2641 sed
2568 2586 2893 2656 adimplere;
2923 2584 3105 2641 omnia
3135 2598 3255 2655 quae
3283 2582 3486 2654 obieci-

1898 2674 1997 2728 stis
2034 2675 2087 2729 in
2120 2675 2396 2731 diversum
2422 2677 2641 2732 inventa
2668 2686 2811 2733 sunt.

1900 2800 1913 2813 ρ
1966 2768 2037 2822 Et
2059 2771 2260 2839 petistis
2284 2774 2452 2827 virum
2472 2772 2789 2828 homicidam
2810 2772 2932 2827 dari
2953 2772 3117 2828 vobis.
3136 2770 3269 2826 Erat
3282 2778 3481 2837 autem,

1895 2861 1973 2917 ait
2010 2861 2381 2934 Evangelium,
2404 2868 2495 2936 qui
2524 2865 2796 2920 dicebatur
2815 2864 3108 2931 Barrabas,
3130 2864 3355 2927 vinctus,
3387 2863 3481 2937 qui

1892 2952 1950 3006 in
1986 2954 2239 3009 seditione
2262 2954 2457 3023 fecerat
2486 2955 2847 3011 homicidium.
2873 2953 3145 3011 Barrabas
3164 2954 3310 3010 enim
3336 2952 3482 3010 ﬁlius

1890 3046 2063 3117 patris
2087 3045 2496 3118 interpretatur,
2528 3047 2798 3119 signiﬁcat
2821 3048 3117 3114 diabolum,
3151 3047 3245 3119 qui
3276 3046 3481 3104 multas

1892 3138 2185 3195 seditiones
2208 3139 2265 3194 in
2293 3148 2406 3195 toto
2432 3141 2672 3196 concitat
2689 3142 2842 3207 orbe,
2874 3140 3167 3197 homicidia
3194 3140 3406 3197 scilicet
3424 3146 3481 3196 et

1890 3233 2156 3288 adulteria
2185 3242 2240 3289 et
2264 3233 2445 3288 omnia
2474 3233 2727 3289 crimina.
2753 3232 2855 3299 Qui
2875 3232 3060 3289 statim
3083 3240 3145 3289 ut
3166 3230 3325 3289 Iesus
3351 3247 3480 3289 cru-

1895 3323 2089 3379 cilixus
2124 3331 2239 3389 est,
2282 3323 2548 3379 Barrabas
2589 3324 2692 3379 iste
2727 3324 3015 3391 dimissus,
3057 3321 3288 3379 suffocat
3312 3336 3482 3394 popu-

1894 3415 2003 3469 lum
2044 3415 2371 3470 Iudaeorum.

1962 3508 2239 3562 Auctorem
2264 3524 2380 3562 vero
2404 3509 2523 3563 vine
2546 3506 2906 3579 interfecistis,
2921 3515 3027 3563 etc.
3042 3506 3197 3561 Illum
3215 3503 3307 3575 qui
3328 3502 3480 3576 plas-

1894 3596 2065 3650 mavit
2124 3597 2401 3652 hominem
2447 3597 2514 3652 de
2560 3597 2690 3653 limo
2741 3607 2939 3665 terrae,
2989 3605 3044 3654 et
3094 3593 3377 3666 inspiravit
3420 3592 3480 3649 in

202 3682 333 3736 tiam
362 3683 575 3742 habetis
602 3690 836 3745 nominis
871 3689 1009 3759 ejus,
1038 3693 1164 3762 quia
1193 3693 1309 3763 ejus
1341 3698 1507 3752 verba
1534 3714 1643 3754 non
1682 3715 1793 3756 me-

1898 3687 2085 3743 faciem
2110 3687 2227 3758 ejus
2261 3690 2587 3761 spiraculum
2616 3691 2762 3755 vitm,
2800 3699 2856 3746 et
2898 3689 3074 3746 factus
3107 3696 3192 3745 est
3217 3688 3380 3743 homo
3417 3684 3476 3741 in

202 3779 354 3827 retur
396 3777 604 3843 audire,
631 3780 734 3835 nisi
760 3781 853 3851 qui
894 3783 1243 3853 cognoscitur
1280 3793 1336 3841 et
1365 3788 1576 3843 timere.
1605 3789 1790 3846 Timor
1893 3782 2130 3836 animam
2174 3783 2464 3839 Viventem.
2504 3782 2658 3839 Illum
2696 3784 2789 3855 qui
2837 3784 3016 3840 dixit:
3052 3782 3165 3855 Ego
3196 3798 3315 3837 sum
3353 3779 3475 3847 via,

202 3876 384 3922 autem
432 3869 664 3935 Domini,
695 3874 821 3943 quia
846 3874 1027 3946 justus
1058 3887 1113 3932 et
1161 3886 1342 3934 rectus
1381 3889 1482 3937 est.
1531 3880 1788 3938 Auditum
1892 3876 2082 3930 ueritas
2128 3885 2177 3930 et
2216 3878 2319 3930 vita
2348 3876 2529 3950 (Ioan.
2557 3875 2702 3949 xxv),
2742 3885 2799 3932 et
2826 3877 2891 3933 de
2926 3891 3034 3948 quo
3062 3873 3337 3930 Joannes:
3368 3870 3473 3927 Hic

202 3969 457 4026 renovat,
496 3977 734 4019 amorem
794 3966 1021 4030 tribuit,
1071 3969 1322 4025 ardorem
1377 3973 1649 4030 castitatis
1700 3976 1786 4031 in-

1898 3974 1968 4020 est
1996 3983 2147 4021 verus
2188 3966 2349 4021 Deus'
2362 3977 2411 4021 et
2442 3967 2546 4022 vita
2569 3979 2765 4023 (eterna
2801 3966 2855 4038 (Ι
2874 3965 3036 4021 Ioan.
3071 3964 3334 4039 ultimo)“

202 4052 463 4109 ﬂammat.
1960 4060 2031 4114 Et
2062 4078 2220 4123 nunc,
2244 4061 2457 4130 fratres,
2480 4061 2606 4124 scio,
2624 4061 2747 4132 quia
2761 4076 2855 4131 per
2878 4058 3231 4129 ignorantiam
3256 4054 3475 4125 fecistis.

266 4146 419 4200 Deus
445 4146 732 4213 Abraham,
765 4149 907 4205 Deus
943 4151 1101 4207 Isaac
1135 4164 1185 4209 et
1230 4156 1372 4212 Deus
1402 4157 1595 4227 Iacob,
1646 4161 1787 4217 Deus
1891 4151 1954 4207 Si
1980 4155 2117 4207 enim
2149 4156 2522 4224 εοθηουῖεδεητο
2564 4154 2639 4208 ait
2666 4151 2975 4222 ᾹΡοεῑοιυει
3001 4164 3268 4219 ηιιηιιιιαηι
3289 4146 3478 4201 θωπί·

198 4247 413 4309 patrum
458 4249 779 4294 nostrorum.
830 4242 1045 4297 Poterat
1090 4244 1271 4300 dicere
1310 4248 1452 4303 Deus
1489 4250 1787 4320 Abraham,
1892 4263 2017 4300 num
2039 4246 2221 4316 glorite
2243 4245 2644 4315 crucifixisseut.

200 4329 353 4385 Isaac
390 4338 445 4384 et
484 4327 649 4385 Iacob
673 4372 687 4396 ,
738 4334 832 4387 sed
877 4343 960 4389 ter
995 4337 1241 4391 nominat
1284 4338 1452 4394 Deum
1489 4341 1785 4411 Abraham,
1960 4337 2102 4390 Deus
2129 4347 2301 4390 autem
2340 4338 2428 4408 qui
2463 4334 2833 4407 pramuntiavit
2857 4350 2950 4405 per
2986 4349 3044 4387 os
3076 4331 3311 4386 omnium
3341 4346 3468 4401 pro-

199 4420 379 4474 Deum
409 4420 577 4488 Isaae,
607 4425 773 4480 Deum
799 4424 985 4492 Iacob,
1021 4437 1082 4483 ut
1107 4437 1165 4484 tu
1195 4430 1467 4504 intelligas
1491 4433 1708 4491 Patrem
1734 4447 1791 4493 ρι
1888 4428 2182 4498 phetarum,
2209 4429 2317 4498 pati
2348 4427 2615 4482 Christum
2643 4442 2797 4480 suum
2823 4424 3087 4495 impletum
3120 4422 3215 4477 sic.
3245 4421 3386 4477 Hinc
3414 4428 3472 4476 et

200 4512 402 4567 Filium
438 4520 494 4568 et
525 4514 786 4584 Spiritum
828 4527 1108 4587 sanctum,
1140 4530 1195 4577 et
1236 4538 1306 4578 ne
1348 4523 1444 4579 tibi
1474 4528 1786 4584 scandalum

1898 4520 2004 4589 ipse
2036 4519 2292 4573 Dominus
2322 4517 2571 4589 Cleophte
2590 4524 2644 4571 et
2669 4517 2775 4571 alio
2798 4515 3060 4585 discipulo
3092 4515 3167 4568 ait
3198 4532 3210 4567 :
3249 4512 3294 4567 0
3321 4512 3473 4568 stulti

201 4613 361 4661 terna
392 4608 486 4663 Dei
522 4611 819 4667 nominatio
849 4623 1157 4682 generaret,
1182 4616 1333 4671 addit
1370 4635 1381 4671 :
1409 4618 1551 4674 Deus
1576 4630 1785 4691 patrum
1813 4653 1814 4656 η

1898 4622 1939 4667 et
1979 4611 2120 4667 tardi
2153 4612 2309 4666 corde
2331 4611 2400 4666 ad
2431 4609 2746 4665 credendum
2765 4650 2779 4675 ,
2809 4610 2865 4663 in
2901 4608 3139 4664 onmibus
3163 4625 3281 4680 qua:
3310 4607 3476 4663 locuti

201 4709 523 4768 nostrorum,
552 4704 844 4773 prudenter
865 4707 1009 4762 enim
1047 4722 1307 4779 personas
1336 4710 1586 4768 distinxit
1607 4723 1662 4769 et
1690 4730 1786 4770 na-
1811 4705 1814 4710 ¹

1898 4713 2009 4757 sunt
2039 4702 2321 4773 prop/actm.
2357 4701 2545 4755 Nonne
2566 4701 2677 4754 htrc
2700 4700 2926 4770 oportuit
2958 4701 3067 4769 pati
3096 4696 3387 4763 Christum,
3419 4703 3473 4750 et

203 4800 385 4847 turam
423 4795 613 4850 univit.
1889 4794 1963 4847 ita
1996 4794 2195 4847 intrare
2243 4793 2299 4845 in
2328 4790 2553 4861 gloriam
2582 4790 2773 4844 suam?
2800 4788 2869 4843 Et
2898 4789 3152 4860 incipiens
3176 4807 3209 4842 a
3240 4788 3385 4842 Mose
3415 4796 3467 4842 et

273 4882 600 4956 Gloriﬁcavit
624 4888 796 4958 ﬁlium
820 4907 976 4945 suum
1006 4891 1210 4949 Iesum.
1251 4894 1587 4953 Gloriﬁcavit
1617 4898 1783 4955 ﬁlium

201 4992 388 5043 suum,
411 4978 626 5048 quando
652 4988 772 5052 post
802 4985 1254 5041 resurrectionem
1281 4987 1445 5042 tumis
1480 4989 1780 5044 mirabilem

200 5070 375 5125 totius
392 5071 574 5126 mundi
605 5073 999 5140 credulitatem,
1030 5076 1169 5131 Deus
1194 5078 1245 5132 ei
1285 5079 1339 5133 in
1364 5093 1431 5133 eo
1453 5081 1596 5151 quod
1622 5083 1785 5137 homo

201 5160 382 5217 factus
420 5171 528 5229 est,
565 5162 766 5220 habere
807 5167 1095 5222 concessit.
1136 5166 1472 5225 Gloriﬁcavit
1511 5186 1634 5227 eum
1669 5173 1785 5244 glo-

201 5255 286 5310 ria
324 5258 763 5324 resurrectionis,
790 5258 1111 5329 gloriﬁcavit
1142 5260 1310 5333 gloria
1345 5263 1697 5332 ascensionis,
1730 5273 1785 5322 et

201 5343 530 5417 gloriﬁcavit
554 5362 664 5402 sua:
686 5349 889 5402 dextrae
918 5351 1175 5405 sessione.

278 5432 445 5498 Quem
468 5452 558 5492 vos
585 5435 795 5506 quidem
830 5436 1145 5492 tradidistis.
1171 5438 1310 5497 Hinc
1330 5441 1475 5497 enim
1504 5445 1786 5516 respondit

201 5526 412 5582 Pilatus
434 5526 680 5592 Domino,
713 5526 903 5581 dicens
930 5544 942 5579 :
970 5526 1225 5597 Nunquid
1250 5547 1343 5601 ego
1370 5530 1596 5588 Iudteus
1630 5536 1788 5591 sum?

203 5617 347 5675 Gens
379 5627 473 5674 tua
510 5628 558 5675 et
593 5619 865 5691 pontiﬁces
904 5618 1238 5676 tradiderunt
1265 5630 1315 5676 te
1352 5623 1504 5690 mihi,
1545 5626 1671 5698 quid
1705 5627 1785 5697 fe-

203 5712 328 5768 cisti
379 5712 561 5784 (Ioan.
592 5712 1147 5786 xvm)?subauditur,
1188 5720 1251 5769 ut
1288 5714 1580 5772 traderetis
1625 5719 1782 5775 mihi.

206 5802 576 5861 Tradiderunt
620 5806 764 5861 enim
820 5808 1105 5863 Dominum
1154 5808 1463 5864 sacerdotes
1499 5823 1598 5879 per
1651 5810 1789 5867 invi-

208 5898 382 5969 diam,
412 5899 635 5958 tradidit
662 5898 826 5957 Iudas
848 5917 946 5973 per
968 5900 1344 5973 cupiditatem,
1377 5900 1599 5957 tradidit
1626 5900 1789 5960 Pater

1888 4884 2125 4939 omnibus
2167 4882 2428 4954 prophetis
2456 4922 2470 4945 ,
2511 4880 2954 4952 interpretabatur
2989 4880 3095 4933 illis
3134 4879 3200 4933 de
3228 4879 3472 4934 omnibus

1885 4976 2159 5047 scripturis
2177 5016 2191 5040 ,
2220 4992 2338 5048 qute
2365 4975 2431 5029 de
2454 4974 2565 5045 ipso
2608 4983 2755 5028 erant
2798 4972 2952 5046 (Luc.
2979 4972 3207 5045 ultimo).
3236 4972 3292 5028 Si
3321 4974 3468 5029 enim

1889 5066 2065 5122 Moses
2100 5075 2155 5122 et
2191 5082 2380 5122 omnes
2414 5065 2691 5137 prophetae
2724 5065 3000 5121 Christum
3036 5065 3197 5120 locuti
3226 5074 3384 5130 sunt,
3413 5071 3471 5119 et

1890 5162 2034 5218 hunc
2060 5177 2158 5233 per
2186 5161 2490 5230 angustiam
2515 5160 2785 5231 passionis
2802 5160 2857 5214 in
2882 5159 3110 5229 gloriam
3130 5173 3283 5213 suam
3299 5157 3472 5210 intra-

1893 5263 2070 5310 turum
2090 5296 2105 5320 ,
2140 5270 2247 5324 qua
2287 5254 2497 5309 ratione
2531 5267 2589 5308 se
2617 5252 2919 5325 gloriantur
2954 5266 3074 5307 esse
3105 5248 3469 5317 Christianos,

1889 5346 1983 5418 qui
2026 5346 2177 5417 juxta
2219 5346 2414 5401 virium
2459 5360 2680 5401 suarum
2729 5343 3001 5401 modulum
3030 5384 3045 5409 ,
3102 5353 3277 5409 neque
3323 5339 3467 5395 scri-

1889 5448 2097 5511 pturas,
2123 5436 2356 5508 qualiter
2376 5435 2446 5491 ad
2475 5434 2749 5492 Christum
2779 5434 3085 5507 pertineant
3119 5427 3468 5500 investigare,

1890 5546 2067 5604 neque
2095 5530 2161 5586 ad
2186 5529 2412 5601 gloriam
2426 5544 2608 5601 quam,
2632 5544 2755 5584 cum
2767 5526 2983 5584 Christo
3005 5523 3206 5579 habere
3222 5521 3466 5594 cupiunt,

1887 5638 1985 5695 per
2023 5621 2305 5695 passiones
2332 5620 2739 5676 tribulationum
2768 5615 3078 5674 desiderant
3106 5612 3390 5685 attingere.

2159 5729 2495 5771 EVANGELIUI
2522 5725 2755 5775 IOANNIS,
2784 5721 2903 5764 CAP.
2935 5720 3196 5764 UL'I'IIUI.

1963 5828 1984 5863 ι
2031 5807 2395 5864 Manifestavit
2430 5822 2490 5864 se
2526 5804 2682 5860 Iesus
2711 5802 2906 5858 iterum
2937 5800 3211 5872 discipulis
3247 5799 3363 5857 suis
3393 5796 3465 5855 ad

1896 5921 1915 5956 ι
1960 5917 2109 5959 mare
2136 5899 2468 5972 Tyberiadis.
2500 5894 2862 5953 Manifestavit
2915 5901 3096 5953 autem
3129 5892 3208 5951 sic
3238 5907 3252 5947 :
3292 5890 3465 5957 Erant
