4030 6478
545 392 661 471 at;
1398 436 1401 439 ›
1844 394 2198 454 SMARAGDI
2230 392 2522 450 ABBATIS
3721 392 3844 457 ω

559 544 580 581 ι
620 525 784 595 simul
814 523 1003 581 Simon
1027 521 1219 575 Petrus
1248 530 1303 577 et
1331 518 1588 584 Thomas,
1622 517 1717 587 qui
1746 514 1943 570 dicitur
1970 513 2132 584 Didy-
2158 514 2208 575 Α
2234 511 2415 565 littore
2451 508 2631 575 stetit,
2655 508 2748 579 qui
2775 514 2899 564 ante
2937 509 3397 566 resurrectionem
3419 524 3595 577 suam,
3633 528 3843 573 coram

556 600 581 689 ᾇ
620 631 766 689 mus,
787 622 844 672 et
861 610 1287 681 Natbanael,qui
1312 618 1429 683 erat
1455 626 1484 663 a
1506 608 1654 664 Cana
1673 605 1928 669 Galilaeac,
1953 612 2007 660 et
2034 602 2130 657 ﬁlii
2232 601 2509 672 discipulis
2533 602 2586 656 in
2611 599 2862 656 ﬂuctibus
2892 602 3061 661 maris
3090 601 3408 661 ambulavit.
3437 601 3606 673 Cujus
3631 605 3722 663 rei
3744 621 3844 663 ra-

554 688 582 791 ξ
620 688 892 779 Zebedaai,
923 714 978 760 et
1004 703 1096 783 alii
1123 717 1191 757 ex
1209 700 1488 770 discipulis
1511 698 1629 768 ejus
1642 698 1766 753 duo.
1788 696 1928 751 Dicit
1950 696 2031 753 eis
2045 694 2132 751 δίι-
2232 693 2307 773 tio
2326 692 2519 749 festiue
2546 692 2911 765 cognoscitur,
2935 692 2980 749 si
3006 693 3123 764 ipsa
3151 710 3275 765 qua:
3297 703 3425 751 tunc
3451 695 3631 753 inerat
3656 713 3840 758 causa

556 784 581 856 ἱ
624 816 751 879 mon
769 798 983 858 Petrus.
1014 794 1166 851 Vado
1188 793 1409 868 piscari.
1438 792 1634 848 Dicunt
1662 791 1713 846 ei
1749 808 1760 843 :
1797 789 2056 844 Venimus
2079 795 2134 845 et
2229 793 2504 857 pensetur.
2538 784 2677 854 Quid
2716 785 2858 843 enim
2889 800 3040 842 mare
3064 825 3079 851 ,
3133 786 3239 842 nisi
3280 802 3525 858 praesens
3562 789 3839 849 saeculum

559 913 581 948 ι
623 876 722 949 nos
746 900 946 947 tecum.
974 888 1043 943 Et
1068 888 1321 943 exierunt
1356 891 1411 940 et
1441 884 1802 940 ascenderunt
1835 882 1890 937 in
1929 882 2129 947 navim,
2232 878 2530 950 signiﬁcat,
2561 878 2704 950 quod
2739 892 2797 934 sc
2835 893 3123 937 causarum
3150 878 3385 935 tumultu
3412 887 3469 935 et
3493 880 3659 937 undis
3699 882 3838 943 vita:

559 1004 579 1040 ι
622 993 678 1047 et
715 984 804 1041 illa
836 989 995 1038 nocte
1021 980 1159 1037 nihil
1189 979 1599 1052 prendiderunt.
1632 976 1786 1032 Mane
1826 986 2008 1031 autem
2047 974 2130 1030 fa-
2232 970 2600 1041 corruptibilis
2640 969 2898 1025 illiditur?
2939 969 3078 1037 Quid
3113 984 3212 1041 per
3239 969 3571 1027 soliditatem
3597 970 3836 1040 littoris,

558 1099 578 1134 ‹
621 1052 711 1136 cto
736 1077 887 1137 stetit
908 1075 1065 1133 Jesus
1092 1054 1149 1130 in
1178 1074 1380 1140 littore,
1404 1088 1511 1128 non
1536 1080 1716 1127 tamen
1738 1077 2130 1143 cognoverunt,
2233 1060 2336 1117 nisi
2372 1061 2460 1116 illa
2489 1062 2822 1133 perpetuitas
2863 1061 3060 1132 quietis
3097 1072 3315 1133 aeternae
3354 1062 3647 1134 ﬁguratur,
3696 1065 3835 1135 quia

556 1189 577 1224 ι
620 1172 751 1243 quia
783 1168 944 1227 Jesus
963 1174 1068 1225 est.
1106 1166 1255 1227 Dixit
1282 1180 1411 1236 ergo
1441 1163 1521 1219 eis
1549 1162 1708 1218 .lesus
1740 1179 1753 1215 :
1780 1161 1962 1227 Pueri,
1994 1176 2135 1216 nun-

455 1278 469 1333 ξ
559 1282 579 1314 ο
618 1262 748 1333 quid
801 1259 1221 1333 pulmentarium
1270 1256 1525 1312 habetis?
1572 1254 1987 1325 Responderunt
2026 1253 2076 1308 ei
2115 1267 2131 1306 :

558 1372 577 1405 ι
622 1352 760 1409 Νοη.
795 1351 942 1407 Dixit
965 1351 1046 1408 eis
1075 1366 1089 1405 :
1119 1348 1315 1405 Mittite
1351 1349 1409 1405 in
1441 1348 1719 1403 dexteram
1757 1343 1956 1416 navigii
1996 1352 2132 1410 rete,

558 1462 577 1495 ι
623 1451 679 1499 et
708 1442 1014 1499 invenietis.
1060 1441 1323 1511 Miserunt
1364 1454 1493 1509 ergo
1522 1449 1577 1494 et
1606 1437 1721 1508 jam
1755 1452 1862 1492 non
1884 1435 2139 1491 valebant

558 1522 580 1591 ᾧ
622 1535 752 1592 illud
783 1535 999 1591 trahere
1038 1548 1149 1604 pra:
1182 1530 1527 1587 multitudine
1553 1529 1805 1601 piscium.
1839 1527 1985 1581 Dixit
2006 1540 2136 1609 ergo

546 1645 578 1695 ~¢
623 1625 921 1700 discipulus
949 1624 1040 1679 ille
1067 1639 1230 1695 quem
1256 1622 1512 1692 diligebat
1536 1617 1696 1675 Jesus
1722 1618 1884 1673 Petro
1908 1632 1923 1672 :
1955 1616 2138 1672 Domi-

557 1737 577 1771 ι
621 1734 728 1777 nus
747 1726 849 1774 est.
881 1714 1069 1772 Simon
1093 1715 1287 1770 Petrus
1308 1729 1431 1769 cum
1459 1711 1700 1767 audisset
1722 1710 1849 1781 quia
1874 1707 2137 1764 Dominus

557 1828 576 1861 α
619 1816 723 1876 est,
753 1808 939 1863 tunica
968 1805 1237 1867 succinxit
1257 1819 1334 1859 se.
1361 1802 1494 1859 Erat
1514 1802 1659 1856 enim
1685 1802 1862 1857 nudus
1908 1808 1963 1855 et
1991 1798 2140 1854 misit

554 1976 575 2046 ἀ
619 1992 739 2049 Non
773 1993 920 2049 enim
959 1991 1117 2063 longe
1145 1997 1304 2044 erant
1345 2005 1374 2044 a
1405 1996 1570 2054 terra,
1616 1987 1709 2043 sed
1740 1985 1895 2057 quasi
1937 1984 2139 2039 cubitis

556 2104 575 2136 ι
619 2085 889 2152 ducentis,
924 2084 1200 2140 trahentes
1229 2093 1344 2138 rete
1368 2082 1621 2153 piscium.
1665 2080 1735 2136 Ut
1762 2096 1893 2147 ergo
1921 2079 2143 2135 descen-

556 2194 576 2226 ι
622 2175 821 2230 derunt
846 2176 901 2229 in
926 2181 1162 2237 terram,
1192 2171 1448 2227 viderunt
1474 2186 1676 2241 prunas
1706 2170 1932 2241 positas,
1966 2179 2021 2224 et
2054 2168 2138 2240 pi-

553 2282 576 2317 ‹
620 2280 768 2323 seem
814 2264 1210 2337 superpositum
1253 2268 1310 2318 et
1347 2277 1563 2333 panem.
1616 2261 1756 2316 Dicit
1804 2260 1885 2316 eis
1929 2258 2135 2315 Jesus:

557 2377 577 2411 ε
616 2356 819 2414 Afferte
839 2356 908 2413 de
919 2356 1302 2430 piscibusquos
1321 2354 1671 2427 prendidistis
1691 2369 1854 2415 nunc.
1880 2351 2141 2413 Ascendit

557 2469 576 2503 ι
620 2466 748 2524 ergo
777 2449 962 2507 Simon
1001 2450 1216 2516 Petrus,
1258 2458 1313 2505 et
1339 2449 1507 2504 traxit
1534 2455 1651 2504 rete
1686 2448 1740 2503 in
1772 2456 1993 2525 terram,
2028 2447 2140 2518 ple-

557 2561 576 2594 ι
622 2558 751 2599 num
776 2543 989 2614 magnis
1014 2544 1254 2614 piscibus
1276 2551 1495 2600 centum
1521 2542 1912 2612 quinquaginta
1938 2542 2131 2596 tribus.

2234 1155 2400 1227 igitur
2421 1154 2666 1224 discipuli
2693 1155 2869 1210 adhuc
2890 1150 3141 1211 fluctibus
3167 1155 3414 1213 mortalis
3432 1156 3558 1212 vitm
3582 1156 3831 1222 inerant,

2234 1245 2288 1299 in
2316 1246 2452 1299 mari
2478 1244 2811 1309 laborabant,
2840 1245 2965 1316 quia
2986 1261 3116 1301 vero
3136 1244 3467 1316 Redemptor
3494 1257 3687 1305 noster
3704 1249 3830 1321 jam

2235 1336 2636 1407 corruptionem
2659 1336 2839 1392 carnis
2868 1346 3197 1403 excesserat,
3217 1347 3340 1408 post
3362 1340 3834 1415 resurrectionem

2237 1444 2390 1484 suam
2423 1429 2477 1482 in
2506 1429 2687 1484 littore
2732 1430 2934 1495 stabat,
2982 1444 3049 1487 ac
3095 1429 3141 1491 si
3182 1430 3363 1499 ipsum
3403 1432 3830 1488 resurrectionis

2238 1542 2348 1581 sua:
2373 1524 2690 1597 mysterium
2736 1525 2911 1595 reipsa
2942 1524 3220 1594 discipulis
3238 1523 3571 1594 loqueretur,
3596 1525 3789 1581 dicens
3815 1543 3829 1580 :

2238 1618 2358 1674 Jam
2396 1618 2549 1673 vobis
2594 1618 2650 1672 in
2681 1617 2819 1672 mari
2847 1632 2955 1673 non
2985 1633 3249 1689 appareo,
3288 1618 3418 1689 quia
3462 1617 3753 1674 vobiscum
3780 1620 3834 1672 in

2239 1710 2659 1782 perturbationis
2697 1706 2950 1765 ﬂuctibus
2992 1726 3099 1765 non
3144 1726 3285 1767 sum.
3330 1708 3500 1766 Facta
3533 1719 3620 1767 est
3648 1718 3832 1766 autem

2239 1803 2515 1874 discipulis
2543 1799 2857 1873 piscationis
2888 1816 3082 1872 magna
3109 1801 3400 1859 dillicultas
3422 1843 3439 1868 ,
3474 1810 3536 1858 ut
3566 1804 3834 1876 magistro

446 1922 453 1927 ο
557 1919 575 1953 ι
619 1918 677 1957 se
702 1901 758 1957 in
786 1916 956 1959 mare.
996 1898 1103 1954 Alii
1135 1904 1314 1957 autem
1338 1894 1586 1966 discipuli
1612 1893 1828 1965 navigio
1854 1898 2141 1947 venerunt.
2172 1884 2220 1944 B
2247 1895 2496 1950 veniente
2525 1890 2681 1949 ﬁeret
2702 1894 3075 1951 admirationis
3101 1910 3312 1966 magna:
3333 1895 3662 1951 sublimitas.

2313 1974 2463 2039 Dixit
2513 1985 2587 2040 eis
2631 2001 2648 2040 :
2697 1983 2886 2039 Mittite
2939 1985 2995 2040 in
3048 1985 3317 2042 dexteram
3370 1987 3563 2058 navigii
3622 1995 3733 2043 rete
3789 1995 3837 2042 et

2242 2078 2531 2133 invenietis.
2587 2076 2677 2133 Bis
2725 2078 2780 2133 in
2834 2086 3021 2133 sancto
3074 2077 3363 2150 Evangelio
3413 2078 3654 2153 legitur,
3709 2080 3839 2151 quia

2240 2169 2503 2226 Dominus
2535 2169 2730 2241 jussit,
2763 2178 2821 2225 ut
2850 2171 2919 2226 ad
2941 2170 3266 2241 piscandum
3294 2172 3432 2227 retia
3462 2172 3836 2227 mitterentur.

2239 2258 2380 2319 Ante
2420 2263 2730 2333 passionem
2773 2260 3061 2329 videlicet,
3093 2270 3149 2317 et
3180 2270 3305 2332 post
3344 2263 3674 2332 passionem.
3726 2262 3839 2319 Sed

2239 2353 2556 2425 priusquam
2587 2353 2916 2424 Redemptor
2942 2362 3130 2409 noster
3172 2361 3450 2425 pateretur
3476 2362 3532 2409 et
3564 2369 3836 2428 resurge-

2240 2456 2342 2513 ret,
2366 2447 2509 2502 mitti
2531 2447 2748 2518 quidem
2778 2455 2893 2503 rete
2915 2447 2982 2503 ad
3005 2447 3508 2518 piscandumjubet,
3525 2449 3621 2503 sed
3646 2457 3835 2506 utrum

2238 2538 2294 2596 in
2344 2541 2597 2597 dextram
2640 2556 2708 2594 an
2757 2541 2812 2596 in
2857 2541 3138 2598 sinistram
3188 2541 3330 2597 mitti
3387 2541 3668 2597 debuisset
3726 2557 3834 2599 non

557 2650 577 2684 α
622 2631 688 2688 Εἰ
713 2648 836 2687 cum
859 2633 995 2686 tanti
1017 2642 1219 2699 essent,
1243 2647 1352 2689 non
1373 2639 1458 2687 est
1477 2632 1708 2687 scissum
1730 2638 1864 2686 rete.
1891 2631 2032 2685 Dicit
2055 2631 2136 2686 eis
2230 2629 2403 2701 jubet.
2429 2631 2556 2688 Post
2588 2634 3042 2693 resurrectionem
3066 2649 3207 2701 vero
3228 2634 3508 2705 discipulis
3542 2650 3831 2707 apparens,

557 2745 578 2780 ι
622 2726 780 2794 Iesus
805 2747 818 2781 :
843 2727 1349 2799 Venite,praudete.
1375 2724 1443 2779 Et
1468 2739 1627 2779 nemo
1648 2723 1881 2779 audebat
1901 2722 2135 2778 discum-
2236 2724 2379 2779 mitti
2409 2733 2523 2780 rete
2563 2725 2619 2780 in
2665 2725 2910 2780 dextram
2944 2724 3116 2797 jubet.
3147 2725 3203 2780 In
3244 2726 3335 2782 illa
3359 2726 3664 2797 piscatione
3702 2726 3837 2787 tanti

558 2808 578 2871 ἃ
621 2819 867 2876 bentium
914 2820 1252 2889 interrogare
1299 2832 1423 2873 eum
1458 2835 1470 2869 :
1505 2814 1584 2870 Tu
1626 2814 1718 2885 qui
1762 2816 1854 2870 es?
1899 2815 2134 2872 scientes
2235 2818 2378 2903 capti
2428 2827 2574 2885 sunt,
2630 2827 2690 2873 ut
2730 2820 2881 2901 retia
2912 2828 3327 2889 rumperentur,
3382 2819 3439 2875 in
3490 2818 3595 2875 ista
3650 2829 3835 2875 autem

558 2930 578 2969 ι
624 2912 749 2984 quia
775 2911 1035 2971 Dominus
1053 2920 1158 2967 est.
1181 2911 1248 2965 Et
1274 2906 1657 2965 venitJesuset
1685 2908 1893 2981 accepit
1912 2924 2130 2980 panem,
2234 2917 2290 2967 et
2329 2910 2485 2965 multi
2514 2910 2656 2981 capti
2700 2919 2858 2977 sunt,
2903 2919 2960 2969 et
3001 2911 3138 2969 retia
3170 2921 3330 2982 rupta
3371 2927 3481 2968 non
3517 2919 3665 2967 sunt.
3703 2910 3832 2980 Quis

559 3022 579 3057 ι
625 3012 681 3060 et
709 3004 853 3063 dedit
874 3004 1021 3060 eiset
1040 3003 1246 3077 piscem
1275 3000 1545 3057 similiter.
1568 2997 1809 3068 Hocjam
1835 2999 1995 3055 tertio
2019 3016 2133 3055 ma-

560 3115 579 3151 t
623 3095 912 3171 nifestatus
949 3103 1033 3152 est
1077 3094 1236 3150 Jcsus
1286 3093 1565 3165 discipulis
1601 3093 1733 3159 suis,
1783 3108 1907 3150 cum
1952 3107 2131 3150 resur-

560 3207 578 3242 ε
626 3187 1183 3249 rexissetamortuis.
1232 3206 1250 3239 ι

2238 3018 2368 3059 vero
2392 3003 2599 3059 nesciat
2637 3005 2810 3063 bonos
2835 3005 3023 3060 dextra
3051 3013 3105 3060 et
3124 3005 3296 3063 malos
3323 3004 3546 3060 sinistra
3572 3002 3832 3077 ﬁgurari?

2238 3092 2333 3149 Illa
2359 3109 2490 3167 ergo
2518 3094 2748 3165 piscatio
2775 3095 2829 3151 in
2862 3111 2970 3166 qua
2999 3095 3310 3167 specialiter
3335 3096 3391 3151 in
3418 3112 3582 3168 quam
3610 3103 3827 3167 partem

2240 3185 2384 3241 mitti
2414 3194 2529 3242 rete
2555 3185 2748 3242 debeat
2782 3203 2892 3243 non
2911 3186 3153 3258 jubetur,
3178 3197 3501 3263 praesentem
3526 3188 3830 3245 Ecclesiam

626 3247 981 3356 llanifestavit
1021 3300 1075 3337 se
1107 3281 1263 3338 Iesus
1294 3283 1363 3337 ad
1400 3300 1545 3338 mare
1591 3276 1896 3355 Tyberiadis
1918 3324 1933 3349 ,
1964 3282 2137 3336 mani-
2164 3247 2211 3310 C
2242 3278 2563 3367 designavit,
2603 3294 2723 3349 quae
2749 3247 2932 3339 bonos.
2958 3280 3117 3336 simul
3140 3247 3225 3335 ac
3249 3279 3423 3336 malos
3446 3280 3686 3351 colligit,
3729 3296 3832 3337 nec

553 3376 759 3446 festavit
779 3386 954 3433 autem
975 3378 1070 3431 sic.
1108 3376 1279 3432 Erant
1307 3375 1466 3431 simul
1504 3376 1683 3432 Simon
1707 3375 1899 3432 Petrus
1915 3385 1962 3431 et
1997 3375 2136 3431 Tito-

551 3485 692 3536 mas,
717 3469 807 3541 qui
835 3469 1030 3524 dicitur
1055 3468 1348 3538 Didymus,
1384 3480 1430 3523 et
1474 3467 1800 3534 Nathanael,
1834 3468 1925 3539 qui
1957 3476 2069 3523 erat
2104 3485 2137 3522 a

554 3558 703 3614 Cana
738 3556 1001 3626 Galilaaa’,
1040 3570 1087 3613 et
1128 3558 1231 3628 ﬁlii
1259 3559 1524 3623 Zebedwi,
1560 3569 1607 3613 et
1638 3557 1731 3614 alii
1766 3575 1830 3613 ea:
1866 3558 2137 3631 discipulis

555 3648 669 3720 ejus
700 3649 825 3705 duo.
860 3648 1001 3705 Dicit
1030 3650 1102 3704 eis
1128 3648 1311 3704 Simon
1347 3646 1538 3705 Petrus
1567 3662 1584 3701 :
1626 3646 1772 3703 Vada
1805 3650 2019 3720 piscari.
2043 3649 2139 3704 Di-

556 3751 678 3796 cunt
696 3742 781 3796 ei:
818 3739 1069 3797 Venimus
1088 3750 1138 3796 et
1163 3756 1257 3794 nos
1290 3750 1479 3794 tecum.
1513 3740 1580 3794 Et
1608 3740 1845 3795 exierunt
1874 3750 1920 3795 et
1950 3758 2135 3796 ascen-

554 3833 743 3889 derunt
775 3833 830 3889 in
870 3834 1075 3899 navim,
1104 3842 1152 3888 et
1182 3833 1275 3887 illa
1310 3843 1457 3887 nocte
1494 3832 1626 3887 nihil
1655 3843 1916 3904 ceperunt.
1960 3834 2139 3902 Quaeri

556 3923 700 3978 enim
723 3930 901 3994 potest
921 3938 1019 3978 cur
1050 3923 1266 3989 Petrus,
1294 3923 1386 3992 qui
1418 3923 1655 3993 piscator
1680 3931 1804 3979 ante
1829 3925 2139 3981 conversio-

556 4030 679 4070 nem
703 4013 836 4083 l'uit,
865 4024 989 4087 post
1016 4016 1422 4071 conversionem
1462 4015 1529 4070 ad
1561 4016 1917 4086 piscationem
1945 4019 2139 4073 rediit?

554 4116 610 4164 et
635 4123 758 4164 cum
788 4108 987 4166 veritas
1015 4109 1162 4165 dicat
1193 4126 1205 4162 :
1240 4108 1406 4163 Nemo
1432 4111 1637 4165 mittens
1663 4127 1878 4166 manum
1900 4129 2051 4167 suam
2079 4114 2138 4169 in

554 4210 814 4266 aratrum,
844 4210 892 4256 et
918 4202 1177 4273 aspiciens
1201 4212 1358 4267 retro,
1390 4210 1542 4272 aptus
1568 4213 1643 4258 est
1669 4221 1823 4276 regno
1850 4204 1952 4259 Dei
1981 4204 2136 4277 (Luc.

556 4291 656 4361 ix),
687 4307 785 4347 cur
806 4294 1021 4363 repetiit
1037 4293 1180 4364 quod
1202 4294 1517 4364 dereliquit?
1540 4293 1647 4351 Sed
1670 4295 1713 4351 si
1735 4295 1910 4352 virtus
1934 4297 2139 4353 discre-

554 4382 720 4439 tionis
746 4383 1041 4439 intenditur
1072 4386 1233 4440 citius
1260 4387 1492 4453 vidctur,
1525 4388 1651 4456 quia
1678 4389 1937 4443 nimirum
1970 4405 2136 4463 nego-

555 4475 693 4530 tium
721 4476 865 4545 quod
896 4484 1021 4531 ante
1046 4476 1456 4531 conversionem
1499 4477 1616 4531 sine
1642 4485 1866 4546 peccato
1907 4481 2137 4549 exstitit,

2238 3370 2391 3442 eligit
2416 3385 2554 3441 quos
2578 3373 2790 3438 trahat,
2822 3372 2949 3442 quia
2978 3380 3034 3428 et
3060 3388 3196 3442 quos
3233 3372 3435 3445 eligere
3460 3374 3636 3444 possit
3675 3374 3832 3446 igno-

2239 3472 2343 3518 rat.
2368 3462 2494 3519 Haac
2515 3473 2695 3520 autem
2723 3464 2952 3534 piscatio
2974 3474 3096 3535 post
3122 3452 3337 3521 Domini
3374 3467 3834 3522 resurrectionem

2240 3555 2383 3611 facta
2409 3556 2463 3611 in
2486 3556 2656 3612 solam
2685 3558 2963 3614 dexteram
2996 3558 3160 3614 missa
3182 3568 3286 3624 est,
3309 3560 3436 3629 quia
3450 3560 3517 3614 ad
3541 3558 3833 3615 videndam

2241 3647 2508 3704 claritatis
2536 3647 2653 3717 ejus
2685 3649 2913 3718 gloriam
2944 3650 3058 3707 sola
3097 3650 3394 3706 electorum
3430 3651 3676 3707 Ecclesia
3707 3667 3836 3723 per-

2242 3740 2430 3810 tinget,
2460 3757 2581 3812 qua:
2612 3741 2677 3797 de
2705 3741 2928 3798 sinistro
2955 3757 3119 3821 opere
3156 3742 3230 3796 nil
3260 3742 3500 3801 habebit.
3533 3741 3593 3797 In
3624 3742 3717 3796 illa
3744 3742 3833 3812 pi-

2241 3834 2479 3889 scatione
2530 3850 2643 3904 prie
2682 3834 3025 3890 multitudine
3068 3834 3299 3906 piscium
3355 3844 3473 3890 rete
3522 3836 3831 3907 rumpitur,

2239 3922 2368 3993 quia
2406 3937 2550 3979 nunc
2579 3922 2645 3977 ad
2680 3920 3082 3979 confessionem
3121 3922 3245 3978 ﬁdei
3285 3923 3451 3980 etiam
3480 3940 3605 3980 cum
3633 3924 3829 3981 electis

2240 4014 2456 4083 reprobi
2486 4013 2618 4068 tanti
2658 4014 2889 4080 intrant,
2945 4014 3037 4084 qui
3068 4014 3240 4085 ipsam
3277 4030 3492 4085 quoque
3523 4016 3831 4072 Ecclesiam

2240 4106 2539 4187 hteresibus
2565 4104 2833 4161 scindant.
2868 4104 2926 4159 In
2958 4106 3061 4161 ista
3085 4122 3212 4162 vero
3228 4106 3551 4179 piscatione,
3581 4117 3639 4163 et
3669 4108 3828 4163 multi

2238 4198 2415 4269 pisces
2457 4206 2512 4253 et
2564 4198 2745 4269 magni
2775 4199 3081 4271 capiuntur,
3125 4206 3180 4253 et
3222 4205 3334 4254 rete
3380 4214 3489 4255 non
3520 4199 3830 4271 rumpitur,

2240 4290 2366 4360 quia
2394 4299 2581 4346 sancta
2607 4290 2905 4347 electorum
2925 4289 3190 4357 Ecclesia,
3214 4289 3269 4345 in
3301 4291 3559 4347 continua
3586 4290 3832 4349 auctoris

2240 4382 2322 4438 sui
2352 4399 2488 4454 pace
2515 4383 2894 4454 requiescens,
2933 4380 3094 4439 nullis
3126 4380 3241 4452 jam
3280 4383 3708 4441 dissensionibus
3749 4383 3831 4440 dio

2239 4473 2494 4529 laniatur.

551 4568 660 4625 hoc
677 4568 844 4623 etiam
864 4575 986 4639 post
1005 4567 1416 4622 conversionem
1436 4567 1593 4639 culpa
1618 4579 1863 4639 repetere
1879 4588 1985 4627 non
2010 4573 2133 4640 fuit,
2161 4598 2216 4658 Β
2312 4566 2571 4623 Miserunt
2614 4583 2737 4638 ergo
2784 4568 2946 4635 retia,
3004 4578 3053 4624 et
3090 4570 3209 4641 jam
3256 4588 3360 4627 non
3407 4570 3650 4628 valebant
3692 4572 3830 4630 illud

553 4672 682 4713 nam
705 4658 1030 4728 piscatorem
1055 4653 1296 4721 Petrum,
1323 4654 1631 4712 Matthaeum
1661 4673 1792 4713 vero
1814 4660 2136 4717 telonarium

553 4748 776 4804 scimus.
807 4746 875 4801 Et
898 4754 1019 4817 post
1048 4748 1458 4803 conversionem
1485 4762 1640 4804 suam
1683 4750 1750 4805 ad
1779 4752 2137 4821 piscationem

552 4839 748 4898 Petrus
790 4840 982 4908 rediit,
1020 4838 1306 4895 Mattbazus
1346 4856 1476 4896 vero
1517 4842 1585 4896 ad
1615 4843 1814 4899 telonei
1856 4847 2136 4917 negotium

554 4948 665 4990 non
693 4931 869 4989 rediit.
904 4929 1043 4999 Quia
1070 4938 1137 4995 et.
1154 4930 1297 4985 aliud
1325 4940 1409 4987 est
1435 4932 1637 4988 victum
1662 4949 1761 5005 per
1780 4934 2136 5005 piscationem

460 5098 469 5105 ,
553 5038 819 5100 quaarere,
859 5024 1003 5079 aliud
1033 5022 1228 5079 telonei
1255 5022 1423 5081 lucris
1447 5026 1707 5097 pecunias
1749 5041 1967 5099 augere.
2000 5027 2139 5085 Sunt

552 5119 700 5178 enim
728 5120 989 5191 pleraque
1026 5117 1238 5188 negotia
1260 5156 1276 5185 ,
1311 5132 1431 5187 quae
1460 5118 1579 5174 sine
1605 5126 1833 5188 peccato
1860 5120 2137 5187 exhiberi,

553 5223 650 5268 aut
673 5211 782 5277 vix,
818 5219 914 5265 aut
938 5208 1245 5265 nullatenus
1268 5217 1515 5281 possunt.
1550 5208 1681 5278 Quae
1704 5226 1833 5284 ergo
1860 5211 1927 5266 ad
1949 5226 2141 5282 pecca-

554 5314 670 5360 tum
701 5302 1010 5375 implicant,
1039 5303 1106 5358 ad
1132 5303 1249 5358 haec
1277 5317 1501 5359 necesse
1525 5310 1632 5369 est,
1668 5310 1729 5358 ut
1753 5310 1877 5375 post
1913 5319 2139 5362 conver.

554 5395 763 5452 sionem
785 5395 999 5452 animus
1019 5410 1126 5450 non
1152 5403 1424 5450 recurrat.

628 5483 787 5539 Mane
808 5492 984 5540 autem
1007 5484 1127 5556 jam
1158 5484 1320 5555 facto,
1361 5485 1501 5539 stetit
1533 5481 1689 5538 Iesus
1716 5486 1771 5537 in
1799 5483 1990 5552 littore,
2027 5502 2133 5542 non

555 5584 731 5632 tamen
752 5588 1099 5648 cognoverunt
1119 5575 1386 5647 discipuli,
1405 5575 1529 5647 quia
1555 5574 1709 5629 Iesus
1736 5584 1829 5630 est.
1855 5574 1995 5630 Dicit
2010 5593 2130 5648 ergo

555 5669 631 5724 eis
650 5668 806 5725 Iesus
827 5682 846 5722 :
870 5665 1056 5735 Pueri,
1086 5666 1319 5738 nunquid
1343 5664 1752 5736 pulmentarium
1769 5665 1885 5719 habt
1902 5666 2009 5720 tis?
2029 5665 2131 5722 Re—

555 5762 877 5835 monderunt
912 5761 995 5826 ei,
1037 5776 1160 5814 non.
1190 5757 1369 5826 Quaeri
1398 5763 1597 5828 potest,
1638 5771 1737 5812 cur
1772 5754 2049 5827 discipulis
2073 5760 2128 5814 in

555 5858 695 5923 mari
728 5854 1119 5921 laborantibus,
1149 5859 1273 5931 post
1302 5849 1754 5909 resurrectionem
1781 5849 2042 5909 Dominus
2071 5853 2127 5909 in

2245 4660 2451 4713 trahere
2492 4676 2524 4711 a
2558 4657 2894 4715 multitudine
2923 4661 3168 4732 piscium.
3210 4662 3351 4717 Dicit
3381 4679 3502 4734 ergo
3537 4664 3831 4735 discipulus

2243 4748 2332 4804 ille
2369 4766 2522 4821 quem
2562 4749 2808 4821 diligebat
2854 4750 3010 4807 Iesus
3051 4752 3252 4808 Petro:
3297 4754 3555 4810 Dominus
3594 4766 3694 4810 est.
3744 4755 3832 4811 Si-

2243 4860 2363 4898 mon
2392 4840 2582 4898 Petrus
2617 4860 2737 4898 cum
2767 4846 3021 4914 audisset,
3062 4848 3189 4918 quia
3219 4847 3476 4904 Dominus
3505 4858 3602 4915 est,
3645 4852 3830 4905 tunica

2241 4933 2499 4988 succinxit
2540 4951 2613 5001 se,
2652 4945 2765 4989 erat
2798 4936 2935 4991 enim
2972 4937 3165 5005 nudus,
3209 4947 3257 4993 et
3298 4939 3439 4994 misit
3476 4956 3531 4995 se
3570 4941 3627 4994 in
3656 4958 3829 5009 mare,

2241 5025 2337 5081 alii
2364 5037 2538 5081 autem
2564 5027 2809 5100 discipuli
2835 5029 3041 5101 nauigio
3068 5039 3338 5096 venerunt,
3382 5047 3485 5085 non
3510 5031 3650 5086 enim
3677 5033 3830 5107 longe

2242 5128 2390 5172 erant
2433 5135 2465 5171 a
2510 5127 2675 5184 terra,
2721 5118 2812 5173 sed
2852 5119 3004 5191 quasi
3052 5118 3240 5175 cubitis
3282 5120 3518 5176 ducentis
3559 5124 3829 5181 trahentes

2242 5218 2346 5263 rete
2369 5209 2613 5281 piscium.
2666 5207 2731 5263 Ut
2755 5226 2876 5280 ergo
2899 5209 3276 5265 descenderunt
3318 5211 3374 5264 in
3412 5222 3641 5279 terram,
3688 5216 3831 5270 vide-

2238 5309 2360 5353 runt
2380 5316 2577 5369 prunas
2599 5299 2798 5370 positas
2823 5308 2872 5353 et
2897 5299 3090 5370 piscem
3125 5301 3506 5372 superpositum
3536 5313 3584 5357 et
3609 5321 3826 5375 panem.

2237 5385 2341 5443 Ubi
2367 5404 2473 5443 non
2499 5396 2583 5443 est
2610 5388 3012 5463 intelligendum
3037 5391 3201 5446 etiam
3229 5406 3423 5461 panem
3443 5392 3611 5451 fuisse
3635 5410 3831 5468 super-

2236 5478 2474 5551 positum
2504 5480 2715 5551 prunis,
2742 5480 2837 5537 sed
2862 5489 3073 5538 tantum
3101 5483 3527 5540 subaudiendum
3552 5486 3827 5544 viderunt.

2237 5570 2363 5628 Ideo
2382 5571 2633 5628 viderunt
2654 5589 2857 5645 prunas
2877 5577 3103 5648 positas,
3123 5584 3180 5631 et
3196 5577 3399 5647 piscem
3420 5580 3829 5651 superpositum

2238 5665 2510 5733 viderunt,
2528 5674 2584 5721 et
2602 5682 2797 5739 panem
2818 5668 3085 5724 viderunt.
3110 5667 3207 5723 Vel
3230 5668 3305 5723 ita
3325 5670 3534 5738 potius:
3559 5670 3829 5727 Viderunt

2235 5776 2438 5832 prunas
2465 5762 2693 5833 positas,
2724 5770 2779 5819 et
2802 5761 3006 5834 piscem
3033 5761 3457 5834 superpositum,
3487 5761 3745 5820 viderunt
3768 5773 3829 5825 et

2235 5868 2449 5931 panem.
