  <div class='ocr_page' id='page_1' title='image "/cluster/home/n/w/nwhite01/storage/ocr_20150623/102/hvd.32044015466808/128.png"; bbox 0 0 4030 6462; ppageno 0'>
   <div class='ocr_carea' id='block_1_1' title="bbox 189 464 288 526">
    <p class='ocr_par' dir='ltr' id='par_1_1' title="bbox 189 464 288 526">
     <span class='ocr_line' id='line_1_1' title="bbox 189 464 288 526; baseline -0.04 0"><span class='ocrx_word' id='word_1_1' title='bbox 189 464 288 526; x_wconf 65' lang='lat' dir='ltr'><strong>N5</strong></span> 
     </span>
    </p>
   </div>
   <div class='ocr_carea' id='block_1_2' title="bbox 193 657 1761 734">
    <p class='ocr_par' dir='ltr' id='par_1_2' title="bbox 193 657 1761 734">
     <span class='ocr_line' id='line_1_2' title="bbox 193 657 1761 734; baseline -0.009 -9"><span class='ocrx_word' id='word_1_2' title='bbox 193 673 364 734; x_wconf 60' lang='lat' dir='ltr'><strong>Simon</strong></span> <span class='ocrx_word' id='word_1_3' title='bbox 405 665 597 723; x_wconf 77' lang='lat' dir='ltr'><strong>Petrus</strong></span> <span class='ocrx_word' id='word_1_4' title='bbox 640 672 691 719; x_wconf 82' lang='lat' dir='ltr'><strong>et</strong></span> <span class='ocrx_word' id='word_1_5' title='bbox 733 663 895 719; x_wconf 59' lang='lat' dir='ltr'><strong>nscit</strong></span> <span class='ocrx_word' id='word_1_6' title='bbox 941 672 1046 719; x_wconf 78' lang='lat' dir='ltr'><strong>rete</strong></span> <span class='ocrx_word' id='word_1_7' title='bbox 1090 662 1151 721; x_wconf 74' lang='lat' dir='ltr'><strong>in</strong></span> <span class='ocrx_word' id='word_1_8' title='bbox 1192 671 1408 719; x_wconf 71' lang='lat' dir='ltr'><strong>terrain.</strong></span> <span class='ocrx_word' id='word_1_9' title='bbox 1436 659 1545 731; x_wconf 74' lang='lat' dir='ltr'><strong>(Es</strong></span> <span class='ocrx_word' id='word_1_10' title='bbox 1572 657 1761 730; x_wconf 86' lang='lat' dir='ltr'><strong>Greg.)</strong></span> 
     </span>
    </p>
   </div>
   <div class='ocr_carea' id='block_1_3' title="bbox 190 751 1762 836">
    <p class='ocr_par' dir='ltr' id='par_1_3' title="bbox 190 751 1762 836">
     <span class='ocr_line' id='line_1_3' title="bbox 190 751 1762 836; baseline -0.008 -18"><span class='ocrx_word' id='word_1_11' title='bbox 190 763 365 836; x_wconf 73' lang='lat' dir='ltr'><strong>captis</strong></span> <span class='ocrx_word' id='word_1_12' title='bbox 389 766 572 817; x_wconf 88' lang='lat' dir='ltr'><strong>autem</strong></span> <span class='ocrx_word' id='word_1_13' title='bbox 600 767 713 813; x_wconf 89' lang='lat' dir='ltr'><strong>tam</strong></span> <span class='ocrx_word' id='word_1_14' title='bbox 743 756 959 827; x_wconf 78' lang='lat' dir='ltr'><strong>magnis</strong></span> <span class='ocrx_word' id='word_1_15' title='bbox 994 755 1265 828; x_wconf 76' lang='lat' dir='ltr'><strong>piscibus,</strong></span> <span class='ocrx_word' id='word_1_16' title='bbox 1299 753 1546 811; x_wconf 73' lang='lat' dir='ltr'><strong>ascendit</strong></span> <span class='ocrx_word' id='word_1_17' title='bbox 1573 751 1762 808; x_wconf 87' lang='lat' dir='ltr'><strong>Simon</strong></span> 
     </span>
    </p>
   </div>
   <div class='ocr_carea' id='block_1_4' title="bbox 191 841 1764 914">
    <p class='ocr_par' dir='ltr' id='par_1_4' title="bbox 191 841 1764 914">
     <span class='ocr_line' id='line_1_4' title="bbox 191 841 1764 914; baseline -0.01 -2"><span class='ocrx_word' id='word_1_18' title='bbox 191 857 372 913; x_wconf 81' lang='lat' dir='ltr'><strong>Petrus</strong></span> <span class='ocrx_word' id='word_1_19' title='bbox 413 858 471 907; x_wconf 82' lang='lat' dir='ltr'><strong>et</strong></span> <span class='ocrx_word' id='word_1_20' title='bbox 514 846 682 904; x_wconf 77' lang='lat' dir='ltr'><strong>traxit</strong></span> <span class='ocrx_word' id='word_1_21' title='bbox 721 854 842 903; x_wconf 85' lang='lat' dir='ltr'><strong>rete</strong></span> <span class='ocrx_word' id='word_1_22' title='bbox 882 846 937 903; x_wconf 89' lang='lat' dir='ltr'><strong>in</strong></span> <span class='ocrx_word' id='word_1_23' title='bbox 986 855 1211 903; x_wconf 87' lang='lat' dir='ltr'><strong>terram.</strong></span> <span class='ocrx_word' id='word_1_24' title='bbox 1259 843 1382 900; x_wconf 79' lang='lat' dir='ltr'><strong>Jam</strong></span> <span class='ocrx_word' id='word_1_25' title='bbox 1420 843 1583 900; x_wconf 84' lang='lat' dir='ltr'><strong>credo</strong></span> <span class='ocrx_word' id='word_1_26' title='bbox 1616 841 1764 914; x_wconf 91' lang='lat' dir='ltr'><strong>quod</strong></span> 
     </span>
    </p>
   </div>
   <div class='ocr_carea' id='block_1_5' title="bbox 189 936 1765 1010">
    <p class='ocr_par' dir='ltr' id='par_1_5' title="bbox 189 936 1765 1010">
     <span class='ocr_line' id='line_1_5' title="bbox 189 936 1765 1010; baseline -0.005 -8"><span class='ocrx_word' id='word_1_27' title='bbox 189 954 357 1002; x_wconf 84' lang='lat' dir='ltr'><strong>vestra</strong></span> <span class='ocrx_word' id='word_1_28' title='bbox 394 940 639 998; x_wconf 80' lang='lat' dir='ltr'><strong>charitas</strong></span> <span class='ocrx_word' id='word_1_29' title='bbox 682 939 947 1003; x_wconf 77' lang='lat' dir='ltr'><strong>advertit,</strong></span> <span class='ocrx_word' id='word_1_30' title='bbox 991 939 1125 1010; x_wconf 81' lang='lat' dir='ltr'><strong>quid</strong></span> <span class='ocrx_word' id='word_1_31' title='bbox 1164 946 1248 995; x_wconf 85' lang='lat' dir='ltr'><strong>est</strong></span> <span class='ocrx_word' id='word_1_32' title='bbox 1294 938 1440 1009; x_wconf 80' lang='lat' dir='ltr'><strong>quod</strong></span> <span class='ocrx_word' id='word_1_33' title='bbox 1470 937 1664 993; x_wconf 85' lang='lat' dir='ltr'><strong>Petrus</strong></span> <span class='ocrx_word' id='word_1_34' title='bbox 1694 936 1765 994; x_wconf 87' lang='lat' dir='ltr'><strong>ad</strong></span> 
     </span>
    </p>
   </div>
   <div class='ocr_carea' id='block_1_6' title="bbox 188 1029 1765 1103">
    <p class='ocr_par' dir='ltr' id='par_1_6' title="bbox 188 1029 1765 1103">
     <span class='ocr_line' id='line_1_6' title="bbox 188 1029 1765 1103; baseline -0.007 -8"><span class='ocrx_word' id='word_1_35' title='bbox 188 1048 379 1097; x_wconf 79' lang='lat' dir='ltr'><strong>terrast</strong></span> <span class='ocrx_word' id='word_1_36' title='bbox 416 1041 537 1089; x_wconf 88' lang='lat' dir='ltr'><strong>rete</strong></span> <span class='ocrx_word' id='word_1_37' title='bbox 572 1032 781 1089; x_wconf 79' lang='lat' dir='ltr'><strong>trahit:</strong></span> <span class='ocrx_word' id='word_1_38' title='bbox 813 1032 914 1103; x_wconf 86' lang='lat' dir='ltr'><strong>ipsi</strong></span> <span class='ocrx_word' id='word_1_39' title='bbox 950 1032 1149 1103; x_wconf 86' lang='lat' dir='ltr'><strong>quippe</strong></span> <span class='ocrx_word' id='word_1_40' title='bbox 1187 1039 1378 1087; x_wconf 87' lang='lat' dir='ltr'><strong>sancta</strong></span> <span class='ocrx_word' id='word_1_41' title='bbox 1408 1029 1652 1086; x_wconf 75' lang='lat' dir='ltr'><strong>Ecclesia</strong></span> <span class='ocrx_word' id='word_1_42' title='bbox 1679 1036 1765 1086; x_wconf 85' lang='lat' dir='ltr'><strong>est</strong></span> 
     </span>
    </p>
   </div>
   <div class='ocr_carea' id='block_1_7' title="bbox 183 1121 1761 1197">
    <p class='ocr_par' dir='ltr' id='par_1_7' title="bbox 183 1121 1761 1197">
     <span class='ocr_line' id='line_1_7' title="bbox 183 1121 1761 1197; baseline -0.006 -12"><span class='ocrx_word' id='word_1_43' title='bbox 183 1128 499 1193; x_wconf 59' lang='lat' dir='ltr'><strong>summissa,</strong></span> <span class='ocrx_word' id='word_1_44' title='bbox 540 1126 643 1196; x_wconf 85' lang='lat' dir='ltr'><strong>ipsi</strong></span> <span class='ocrx_word' id='word_1_45' title='bbox 685 1124 996 1197; x_wconf 66' lang='lat' dir='ltr'><strong>specialiter</strong></span> <span class='ocrx_word' id='word_1_46' title='bbox 1018 1124 1259 1181; x_wconf 83' lang='lat' dir='ltr'><strong>dicitur:</strong></span> <span class='ocrx_word' id='word_1_47' title='bbox 1291 1121 1475 1181; x_wconf 79' lang='lat' dir='ltr'><strong>Simon</strong></span> <span class='ocrx_word' id='word_1_48' title='bbox 1512 1121 1761 1187; x_wconf 78' lang='lat' dir='ltr'><strong>Joannis,</strong></span> 
     </span>
    </p>
   </div>
   <div class='ocr_carea' id='block_1_8' title="bbox 183 1214 1767 1290">
    <p class='ocr_par' dir='ltr' id='par_1_8' title="bbox 183 1214 1767 1290">
     <span class='ocr_line' id='line_1_8' title="bbox 183 1214 1767 1290; baseline -0.006 -11"><span class='ocrx_word' id='word_1_49' title='bbox 183 1238 324 1279; x_wconf 70' lang='lat' dir='ltr'><strong>astas</strong></span> <span class='ocrx_word' id='word_1_50' title='bbox 346 1235 430 1274; x_wconf 73' lang='lat' dir='ltr'><strong>me</strong></span> <span class='ocrx_word' id='word_1_51' title='bbox 459 1219 486 1275; x_wconf 71' lang='grc'><strong><em>1</em></strong></span> <span class='ocrx_word' id='word_1_52' title='bbox 526 1233 684 1290; x_wconf 72' lang='lat' dir='ltr'><strong>pasce</strong></span> <span class='ocrx_word' id='word_1_53' title='bbox 710 1233 828 1273; x_wconf 73' lang='lat' dir='ltr'><strong>oves</strong></span> <span class='ocrx_word' id='word_1_54' title='bbox 852 1230 1016 1273; x_wconf 70' lang='lat' dir='ltr'><strong>meas.</strong></span> <span class='ocrx_word' id='word_1_55' title='bbox 1063 1214 1222 1283; x_wconf 79' lang='lat' dir='ltr'><strong>Quod</strong></span> <span class='ocrx_word' id='word_1_56' title='bbox 1256 1228 1388 1286; x_wconf 76' lang='lat' dir='ltr'><strong>ergo</strong></span> <span class='ocrx_word' id='word_1_57' title='bbox 1420 1214 1767 1285; x_wconf 72' lang='lat' dir='ltr'><strong>postmodum</strong></span> 
     </span>
    </p>
   </div>
   <div class='ocr_carea' id='block_1_9' title="bbox 182 1305 1767 1385">
    <p class='ocr_par' dir='ltr' id='par_1_9' title="bbox 182 1305 1767 1385">
     <span class='ocr_line' id='line_1_9' title="bbox 182 1305 1767 1385; baseline -0.006 -17"><span class='ocrx_word' id='word_1_58' title='bbox 182 1312 415 1385; x_wconf 81' lang='lat' dir='ltr'><strong>aperitur</strong></span> <span class='ocrx_word' id='word_1_59' title='bbox 440 1310 502 1365; x_wconf 86' lang='lat' dir='ltr'><strong>in</strong></span> <span class='ocrx_word' id='word_1_60' title='bbox 529 1323 694 1375; x_wconf 89' lang='lat' dir='ltr'><strong>voce,</strong></span> <span class='ocrx_word' id='word_1_61' title='bbox 734 1308 840 1365; x_wconf 79' lang='lat' dir='ltr'><strong>hoe.</strong></span> <span class='ocrx_word' id='word_1_62' title='bbox 870 1322 1013 1364; x_wconf 91' lang='lat' dir='ltr'><strong>nunc</strong></span> <span class='ocrx_word' id='word_1_63' title='bbox 1036 1308 1283 1379; x_wconf 82' lang='lat' dir='ltr'><strong>signatur</strong></span> <span class='ocrx_word' id='word_1_64' title='bbox 1306 1307 1363 1363; x_wconf 89' lang='lat' dir='ltr'><strong>in</strong></span> <span class='ocrx_word' id='word_1_65' title='bbox 1392 1320 1578 1377; x_wconf 75' lang='lat' dir='ltr'><strong>opem.</strong></span> <span class='ocrx_word' id='word_1_66' title='bbox 1630 1305 1767 1373; x_wconf 81' lang='lat' dir='ltr'><strong>Quia</strong></span> 
     </span>
    </p>
   </div>
   <div class='ocr_carea' id='block_1_10' title="bbox 183 1393 1768 1476">
    <p class='ocr_par' dir='ltr' id='par_1_10' title="bbox 183 1393 1768 1476">
     <span class='ocr_line' id='line_1_10' title="bbox 183 1393 1768 1476; baseline -0.005 -16"><span class='ocrx_word' id='word_1_67' title='bbox 183 1405 337 1476; x_wconf 87' lang='lat' dir='ltr'><strong>igitur</strong></span> <span class='ocrx_word' id='word_1_68' title='bbox 372 1401 706 1472; x_wconf 68' lang='lat' dir='ltr'><strong>praedicator</strong></span> <span class='ocrx_word' id='word_1_69' title='bbox 730 1399 988 1456; x_wconf 73' lang='lat' dir='ltr'><strong>Ecclesiae</strong></span> <span class='ocrx_word' id='word_1_70' title='bbox 1024 1410 1127 1455; x_wconf 86' lang='lat' dir='ltr'><strong>nos</strong></span> <span class='ocrx_word' id='word_1_71' title='bbox 1169 1413 1199 1452; x_wconf 90' lang='lat' dir='ltr'><strong>a</strong></span> <span class='ocrx_word' id='word_1_72' title='bbox 1238 1397 1426 1453; x_wconf 89' lang='lat' dir='ltr'><strong>mundi</strong></span> <span class='ocrx_word' id='word_1_73' title='bbox 1451 1397 1580 1452; x_wconf 62' lang='lat' dir='ltr'><strong>vitae</strong></span> <span class='ocrx_word' id='word_1_74' title='bbox 1608 1393 1768 1464; x_wconf 72' lang='lat' dir='ltr'><strong>huius</strong></span> 
     </span>
    </p>
   </div>
   <div class='ocr_carea' id='block_1_11' title="bbox 182 1492 1771 1569">
    <p class='ocr_par' dir='ltr' id='par_1_11' title="bbox 182 1492 1771 1569">
     <span class='ocr_line' id='line_1_11' title="bbox 182 1492 1771 1569; baseline -0.003 -16"><span class='ocrx_word' id='word_1_75' title='bbox 182 1497 425 1553; x_wconf 75' lang='lat' dir='ltr'><strong>ﬂuctibus</strong></span> <span class='ocrx_word' id='word_1_76' title='bbox 460 1504 704 1569; x_wconf 76' lang='lat' dir='ltr'><strong>separat,</strong></span> <span class='ocrx_word' id='word_1_77' title='bbox 737 1496 997 1551; x_wconf 80' lang='lat' dir='ltr'><strong>nimirum</strong></span> <span class='ocrx_word' id='word_1_78' title='bbox 1024 1510 1248 1551; x_wconf 87' lang='lat' dir='ltr'><strong>necesse</strong></span> <span class='ocrx_word' id='word_1_79' title='bbox 1271 1503 1389 1561; x_wconf 86' lang='lat' dir='ltr'><strong>est,</strong></span> <span class='ocrx_word' id='word_1_80' title='bbox 1424 1501 1485 1549; x_wconf 90' lang='lat' dir='ltr'><strong>ut</strong></span> <span class='ocrx_word' id='word_1_81' title='bbox 1512 1501 1628 1550; x_wconf 84' lang='lat' dir='ltr'><strong>rete</strong></span> <span class='ocrx_word' id='word_1_82' title='bbox 1656 1492 1771 1563; x_wconf 88' lang='lat' dir='ltr'><strong>ple—</strong></span> 
     </span>
    </p>
   </div>
   <div class='ocr_carea' id='block_1_12' title="bbox 182 1585 1772 1659">
    <p class='ocr_par' dir='ltr' id='par_1_12' title="bbox 182 1585 1772 1659">
     <span class='ocr_line' id='line_1_12' title="bbox 182 1585 1772 1659; baseline -0.003 -14"><span class='ocrx_word' id='word_1_83' title='bbox 182 1602 304 1645; x_wconf 86' lang='lat' dir='ltr'><strong>num</strong></span> <span class='ocrx_word' id='word_1_84' title='bbox 343 1589 593 1659; x_wconf 82' lang='lat' dir='ltr'><strong>piscibus</strong></span> <span class='ocrx_word' id='word_1_85' title='bbox 631 1587 830 1644; x_wconf 82' lang='lat' dir='ltr'><strong>Petrus</strong></span> <span class='ocrx_word' id='word_1_86' title='bbox 868 1587 937 1642; x_wconf 91' lang='lat' dir='ltr'><strong>ad</strong></span> <span class='ocrx_word' id='word_1_87' title='bbox 982 1595 1187 1643; x_wconf 78' lang='lat' dir='ltr'><strong>terram</strong></span> <span class='ocrx_word' id='word_1_88' title='bbox 1224 1586 1408 1642; x_wconf 85' lang='lat' dir='ltr'><strong>ducat.</strong></span> <span class='ocrx_word' id='word_1_89' title='bbox 1463 1586 1581 1656; x_wconf 80' lang='lat' dir='ltr'><strong>ipse</strong></span> <span class='ocrx_word' id='word_1_90' title='bbox 1621 1585 1772 1641; x_wconf 85' lang='lat' dir='ltr'><strong>enim</strong></span> 
     </span>
    </p>
   </div>
   <div class='ocr_carea' id='block_1_13' title="bbox 182 1680 1775 1756">
    <p class='ocr_par' dir='ltr' id='par_1_13' title="bbox 182 1680 1775 1756">
     <span class='ocr_line' id='line_1_13' title="bbox 182 1680 1775 1756; baseline -0.003 -18"><span class='ocrx_word' id='word_1_91' title='bbox 182 1684 352 1756; x_wconf 82' lang='lat' dir='ltr'><strong>pisces</strong></span> <span class='ocrx_word' id='word_1_92' title='bbox 394 1681 472 1737; x_wconf 80' lang='lat' dir='ltr'><strong>ad</strong></span> <span class='ocrx_word' id='word_1_93' title='bbox 513 1680 848 1739; x_wconf 85' lang='lat' dir='ltr'><strong>soliditatem</strong></span> <span class='ocrx_word' id='word_1_94' title='bbox 876 1680 1077 1736; x_wconf 84' lang='lat' dir='ltr'><strong>littoris</strong></span> <span class='ocrx_word' id='word_1_95' title='bbox 1102 1681 1404 1751; x_wconf 86' lang='lat' dir='ltr'><strong>pertrahit,</strong></span> <span class='ocrx_word' id='word_1_96' title='bbox 1449 1680 1541 1749; x_wconf 77' lang='lat' dir='ltr'><strong>qui</strong></span> <span class='ocrx_word' id='word_1_97' title='bbox 1570 1687 1775 1735; x_wconf 59' lang='lat' dir='ltr'><strong>saneta</strong></span> 
     </span>
    </p>
   </div>
   <div class='ocr_carea' id='block_1_14' title="bbox 181 1772 1774 1849">
    <p class='ocr_par' dir='ltr' id='par_1_14' title="bbox 181 1772 1774 1849">
     <span class='ocr_line' id='line_1_14' title="bbox 181 1772 1774 1849; baseline -0.003 -17"><span class='ocrx_word' id='word_1_98' title='bbox 181 1775 582 1849; x_wconf 69' lang='lat' dir='ltr'><strong>pradicatinis</strong></span> <span class='ocrx_word' id='word_1_99' title='bbox 608 1789 765 1839; x_wconf 81' lang='lat' dir='ltr'><strong>voce,</strong></span> <span class='ocrx_word' id='word_1_100' title='bbox 796 1774 1153 1831; x_wconf 74' lang='lat' dir='ltr'><strong>stabilitatem</strong></span> <span class='ocrx_word' id='word_1_101' title='bbox 1180 1782 1399 1829; x_wconf 62' lang='lat' dir='ltr'><strong>aeternis</strong></span> <span class='ocrx_word' id='word_1_102' title='bbox 1425 1773 1618 1843; x_wconf 77' lang='lat' dir='ltr'><strong>patriae</strong></span> <span class='ocrx_word' id='word_1_103' title='bbox 1640 1772 1774 1828; x_wconf 83' lang='lat' dir='ltr'><strong>tide-</strong></span> 
     </span>
    </p>
   </div>
   <div class='ocr_carea' id='block_1_15' title="bbox 180 1865 1773 1938">
    <p class='ocr_par' dir='ltr' id='par_1_15' title="bbox 180 1865 1773 1938">
     <span class='ocr_line' id='line_1_15' title="bbox 180 1865 1773 1938; baseline -0.003 -14"><span class='ocrx_word' id='word_1_104' title='bbox 180 1869 312 1925; x_wconf 86' lang='lat' dir='ltr'><strong>libus</strong></span> <span class='ocrx_word' id='word_1_105' title='bbox 338 1868 602 1925; x_wconf 63' lang='lat' dir='ltr'><strong>ostendit.</strong></span> <span class='ocrx_word' id='word_1_106' title='bbox 660 1866 776 1922; x_wconf 73' lang='lat' dir='ltr'><strong>Hoc</strong></span> <span class='ocrx_word' id='word_1_107' title='bbox 802 1867 914 1938; x_wconf 77' lang='lat' dir='ltr'><strong>egit</strong></span> <span class='ocrx_word' id='word_1_108' title='bbox 937 1865 1153 1933; x_wconf 78' lang='lat' dir='ltr'><strong>verbis,</strong></span> <span class='ocrx_word' id='word_1_109' title='bbox 1200 1866 1305 1922; x_wconf 85' lang='lat' dir='ltr'><strong>hoc</strong></span> <span class='ocrx_word' id='word_1_110' title='bbox 1345 1865 1620 1936; x_wconf 78' lang='lat' dir='ltr'><strong>epistolis,</strong></span> <span class='ocrx_word' id='word_1_111' title='bbox 1667 1865 1773 1920; x_wconf 86' lang='lat' dir='ltr'><strong>hoc</strong></span> 
     </span>
    </p>
   </div>
   <div class='ocr_carea' id='block_1_16' title="bbox 181 1940 1847 2032">
    <p class='ocr_par' dir='ltr' id='par_1_16' title="bbox 181 1940 1847 2032">
     <span class='ocr_line' id='line_1_16' title="bbox 181 1940 1847 2032; baseline -0.003 -16"><span class='ocrx_word' id='word_1_112' title='bbox 181 1960 289 2032; x_wconf 86' lang='lat' dir='ltr'><strong>agit</strong></span> <span class='ocrx_word' id='word_1_113' title='bbox 308 1959 557 2031; x_wconf 64' lang='lat' dir='ltr'><strong>quotidie</strong></span> <span class='ocrx_word' id='word_1_114' title='bbox 580 1958 966 2019; x_wconf 77' lang='lat' dir='ltr'><strong>miracuiorum</strong></span> <span class='ocrx_word' id='word_1_115' title='bbox 987 1958 1177 2029; x_wconf 80' lang='lat' dir='ltr'><strong>signis,</strong></span> <span class='ocrx_word' id='word_1_116' title='bbox 1194 1957 1412 2029; x_wconf 86' lang='lat' dir='ltr'><strong>quoties</strong></span> <span class='ocrx_word' id='word_1_117' title='bbox 1431 1972 1533 2028; x_wconf 87' lang='lat' dir='ltr'><strong>per</strong></span> <span class='ocrx_word' id='word_1_118' title='bbox 1548 1973 1675 2014; x_wconf 87' lang='lat' dir='ltr'><strong>eum</strong></span> <span class='ocrx_word' id='word_1_119' title='bbox 1701 1957 1771 2012; x_wconf 91' lang='lat' dir='ltr'><strong>ad</strong></span> <span class='ocrx_word' id='word_1_120' title='bbox 1798 1940 1847 2002; x_wconf 81' lang='grc' dir='ltr'><strong><em>Β</em></strong></span> 
     </span>
    </p>
   </div>
   <div class='ocr_carea' id='block_1_17' title="bbox 186 2051 1774 2124">
    <p class='ocr_par' dir='ltr' id='par_1_17' title="bbox 186 2051 1774 2124">
     <span class='ocr_line' id='line_1_17' title="bbox 186 2051 1774 2124; baseline -0.001 -16"><span class='ocrx_word' id='word_1_121' title='bbox 186 2064 423 2111; x_wconf 72' lang='lat' dir='ltr'><strong>ammm</strong></span> <span class='ocrx_word' id='word_1_122' title='bbox 446 2052 648 2124; x_wconf 77' lang='lat' dir='ltr'><strong>quietis</strong></span> <span class='ocrx_word' id='word_1_123' title='bbox 664 2061 883 2107; x_wconf 63' lang='lat' dir='ltr'><strong>suum</strong></span> <span class='ocrx_word' id='word_1_124' title='bbox 901 2052 1290 2117; x_wconf 75' lang='lat' dir='ltr'><strong>convertimur,</strong></span> <span class='ocrx_word' id='word_1_125' title='bbox 1312 2051 1527 2121; x_wconf 83' lang='lat' dir='ltr'><strong>quoties</strong></span> <span class='ocrx_word' id='word_1_126' title='bbox 1549 2066 1580 2105; x_wconf 88' lang='lat' dir='ltr'><strong>a</strong></span> <span class='ocrx_word' id='word_1_127' title='bbox 1604 2059 1774 2107; x_wconf 87' lang='lat' dir='ltr'><strong>terre-</strong></span> 
     </span>
    </p>
   </div>
   <div class='ocr_carea' id='block_1_18' title="bbox 181 2142 1773 2215">
    <p class='ocr_par' dir='ltr' id='par_1_18' title="bbox 181 2142 1773 2215">
     <span class='ocr_line' id='line_1_18' title="bbox 181 2142 1773 2215; baseline -0.001 -14"><span class='ocrx_word' id='word_1_128' title='bbox 181 2156 371 2201; x_wconf 82' lang='lat' dir='ltr'><strong>narum</strong></span> <span class='ocrx_word' id='word_1_129' title='bbox 386 2158 576 2202; x_wconf 81' lang='lat' dir='ltr'><strong>rerum</strong></span> <span class='ocrx_word' id='word_1_130' title='bbox 588 2142 913 2201; x_wconf 64' lang='lat' dir='ltr'><strong>«mollibus</strong></span> <span class='ocrx_word' id='word_1_131' title='bbox 926 2158 1264 2215; x_wconf 78' lang='lat' dir='ltr'><strong>separamur,</strong></span> <span class='ocrx_word' id='word_1_132' title='bbox 1278 2145 1409 2215; x_wconf 87' lang='lat' dir='ltr'><strong>quid</strong></span> <span class='ocrx_word' id='word_1_133' title='bbox 1427 2144 1594 2212; x_wconf 91' lang='lat' dir='ltr'><strong>aliud,</strong></span> <span class='ocrx_word' id='word_1_134' title='bbox 1607 2158 1773 2215; x_wconf 88' lang='lat' dir='ltr'><strong>quam</strong></span> 
     </span>
    </p>
   </div>
   <div class='ocr_carea' id='block_1_19' title="bbox 180 2236 1614 2306">
    <p class='ocr_par' dir='ltr' id='par_1_19' title="bbox 180 2236 1614 2306">
     <span class='ocr_line' id='line_1_19' title="bbox 180 2236 1614 2306; baseline -0.001 -15"><span class='ocrx_word' id='word_1_135' title='bbox 180 2236 330 2291; x_wconf 78' lang='lat' dir='ltr'><strong>missi</strong></span> <span class='ocrx_word' id='word_1_136' title='bbox 358 2237 507 2295; x_wconf 80' lang='lat' dir='ltr'><strong>intra</strong></span> <span class='ocrx_word' id='word_1_137' title='bbox 530 2245 649 2292; x_wconf 83' lang='lat' dir='ltr'><strong>rete</strong></span> <span class='ocrx_word' id='word_1_138' title='bbox 676 2236 800 2293; x_wconf 78' lang='lat' dir='ltr'><strong>tldei</strong></span> <span class='ocrx_word' id='word_1_139' title='bbox 826 2238 1004 2306; x_wconf 62' lang='lat' dir='ltr'><strong>[neces</strong></span> <span class='ocrx_word' id='word_1_140' title='bbox 1023 2238 1096 2291; x_wconf 87' lang='lat' dir='ltr'><strong>ad</strong></span> <span class='ocrx_word' id='word_1_141' title='bbox 1126 2236 1277 2291; x_wconf 85' lang='lat' dir='ltr'><strong>littus</strong></span> <span class='ocrx_word' id='word_1_142' title='bbox 1302 2236 1614 2291; x_wconf 72' lang='lat' dir='ltr'><strong>trahimus?</strong></span> 
     </span>
    </p>
   </div>
   <div class='ocr_carea' id='block_1_20' title="bbox 248 2323 1777 2398">
    <p class='ocr_par' dir='ltr' id='par_1_20' title="bbox 248 2323 1777 2398">
     <span class='ocr_line' id='line_1_20' title="bbox 248 2323 1777 2398; baseline -0.001 -19"><span class='ocrx_word' id='word_1_143' title='bbox 248 2323 478 2381; x_wconf 85' lang='lat' dir='ltr'><strong>Plenum</strong></span> <span class='ocrx_word' id='word_1_144' title='bbox 506 2329 711 2398; x_wconf 79' lang='lat' dir='ltr'><strong>magnis</strong></span> <span class='ocrx_word' id='word_1_145' title='bbox 739 2328 991 2398; x_wconf 78' lang='lat' dir='ltr'><strong>piscibus,</strong></span> <span class='ocrx_word' id='word_1_146' title='bbox 1020 2335 1230 2381; x_wconf 85' lang='lat' dir='ltr'><strong>centum</strong></span> <span class='ocrx_word' id='word_1_147' title='bbox 1257 2327 1646 2397; x_wconf 69' lang='lat' dir='ltr'><strong>quinquaginta</strong></span> <span class='ocrx_word' id='word_1_148' title='bbox 1674 2328 1777 2381; x_wconf 58' lang='lat' dir='ltr'><strong>tri.</strong></span> 
     </span>
    </p>
   </div>
   <div class='ocr_carea' id='block_1_21' title="bbox 179 2415 1778 2488">
    <p class='ocr_par' dir='ltr' id='par_1_21' title="bbox 179 2415 1778 2488">
     <span class='ocr_line' id='line_1_21' title="bbox 179 2415 1778 2488; baseline 0.002 -19"><span class='ocrx_word' id='word_1_149' title='bbox 179 2415 295 2471; x_wconf 73' lang='lat' dir='ltr'><strong>bss.</strong></span> <span class='ocrx_word' id='word_1_150' title='bbox 353 2417 405 2471; x_wconf 71' lang='grc' dir='ltr'>Α</span> <span class='ocrx_word' id='word_1_151' title='bbox 444 2431 645 2488; x_wconf 67' lang='lat' dir='ltr'><strong>magno</strong></span> <span class='ocrx_word' id='word_1_152' title='bbox 686 2418 951 2487; x_wconf 79' lang='lat' dir='ltr'><strong>mysterio</strong></span> <span class='ocrx_word' id='word_1_153' title='bbox 995 2432 1258 2472; x_wconf 78' lang='lat' dir='ltr'><strong>numeras</strong></span> <span class='ocrx_word' id='word_1_154' title='bbox 1305 2430 1415 2471; x_wconf 85' lang='lat' dir='ltr'><strong>non</strong></span> <span class='ocrx_word' id='word_1_155' title='bbox 1455 2425 1646 2482; x_wconf 83' lang='lat' dir='ltr'><strong>vacat,</strong></span> <span class='ocrx_word' id='word_1_156' title='bbox 1681 2417 1778 2472; x_wconf 86' lang='lat' dir='ltr'><strong>sed</strong></span> 
     </span>
    </p>
   </div>
   <div class='ocr_carea' id='block_1_22' title="bbox 177 2506 1776 2579">
    <p class='ocr_par' dir='ltr' id='par_1_22' title="bbox 177 2506 1776 2579">
     <span class='ocr_line' id='line_1_22' title="bbox 177 2506 1776 2579; baseline 0.001 -18"><span class='ocrx_word' id='word_1_157' title='bbox 177 2506 429 2562; x_wconf 78' lang='lat' dir='ltr'><strong>intentos</strong></span> <span class='ocrx_word' id='word_1_158' title='bbox 466 2522 564 2562; x_wconf 88' lang='lat' dir='ltr'><strong>vos</strong></span> <span class='ocrx_word' id='word_1_159' title='bbox 606 2508 747 2562; x_wconf 84' lang='lat' dir='ltr'><strong>tanti</strong></span> <span class='ocrx_word' id='word_1_160' title='bbox 793 2507 1041 2577; x_wconf 83' lang='lat' dir='ltr'><strong>mysterii</strong></span> <span class='ocrx_word' id='word_1_161' title='bbox 1086 2506 1428 2577; x_wconf 66' lang='lat' dir='ltr'><strong>profunditas</strong></span> <span class='ocrx_word' id='word_1_162' title='bbox 1472 2514 1776 2579; x_wconf 79' lang='lat' dir='ltr'><strong>exspectat.</strong></span> 
     </span>
    </p>
   </div>
   <div class='ocr_carea' id='block_1_23' title="bbox 179 2595 1780 2670">
    <p class='ocr_par' dir='ltr' id='par_1_23' title="bbox 179 2595 1780 2670">
     <span class='ocr_line' id='line_1_23' title="bbox 179 2595 1780 2670; baseline 0.001 -18"><span class='ocrx_word' id='word_1_163' title='bbox 179 2595 370 2667; x_wconf 72' lang='lat' dir='ltr'><strong>Neque</strong></span> <span class='ocrx_word' id='word_1_164' title='bbox 402 2598 620 2653; x_wconf 58' lang='lat' dir='ltr'><strong>etesia</strong></span> <span class='ocrx_word' id='word_1_165' title='bbox 636 2599 961 2668; x_wconf 66' lang='lat' dir='ltr'><strong>qnant&#39;datis</strong></span> <span class='ocrx_word' id='word_1_166' title='bbox 987 2610 1257 2653; x_wconf 86' lang='lat' dir='ltr'><strong>summam</strong></span> <span class='ocrx_word' id='word_1_167' title='bbox 1292 2598 1523 2653; x_wconf 73' lang='lat' dir='ltr'><strong>solerter</strong></span> <span class='ocrx_word' id='word_1_168' title='bbox 1546 2615 1780 2670; x_wconf 77' lang='lat' dir='ltr'><strong>evange-</strong></span> 
     </span>
    </p>
   </div>
   <div class='ocr_carea' id='block_1_24' title="bbox 181 2689 1781 2761">
    <p class='ocr_par' dir='ltr' id='par_1_24' title="bbox 181 2689 1781 2761">
     <span class='ocr_line' id='line_1_24' title="bbox 181 2689 1781 2761; baseline 0.001 -16"><span class='ocrx_word' id='word_1_169' title='bbox 181 2689 307 2745; x_wconf 67' lang='lat' dir='ltr'><strong>ista</strong></span> <span class='ocrx_word' id='word_1_170' title='bbox 334 2690 704 2759; x_wconf 72' lang='lat' dir='ltr'><strong>exprimeret,</strong></span> <span class='ocrx_word' id='word_1_171' title='bbox 736 2691 847 2745; x_wconf 83' lang='lat' dir='ltr'><strong>nisi</strong></span> <span class='ocrx_word' id='word_1_172' title='bbox 876 2691 1016 2746; x_wconf 85' lang='lat' dir='ltr'><strong>hanc</strong></span> <span class='ocrx_word' id='word_1_173' title='bbox 1044 2699 1388 2746; x_wconf 77' lang='lat' dir='ltr'><strong>sacramento</strong></span> <span class='ocrx_word' id='word_1_174' title='bbox 1414 2691 1629 2761; x_wconf 85' lang='lat' dir='ltr'><strong>plenam</strong></span> <span class='ocrx_word' id='word_1_175' title='bbox 1659 2705 1781 2747; x_wconf 86' lang='lat' dir='ltr'><strong>esse</strong></span> 
     </span>
    </p>
   </div>
   <div class='ocr_carea' id='block_1_25' title="bbox 180 2781 1782 2853">
    <p class='ocr_par' dir='ltr' id='par_1_25' title="bbox 180 2781 1782 2853">
     <span class='ocr_line' id='line_1_25' title="bbox 180 2781 1782 2853; baseline 0 -15"><span class='ocrx_word' id='word_1_176' title='bbox 180 2781 502 2853; x_wconf 62' lang='lat' dir='ltr'><strong>Melissa.</strong></span> <span class='ocrx_word' id='word_1_177' title='bbox 536 2783 705 2839; x_wconf 80' lang='lat' dir='ltr'><strong>Scitis</strong></span> <span class='ocrx_word' id='word_1_178' title='bbox 728 2798 966 2852; x_wconf 84' lang='lat' dir='ltr'><strong>namque</strong></span> <span class='ocrx_word' id='word_1_179' title='bbox 985 2783 1131 2853; x_wconf 77' lang='lat' dir='ltr'><strong>quod</strong></span> <span class='ocrx_word' id='word_1_180' title='bbox 1156 2782 1212 2837; x_wconf 81' lang='lat' dir='ltr'><strong>in</strong></span> <span class='ocrx_word' id='word_1_181' title='bbox 1234 2781 1585 2837; x_wconf 84' lang='lat' dir='ltr'><strong>Testamento</strong></span> <span class='ocrx_word' id='word_1_182' title='bbox 1602 2783 1782 2838; x_wconf 81' lang='lat' dir='ltr'><strong>Veteri</strong></span> 
     </span>
    </p>
   </div>
   <div class='ocr_carea' id='block_1_26' title="bbox 186 2874 1780 2945">
    <p class='ocr_par' dir='ltr' id='par_1_26' title="bbox 186 2874 1780 2945">
     <span class='ocr_line' id='line_1_26' title="bbox 186 2874 1780 2945; baseline 0 -15"><span class='ocrx_word' id='word_1_183' title='bbox 186 2874 365 2931; x_wconf 76' lang='lat' dir='ltr'><strong>omnis</strong></span> <span class='ocrx_word' id='word_1_184' title='bbox 394 2874 641 2945; x_wconf 59' lang='lat' dir='ltr'><strong>qeratio</strong></span> <span class='ocrx_word' id='word_1_185' title='bbox 664 2889 766 2945; x_wconf 78' lang='lat' dir='ltr'><strong>per</strong></span> <span class='ocrx_word' id='word_1_186' title='bbox 791 2874 1042 2945; x_wconf 83' lang='lat' dir='ltr'><strong>Decalogi</strong></span> <span class='ocrx_word' id='word_1_187' title='bbox 1072 2874 1327 2929; x_wconf 83' lang='lat' dir='ltr'><strong>mandata</strong></span> <span class='ocrx_word' id='word_1_188' title='bbox 1358 2874 1693 2944; x_wconf 66' lang='lat' dir='ltr'><strong>praecipitur,</strong></span> <span class='ocrx_word' id='word_1_189' title='bbox 1726 2874 1780 2930; x_wconf 88' lang='lat' dir='ltr'><strong>in</strong></span> 
     </span>
    </p>
   </div>
   <div class='ocr_carea' id='block_1_27' title="bbox 185 2963 1779 3037">
    <p class='ocr_par' dir='ltr' id='par_1_27' title="bbox 185 2963 1779 3037">
     <span class='ocr_line' id='line_1_27' title="bbox 185 2963 1779 3037; baseline -0.001 -16"><span class='ocrx_word' id='word_1_190' title='bbox 185 2963 335 3022; x_wconf 69' lang='lat' dir='ltr'><strong>Novo</strong></span> <span class='ocrx_word' id='word_1_191' title='bbox 374 2972 598 3030; x_wconf 73' lang='lat' dir='ltr'><strong>autem,</strong></span> <span class='ocrx_word' id='word_1_192' title='bbox 645 2964 891 3035; x_wconf 78' lang='lat' dir='ltr'><strong>ejusdem</strong></span> <span class='ocrx_word' id='word_1_193' title='bbox 920 2964 1261 3035; x_wconf 80' lang='lat' dir='ltr'><strong>operationis</strong></span> <span class='ocrx_word' id='word_1_194' title='bbox 1281 2965 1456 3020; x_wconf 84' lang='lat' dir='ltr'><strong>virtus</strong></span> <span class='ocrx_word' id='word_1_195' title='bbox 1482 2981 1581 3035; x_wconf 88' lang='lat' dir='ltr'><strong>per</strong></span> <span class='ocrx_word' id='word_1_196' title='bbox 1609 2966 1779 3037; x_wconf 90' lang='lat' dir='ltr'><strong>septi-</strong></span> 
     </span>
    </p>
   </div>
   <div class='ocr_carea' id='block_1_28' title="bbox 189 3052 1781 3127">
    <p class='ocr_par' dir='ltr' id='par_1_28' title="bbox 189 3052 1781 3127">
     <span class='ocr_line' id='line_1_28' title="bbox 189 3052 1781 3127; baseline 0.001 -16"><span class='ocrx_word' id='word_1_197' title='bbox 189 3052 417 3111; x_wconf 72' lang='lat' dir='ltr'><strong>famem</strong></span> <span class='ocrx_word' id='word_1_198' title='bbox 740 3058 919 3113; x_wconf 62' lang='lat' dir='ltr'><strong>Mli</strong></span> <span class='ocrx_word' id='word_1_199' title='bbox 962 3054 1206 3127; x_wconf 72' lang='lat' dir='ltr'><strong>Spiritus</strong></span> <span class='ocrx_word' id='word_1_200' title='bbox 1246 3056 1619 3126; x_wconf 63' lang='lat' dir='ltr'><strong>multiplicatis</strong></span> <span class='ocrx_word' id='word_1_201' title='bbox 1648 3057 1781 3113; x_wconf 83' lang='lat' dir='ltr'><strong>tide—</strong></span> 
     </span>
    </p>
   </div>
   <div class='ocr_carea' id='block_1_29' title="bbox 189 3147 1779 3223">
    <p class='ocr_par' dir='ltr' id='par_1_29' title="bbox 189 3147 1779 3223">
     <span class='ocr_line' id='line_1_29' title="bbox 189 3147 1779 3223; baseline 0.003 -20"><span class='ocrx_word' id='word_1_202' title='bbox 189 3147 326 3204; x_wconf 82' lang='lat' dir='ltr'><strong>libns</strong></span> <span class='ocrx_word' id='word_1_203' title='bbox 352 3149 538 3214; x_wconf 75' lang='lat' dir='ltr'><strong>datur,</strong></span> <span class='ocrx_word' id='word_1_204' title='bbox 569 3164 734 3220; x_wconf 79' lang='lat' dir='ltr'><strong>quem</strong></span> <span class='ocrx_word' id='word_1_205' title='bbox 761 3149 1026 3221; x_wconf 74' lang='lat' dir='ltr'><strong>pnopbeta</strong></span> <span class='ocrx_word' id='word_1_206' title='bbox 1054 3150 1406 3217; x_wconf 76' lang='lat' dir='ltr'><strong>dmuntians,</strong></span> <span class='ocrx_word' id='word_1_207' title='bbox 1436 3152 1569 3207; x_wconf 83' lang='lat' dir='ltr'><strong>dicit</strong></span> <span class='ocrx_word' id='word_1_208' title='bbox 1596 3167 1610 3207; x_wconf 87' lang='lat'><strong>:</strong></span> <span class='ocrx_word' id='word_1_209' title='bbox 1652 3153 1779 3223; x_wconf 76' lang='lat' dir='ltr'><strong>Spi-</strong></span> 
     </span>
    </p>
   </div>
   <div class='ocr_carea' id='block_1_30' title="bbox 187 3238 1782 3314">
    <p class='ocr_par' dir='ltr' id='par_1_30' title="bbox 187 3238 1782 3314">
     <span class='ocr_line' id='line_1_30' title="bbox 187 3238 1782 3314; baseline 0.003 -21"><span class='ocrx_word' id='word_1_210' title='bbox 187 3238 314 3293; x_wconf 80' lang='lat' dir='ltr'><strong>ritus</strong></span> <span class='ocrx_word' id='word_1_211' title='bbox 350 3240 630 3311; x_wconf 67' lang='lat' dir='ltr'><strong>sapientia:</strong></span> <span class='ocrx_word' id='word_1_212' title='bbox 654 3249 708 3294; x_wconf 81' lang='lat' dir='ltr'><strong>et</strong></span> <span class='ocrx_word' id='word_1_213' title='bbox 739 3240 1057 3307; x_wconf 74' lang='lat' dir='ltr'><strong>intellectus,</strong></span> <span class='ocrx_word' id='word_1_214' title='bbox 1097 3241 1315 3312; x_wconf 52' lang='lat' dir='ltr'><strong>wit-itus</strong></span> <span class='ocrx_word' id='word_1_215' title='bbox 1356 3242 1565 3297; x_wconf 73' lang='lat' dir='ltr'><strong>consilii</strong></span> <span class='ocrx_word' id='word_1_216' title='bbox 1590 3253 1642 3297; x_wconf 87' lang='lat' dir='ltr'><strong>et</strong></span> <span class='ocrx_word' id='word_1_217' title='bbox 1671 3244 1782 3314; x_wconf 75' lang='lat' dir='ltr'><strong>for-</strong></span> 
     </span>
    </p>
   </div>
   <div class='ocr_carea' id='block_1_31' title="bbox 186 3333 1785 3406">
    <p class='ocr_par' dir='ltr' id='par_1_31' title="bbox 186 3333 1785 3406">
     <span class='ocr_line' id='line_1_31' title="bbox 186 3333 1785 3406; baseline 0.003 -20"><span class='ocrx_word' id='word_1_218' title='bbox 186 3333 441 3400; x_wconf 70' lang='lat' dir='ltr'><strong>titudinis,</strong></span> <span class='ocrx_word' id='word_1_219' title='bbox 480 3334 703 3403; x_wconf 65' lang='lat' dir='ltr'><strong>spiritus</strong></span> <span class='ocrx_word' id='word_1_220' title='bbox 733 3335 966 3389; x_wconf 62' lang='lat' dir='ltr'><strong>scientiis</strong></span> <span class='ocrx_word' id='word_1_221' title='bbox 996 3343 1047 3390; x_wconf 83' lang='lat' dir='ltr'><strong>et</strong></span> <span class='ocrx_word' id='word_1_222' title='bbox 1078 3336 1309 3406; x_wconf 78' lang='lat' dir='ltr'><strong>pietatis,</strong></span> <span class='ocrx_word' id='word_1_223' title='bbox 1346 3344 1392 3388; x_wconf 86' lang='lat' dir='ltr'><strong>et</strong></span> <span class='ocrx_word' id='word_1_224' title='bbox 1430 3334 1639 3406; x_wconf 75' lang='lat' dir='ltr'><strong>replevit</strong></span> <span class='ocrx_word' id='word_1_225' title='bbox 1666 3352 1785 3391; x_wconf 80' lang='lat' dir='ltr'><strong>eum</strong></span> 
     </span>
    </p>
   </div>
   <div class='ocr_carea' id='block_1_32' title="bbox 188 3408 1787 3498">
    <p class='ocr_par' dir='ltr' id='par_1_32' title="bbox 188 3408 1787 3498">
     <span class='ocr_line' id='line_1_32' title="bbox 188 3408 1787 3498; baseline 0.004 -20"><span class='ocrx_word' id='word_1_226' title='bbox 188 3424 400 3494; x_wconf 75' lang='lat' dir='ltr'><strong>spiritus</strong></span> <span class='ocrx_word' id='word_1_227' title='bbox 442 3426 660 3480; x_wconf 65' lang='lat' dir='ltr'><strong>timoris</strong></span> <span class='ocrx_word' id='word_1_228' title='bbox 704 3426 921 3481; x_wconf 75' lang='lat' dir='ltr'><strong>Domini</strong></span> <span class='ocrx_word' id='word_1_229' title='bbox 961 3426 1098 3498; x_wconf 74' lang='lat' dir='ltr'><strong>(Ira.</strong></span> <span class='ocrx_word' id='word_1_230' title='bbox 1125 3424 1230 3497; x_wconf 74' lang='grc' dir='ltr'><strong>ιι).</strong></span> <span class='ocrx_word' id='word_1_231' title='bbox 1288 3408 1537 3481; x_wconf 48' lang='grc' dir='ltr'><strong>δοιῖίηθ</strong></span> <span class='ocrx_word' id='word_1_232' title='bbox 1584 3427 1638 3481; x_wconf 91' lang='lat' dir='ltr'><strong>in</strong></span> <span class='ocrx_word' id='word_1_233' title='bbox 1683 3428 1787 3485; x_wconf 90' lang='lat' dir='ltr'><strong>hoc</strong></span> 
     </span>
    </p>
   </div>
   <div class='ocr_carea' id='block_1_33' title="bbox 188 3515 1787 3588">
    <p class='ocr_par' dir='ltr' id='par_1_33' title="bbox 188 3515 1787 3588">
     <span class='ocr_line' id='line_1_33' title="bbox 188 3515 1787 3588; baseline 0.004 -19"><span class='ocrx_word' id='word_1_234' title='bbox 188 3515 375 3584; x_wconf 76' lang='lat' dir='ltr'><strong>spiritu</strong></span> <span class='ocrx_word' id='word_1_235' title='bbox 418 3517 804 3587; x_wconf 70' lang='lat' dir='ltr'><strong>«perationem</strong></span> <span class='ocrx_word' id='word_1_236' title='bbox 848 3518 1081 3588; x_wconf 82' lang='lat' dir='ltr'><strong>percipit</strong></span> <span class='ocrx_word' id='word_1_237' title='bbox 1103 3557 1119 3581; x_wconf 94' lang='lat'><strong>,</strong></span> <span class='ocrx_word' id='word_1_238' title='bbox 1169 3517 1261 3587; x_wconf 87' lang='lat' dir='ltr'><strong>qui</strong></span> <span class='ocrx_word' id='word_1_239' title='bbox 1314 3517 1471 3573; x_wconf 78' lang='lat' dir='ltr'><strong>ﬁdem</strong></span> <span class='ocrx_word' id='word_1_240' title='bbox 1504 3517 1787 3577; x_wconf 85' lang='lat' dir='ltr'><strong>&#39;Irinitatis</strong></span> 
     </span>
    </p>
   </div>
   <div class='ocr_carea' id='block_1_34' title="bbox 191 3609 1789 3683">
    <p class='ocr_par' dir='ltr' id='par_1_34' title="bbox 191 3609 1789 3683">
     <span class='ocr_line' id='line_1_34' title="bbox 191 3609 1789 3683; baseline 0.006 -26"><span class='ocrx_word' id='word_1_241' title='bbox 191 3610 465 3677; x_wconf 81' lang='lat' dir='ltr'><strong>agnoscit,</strong></span> <span class='ocrx_word' id='word_1_242' title='bbox 500 3617 564 3664; x_wconf 76' lang='lat' dir='ltr'><strong>ut</strong></span> <span class='ocrx_word' id='word_1_243' title='bbox 589 3618 646 3664; x_wconf 89' lang='lat' dir='ltr'><strong>et</strong></span> <span class='ocrx_word' id='word_1_244' title='bbox 672 3609 921 3678; x_wconf 77' lang='lat' dir='ltr'><strong>Patrem,</strong></span> <span class='ocrx_word' id='word_1_245' title='bbox 952 3618 1010 3665; x_wconf 86' lang='lat' dir='ltr'><strong>et</strong></span> <span class='ocrx_word' id='word_1_246' title='bbox 1034 3611 1265 3676; x_wconf 82' lang='lat' dir='ltr'><strong>Filium,</strong></span> <span class='ocrx_word' id='word_1_247' title='bbox 1297 3618 1352 3665; x_wconf 90' lang='lat' dir='ltr'><strong>et</strong></span> <span class='ocrx_word' id='word_1_248' title='bbox 1379 3613 1628 3667; x_wconf 86' lang='lat' dir='ltr'><strong>eumdem</strong></span> <span class='ocrx_word' id='word_1_249' title='bbox 1666 3612 1789 3683; x_wconf 84' lang='lat' dir='ltr'><strong>Spi-</strong></span> 
     </span>
    </p>
   </div>
   <div class='ocr_carea' id='block_1_35' title="bbox 188 3698 1786 3769">
    <p class='ocr_par' dir='ltr' id='par_1_35' title="bbox 188 3698 1786 3769">
     <span class='ocr_line' id='line_1_35' title="bbox 188 3698 1786 3769; baseline 0.006 -18"><span class='ocrx_word' id='word_1_250' title='bbox 188 3698 347 3756; x_wconf 80' lang='lat' dir='ltr'><strong>ritum</strong></span> <span class='ocrx_word' id='word_1_251' title='bbox 376 3709 655 3768; x_wconf 88' lang='lat' dir='ltr'><strong>sanctum,</strong></span> <span class='ocrx_word' id='word_1_252' title='bbox 680 3704 845 3759; x_wconf 75' lang='lat' dir='ltr'><strong>uanis</strong></span> <span class='ocrx_word' id='word_1_253' title='bbox 866 3704 1084 3759; x_wconf 82' lang='lat' dir='ltr'><strong>virtutis</strong></span> <span class='ocrx_word' id='word_1_254' title='bbox 1110 3704 1317 3769; x_wconf 83' lang='lat' dir='ltr'><strong>credat,</strong></span> <span class='ocrx_word' id='word_1_255' title='bbox 1346 3704 1507 3759; x_wconf 88' lang='lat' dir='ltr'><strong>unius</strong></span> <span class='ocrx_word' id='word_1_256' title='bbox 1534 3705 1786 3760; x_wconf 88' lang='lat' dir='ltr'><strong>substan-</strong></span> 
     </span>
    </p>
   </div>
   <div class='ocr_carea' id='block_1_36' title="bbox 190 3788 1785 3866">
    <p class='ocr_par' dir='ltr' id='par_1_36' title="bbox 190 3788 1785 3866">
     <span class='ocr_line' id='line_1_36' title="bbox 190 3788 1785 3866; baseline 0.004 -22"><span class='ocrx_word' id='word_1_257' title='bbox 190 3788 274 3845; x_wconf 71' lang='lat' dir='ltr'><strong>tiae</strong></span> <span class='ocrx_word' id='word_1_258' title='bbox 296 3806 422 3850; x_wconf 86' lang='lat' dir='ltr'><strong>esse</strong></span> <span class='ocrx_word' id='word_1_259' title='bbox 451 3793 713 3849; x_wconf 70' lang='lat' dir='ltr'><strong>fateamr.</strong></span> <span class='ocrx_word' id='word_1_260' title='bbox 770 3793 906 3862; x_wconf 79' lang='lat' dir='ltr'><strong>Quia</strong></span> <span class='ocrx_word' id='word_1_261' title='bbox 949 3794 1113 3865; x_wconf 87' lang='lat' dir='ltr'><strong>igitur</strong></span> <span class='ocrx_word' id='word_1_262' title='bbox 1142 3802 1350 3865; x_wconf 89' lang='lat' dir='ltr'><strong>septem</strong></span> <span class='ocrx_word' id='word_1_263' title='bbox 1380 3810 1504 3865; x_wconf 71' lang='lat' dir='ltr'><strong>qua:</strong></span> <span class='ocrx_word' id='word_1_264' title='bbox 1533 3796 1785 3866; x_wconf 84' lang='lat' dir='ltr'><strong>superius</strong></span> 
     </span>
    </p>
   </div>
   <div class='ocr_carea' id='block_1_37' title="bbox 191 3882 1781 3955">
    <p class='ocr_par' dir='ltr' id='par_1_37' title="bbox 191 3882 1781 3955">
     <span class='ocr_line' id='line_1_37' title="bbox 191 3882 1781 3955; baseline 0.004 -20"><span class='ocrx_word' id='word_1_265' title='bbox 191 3882 441 3949; x_wconf 75' lang='lat' dir='ltr'><strong>diximus,</strong></span> <span class='ocrx_word' id='word_1_266' title='bbox 474 3896 577 3955; x_wconf 80' lang='lat' dir='ltr'><strong>per</strong></span> <span class='ocrx_word' id='word_1_267' title='bbox 604 3884 812 3939; x_wconf 86' lang='lat' dir='ltr'><strong>Novum</strong></span> <span class='ocrx_word' id='word_1_268' title='bbox 842 3885 1250 3941; x_wconf 74' lang='lat' dir='ltr'><strong>Testamentum</strong></span> <span class='ocrx_word' id='word_1_269' title='bbox 1280 3886 1443 3940; x_wconf 84' lang='lat' dir='ltr'><strong>latius</strong></span> <span class='ocrx_word' id='word_1_270' title='bbox 1472 3886 1600 3941; x_wconf 87' lang='lat' dir='ltr'><strong>data</strong></span> <span class='ocrx_word' id='word_1_271' title='bbox 1639 3896 1781 3941; x_wconf 87' lang='lat' dir='ltr'><strong>sunt.</strong></span> 
     </span>
    </p>
   </div>
   <div class='ocr_carea' id='block_1_38' title="bbox 190 3970 1785 4047">
    <p class='ocr_par' dir='ltr' id='par_1_38' title="bbox 190 3970 1785 4047">
     <span class='ocr_line' id='line_1_38' title="bbox 190 3970 1785 4047; baseline 0.005 -19"><span class='ocrx_word' id='word_1_272' title='bbox 190 3970 380 4029; x_wconf 85' lang='lat' dir='ltr'><strong>Decem</strong></span> <span class='ocrx_word' id='word_1_273' title='bbox 403 3991 538 4030; x_wconf 83' lang='lat' dir='ltr'><strong>vero</strong></span> <span class='ocrx_word' id='word_1_274' title='bbox 561 3991 661 4045; x_wconf 85' lang='lat' dir='ltr'><strong>per</strong></span> <span class='ocrx_word' id='word_1_275' title='bbox 683 3975 851 4032; x_wconf 80' lang='lat' dir='ltr'><strong>Vetus</strong></span> <span class='ocrx_word' id='word_1_276' title='bbox 872 3987 1170 4047; x_wconf 64' lang='lat' dir='ltr'><strong>praecepta,</strong></span> <span class='ocrx_word' id='word_1_277' title='bbox 1194 3978 1373 4033; x_wconf 87' lang='lat' dir='ltr'><strong>omnis</strong></span> <span class='ocrx_word' id='word_1_278' title='bbox 1399 3984 1589 4034; x_wconf 83' lang='lat' dir='ltr'><strong>nostra</strong></span> <span class='ocrx_word' id='word_1_279' title='bbox 1613 3979 1785 4036; x_wconf 87' lang='lat' dir='ltr'><strong>virtus</strong></span> 
     </span>
    </p>
   </div>
   <div class='ocr_carea' id='block_1_39' title="bbox 190 4068 1785 4143">
    <p class='ocr_par' dir='ltr' id='par_1_39' title="bbox 190 4068 1785 4143">
     <span class='ocr_line' id='line_1_39' title="bbox 190 4068 1785 4143; baseline 0.004 -22"><span class='ocrx_word' id='word_1_280' title='bbox 190 4073 239 4121; x_wconf 88' lang='lat' dir='ltr'><strong>et</strong></span> <span class='ocrx_word' id='word_1_281' title='bbox 263 4068 518 4137; x_wconf 79' lang='lat' dir='ltr'><strong>operatio</strong></span> <span class='ocrx_word' id='word_1_282' title='bbox 545 4082 645 4137; x_wconf 89' lang='lat' dir='ltr'><strong>per</strong></span> <span class='ocrx_word' id='word_1_283' title='bbox 671 4069 857 4123; x_wconf 80' lang='lat' dir='ltr'><strong>decem</strong></span> <span class='ocrx_word' id='word_1_284' title='bbox 889 4078 945 4124; x_wconf 88' lang='lat' dir='ltr'><strong>et</strong></span> <span class='ocrx_word' id='word_1_285' title='bbox 971 4079 1178 4140; x_wconf 87' lang='lat' dir='ltr'><strong>septem</strong></span> <span class='ocrx_word' id='word_1_286' title='bbox 1212 4080 1398 4141; x_wconf 88' lang='lat' dir='ltr'><strong>potest</strong></span> <span class='ocrx_word' id='word_1_287' title='bbox 1433 4072 1593 4143; x_wconf 90' lang='lat' dir='ltr'><strong>plene</strong></span> <span class='ocrx_word' id='word_1_288' title='bbox 1634 4087 1785 4128; x_wconf 87' lang='lat' dir='ltr'><strong>com-</strong></span> 
     </span>
    </p>
   </div>
   <div class='ocr_carea' id='block_1_40' title="bbox 189 4154 1786 4231">
    <p class='ocr_par' dir='ltr' id='par_1_40' title="bbox 189 4154 1786 4231">
     <span class='ocr_line' id='line_1_40' title="bbox 189 4154 1786 4231; baseline 0.006 -22"><span class='ocrx_word' id='word_1_289' title='bbox 189 4156 474 4223; x_wconf 81' lang='lat' dir='ltr'><strong>prehendi.</strong></span> <span class='ocrx_word' id='word_1_290' title='bbox 528 4154 805 4212; x_wconf 73' lang='lat' dir='ltr'><strong>Ducamus</strong></span> <span class='ocrx_word' id='word_1_291' title='bbox 850 4173 981 4227; x_wconf 86' lang='lat' dir='ltr'><strong>ergo</strong></span> <span class='ocrx_word' id='word_1_292' title='bbox 1028 4174 1128 4231; x_wconf 88' lang='lat' dir='ltr'><strong>per</strong></span> <span class='ocrx_word' id='word_1_293' title='bbox 1168 4160 1441 4231; x_wconf 76' lang='lat' dir='ltr'><strong>trigonum</strong></span> <span class='ocrx_word' id='word_1_294' title='bbox 1491 4163 1680 4218; x_wconf 89' lang='lat' dir='ltr'><strong>decem</strong></span> <span class='ocrx_word' id='word_1_295' title='bbox 1730 4170 1786 4218; x_wconf 85' lang='lat' dir='ltr'><strong>et</strong></span> 
     </span>
    </p>
   </div>
   <div class='ocr_carea' id='block_1_41' title="bbox 190 4250 1786 4325">
    <p class='ocr_par' dir='ltr' id='par_1_41' title="bbox 190 4250 1786 4325">
     <span class='ocr_line' id='line_1_41' title="bbox 190 4250 1786 4325; baseline 0.004 -19"><span class='ocrx_word' id='word_1_296' title='bbox 190 4258 424 4318; x_wconf 75' lang='lat' dir='ltr'><strong>septem,</strong></span> <span class='ocrx_word' id='word_1_297' title='bbox 458 4256 517 4305; x_wconf 86' lang='lat' dir='ltr'><strong>et</strong></span> <span class='ocrx_word' id='word_1_298' title='bbox 544 4250 769 4305; x_wconf 84' lang='lat' dir='ltr'><strong>veniunt</strong></span> <span class='ocrx_word' id='word_1_299' title='bbox 796 4251 1192 4321; x_wconf 77' lang='lat' dir='ltr'><strong>quinquaginta</strong></span> <span class='ocrx_word' id='word_1_300' title='bbox 1218 4260 1275 4308; x_wconf 85' lang='lat' dir='ltr'><strong>et</strong></span> <span class='ocrx_word' id='word_1_301' title='bbox 1304 4269 1500 4318; x_wconf 87' lang='lat' dir='ltr'><strong>unum,</strong></span> <span class='ocrx_word' id='word_1_302' title='bbox 1533 4257 1627 4323; x_wconf 92' lang='lat' dir='ltr'><strong>qui</strong></span> <span class='ocrx_word' id='word_1_303' title='bbox 1660 4272 1786 4325; x_wconf 86' lang='lat' dir='ltr'><strong>pro-</strong></span> 
     </span>
    </p>
   </div>
   <div class='ocr_carea' id='block_1_42' title="bbox 192 4340 1786 4417">
    <p class='ocr_par' dir='ltr' id='par_1_42' title="bbox 192 4340 1786 4417">
     <span class='ocr_line' id='line_1_42' title="bbox 192 4340 1786 4417; baseline 0.004 -20"><span class='ocrx_word' id='word_1_304' title='bbox 192 4340 328 4399; x_wconf 79' lang='lat' dir='ltr'><strong>iecto</strong></span> <span class='ocrx_word' id='word_1_305' title='bbox 364 4354 633 4399; x_wconf 71' lang='lat' dir='ltr'><strong>numerus</strong></span> <span class='ocrx_word' id='word_1_306' title='bbox 671 4358 704 4398; x_wconf 94' lang='lat' dir='ltr'><strong>a</strong></span> <span class='ocrx_word' id='word_1_307' title='bbox 739 4359 939 4414; x_wconf 84' lang='lat' dir='ltr'><strong>magno</strong></span> <span class='ocrx_word' id='word_1_308' title='bbox 979 4345 1240 4415; x_wconf 67' lang='lat' dir='ltr'><strong>mymerio</strong></span> <span class='ocrx_word' id='word_1_309' title='bbox 1279 4359 1389 4399; x_wconf 88' lang='lat' dir='ltr'><strong>non</strong></span> <span class='ocrx_word' id='word_1_310' title='bbox 1425 4353 1617 4411; x_wconf 82' lang='lat' dir='ltr'><strong>vacat,</strong></span> <span class='ocrx_word' id='word_1_311' title='bbox 1661 4348 1786 4417; x_wconf 88' lang='lat' dir='ltr'><strong>quia</strong></span> 
     </span>
    </p>
   </div>
   <div class='ocr_carea' id='block_1_43' title="bbox 184 4430 1785 4511">
    <p class='ocr_par' dir='ltr' id='par_1_43' title="bbox 184 4430 1785 4511">
     <span class='ocr_line' id='line_1_43' title="bbox 184 4430 1785 4511; baseline 0.004 -21"><span class='ocrx_word' id='word_1_312' title='bbox 184 4430 291 4501; x_wconf 66' lang='lat' dir='ltr'><strong>iam</strong></span> <span class='ocrx_word' id='word_1_313' title='bbox 319 4437 376 4491; x_wconf 84' lang='lat' dir='ltr'><strong>in</strong></span> <span class='ocrx_word' id='word_1_314' title='bbox 404 4436 760 4492; x_wconf 64' lang='lat' dir='ltr'><strong>Testmnento</strong></span> <span class='ocrx_word' id='word_1_315' title='bbox 785 4435 969 4493; x_wconf 83' lang='lat' dir='ltr'><strong>Veteri</strong></span> <span class='ocrx_word' id='word_1_316' title='bbox 1002 4438 1237 4510; x_wconf 88' lang='lat' dir='ltr'><strong>legimus</strong></span> <span class='ocrx_word' id='word_1_317' title='bbox 1261 4438 1405 4508; x_wconf 87' lang='lat' dir='ltr'><strong>quod</strong></span> <span class='ocrx_word' id='word_1_318' title='bbox 1428 4454 1605 4496; x_wconf 88' lang='lat' dir='ltr'><strong>annus</strong></span> <span class='ocrx_word' id='word_1_319' title='bbox 1627 4442 1785 4511; x_wconf 79' lang='lat' dir='ltr'><strong>quiu-</strong></span> 
     </span>
    </p>
   </div>
   <div class='ocr_carea' id='block_1_44' title="bbox 192 4526 1785 4600">
    <p class='ocr_par' dir='ltr' id='par_1_44' title="bbox 192 4526 1785 4600">
     <span class='ocr_line' id='line_1_44' title="bbox 192 4526 1785 4600; baseline 0.003 -18"><span class='ocrx_word' id='word_1_320' title='bbox 192 4528 537 4599; x_wconf 82' lang='lat' dir='ltr'><strong>quagesimus</strong></span> <span class='ocrx_word' id='word_1_321' title='bbox 558 4526 822 4583; x_wconf 68' lang='lat' dir='ltr'><strong>Jubilasus</strong></span> <span class='ocrx_word' id='word_1_322' title='bbox 846 4529 1035 4584; x_wconf 81' lang='lat' dir='ltr'><strong>vocari</strong></span> <span class='ocrx_word' id='word_1_323' title='bbox 1061 4529 1248 4600; x_wconf 78' lang='lat' dir='ltr'><strong>jussus</strong></span> <span class='ocrx_word' id='word_1_324' title='bbox 1275 4530 1476 4595; x_wconf 80' lang='lat' dir='ltr'><strong>est,&#39;in</strong></span> <span class='ocrx_word' id='word_1_325' title='bbox 1502 4546 1609 4600; x_wconf 86' lang='lat' dir='ltr'><strong>quo</strong></span> <span class='ocrx_word' id='word_1_326' title='bbox 1630 4533 1785 4587; x_wconf 88' lang='lat' dir='ltr'><strong>vidc-</strong></span> 
     </span>
    </p>
   </div>
   <div class='ocr_carea' id='block_1_45' title="bbox 980 446 3077 513">
    <p class='ocr_par' dir='ltr' id='par_1_45' title="bbox 980 446 3077 513">
     <span class='ocr_line' id='line_1_45' title="bbox 980 446 3077 513; baseline -0.002 1"><span class='ocrx_word' id='word_1_327' title='bbox 980 452 1502 513; x_wconf 79' lang='lat' dir='ltr'><strong>COLLECTIONES</strong></span> <span class='ocrx_word' id='word_1_328' title='bbox 1541 451 1607 507; x_wconf 80' lang='lat' dir='ltr'><strong>1N</strong></span> <span class='ocrx_word' id='word_1_329' title='bbox 1652 447 2035 507; x_wconf 71' lang='lat' dir='ltr'><strong>EPlSTOLAS</strong></span> <span class='ocrx_word' id='word_1_330' title='bbox 2076 446 2162 500; x_wconf 80' lang='grc' dir='ltr'>ΕΤ</span> <span class='ocrx_word' id='word_1_331' title='bbox 2202 446 2617 506; x_wconf 81' lang='lat' dir='ltr'><strong>EVANGELIA.</strong></span> <span class='ocrx_word' id='word_1_332' title='bbox 3072 502 3077 509; x_wconf 85' lang='lat'><strong>.</strong></span> 
     </span>
    </p>
   </div>
   <div class='ocr_carea' id='block_1_46' title="bbox 247 552 3456 649">
    <p class='ocr_par' dir='ltr' id='par_1_46' title="bbox 247 552 3456 649">
     <span class='ocr_line' id='line_1_46' title="bbox 247 552 3456 649; baseline -0.008 -15"><span class='ocrx_word' id='word_1_333' title='bbox 247 578 436 649; x_wconf 69' lang='lat' dir='ltr'><strong>Alcm</strong></span> <span class='ocrx_word' id='word_1_334' title='bbox 463 552 533 629; x_wconf 61' lang='lat' dir='ltr'><strong>ac</strong></span> <span class='ocrx_word' id='word_1_335' title='bbox 550 570 780 644; x_wconf 72' lang='lat' dir='ltr'><strong>piscibus</strong></span> <span class='ocrx_word' id='word_1_336' title='bbox 806 586 938 642; x_wconf 77' lang='lat' dir='ltr'><strong>quos</strong></span> <span class='ocrx_word' id='word_1_337' title='bbox 961 569 1467 642; x_wconf 71' lang='lat' dir='ltr'><strong>prehendistis‘nunc</strong></span> <span class='ocrx_word' id='word_1_338' title='bbox 1490 582 1510 623; x_wconf 90' lang='lat'><strong><em>:</em></strong></span> <span class='ocrx_word' id='word_1_339' title='bbox 1533 565 1766 622; x_wconf 78' lang='lat' dir='ltr'><strong>ascendit</strong></span> <span class='ocrx_word' id='word_1_340' title='bbox 1794 564 1849 627; x_wconf 76' lang='grc' dir='ltr'><strong>Α</strong></span> <span class='ocrx_word' id='word_1_341' title='bbox 1871 570 1932 616; x_wconf 88' lang='lat' dir='ltr'><strong>ut</strong></span> <span class='ocrx_word' id='word_1_342' title='bbox 1960 568 2041 616; x_wconf 86' lang='lat' dir='ltr'><strong>tot</strong></span> <span class='ocrx_word' id='word_1_343' title='bbox 2073 561 2250 633; x_wconf 86' lang='lat' dir='ltr'><strong>pisces</strong></span> <span class='ocrx_word' id='word_1_344' title='bbox 2285 571 2534 634; x_wconf 86' lang='lat' dir='ltr'><strong>caperet,</strong></span> <span class='ocrx_word' id='word_1_345' title='bbox 2576 565 2720 636; x_wconf 88' lang='lat' dir='ltr'><strong>quod</strong></span> <span class='ocrx_word' id='word_1_346' title='bbox 2751 562 3091 625; x_wconf 75' lang='lat' dir='ltr'><strong>sohmmodo</strong></span> <span class='ocrx_word' id='word_1_347' title='bbox 3118 562 3322 622; x_wconf 56' lang='lat' dir='ltr'><strong>electos</strong></span> <span class='ocrx_word' id='word_1_348' title='bbox 3359 580 3456 622; x_wconf 70' lang='lat' dir='ltr'><strong>su-</strong></span> 
     </span>
    </p>
   </div>
   <div class='ocr_carea' id='block_1_47' title="bbox 3341 435 3453 501">
    <p class='ocr_par' dir='ltr' id='par_1_47' title="bbox 3341 435 3453 501">
     <span class='ocr_line' id='line_1_47' title="bbox 3341 435 3453 501; baseline -0.009 0"><span class='ocrx_word' id='word_1_349' title='bbox 3341 435 3453 501; x_wconf 68' lang='grc'><strong>246</strong></span> 
     </span>
    </p>
   </div>
   <div class='ocr_carea' id='block_1_48' title="bbox 1864 653 3459 734">
    <p class='ocr_par' dir='ltr' id='par_1_48' title="bbox 1864 653 3459 734">
     <span class='ocr_line' id='line_1_48' title="bbox 1864 653 3459 734; baseline 0.002 -22"><span class='ocrx_word' id='word_1_350' title='bbox 1864 670 2046 726; x_wconf 70' lang='grc' dir='ltr'><strong>ρει-ωε</strong></span> <span class='ocrx_word' id='word_1_351' title='bbox 2073 655 2266 725; x_wconf 70' lang='lat' dir='ltr'><strong>patria:</strong></span> <span class='ocrx_word' id='word_1_352' title='bbox 2290 653 2664 728; x_wconf 78' lang='lat' dir='ltr'><strong>designarent.</strong></span> <span class='ocrx_word' id='word_1_353' title='bbox 2698 655 2809 729; x_wconf 77' lang='lat' dir='ltr'><strong>(Ea:</strong></span> <span class='ocrx_word' id='word_1_354' title='bbox 2836 655 3086 734; x_wconf 75' lang='lat' dir='ltr'><strong>August.)</strong></span> <span class='ocrx_word' id='word_1_355' title='bbox 3113 656 3215 713; x_wconf 83' lang='lat' dir='ltr'><strong>Est</strong></span> <span class='ocrx_word' id='word_1_356' title='bbox 3239 671 3459 729; x_wconf 80' lang='lat' dir='ltr'><strong>quoque</strong></span> 
     </span>
    </p>
   </div>
   <div class='ocr_carea' id='block_1_49' title="bbox 1865 746 3448 821">
    <p class='ocr_par' dir='ltr' id='par_1_49' title="bbox 1865 746 3448 821">
     <span class='ocr_line' id='line_1_49' title="bbox 1865 746 3448 821; baseline -0.001 -17"><span class='ocrx_word' id='word_1_357' title='bbox 1865 748 1973 806; x_wconf 86' lang='lat' dir='ltr'><strong>alia</strong></span> <span class='ocrx_word' id='word_1_358' title='bbox 2000 747 2312 821; x_wconf 87' lang='lat' dir='ltr'><strong>supputatio</strong></span> <span class='ocrx_word' id='word_1_359' title='bbox 2339 746 2502 820; x_wconf 80' lang='lat' dir='ltr'><strong>hujus</strong></span> <span class='ocrx_word' id='word_1_360' title='bbox 2528 748 2823 820; x_wconf 82' lang='lat' dir='ltr'><strong>septenarii</strong></span> <span class='ocrx_word' id='word_1_361' title='bbox 2858 756 2918 805; x_wconf 90' lang='lat' dir='ltr'><strong>et</strong></span> <span class='ocrx_word' id='word_1_362' title='bbox 2955 748 3166 806; x_wconf 85' lang='lat' dir='ltr'><strong>denarii</strong></span> <span class='ocrx_word' id='word_1_363' title='bbox 3190 748 3448 815; x_wconf 86' lang='lat' dir='ltr'><strong>numeri;</strong></span> 
     </span>
    </p>
   </div>
   <div class='ocr_carea' id='block_1_50' title="bbox 1863 836 3462 918">
    <p class='ocr_par' dir='ltr' id='par_1_50' title="bbox 1863 836 3462 918">
     <span class='ocr_line' id='line_1_50' title="bbox 1863 836 3462 918; baseline -0.004 -17"><span class='ocrx_word' id='word_1_364' title='bbox 1863 858 1994 901; x_wconf 85' lang='lat' dir='ltr'><strong>nam</strong></span> <span class='ocrx_word' id='word_1_365' title='bbox 2029 842 2077 898; x_wconf 87' lang='lat' dir='ltr'><strong>si</strong></span> <span class='ocrx_word' id='word_1_366' title='bbox 2105 841 2176 898; x_wconf 89' lang='lat' dir='ltr'><strong>ab</strong></span> <span class='ocrx_word' id='word_1_367' title='bbox 2199 855 2311 899; x_wconf 86' lang='lat' dir='ltr'><strong>uno</strong></span> <span class='ocrx_word' id='word_1_368' title='bbox 2346 855 2538 901; x_wconf 80' lang='lat' dir='ltr'><strong>omnes</strong></span> <span class='ocrx_word' id='word_1_369' title='bbox 2571 854 2829 918; x_wconf 75' lang='lat' dir='ltr'><strong>numeros</strong></span> <span class='ocrx_word' id='word_1_370' title='bbox 2863 849 3146 912; x_wconf 86' lang='lat' dir='ltr'><strong>computes</strong></span> <span class='ocrx_word' id='word_1_371' title='bbox 3180 854 3353 912; x_wconf 87' lang='lat' dir='ltr'><strong>usque</strong></span> <span class='ocrx_word' id='word_1_372' title='bbox 3388 836 3462 895; x_wconf 90' lang='lat' dir='ltr'><strong>ad</strong></span> 
     </span>
    </p>
   </div>
   <div class='ocr_carea' id='block_1_51' title="bbox 1865 930 3458 1006">
    <p class='ocr_par' dir='ltr' id='par_1_51' title="bbox 1865 930 3458 1006">
     <span class='ocr_line' id='line_1_51' title="bbox 1865 930 3458 1006; baseline -0.003 -13"><span class='ocrx_word' id='word_1_373' title='bbox 1865 936 2055 993; x_wconf 84' lang='lat' dir='ltr'><strong>decem</strong></span> <span class='ocrx_word' id='word_1_374' title='bbox 2085 944 2144 992; x_wconf 90' lang='lat' dir='ltr'><strong>et</strong></span> <span class='ocrx_word' id='word_1_375' title='bbox 2169 943 2399 1006; x_wconf 84' lang='lat' dir='ltr'><strong>septem,</strong></span> <span class='ocrx_word' id='word_1_376' title='bbox 2426 934 2535 1003; x_wconf 87' lang='lat' dir='ltr'><strong>hoc</strong></span> <span class='ocrx_word' id='word_1_377' title='bbox 2562 933 2744 998; x_wconf 83' lang='lat' dir='ltr'><strong>modo,</strong></span> <span class='ocrx_word' id='word_1_378' title='bbox 2777 948 2964 999; x_wconf 79' lang='lat' dir='ltr'><strong>unum,</strong></span> <span class='ocrx_word' id='word_1_379' title='bbox 2990 934 3120 1001; x_wconf 87' lang='lat' dir='ltr'><strong>duo,</strong></span> <span class='ocrx_word' id='word_1_380' title='bbox 3151 941 3265 990; x_wconf 89' lang='lat' dir='ltr'><strong>tres</strong></span> <span class='ocrx_word' id='word_1_381' title='bbox 3292 930 3458 1000; x_wconf 75' lang='lat' dir='ltr'><strong>ﬁunt,</strong></span> 
     </span>
    </p>
   </div>
   <div class='ocr_carea' id='block_1_52' title="bbox 1866 1023 3462 1098">
    <p class='ocr_par' dir='ltr' id='par_1_52' title="bbox 1866 1023 3462 1098">
     <span class='ocr_line' id='line_1_52' title="bbox 1866 1023 3462 1098; baseline -0.004 -12"><span class='ocrx_word' id='word_1_382' title='bbox 1866 1030 2005 1086; x_wconf 89' lang='lat' dir='ltr'><strong>adde</strong></span> <span class='ocrx_word' id='word_1_383' title='bbox 2034 1037 2167 1096; x_wconf 90' lang='lat' dir='ltr'><strong>tres,</strong></span> <span class='ocrx_word' id='word_1_384' title='bbox 2204 1028 2346 1084; x_wconf 77' lang='lat' dir='ltr'><strong>ﬁunt</strong></span> <span class='ocrx_word' id='word_1_385' title='bbox 2370 1042 2499 1094; x_wconf 73' lang='lat' dir='ltr'><strong>sex,</strong></span> <span class='ocrx_word' id='word_1_386' title='bbox 2539 1026 2629 1082; x_wconf 83' lang='lat' dir='ltr'><strong>his</strong></span> <span class='ocrx_word' id='word_1_387' title='bbox 2654 1025 2889 1098; x_wconf 68' lang='lat' dir='ltr'><strong>adiunge</strong></span> <span class='ocrx_word' id='word_1_388' title='bbox 2914 1034 3167 1095; x_wconf 88' lang='lat' dir='ltr'><strong>quatuor,</strong></span> <span class='ocrx_word' id='word_1_389' title='bbox 3198 1024 3339 1081; x_wconf 86' lang='lat' dir='ltr'><strong>tiunt</strong></span> <span class='ocrx_word' id='word_1_390' title='bbox 3365 1023 3462 1080; x_wconf 83' lang='lat' dir='ltr'><strong>de-</strong></span> 
     </span>
    </p>
   </div>
   <div class='ocr_carea' id='block_1_53' title="bbox 1867 1116 3462 1192">
    <p class='ocr_par' dir='ltr' id='par_1_53' title="bbox 1867 1116 3462 1192">
     <span class='ocr_line' id='line_1_53' title="bbox 1867 1116 3462 1192; baseline -0.004 -14"><span class='ocrx_word' id='word_1_391' title='bbox 1867 1136 2015 1188; x_wconf 86' lang='lat' dir='ltr'><strong>cem,</strong></span> <span class='ocrx_word' id='word_1_392' title='bbox 2066 1122 2153 1178; x_wconf 81' lang='lat' dir='ltr'><strong>his</strong></span> <span class='ocrx_word' id='word_1_393' title='bbox 2200 1121 2472 1192; x_wconf 84' lang='lat' dir='ltr'><strong>quinque.</strong></span> <span class='ocrx_word' id='word_1_394' title='bbox 2518 1126 2579 1174; x_wconf 88' lang='lat' dir='ltr'><strong>et</strong></span> <span class='ocrx_word' id='word_1_395' title='bbox 2622 1117 2853 1175; x_wconf 82' lang='lat' dir='ltr'><strong>habebis</strong></span> <span class='ocrx_word' id='word_1_396' title='bbox 2891 1116 3231 1188; x_wconf 77' lang='lat' dir='ltr'><strong>quindecim,</strong></span> <span class='ocrx_word' id='word_1_397' title='bbox 3278 1124 3335 1174; x_wconf 89' lang='lat' dir='ltr'><strong>et</strong></span> <span class='ocrx_word' id='word_1_398' title='bbox 3375 1116 3462 1173; x_wconf 88' lang='lat' dir='ltr'><strong>sic</strong></span> 
     </span>
    </p>
   </div>
   <div class='ocr_carea' id='block_1_54' title="bbox 1867 1209 3461 1283">
    <p class='ocr_par' dir='ltr' id='par_1_54' title="bbox 1867 1209 3461 1283">
     <span class='ocr_line' id='line_1_54' title="bbox 1867 1209 3461 1283; baseline -0.004 -10"><span class='ocrx_word' id='word_1_399' title='bbox 1867 1215 2238 1273; x_wconf 85' lang='lat' dir='ltr'><strong>crescentibus</strong></span> <span class='ocrx_word' id='word_1_400' title='bbox 2263 1214 2506 1270; x_wconf 78' lang='lat' dir='ltr'><strong>numeris</strong></span> <span class='ocrx_word' id='word_1_401' title='bbox 2541 1222 2599 1269; x_wconf 91' lang='lat' dir='ltr'><strong>et</strong></span> <span class='ocrx_word' id='word_1_402' title='bbox 2636 1210 3013 1283; x_wconf 82' lang='lat' dir='ltr'><strong>multiplicatis</strong></span> <span class='ocrx_word' id='word_1_403' title='bbox 3041 1224 3215 1281; x_wconf 88' lang='lat' dir='ltr'><strong>usque</strong></span> <span class='ocrx_word' id='word_1_404' title='bbox 3254 1210 3324 1266; x_wconf 90' lang='lat' dir='ltr'><strong>ad</strong></span> <span class='ocrx_word' id='word_1_405' title='bbox 3358 1209 3461 1267; x_wconf 88' lang='lat' dir='ltr'><strong>de-</strong></span> 
     </span>
    </p>
   </div>
   <div class='ocr_carea' id='block_1_55' title="bbox 1869 1304 3464 1380">
    <p class='ocr_par' dir='ltr' id='par_1_55' title="bbox 1869 1304 3464 1380">
     <span class='ocr_line' id='line_1_55' title="bbox 1869 1304 3464 1380; baseline -0.003 -14"><span class='ocrx_word' id='word_1_406' title='bbox 1869 1324 1987 1366; x_wconf 89' lang='lat' dir='ltr'><strong>cem</strong></span> <span class='ocrx_word' id='word_1_407' title='bbox 2014 1316 2073 1364; x_wconf 90' lang='lat' dir='ltr'><strong>et</strong></span> <span class='ocrx_word' id='word_1_408' title='bbox 2094 1315 2329 1380; x_wconf 82' lang='lat' dir='ltr'><strong>septem,</strong></span> <span class='ocrx_word' id='word_1_409' title='bbox 2358 1306 2419 1363; x_wconf 84' lang='lat' dir='ltr'><strong>lit</strong></span> <span class='ocrx_word' id='word_1_410' title='bbox 2442 1307 2687 1364; x_wconf 79' lang='lat' dir='ltr'><strong>omnium</strong></span> <span class='ocrx_word' id='word_1_411' title='bbox 2714 1320 3068 1362; x_wconf 83' lang='lat' dir='ltr'><strong>numerorum</strong></span> <span class='ocrx_word' id='word_1_412' title='bbox 3094 1319 3307 1360; x_wconf 88' lang='lat' dir='ltr'><strong>summa</strong></span> <span class='ocrx_word' id='word_1_413' title='bbox 3330 1304 3464 1361; x_wconf 86' lang='lat' dir='ltr'><strong>isto-</strong></span> 
     </span>
    </p>
   </div>
   <div class='ocr_carea' id='block_1_56' title="bbox 1870 1397 3465 1474">
    <p class='ocr_par' dir='ltr' id='par_1_56' title="bbox 1870 1397 3465 1474">
     <span class='ocr_line' id='line_1_56' title="bbox 1870 1397 3465 1474; baseline -0.003 -15"><span class='ocrx_word' id='word_1_414' title='bbox 1870 1420 1992 1459; x_wconf 89' lang='lat' dir='ltr'><strong>rum</strong></span> <span class='ocrx_word' id='word_1_415' title='bbox 2013 1444 2030 1467; x_wconf 93' lang='lat'><strong>,</strong></span> <span class='ocrx_word' id='word_1_416' title='bbox 2059 1404 2153 1473; x_wconf 88' lang='lat' dir='ltr'><strong>qui</strong></span> <span class='ocrx_word' id='word_1_417' title='bbox 2182 1402 2577 1474; x_wconf 83' lang='lat' dir='ltr'><strong>multiplicatur</strong></span> <span class='ocrx_word' id='word_1_418' title='bbox 2606 1403 2673 1461; x_wconf 85' lang='lat' dir='ltr'><strong>ab</strong></span> <span class='ocrx_word' id='word_1_419' title='bbox 2702 1416 2813 1457; x_wconf 91' lang='lat' dir='ltr'><strong>uno</strong></span> <span class='ocrx_word' id='word_1_420' title='bbox 2840 1414 3014 1470; x_wconf 86' lang='lat' dir='ltr'><strong>usque</strong></span> <span class='ocrx_word' id='word_1_421' title='bbox 3055 1398 3124 1455; x_wconf 88' lang='lat' dir='ltr'><strong>ad</strong></span> <span class='ocrx_word' id='word_1_422' title='bbox 3167 1397 3357 1455; x_wconf 83' lang='lat' dir='ltr'><strong>decem</strong></span> <span class='ocrx_word' id='word_1_423' title='bbox 3405 1403 3465 1454; x_wconf 78' lang='lat' dir='ltr'><strong>et</strong></span> 
     </span>
    </p>
   </div>
   <div class='ocr_carea' id='block_1_57' title="bbox 1870 1492 3466 1568">
    <p class='ocr_par' dir='ltr' id='par_1_57' title="bbox 1870 1492 3466 1568">
     <span class='ocr_line' id='line_1_57' title="bbox 1870 1492 3466 1568; baseline -0.003 -15"><span class='ocrx_word' id='word_1_424' title='bbox 1870 1505 2101 1568; x_wconf 82' lang='lat' dir='ltr'><strong>septem,</strong></span> <span class='ocrx_word' id='word_1_425' title='bbox 2141 1504 2359 1553; x_wconf 82' lang='lat' dir='ltr'><strong>centum</strong></span> <span class='ocrx_word' id='word_1_426' title='bbox 2385 1496 2779 1567; x_wconf 67' lang='lat' dir='ltr'><strong>quinquaginta</strong></span> <span class='ocrx_word' id='word_1_427' title='bbox 2805 1502 2940 1561; x_wconf 83' lang='lat' dir='ltr'><strong>tres,</strong></span> <span class='ocrx_word' id='word_1_428' title='bbox 2981 1508 3103 1564; x_wconf 70' lang='lat' dir='ltr'><strong>quae</strong></span> <span class='ocrx_word' id='word_1_429' title='bbox 3128 1492 3466 1563; x_wconf 85' lang='lat' dir='ltr'><strong>computatio</strong></span> 
     </span>
    </p>
   </div>
   <div class='ocr_carea' id='block_1_58' title="bbox 1872 1582 3469 1658">
    <p class='ocr_par' dir='ltr' id='par_1_58' title="bbox 1872 1582 3469 1658">
     <span class='ocr_line' id='line_1_58' title="bbox 1872 1582 3469 1658; baseline -0.003 -15"><span class='ocrx_word' id='word_1_430' title='bbox 1872 1587 2141 1658; x_wconf 88' lang='lat' dir='ltr'><strong>superiori</strong></span> <span class='ocrx_word' id='word_1_431' title='bbox 2168 1585 2574 1657; x_wconf 82' lang='lat' dir='ltr'><strong>signiﬁcationi,</strong></span> <span class='ocrx_word' id='word_1_432' title='bbox 2607 1586 2712 1645; x_wconf 87' lang='lat' dir='ltr'><strong>hoc</strong></span> <span class='ocrx_word' id='word_1_433' title='bbox 2732 1591 2841 1650; x_wconf 86' lang='lat' dir='ltr'><strong>est,</strong></span> <span class='ocrx_word' id='word_1_434' title='bbox 2879 1584 3014 1655; x_wconf 86' lang='lat' dir='ltr'><strong>legis</strong></span> <span class='ocrx_word' id='word_1_435' title='bbox 3042 1584 3100 1639; x_wconf 91' lang='lat' dir='ltr'><strong>in</strong></span> <span class='ocrx_word' id='word_1_436' title='bbox 3128 1582 3371 1649; x_wconf 89' lang='lat' dir='ltr'><strong>denario,</strong></span> <span class='ocrx_word' id='word_1_437' title='bbox 3408 1589 3469 1639; x_wconf 88' lang='lat' dir='ltr'><strong>et</strong></span> 
     </span>
    </p>
   </div>
   <div class='ocr_carea' id='block_1_59' title="bbox 1873 1680 3463 1754">
    <p class='ocr_par' dir='ltr' id='par_1_59' title="bbox 1873 1680 3463 1754">
     <span class='ocr_line' id='line_1_59' title="bbox 1873 1680 3463 1754; baseline -0.003 -15"><span class='ocrx_word' id='word_1_438' title='bbox 1873 1684 2151 1754; x_wconf 58' lang='lat' dir='ltr'><strong>gratia‘in</strong></span> <span class='ocrx_word' id='word_1_439' title='bbox 2194 1684 2522 1754; x_wconf 87' lang='lat' dir='ltr'><strong>septenario,</strong></span> <span class='ocrx_word' id='word_1_440' title='bbox 2567 1682 2703 1738; x_wconf 85' lang='lat' dir='ltr'><strong>satis</strong></span> <span class='ocrx_word' id='word_1_441' title='bbox 2742 1688 3112 1754; x_wconf 77' lang='lat' dir='ltr'><strong>eorrgruenter</strong></span> <span class='ocrx_word' id='word_1_442' title='bbox 3150 1680 3463 1737; x_wconf 83' lang='lat' dir='ltr'><strong>conveniet.</strong></span> 
     </span>
    </p>
   </div>
   <div class='ocr_carea' id='block_1_60' title="bbox 1874 1772 3471 1846">
    <p class='ocr_par' dir='ltr' id='par_1_60' title="bbox 1874 1772 3471 1846">
     <span class='ocr_line' id='line_1_60' title="bbox 1874 1772 3471 1846; baseline -0.002 -14"><span class='ocrx_word' id='word_1_443' title='bbox 1874 1774 1985 1832; x_wconf 85' lang='lat' dir='ltr'><strong>Sed</strong></span> <span class='ocrx_word' id='word_1_444' title='bbox 2014 1775 2172 1846; x_wconf 88' lang='lat' dir='ltr'><strong>plura</strong></span> <span class='ocrx_word' id='word_1_445' title='bbox 2208 1783 2437 1846; x_wconf 90' lang='lat' dir='ltr'><strong>possunt</strong></span> <span class='ocrx_word' id='word_1_446' title='bbox 2464 1775 2591 1830; x_wconf 89' lang='lat' dir='ltr'><strong>inde</strong></span> <span class='ocrx_word' id='word_1_447' title='bbox 2623 1774 2961 1831; x_wconf 88' lang='lat' dir='ltr'><strong>considerari</strong></span> <span class='ocrx_word' id='word_1_448' title='bbox 2993 1774 3356 1831; x_wconf 80' lang='lat' dir='ltr'><strong>admiratione</strong></span> <span class='ocrx_word' id='word_1_449' title='bbox 3383 1772 3471 1829; x_wconf 86' lang='lat' dir='ltr'><strong>di-</strong></span> 
     </span>
    </p>
   </div>
   <div class='ocr_carea' id='block_1_61' title="bbox 1874 1864 3469 1938">
    <p class='ocr_par' dir='ltr' id='par_1_61' title="bbox 1874 1864 3469 1938">
     <span class='ocr_line' id='line_1_61' title="bbox 1874 1864 3469 1938; baseline 0.001 -16"><span class='ocrx_word' id='word_1_450' title='bbox 1874 1881 2013 1938; x_wconf 82' lang='lat' dir='ltr'><strong>gna,</strong></span> <span class='ocrx_word' id='word_1_451' title='bbox 2068 1881 2191 1937; x_wconf 70' lang='lat' dir='ltr'><strong>qius</strong></span> <span class='ocrx_word' id='word_1_452' title='bbox 2237 1864 2399 1936; x_wconf 85' lang='lat' dir='ltr'><strong>hujus</strong></span> <span class='ocrx_word' id='word_1_453' title='bbox 2444 1865 2706 1936; x_wconf 84' lang='lat' dir='ltr'><strong>temporis</strong></span> <span class='ocrx_word' id='word_1_454' title='bbox 2755 1865 3007 1938; x_wconf 79' lang='lat' dir='ltr'><strong>angustia</strong></span> <span class='ocrx_word' id='word_1_455' title='bbox 3055 1865 3312 1937; x_wconf 87' lang='lat' dir='ltr'><strong>prohibet</strong></span> <span class='ocrx_word' id='word_1_456' title='bbox 3364 1879 3469 1923; x_wconf 76' lang='lat' dir='ltr'><strong>nos</strong></span> 
     </span>
    </p>
   </div>
   <div class='ocr_carea' id='block_1_62' title="bbox 1872 1957 2287 2013">
    <p class='ocr_par' dir='ltr' id='par_1_62' title="bbox 1872 1957 2287 2013">
     <span class='ocr_line' id='line_1_62' title="bbox 1872 1957 2287 2013; baseline -0.002 -1"><span class='ocrx_word' id='word_1_457' title='bbox 1872 1957 2057 2012; x_wconf 88' lang='lat' dir='ltr'><strong>omnia</strong></span> <span class='ocrx_word' id='word_1_458' title='bbox 2083 1958 2287 2013; x_wconf 88' lang='lat' dir='ltr'><strong>dicere.</strong></span> 
     </span>
    </p>
   </div>
   <div class='ocr_carea' id='block_1_63' title="bbox 1944 2049 3471 2121">
    <p class='ocr_par' dir='ltr' id='par_1_63' title="bbox 1944 2049 3471 2121">
     <span class='ocr_line' id='line_1_63' title="bbox 1944 2049 3471 2121; baseline 0.003 -18"><span class='ocrx_word' id='word_1_459' title='bbox 1944 2049 2015 2104; x_wconf 87' lang='lat' dir='ltr'><strong>Et</strong></span> <span class='ocrx_word' id='word_1_460' title='bbox 2045 2066 2163 2104; x_wconf 81' lang='lat' dir='ltr'><strong>cum</strong></span> <span class='ocrx_word' id='word_1_461' title='bbox 2190 2049 2325 2104; x_wconf 86' lang='lat' dir='ltr'><strong>tanti</strong></span> <span class='ocrx_word' id='word_1_462' title='bbox 2356 2057 2560 2115; x_wconf 86' lang='lat' dir='ltr'><strong>essent,</strong></span> <span class='ocrx_word' id='word_1_463' title='bbox 2597 2066 2704 2104; x_wconf 86' lang='lat' dir='ltr'><strong>non</strong></span> <span class='ocrx_word' id='word_1_464' title='bbox 2733 2056 2809 2105; x_wconf 82' lang='lat' dir='ltr'><strong>est</strong></span> <span class='ocrx_word' id='word_1_465' title='bbox 2839 2049 3059 2106; x_wconf 78' lang='lat' dir='ltr'><strong>scissum</strong></span> <span class='ocrx_word' id='word_1_466' title='bbox 3086 2057 3213 2105; x_wconf 83' lang='lat' dir='ltr'><strong>rete.</strong></span> <span class='ocrx_word' id='word_1_467' title='bbox 3250 2049 3471 2121; x_wconf 67' lang='lat' dir='ltr'><strong>Adiecit</strong></span> 
     </span>
    </p>
   </div>
   <div class='ocr_carea' id='block_1_64' title="bbox 1875 2140 3471 2212">
    <p class='ocr_par' dir='ltr' id='par_1_64' title="bbox 1875 2140 3471 2212">
     <span class='ocr_line' id='line_1_64' title="bbox 1875 2140 3471 2212; baseline -0.001 -14"><span class='ocrx_word' id='word_1_468' title='bbox 1875 2140 2207 2212; x_wconf 83' lang='lat' dir='ltr'><strong>evangelista</strong></span> <span class='ocrx_word' id='word_1_469' title='bbox 2235 2155 2351 2197; x_wconf 91' lang='lat' dir='ltr'><strong>rem</strong></span> <span class='ocrx_word' id='word_1_470' title='bbox 2396 2141 2764 2197; x_wconf 88' lang='lat' dir='ltr'><strong>necessariam</strong></span> <span class='ocrx_word' id='word_1_471' title='bbox 2797 2140 2983 2198; x_wconf 90' lang='lat' dir='ltr'><strong>dicens</strong></span> <span class='ocrx_word' id='word_1_472' title='bbox 3009 2159 3022 2197; x_wconf 88' lang='lat'><strong>:</strong></span> <span class='ocrx_word' id='word_1_473' title='bbox 3062 2140 3137 2197; x_wconf 86' lang='lat' dir='ltr'><strong>Et</strong></span> <span class='ocrx_word' id='word_1_474' title='bbox 3168 2156 3294 2199; x_wconf 86' lang='lat' dir='ltr'><strong>cum</strong></span> <span class='ocrx_word' id='word_1_475' title='bbox 3327 2141 3471 2197; x_wconf 77' lang='lat' dir='ltr'><strong>tanti</strong></span> 
     </span>
    </p>
   </div>
   <div class='ocr_carea' id='block_1_65' title="bbox 1876 2234 3473 2305">
    <p class='ocr_par' dir='ltr' id='par_1_65' title="bbox 1876 2234 3473 2305">
     <span class='ocr_line' id='line_1_65' title="bbox 1876 2234 3473 2305; baseline 0 -16"><span class='ocrx_word' id='word_1_476' title='bbox 1876 2241 2081 2299; x_wconf 84' lang='lat' dir='ltr'><strong>essent,</strong></span> <span class='ocrx_word' id='word_1_477' title='bbox 2107 2234 2224 2288; x_wconf 90' lang='lat' dir='ltr'><strong>sive</strong></span> <span class='ocrx_word' id='word_1_478' title='bbox 2250 2241 2361 2288; x_wconf 88' lang='lat' dir='ltr'><strong>tam</strong></span> <span class='ocrx_word' id='word_1_479' title='bbox 2388 2234 2593 2305; x_wconf 86' lang='lat' dir='ltr'><strong>magni,</strong></span> <span class='ocrx_word' id='word_1_480' title='bbox 2619 2234 2761 2290; x_wconf 89' lang='lat' dir='ltr'><strong>sicut</strong></span> <span class='ocrx_word' id='word_1_481' title='bbox 2786 2234 3037 2304; x_wconf 73' lang='lat' dir='ltr'><strong>superius</strong></span> <span class='ocrx_word' id='word_1_482' title='bbox 3062 2234 3226 2291; x_wconf 83' lang='lat' dir='ltr'><strong>dicit:</strong></span> <span class='ocrx_word' id='word_1_483' title='bbox 3250 2234 3473 2305; x_wconf 88' lang='lat' dir='ltr'><strong>plenum</strong></span> 
     </span>
    </p>
   </div>
   <div class='ocr_carea' id='block_1_66' title="bbox 1878 2325 3471 2397">
    <p class='ocr_par' dir='ltr' id='par_1_66' title="bbox 1878 2325 3471 2397">
     <span class='ocr_line' id='line_1_66' title="bbox 1878 2325 3471 2397; baseline 0.001 -17"><span class='ocrx_word' id='word_1_484' title='bbox 1878 2325 2093 2396; x_wconf 84' lang='lat' dir='ltr'><strong>magnis</strong></span> <span class='ocrx_word' id='word_1_485' title='bbox 2117 2326 2376 2394; x_wconf 81' lang='lat' dir='ltr'><strong>piscibus,</strong></span> <span class='ocrx_word' id='word_1_486' title='bbox 2409 2341 2516 2381; x_wconf 91' lang='lat' dir='ltr'><strong>non</strong></span> <span class='ocrx_word' id='word_1_487' title='bbox 2545 2332 2629 2381; x_wconf 91' lang='lat' dir='ltr'><strong>est</strong></span> <span class='ocrx_word' id='word_1_488' title='bbox 2660 2326 2893 2382; x_wconf 90' lang='lat' dir='ltr'><strong>scissum</strong></span> <span class='ocrx_word' id='word_1_489' title='bbox 2916 2334 3053 2393; x_wconf 85' lang='lat' dir='ltr'><strong>rete,</strong></span> <span class='ocrx_word' id='word_1_490' title='bbox 3079 2326 3133 2383; x_wconf 85' lang='lat' dir='ltr'><strong>id</strong></span> <span class='ocrx_word' id='word_1_491' title='bbox 3156 2334 3260 2392; x_wconf 86' lang='lat' dir='ltr'><strong>est,</strong></span> <span class='ocrx_word' id='word_1_492' title='bbox 3287 2326 3471 2397; x_wconf 77' lang='lat' dir='ltr'><strong>magni</strong></span> 
     </span>
    </p>
   </div>
   <div class='ocr_carea' id='block_1_67' title="bbox 1879 2418 3472 2489">
    <p class='ocr_par' dir='ltr' id='par_1_67' title="bbox 1879 2418 3472 2489">
     <span class='ocr_line' id='line_1_67' title="bbox 1879 2418 3472 2489; baseline 0 -16"><span class='ocrx_word' id='word_1_493' title='bbox 1879 2425 2060 2483; x_wconf 89' lang='lat' dir='ltr'><strong>erant,</strong></span> <span class='ocrx_word' id='word_1_494' title='bbox 2087 2418 2184 2473; x_wconf 88' lang='lat' dir='ltr'><strong>sed</strong></span> <span class='ocrx_word' id='word_1_495' title='bbox 2212 2418 2356 2472; x_wconf 88' lang='lat' dir='ltr'><strong>inter</strong></span> <span class='ocrx_word' id='word_1_496' title='bbox 2380 2432 2475 2472; x_wconf 89' lang='lat' dir='ltr'><strong>eos</strong></span> <span class='ocrx_word' id='word_1_497' title='bbox 2504 2418 2727 2472; x_wconf 75' lang='lat' dir='ltr'><strong>haeresis</strong></span> <span class='ocrx_word' id='word_1_498' title='bbox 2755 2434 2864 2474; x_wconf 85' lang='lat' dir='ltr'><strong>non</strong></span> <span class='ocrx_word' id='word_1_499' title='bbox 2893 2426 3034 2484; x_wconf 79' lang='lat' dir='ltr'><strong>erat,</strong></span> <span class='ocrx_word' id='word_1_500' title='bbox 3063 2426 3120 2472; x_wconf 87' lang='lat' dir='ltr'><strong>et</strong></span> <span class='ocrx_word' id='word_1_501' title='bbox 3142 2418 3269 2474; x_wconf 88' lang='lat' dir='ltr'><strong>ideo</strong></span> <span class='ocrx_word' id='word_1_502' title='bbox 3295 2419 3472 2489; x_wconf 88' lang='lat' dir='ltr'><strong>magis</strong></span> 
     </span>
    </p>
   </div>
   <div class='ocr_carea' id='block_1_68' title="bbox 1881 2508 2979 2578">
    <p class='ocr_par' dir='ltr' id='par_1_68' title="bbox 1881 2508 2979 2578">
     <span class='ocr_line' id='line_1_68' title="bbox 1881 2508 2979 2578; baseline -0.003 -14"><span class='ocrx_word' id='word_1_503' title='bbox 1881 2509 2117 2564; x_wconf 57' lang='lat' dir='ltr'><strong>hereses</strong></span> <span class='ocrx_word' id='word_1_504' title='bbox 2142 2524 2248 2563; x_wconf 91' lang='lat' dir='ltr'><strong>non</strong></span> <span class='ocrx_word' id='word_1_505' title='bbox 2274 2518 2450 2573; x_wconf 87' lang='lat' dir='ltr'><strong>erant,</strong></span> <span class='ocrx_word' id='word_1_506' title='bbox 2478 2508 2569 2578; x_wconf 91' lang='lat' dir='ltr'><strong>qui</strong></span> <span class='ocrx_word' id='word_1_507' title='bbox 2598 2508 2778 2578; x_wconf 84' lang='lat' dir='ltr'><strong>magni</strong></span> <span class='ocrx_word' id='word_1_508' title='bbox 2801 2515 2979 2563; x_wconf 76' lang='lat' dir='ltr'><strong>erant.</strong></span> 
     </span>
    </p>
   </div>
   <div class='ocr_carea' id='block_1_69' title="bbox 1952 2598 3473 2670">
    <p class='ocr_par' dir='ltr' id='par_1_69' title="bbox 1952 2598 3473 2670">
     <span class='ocr_line' id='line_1_69' title="bbox 1952 2598 3473 2670; baseline 0.003 -17"><span class='ocrx_word' id='word_1_509' title='bbox 1952 2599 2095 2653; x_wconf 83' lang='lat' dir='ltr'><strong>Dicit</strong></span> <span class='ocrx_word' id='word_1_510' title='bbox 2122 2602 2196 2654; x_wconf 88' lang='lat' dir='ltr'><strong>eis</strong></span> <span class='ocrx_word' id='word_1_511' title='bbox 2223 2600 2378 2659; x_wconf 75' lang='lat' dir='ltr'><strong>Iesus</strong></span> <span class='ocrx_word' id='word_1_512' title='bbox 2404 2613 2421 2652; x_wconf 89' lang='lat'><strong><em>:</em></strong></span> <span class='ocrx_word' id='word_1_513' title='bbox 2454 2598 2659 2665; x_wconf 80' lang='lat' dir='ltr'><strong>Venite,</strong></span> <span class='ocrx_word' id='word_1_514' title='bbox 2689 2600 2961 2670; x_wconf 82' lang='lat' dir='ltr'><strong>prandete,</strong></span> <span class='ocrx_word' id='word_1_515' title='bbox 2992 2608 3040 2654; x_wconf 88' lang='lat' dir='ltr'><strong>et</strong></span> <span class='ocrx_word' id='word_1_516' title='bbox 3067 2617 3217 2656; x_wconf 81' lang='lat' dir='ltr'><strong>nemo</strong></span> <span class='ocrx_word' id='word_1_517' title='bbox 3242 2601 3473 2657; x_wconf 78' lang='lat' dir='ltr'><strong>audebat</strong></span> 
     </span>
    </p>
   </div>
   <div class='ocr_carea' id='block_1_70' title="bbox 1881 2691 3475 2763">
    <p class='ocr_par' dir='ltr' id='par_1_70' title="bbox 1881 2691 3475 2763">
     <span class='ocr_line' id='line_1_70' title="bbox 1881 2691 3475 2763; baseline 0.003 -18"><span class='ocrx_word' id='word_1_518' title='bbox 1881 2691 2323 2746; x_wconf 81' lang='lat' dir='ltr'><strong>discumbentium</strong></span> <span class='ocrx_word' id='word_1_519' title='bbox 2351 2708 2470 2745; x_wconf 86' lang='lat' dir='ltr'><strong>eum</strong></span> <span class='ocrx_word' id='word_1_520' title='bbox 2498 2694 2846 2762; x_wconf 85' lang='lat' dir='ltr'><strong>interrogare,</strong></span> <span class='ocrx_word' id='word_1_521' title='bbox 2888 2702 2947 2745; x_wconf 86' lang='lat' dir='ltr'><strong>tu</strong></span> <span class='ocrx_word' id='word_1_522' title='bbox 2972 2694 3090 2763; x_wconf 83' lang='lat' dir='ltr'><strong>quis</strong></span> <span class='ocrx_word' id='word_1_523' title='bbox 3119 2710 3173 2747; x_wconf 88' lang='lat' dir='ltr'><strong>es</strong></span> <span class='ocrx_word' id='word_1_524' title='bbox 3195 2695 3222 2747; x_wconf 76' lang='lat' dir='ltr'><strong>i&#39;</strong></span> <span class='ocrx_word' id='word_1_525' title='bbox 3269 2692 3475 2749; x_wconf 86' lang='lat' dir='ltr'><strong>Sensus</strong></span> 
     </span>
    </p>
   </div>
   <div class='ocr_carea' id='block_1_71' title="bbox 1880 2783 3476 2855">
    <p class='ocr_par' dir='ltr' id='par_1_71' title="bbox 1880 2783 3476 2855">
     <span class='ocr_line' id='line_1_71' title="bbox 1880 2783 3476 2855; baseline 0 -16"><span class='ocrx_word' id='word_1_526' title='bbox 1880 2799 2013 2855; x_wconf 85' lang='lat' dir='ltr'><strong>ergo</strong></span> <span class='ocrx_word' id='word_1_527' title='bbox 2055 2784 2144 2839; x_wconf 91' lang='lat' dir='ltr'><strong>hic</strong></span> <span class='ocrx_word' id='word_1_528' title='bbox 2186 2792 2311 2838; x_wconf 89' lang='lat' dir='ltr'><strong>est:</strong></span> <span class='ocrx_word' id='word_1_529' title='bbox 2349 2783 2524 2838; x_wconf 87' lang='lat' dir='ltr'><strong>Tanta</strong></span> <span class='ocrx_word' id='word_1_530' title='bbox 2564 2791 2685 2838; x_wconf 91' lang='lat' dir='ltr'><strong>erat</strong></span> <span class='ocrx_word' id='word_1_531' title='bbox 2722 2783 2995 2838; x_wconf 81' lang='lat' dir='ltr'><strong>evidentia</strong></span> <span class='ocrx_word' id='word_1_532' title='bbox 3023 2783 3300 2850; x_wconf 86' lang='lat' dir='ltr'><strong>veritatis,</strong></span> <span class='ocrx_word' id='word_1_533' title='bbox 3345 2784 3476 2854; x_wconf 80' lang='lat' dir='ltr'><strong>quia</strong></span> 
     </span>
    </p>
   </div>
   <div class='ocr_carea' id='block_1_72' title="bbox 1879 2872 3473 2945">
    <p class='ocr_par' dir='ltr' id='par_1_72' title="bbox 1879 2872 3473 2945">
     <span class='ocr_line' id='line_1_72' title="bbox 1879 2872 3473 2945; baseline -0.003 -13"><span class='ocrx_word' id='word_1_534' title='bbox 1879 2874 2041 2933; x_wconf 84' lang='lat' dir='ltr'><strong>Jesus</strong></span> <span class='ocrx_word' id='word_1_535' title='bbox 2069 2875 2174 2930; x_wconf 90' lang='lat' dir='ltr'><strong>illis</strong></span> <span class='ocrx_word' id='word_1_536' title='bbox 2202 2875 2481 2945; x_wconf 81' lang='lat' dir='ltr'><strong>discipulis</strong></span> <span class='ocrx_word' id='word_1_537' title='bbox 2511 2875 2824 2945; x_wconf 81' lang='lat' dir='ltr'><strong>apparebat,</strong></span> <span class='ocrx_word' id='word_1_538' title='bbox 2856 2881 2917 2928; x_wconf 89' lang='lat' dir='ltr'><strong>ut</strong></span> <span class='ocrx_word' id='word_1_539' title='bbox 2940 2888 3131 2929; x_wconf 87' lang='lat' dir='ltr'><strong>eorum</strong></span> <span class='ocrx_word' id='word_1_540' title='bbox 3155 2889 3264 2929; x_wconf 90' lang='lat' dir='ltr'><strong>non</strong></span> <span class='ocrx_word' id='word_1_541' title='bbox 3293 2872 3473 2930; x_wconf 85' lang='lat' dir='ltr'><strong>solum</strong></span> 
     </span>
    </p>
   </div>
   <div class='ocr_carea' id='block_1_73' title="bbox 1882 2964 3477 3041">
    <p class='ocr_par' dir='ltr' id='par_1_73' title="bbox 1882 2964 3477 3041">
     <span class='ocr_line' id='line_1_73' title="bbox 1882 2964 3477 3041; baseline -0.003 -16"><span class='ocrx_word' id='word_1_542' title='bbox 1882 2985 2105 3041; x_wconf 79' lang='lat' dir='ltr'><strong>negare,</strong></span> <span class='ocrx_word' id='word_1_543' title='bbox 2136 2969 2230 3025; x_wconf 90' lang='lat' dir='ltr'><strong>sed</strong></span> <span class='ocrx_word' id='word_1_544' title='bbox 2258 2984 2326 3024; x_wconf 91' lang='lat' dir='ltr'><strong>ne</strong></span> <span class='ocrx_word' id='word_1_545' title='bbox 2352 2969 2606 3023; x_wconf 89' lang='lat' dir='ltr'><strong>dubitare</strong></span> <span class='ocrx_word' id='word_1_546' title='bbox 2635 2968 2854 3037; x_wconf 86' lang='lat' dir='ltr'><strong>quidem</strong></span> <span class='ocrx_word' id='word_1_547' title='bbox 2882 2966 3024 3022; x_wconf 89' lang='lat' dir='ltr'><strong>ullus</strong></span> <span class='ocrx_word' id='word_1_548' title='bbox 3047 2966 3293 3021; x_wconf 84' lang='lat' dir='ltr'><strong>auderet.</strong></span> <span class='ocrx_word' id='word_1_549' title='bbox 3330 2964 3477 3033; x_wconf 82' lang='lat' dir='ltr'><strong>Quo-</strong></span> 
     </span>
    </p>
   </div>
   <div class='ocr_carea' id='block_1_74' title="bbox 1883 3057 3474 3130">
    <p class='ocr_par' dir='ltr' id='par_1_74' title="bbox 1883 3057 3474 3130">
     <span class='ocr_line' id='line_1_74' title="bbox 1883 3057 3474 3130; baseline -0.002 -15"><span class='ocrx_word' id='word_1_550' title='bbox 1883 3060 2107 3116; x_wconf 71' lang='lat' dir='ltr'><strong>niam‘si</strong></span> <span class='ocrx_word' id='word_1_551' title='bbox 2138 3060 2426 3130; x_wconf 88' lang='lat' dir='ltr'><strong>quisquam</strong></span> <span class='ocrx_word' id='word_1_552' title='bbox 2455 3059 2762 3124; x_wconf 88' lang='lat' dir='ltr'><strong>dubitaret,</strong></span> <span class='ocrx_word' id='word_1_553' title='bbox 2792 3058 2982 3128; x_wconf 86' lang='lat' dir='ltr'><strong>utique</strong></span> <span class='ocrx_word' id='word_1_554' title='bbox 3008 3057 3351 3128; x_wconf 88' lang='lat' dir='ltr'><strong>interrogare</strong></span> <span class='ocrx_word' id='word_1_555' title='bbox 3377 3057 3474 3113; x_wconf 88' lang='lat' dir='ltr'><strong>de-</strong></span> 
     </span>
    </p>
   </div>
   <div class='ocr_carea' id='block_1_75' title="bbox 1880 3146 3475 3208">
    <p class='ocr_par' dir='ltr' id='par_1_75' title="bbox 1880 3146 3475 3208">
     <span class='ocr_line' id='line_1_75' title="bbox 1880 3146 3475 3208; baseline -0.003 -1"><span class='ocrx_word' id='word_1_556' title='bbox 1880 3152 2060 3208; x_wconf 84' lang='lat' dir='ltr'><strong>beret.</strong></span> <span class='ocrx_word' id='word_1_557' title='bbox 2101 3149 2194 3205; x_wconf 85' lang='lat' dir='ltr'><strong>Sic</strong></span> <span class='ocrx_word' id='word_1_558' title='bbox 2221 3164 2351 3205; x_wconf 90' lang='lat' dir='ltr'><strong>vero</strong></span> <span class='ocrx_word' id='word_1_559' title='bbox 2380 3149 2582 3204; x_wconf 87' lang='lat' dir='ltr'><strong>dictum</strong></span> <span class='ocrx_word' id='word_1_560' title='bbox 2609 3156 2731 3204; x_wconf 86' lang='lat' dir='ltr'><strong>est:</strong></span> <span class='ocrx_word' id='word_1_561' title='bbox 2772 3146 2944 3204; x_wconf 84' lang='lat' dir='ltr'><strong>Nemo</strong></span> <span class='ocrx_word' id='word_1_562' title='bbox 2973 3148 3209 3203; x_wconf 89' lang='lat' dir='ltr'><strong>audebat</strong></span> <span class='ocrx_word' id='word_1_563' title='bbox 3235 3148 3475 3204; x_wconf 90' lang='lat' dir='ltr'><strong>interro-</strong></span> 
     </span>
    </p>
   </div>
   <div class='ocr_carea' id='block_1_76' title="bbox 1884 3239 3478 3314">
    <p class='ocr_par' dir='ltr' id='par_1_76' title="bbox 1884 3239 3478 3314">
     <span class='ocr_line' id='line_1_76' title="bbox 1884 3239 3478 3314; baseline -0.004 -17"><span class='ocrx_word' id='word_1_564' title='bbox 1884 3258 2017 3314; x_wconf 78' lang='lat' dir='ltr'><strong>gare</strong></span> <span class='ocrx_word' id='word_1_565' title='bbox 2036 3255 2195 3299; x_wconf 76' lang='lat' dir='ltr'><strong>etim:</strong></span> <span class='ocrx_word' id='word_1_566' title='bbox 2223 3240 2302 3295; x_wconf 92' lang='lat' dir='ltr'><strong>Tu</strong></span> <span class='ocrx_word' id='word_1_567' title='bbox 2324 3241 2448 3310; x_wconf 88' lang='lat' dir='ltr'><strong>quis</strong></span> <span class='ocrx_word' id='word_1_568' title='bbox 2468 3241 2562 3296; x_wconf 88' lang='lat' dir='ltr'><strong>es?</strong></span> <span class='ocrx_word' id='word_1_569' title='bbox 2588 3255 2655 3294; x_wconf 89' lang='lat' dir='ltr'><strong>ac</strong></span> <span class='ocrx_word' id='word_1_570' title='bbox 2677 3240 2723 3294; x_wconf 87' lang='lat' dir='ltr'><strong>si</strong></span> <span class='ocrx_word' id='word_1_571' title='bbox 2745 3239 3040 3305; x_wconf 88' lang='lat' dir='ltr'><strong>diceretur,</strong></span> <span class='ocrx_word' id='word_1_572' title='bbox 3065 3253 3225 3293; x_wconf 88' lang='lat' dir='ltr'><strong>nemo</strong></span> <span class='ocrx_word' id='word_1_573' title='bbox 3245 3239 3478 3294; x_wconf 87' lang='lat' dir='ltr'><strong>audebat</strong></span> 
     </span>
    </p>
   </div>
   <div class='ocr_carea' id='block_1_77' title="bbox 1888 3330 2660 3400">
    <p class='ocr_par' dir='ltr' id='par_1_77' title="bbox 1888 3330 2660 3400">
     <span class='ocr_line' id='line_1_77' title="bbox 1888 3330 2660 3400; baseline -0.008 -12"><span class='ocrx_word' id='word_1_574' title='bbox 1888 3333 2160 3396; x_wconf 87' lang='lat' dir='ltr'><strong>dubitare,</strong></span> <span class='ocrx_word' id='word_1_575' title='bbox 2186 3331 2329 3400; x_wconf 86' lang='lat' dir='ltr'><strong>quod</strong></span> <span class='ocrx_word' id='word_1_576' title='bbox 2358 3330 2473 3400; x_wconf 88' lang='lat' dir='ltr'><strong>ipse</strong></span> <span class='ocrx_word' id='word_1_577' title='bbox 2497 3338 2660 3386; x_wconf 87' lang='lat' dir='ltr'><strong>esset.</strong></span> 
     </span>
    </p>
   </div>
   <div class='ocr_carea' id='block_1_78' title="bbox 1963 3416 3479 3489">
    <p class='ocr_par' dir='ltr' id='par_1_78' title="bbox 1963 3416 3479 3489">
     <span class='ocr_line' id='line_1_78' title="bbox 1963 3416 3479 3489; baseline -0.005 -13"><span class='ocrx_word' id='word_1_578' title='bbox 1963 3422 2031 3476; x_wconf 85' lang='lat' dir='ltr'><strong>Et</strong></span> <span class='ocrx_word' id='word_1_579' title='bbox 2066 3422 2201 3476; x_wconf 80' lang='lat' dir='ltr'><strong>venit</strong></span> <span class='ocrx_word' id='word_1_580' title='bbox 2233 3421 2421 3486; x_wconf 81' lang='lat' dir='ltr'><strong>Jesus,</strong></span> <span class='ocrx_word' id='word_1_581' title='bbox 2461 3429 2510 3474; x_wconf 83' lang='lat' dir='ltr'><strong>et</strong></span> <span class='ocrx_word' id='word_1_582' title='bbox 2549 3420 2746 3489; x_wconf 83' lang='lat' dir='ltr'><strong>accepit</strong></span> <span class='ocrx_word' id='word_1_583' title='bbox 2780 3433 2969 3489; x_wconf 86' lang='lat' dir='ltr'><strong>panem</strong></span> <span class='ocrx_word' id='word_1_584' title='bbox 3003 3426 3050 3472; x_wconf 88' lang='lat' dir='ltr'><strong>et</strong></span> <span class='ocrx_word' id='word_1_585' title='bbox 3084 3416 3246 3470; x_wconf 82' lang='lat' dir='ltr'><strong>dabat</strong></span> <span class='ocrx_word' id='word_1_586' title='bbox 3282 3417 3393 3482; x_wconf 86' lang='lat' dir='ltr'><strong>eis,</strong></span> <span class='ocrx_word' id='word_1_587' title='bbox 3428 3424 3479 3471; x_wconf 88' lang='lat' dir='ltr'><strong>et</strong></span> 
     </span>
    </p>
   </div>
   <div class='ocr_carea' id='block_1_79' title="bbox 1880 3508 3479 3586">
    <p class='ocr_par' dir='ltr' id='par_1_79' title="bbox 1880 3508 3479 3586">
     <span class='ocr_line' id='line_1_79' title="bbox 1880 3508 3479 3586; baseline -0.004 -16"><span class='ocrx_word' id='word_1_588' title='bbox 1880 3516 2082 3586; x_wconf 83' lang='lat' dir='ltr'><strong>piscem</strong></span> <span class='ocrx_word' id='word_1_589' title='bbox 2123 3512 2387 3569; x_wconf 83' lang='lat' dir='ltr'><strong>similiter.</strong></span> <span class='ocrx_word' id='word_1_590' title='bbox 2439 3511 2747 3581; x_wconf 82' lang='lat' dir='ltr'><strong>Notandum</strong></span> <span class='ocrx_word' id='word_1_591' title='bbox 2782 3524 2997 3581; x_wconf 88' lang='lat' dir='ltr'><strong>quoque</strong></span> <span class='ocrx_word' id='word_1_592' title='bbox 3040 3510 3185 3580; x_wconf 91' lang='lat' dir='ltr'><strong>quod</strong></span> <span class='ocrx_word' id='word_1_593' title='bbox 3228 3508 3479 3564; x_wconf 87' lang='lat' dir='ltr'><strong>ultimum</strong></span> 
     </span>
    </p>
   </div>
   <div class='ocr_carea' id='block_1_80' title="bbox 1888 3599 3481 3673">
    <p class='ocr_par' dir='ltr' id='par_1_80' title="bbox 1888 3599 3481 3673">
     <span class='ocr_line' id='line_1_80' title="bbox 1888 3599 3481 3673; baseline -0.005 -11"><span class='ocrx_word' id='word_1_594' title='bbox 1888 3607 2193 3662; x_wconf 79' lang='lat' dir='ltr'><strong>convivium</strong></span> <span class='ocrx_word' id='word_1_595' title='bbox 2228 3605 2489 3662; x_wconf 89' lang='lat' dir='ltr'><strong>Dominus</strong></span> <span class='ocrx_word' id='word_1_596' title='bbox 2519 3618 2644 3660; x_wconf 90' lang='lat' dir='ltr'><strong>cum</strong></span> <span class='ocrx_word' id='word_1_597' title='bbox 2679 3612 2886 3673; x_wconf 87' lang='lat' dir='ltr'><strong>septem</strong></span> <span class='ocrx_word' id='word_1_598' title='bbox 2911 3601 3193 3673; x_wconf 86' lang='lat' dir='ltr'><strong>discipulis</strong></span> <span class='ocrx_word' id='word_1_599' title='bbox 3222 3599 3481 3655; x_wconf 84' lang='lat' dir='ltr'><strong>habuisse</strong></span> 
     </span>
    </p>
   </div>
   <div class='ocr_carea' id='block_1_81' title="bbox 1889 3694 3478 3767">
    <p class='ocr_par' dir='ltr' id='par_1_81' title="bbox 1889 3694 3478 3767">
     <span class='ocr_line' id='line_1_81' title="bbox 1889 3694 3478 3767; baseline -0.004 -12"><span class='ocrx_word' id='word_1_600' title='bbox 1889 3699 2242 3765; x_wconf 79' lang='lat' dir='ltr'><strong>describitur,</strong></span> <span class='ocrx_word' id='word_1_601' title='bbox 2260 3697 2457 3754; x_wconf 88' lang='lat' dir='ltr'><strong>Petrus</strong></span> <span class='ocrx_word' id='word_1_602' title='bbox 2482 3713 2721 3767; x_wconf 86' lang='lat' dir='ltr'><strong>namque</strong></span> <span class='ocrx_word' id='word_1_603' title='bbox 2750 3705 2804 3752; x_wconf 91' lang='lat' dir='ltr'><strong>et</strong></span> <span class='ocrx_word' id='word_1_604' title='bbox 2826 3697 3082 3759; x_wconf 83' lang='lat' dir='ltr'><strong>Thomas,</strong></span> <span class='ocrx_word' id='word_1_605' title='bbox 3111 3694 3478 3759; x_wconf 76' lang='lat' dir='ltr'><strong>Nathanahel,</strong></span> 
     </span>
    </p>
   </div>
   <div class='ocr_carea' id='block_1_82' title="bbox 1888 3786 3482 3859">
    <p class='ocr_par' dir='ltr' id='par_1_82' title="bbox 1888 3786 3482 3859">
     <span class='ocr_line' id='line_1_82' title="bbox 1888 3786 3482 3859; baseline -0.004 -12"><span class='ocrx_word' id='word_1_606' title='bbox 1888 3800 1944 3847; x_wconf 84' lang='lat' dir='ltr'><strong>et</strong></span> <span class='ocrx_word' id='word_1_607' title='bbox 1984 3791 2078 3847; x_wconf 83' lang='lat' dir='ltr'><strong>lilii</strong></span> <span class='ocrx_word' id='word_1_608' title='bbox 2118 3791 2399 3856; x_wconf 67' lang='lat' dir='ltr'><strong>Zebedazi,</strong></span> <span class='ocrx_word' id='word_1_609' title='bbox 2449 3798 2510 3846; x_wconf 92' lang='lat' dir='ltr'><strong>et</strong></span> <span class='ocrx_word' id='word_1_610' title='bbox 2546 3790 2636 3845; x_wconf 88' lang='lat' dir='ltr'><strong>alii</strong></span> <span class='ocrx_word' id='word_1_611' title='bbox 2674 3805 2742 3846; x_wconf 81' lang='lat' dir='ltr'><strong>ex</strong></span> <span class='ocrx_word' id='word_1_612' title='bbox 2787 3788 3068 3859; x_wconf 85' lang='lat' dir='ltr'><strong>discipulis</strong></span> <span class='ocrx_word' id='word_1_613' title='bbox 3108 3787 3227 3859; x_wconf 87' lang='lat' dir='ltr'><strong>ejus</strong></span> <span class='ocrx_word' id='word_1_614' title='bbox 3269 3788 3378 3843; x_wconf 90' lang='lat' dir='ltr'><strong>duo</strong></span> <span class='ocrx_word' id='word_1_615' title='bbox 3423 3786 3482 3842; x_wconf 91' lang='lat' dir='ltr'><strong>in</strong></span> 
     </span>
    </p>
   </div>
   <div class='ocr_carea' id='block_1_83' title="bbox 1887 3880 3481 3952">
    <p class='ocr_par' dir='ltr' id='par_1_83' title="bbox 1887 3880 3481 3952">
     <span class='ocr_line' id='line_1_83' title="bbox 1887 3880 3481 3952; baseline -0.002 -13"><span class='ocrx_word' id='word_1_616' title='bbox 1887 3899 1953 3939; x_wconf 86' lang='lat' dir='ltr'><strong>eo</strong></span> <span class='ocrx_word' id='word_1_617' title='bbox 1992 3882 2162 3941; x_wconf 83' lang='lat' dir='ltr'><strong>fuisse</strong></span> <span class='ocrx_word' id='word_1_618' title='bbox 2200 3892 2594 3941; x_wconf 89' lang='lat' dir='ltr'><strong>memorantur.</strong></span> <span class='ocrx_word' id='word_1_619' title='bbox 2637 3882 2747 3938; x_wconf 90' lang='lat' dir='ltr'><strong>Cur</strong></span> <span class='ocrx_word' id='word_1_620' title='bbox 2781 3898 2906 3939; x_wconf 88' lang='lat' dir='ltr'><strong>cum</strong></span> <span class='ocrx_word' id='word_1_621' title='bbox 2946 3891 3156 3952; x_wconf 85' lang='lat' dir='ltr'><strong>septem</strong></span> <span class='ocrx_word' id='word_1_622' title='bbox 3200 3880 3481 3952; x_wconf 85' lang='lat' dir='ltr'><strong>discipulis</strong></span> 
     </span>
    </p>
   </div>
   <div class='ocr_carea' id='block_1_84' title="bbox 1885 3976 3477 4046">
    <p class='ocr_par' dir='ltr' id='par_1_84' title="bbox 1885 3976 3477 4046">
     <span class='ocr_line' id='line_1_84' title="bbox 1885 3976 3477 4046; baseline -0.003 -13"><span class='ocrx_word' id='word_1_623' title='bbox 1885 3977 2136 4033; x_wconf 85' lang='lat' dir='ltr'><strong>ultimum</strong></span> <span class='ocrx_word' id='word_1_624' title='bbox 2161 3978 2472 4035; x_wconf 86' lang='lat' dir='ltr'><strong>convivium</strong></span> <span class='ocrx_word' id='word_1_625' title='bbox 2494 3977 2781 4034; x_wconf 84' lang='lat' dir='ltr'><strong>celebrat?</strong></span> <span class='ocrx_word' id='word_1_626' title='bbox 2824 3976 2927 4032; x_wconf 88' lang='lat' dir='ltr'><strong>nisi</strong></span> <span class='ocrx_word' id='word_1_627' title='bbox 2968 3977 3093 4046; x_wconf 88' lang='lat' dir='ltr'><strong>quia</strong></span> <span class='ocrx_word' id='word_1_628' title='bbox 3116 3991 3211 4032; x_wconf 89' lang='lat' dir='ltr'><strong>eos</strong></span> <span class='ocrx_word' id='word_1_629' title='bbox 3235 3983 3477 4031; x_wconf 86' lang='lat' dir='ltr'><strong>tantum-</strong></span> 
     </span>
    </p>
   </div>
   <div class='ocr_carea' id='block_1_85' title="bbox 1888 4064 3481 4139">
    <p class='ocr_par' dir='ltr' id='par_1_85' title="bbox 1888 4064 3481 4139">
     <span class='ocr_line' id='line_1_85' title="bbox 1888 4064 3481 4139; baseline -0.004 -14"><span class='ocrx_word' id='word_1_630' title='bbox 1888 4069 2050 4125; x_wconf 91' lang='lat' dir='ltr'><strong>modo</strong></span> <span class='ocrx_word' id='word_1_631' title='bbox 2094 4070 2186 4138; x_wconf 90' lang='lat' dir='ltr'><strong>qui</strong></span> <span class='ocrx_word' id='word_1_632' title='bbox 2232 4068 2533 4139; x_wconf 80' lang='lat' dir='ltr'><strong>septilormi</strong></span> <span class='ocrx_word' id='word_1_633' title='bbox 2584 4068 2761 4138; x_wconf 87' lang='lat' dir='ltr'><strong>gratia</strong></span> <span class='ocrx_word' id='word_1_634' title='bbox 2810 4067 2990 4123; x_wconf 86' lang='lat' dir='ltr'><strong>sancti</strong></span> <span class='ocrx_word' id='word_1_635' title='bbox 3042 4065 3283 4134; x_wconf 88' lang='lat' dir='ltr'><strong>Spiritus</strong></span> <span class='ocrx_word' id='word_1_636' title='bbox 3333 4064 3481 4135; x_wconf 88' lang='lat' dir='ltr'><strong>pleni</strong></span> 
     </span>
    </p>
   </div>
   <div class='ocr_carea' id='block_1_86' title="bbox 1885 4157 3477 4227">
    <p class='ocr_par' dir='ltr' id='par_1_86' title="bbox 1885 4157 3477 4227">
     <span class='ocr_line' id='line_1_86' title="bbox 1885 4157 3477 4227; baseline -0.006 -10"><span class='ocrx_word' id='word_1_637' title='bbox 1885 4170 2049 4227; x_wconf 87' lang='lat' dir='ltr'><strong>sunt,</strong></span> <span class='ocrx_word' id='word_1_638' title='bbox 2090 4162 2306 4218; x_wconf 78' lang='lat' dir='ltr'><strong>futuros</strong></span> <span class='ocrx_word' id='word_1_639' title='bbox 2344 4178 2532 4218; x_wconf 88' lang='lat' dir='ltr'><strong>secum</strong></span> <span class='ocrx_word' id='word_1_640' title='bbox 2574 4162 2631 4217; x_wconf 87' lang='lat' dir='ltr'><strong>in</strong></span> <span class='ocrx_word' id='word_1_641' title='bbox 2674 4170 2875 4217; x_wconf 66' lang='lat' dir='ltr'><strong>interna</strong></span> <span class='ocrx_word' id='word_1_642' title='bbox 2928 4158 3225 4214; x_wconf 79' lang='lat' dir='ltr'><strong>refectione</strong></span> <span class='ocrx_word' id='word_1_643' title='bbox 3268 4157 3477 4211; x_wconf 88' lang='lat' dir='ltr'><strong>denun-</strong></span> 
     </span>
    </p>
   </div>
   <div class='ocr_carea' id='block_1_87' title="bbox 1882 4246 3480 4325">
    <p class='ocr_par' dir='ltr' id='par_1_87' title="bbox 1882 4246 3480 4325">
     <span class='ocr_line' id='line_1_87' title="bbox 1882 4246 3480 4325; baseline -0.004 -17"><span class='ocrx_word' id='word_1_644' title='bbox 1882 4256 2004 4310; x_wconf 87' lang='lat' dir='ltr'><strong>tiat.</strong></span> <span class='ocrx_word' id='word_1_645' title='bbox 2046 4254 2268 4325; x_wconf 86' lang='lat' dir='ltr'><strong>Septem</strong></span> <span class='ocrx_word' id='word_1_646' title='bbox 2293 4270 2508 4325; x_wconf 81' lang='lat' dir='ltr'><strong>quoque</strong></span> <span class='ocrx_word' id='word_1_647' title='bbox 2532 4254 2722 4310; x_wconf 79' lang='lat' dir='ltr'><strong>diebus</strong></span> <span class='ocrx_word' id='word_1_648' title='bbox 2756 4266 2917 4309; x_wconf 90' lang='lat' dir='ltr'><strong>omne</strong></span> <span class='ocrx_word' id='word_1_649' title='bbox 2960 4252 3062 4306; x_wconf 90' lang='lat' dir='ltr'><strong>hoc</strong></span> <span class='ocrx_word' id='word_1_650' title='bbox 3092 4257 3304 4319; x_wconf 89' lang='lat' dir='ltr'><strong>tempus</strong></span> <span class='ocrx_word' id='word_1_651' title='bbox 3331 4246 3480 4303; x_wconf 87' lang='lat' dir='ltr'><strong>evol-</strong></span> 
     </span>
    </p>
   </div>
   <div class='ocr_carea' id='block_1_88' title="bbox 1882 4340 3476 4415">
    <p class='ocr_par' dir='ltr' id='par_1_88' title="bbox 1882 4340 3476 4415">
     <span class='ocr_line' id='line_1_88' title="bbox 1882 4340 3476 4415; baseline -0.004 -15"><span class='ocrx_word' id='word_1_652' title='bbox 1882 4346 2053 4411; x_wconf 86' lang='lat' dir='ltr'><strong>vitur,</strong></span> <span class='ocrx_word' id='word_1_653' title='bbox 2099 4354 2156 4400; x_wconf 90' lang='lat' dir='ltr'><strong>et</strong></span> <span class='ocrx_word' id='word_1_654' title='bbox 2192 4348 2336 4415; x_wconf 65' lang='lat' dir='ltr'><strong>saepe</strong></span> <span class='ocrx_word' id='word_1_655' title='bbox 2379 4344 2693 4415; x_wconf 85' lang='lat' dir='ltr'><strong>septenario</strong></span> <span class='ocrx_word' id='word_1_656' title='bbox 2745 4359 2973 4401; x_wconf 90' lang='lat' dir='ltr'><strong>numero</strong></span> <span class='ocrx_word' id='word_1_657' title='bbox 3024 4341 3289 4413; x_wconf 78' lang='lat' dir='ltr'><strong>perfectio</strong></span> <span class='ocrx_word' id='word_1_658' title='bbox 3330 4340 3476 4397; x_wconf 90' lang='lat' dir='ltr'><strong>desi-</strong></span> 
     </span>
    </p>
   </div>
   <div class='ocr_carea' id='block_1_89' title="bbox 1884 4435 3480 4510">
    <p class='ocr_par' dir='ltr' id='par_1_89' title="bbox 1884 4435 3480 4510">
     <span class='ocr_line' id='line_1_89' title="bbox 1884 4435 3480 4510; baseline -0.002 -18"><span class='ocrx_word' id='word_1_659' title='bbox 1884 4445 2103 4509; x_wconf 86' lang='lat' dir='ltr'><strong>gnatur.</strong></span> <span class='ocrx_word' id='word_1_660' title='bbox 2170 4436 2249 4493; x_wconf 79' lang='lat' dir='ltr'><strong>Illi</strong></span> <span class='ocrx_word' id='word_1_661' title='bbox 2290 4440 2445 4510; x_wconf 86' lang='lat' dir='ltr'><strong>&quot;ergo</strong></span> <span class='ocrx_word' id='word_1_662' title='bbox 2505 4437 2697 4495; x_wconf 88' lang='lat' dir='ltr'><strong>ultimo</strong></span> <span class='ocrx_word' id='word_1_663' title='bbox 2751 4437 3001 4494; x_wconf 85' lang='lat' dir='ltr'><strong>convivio</strong></span> <span class='ocrx_word' id='word_1_664' title='bbox 3061 4437 3128 4492; x_wconf 89' lang='lat' dir='ltr'><strong>de</strong></span> <span class='ocrx_word' id='word_1_665' title='bbox 3186 4435 3480 4507; x_wconf 76' lang='lat' dir='ltr'><strong>praesentia</strong></span> 
     </span>
    </p>
   </div>
   <div class='ocr_carea' id='block_1_90' title="bbox 1883 4526 3478 4600">
    <p class='ocr_par' dir='ltr' id='par_1_90' title="bbox 1883 4526 3478 4600">
     <span class='ocr_line' id='line_1_90' title="bbox 1883 4526 3478 4600; baseline 0 -18"><span class='ocrx_word' id='word_1_666' title='bbox 1883 4529 2133 4585; x_wconf 84' lang='lat' dir='ltr'><strong>veritatis</strong></span> <span class='ocrx_word' id='word_1_667' title='bbox 2171 4529 2482 4600; x_wconf 86' lang='lat' dir='ltr'><strong>epulantur,</strong></span> <span class='ocrx_word' id='word_1_668' title='bbox 2539 4530 2633 4600; x_wconf 80' lang='lat' dir='ltr'><strong>qui</strong></span> <span class='ocrx_word' id='word_1_669' title='bbox 2690 4544 2839 4585; x_wconf 91' lang='lat' dir='ltr'><strong>nunc</strong></span> <span class='ocrx_word' id='word_1_670' title='bbox 2889 4527 3239 4600; x_wconf 76' lang='lat' dir='ltr'><strong>perfectionis</strong></span> <span class='ocrx_word' id='word_1_671' title='bbox 3296 4526 3478 4582; x_wconf 91' lang='lat' dir='ltr'><strong>studio</strong></span> 
     </span>
    </p>
   </div>
   <div class='ocr_carea' id='block_1_91' title="bbox 193 4613 3477 4723">
    <p class='ocr_par' dir='ltr' id='par_1_91' title="bbox 193 4613 3477 4723">
     <span class='ocr_line' id='line_1_91' title="bbox 193 4613 3477 4723; baseline 0 -50"><span class='ocrx_word' id='word_1_672' title='bbox 193 4613 313 4723; x_wconf 59' lang='grc' dir='ltr'><strong>ξω</strong></span> <span class='ocrx_word' id='word_1_673' title='bbox 348 4626 580 4674; x_wconf 68' lang='lat' dir='ltr'><strong>uinctus</strong></span> <span class='ocrx_word' id='word_1_674' title='bbox 619 4619 848 4689; x_wconf 82' lang='lat' dir='ltr'><strong>populus</strong></span> <span class='ocrx_word' id='word_1_675' title='bbox 888 4620 963 4677; x_wconf 81' lang='lat' dir='ltr'><strong>ab</strong></span> <span class='ocrx_word' id='word_1_676' title='bbox 1003 4620 1151 4676; x_wconf 87' lang='lat' dir='ltr'><strong>omni</strong></span> <span class='ocrx_word' id='word_1_677' title='bbox 1187 4635 1352 4690; x_wconf 85' lang='lat' dir='ltr'><strong>opere</strong></span> <span class='ocrx_word' id='word_1_678' title='bbox 1384 4621 1775 4691; x_wconf 87' lang='lat' dir='ltr'><strong>requiesceret.</strong></span> <span class='ocrx_word' id='word_1_679' title='bbox 1806 4661 1860 4723; x_wconf 57' lang='grc' dir='ltr'><strong>ῃ</strong></span> <span class='ocrx_word' id='word_1_680' title='bbox 1884 4631 2104 4679; x_wconf 86' lang='lat' dir='ltr'><strong>terrena</strong></span> <span class='ocrx_word' id='word_1_681' title='bbox 2146 4624 2559 4690; x_wconf 85' lang='lat' dir='ltr'><strong>transcendunt,</strong></span> <span class='ocrx_word' id='word_1_682' title='bbox 2592 4638 2735 4694; x_wconf 83' lang='lat' dir='ltr'><strong>quos</strong></span> <span class='ocrx_word' id='word_1_683' title='bbox 2772 4622 2958 4677; x_wconf 86' lang='lat' dir='ltr'><strong>mundi</strong></span> <span class='ocrx_word' id='word_1_684' title='bbox 2990 4620 3156 4692; x_wconf 83' lang='lat' dir='ltr'><strong>hujus</strong></span> <span class='ocrx_word' id='word_1_685' title='bbox 3182 4633 3340 4676; x_wconf 90' lang='lat' dir='ltr'><strong>amor</strong></span> <span class='ocrx_word' id='word_1_686' title='bbox 3364 4633 3477 4674; x_wconf 92' lang='lat' dir='ltr'><strong>non</strong></span> 
     </span>
    </p>
   </div>
   <div class='ocr_carea' id='block_1_92' title="bbox 197 4703 3476 4788">
    <p class='ocr_par' dir='ltr' id='par_1_92' title="bbox 197 4703 3476 4788">
     <span class='ocr_line' id='line_1_92' title="bbox 197 4703 3476 4788; baseline 0.001 -25"><span class='ocrx_word' id='word_1_687' title='bbox 197 4703 298 4763; x_wconf 81' lang='lat' dir='ltr'><strong>Sed</strong></span> <span class='ocrx_word' id='word_1_688' title='bbox 319 4723 447 4764; x_wconf 86' lang='lat' dir='ltr'><strong>vera</strong></span> <span class='ocrx_word' id='word_1_689' title='bbox 478 4709 697 4779; x_wconf 83' lang='lat' dir='ltr'><strong>requies</strong></span> <span class='ocrx_word' id='word_1_690' title='bbox 726 4709 783 4764; x_wconf 90' lang='lat' dir='ltr'><strong>in</strong></span> <span class='ocrx_word' id='word_1_691' title='bbox 812 4708 1020 4765; x_wconf 82' lang='lat' dir='ltr'><strong>unitate</strong></span> <span class='ocrx_word' id='word_1_692' title='bbox 1045 4718 1150 4765; x_wconf 88' lang='lat' dir='ltr'><strong>est.</strong></span> <span class='ocrx_word' id='word_1_693' title='bbox 1184 4711 1360 4766; x_wconf 85' lang='lat' dir='ltr'><strong>Dividi</strong></span> <span class='ocrx_word' id='word_1_694' title='bbox 1388 4712 1590 4783; x_wconf 86' lang='lat' dir='ltr'><strong>quippe</strong></span> <span class='ocrx_word' id='word_1_695' title='bbox 1615 4730 1779 4769; x_wconf 86' lang='lat' dir='ltr'><strong>unum</strong></span> <span class='ocrx_word' id='word_1_696' title='bbox 1806 4703 1858 4723; x_wconf 82' lang='grc'><em>³’</em></span> <span class='ocrx_word' id='word_1_697' title='bbox 1886 4714 2019 4788; x_wconf 84' lang='lat' dir='ltr'><strong>ligat</strong></span> <span class='ocrx_word' id='word_1_698' title='bbox 2039 4757 2056 4783; x_wconf 94' lang='lat'><strong>,</strong></span> <span class='ocrx_word' id='word_1_699' title='bbox 2109 4716 2312 4787; x_wconf 81' lang='lat' dir='ltr'><strong>quibus</strong></span> <span class='ocrx_word' id='word_1_700' title='bbox 2354 4724 2410 4771; x_wconf 82' lang='lat' dir='ltr'><strong>et</strong></span> <span class='ocrx_word' id='word_1_701' title='bbox 2451 4717 2498 4771; x_wconf 88' lang='lat' dir='ltr'><strong>si</strong></span> <span class='ocrx_word' id='word_1_702' title='bbox 2543 4724 2821 4785; x_wconf 82' lang='lat' dir='ltr'><strong>utcunque</strong></span> <span class='ocrx_word' id='word_1_703' title='bbox 2858 4729 2960 4784; x_wconf 87' lang='lat' dir='ltr'><strong>per</strong></span> <span class='ocrx_word' id='word_1_704' title='bbox 3000 4720 3332 4771; x_wconf 85' lang='lat' dir='ltr'><strong>tentamenta</strong></span> <span class='ocrx_word' id='word_1_705' title='bbox 3373 4711 3476 4767; x_wconf 90' lang='lat' dir='ltr'><strong>ob-</strong></span> 
     </span>
    </p>
   </div>
   <div class='ocr_carea' id='block_1_93' title="bbox 195 4801 1781 4871">
    <p class='ocr_par' dir='ltr' id='par_1_93' title="bbox 195 4801 1781 4871">
     <span class='ocr_line' id='line_1_93' title="bbox 195 4801 1781 4871; baseline 0.004 -17"><span class='ocrx_word' id='word_1_706' title='bbox 195 4811 295 4854; x_wconf 75' lang='lat' dir='ltr'><strong>non</strong></span> <span class='ocrx_word' id='word_1_707' title='bbox 332 4809 549 4871; x_wconf 87' lang='lat' dir='ltr'><strong>potest,</strong></span> <span class='ocrx_word' id='word_1_708' title='bbox 585 4801 677 4856; x_wconf 79' lang='lat' dir='ltr'><strong>ubi</strong></span> <span class='ocrx_word' id='word_1_709' title='bbox 713 4803 860 4857; x_wconf 87' lang='lat' dir='ltr'><strong>enim</strong></span> <span class='ocrx_word' id='word_1_710' title='bbox 896 4803 1135 4858; x_wconf 86' lang='lat' dir='ltr'><strong>scissura</strong></span> <span class='ocrx_word' id='word_1_711' title='bbox 1170 4803 1456 4859; x_wconf 84' lang='lat' dir='ltr'><strong>divisionis</strong></span> <span class='ocrx_word' id='word_1_712' title='bbox 1493 4814 1610 4870; x_wconf 89' lang='lat' dir='ltr'><strong>est,</strong></span> <span class='ocrx_word' id='word_1_713' title='bbox 1653 4822 1781 4862; x_wconf 88' lang='lat' dir='ltr'><strong>vera</strong></span> 
     </span>
    </p>
   </div>
   <div class='ocr_carea' id='block_1_94' title="bbox 196 4893 1779 4967">
    <p class='ocr_par' dir='ltr' id='par_1_94' title="bbox 196 4893 1779 4967">
     <span class='ocr_line' id='line_1_94' title="bbox 196 4893 1779 4967; baseline 0.001 -17"><span class='ocrx_word' id='word_1_714' title='bbox 196 4893 404 4963; x_wconf 70' lang='lat' dir='ltr'><strong>requies</strong></span> <span class='ocrx_word' id='word_1_715' title='bbox 447 4910 559 4950; x_wconf 89' lang='lat' dir='ltr'><strong>non</strong></span> <span class='ocrx_word' id='word_1_716' title='bbox 600 4902 705 4949; x_wconf 86' lang='lat' dir='ltr'><strong>est.</strong></span> <span class='ocrx_word' id='word_1_717' title='bbox 758 4894 1032 4950; x_wconf 79' lang='lat' dir='ltr'><strong>Ducamns</strong></span> <span class='ocrx_word' id='word_1_718' title='bbox 1070 4908 1169 4964; x_wconf 85' lang='lat' dir='ltr'><strong>per</strong></span> <span class='ocrx_word' id='word_1_719' title='bbox 1194 4896 1467 4967; x_wconf 85' lang='lat' dir='ltr'><strong>trigonum</strong></span> <span class='ocrx_word' id='word_1_720' title='bbox 1506 4898 1779 4967; x_wconf 53' lang='lat' dir='ltr'><strong>quinquir-</strong></span> 
     </span>
    </p>
   </div>
   <div class='ocr_carea' id='block_1_95' title="bbox 196 4985 1773 5059">
    <p class='ocr_par' dir='ltr' id='par_1_95' title="bbox 196 4985 1773 5059">
     <span class='ocr_line' id='line_1_95' title="bbox 196 4985 1773 5059; baseline 0.003 -21"><span class='ocrx_word' id='word_1_721' title='bbox 196 4985 334 5054; x_wconf 80' lang='lat' dir='ltr'><strong>ginta</strong></span> <span class='ocrx_word' id='word_1_722' title='bbox 366 4995 424 5042; x_wconf 83' lang='lat' dir='ltr'><strong>et</strong></span> <span class='ocrx_word' id='word_1_723' title='bbox 456 4994 661 5052; x_wconf 70' lang='lat' dir='ltr'><strong>unum,</strong></span> <span class='ocrx_word' id='word_1_724' title='bbox 698 4994 759 5040; x_wconf 86' lang='lat' dir='ltr'><strong>et</strong></span> <span class='ocrx_word' id='word_1_725' title='bbox 792 4986 933 5041; x_wconf 67' lang='lat' dir='ltr'><strong>ﬁunt</strong></span> <span class='ocrx_word' id='word_1_726' title='bbox 956 4995 1181 5042; x_wconf 84' lang='lat' dir='ltr'><strong>centum</strong></span> <span class='ocrx_word' id='word_1_727' title='bbox 1210 4987 1603 5059; x_wconf 78' lang='lat' dir='ltr'><strong>quinquaginta</strong></span> <span class='ocrx_word' id='word_1_728' title='bbox 1642 4997 1773 5044; x_wconf 89' lang='lat' dir='ltr'><strong>tres.</strong></span> 
     </span>
    </p>
   </div>
   <div class='ocr_carea' id='block_1_96' title="bbox 197 5076 1777 5151">
    <p class='ocr_par' dir='ltr' id='par_1_96' title="bbox 197 5076 1777 5151">
     <span class='ocr_line' id='line_1_96' title="bbox 197 5076 1777 5151; baseline 0.001 -19"><span class='ocrx_word' id='word_1_729' title='bbox 197 5076 323 5145; x_wconf 79' lang='lat' dir='ltr'><strong>Quia</strong></span> <span class='ocrx_word' id='word_1_730' title='bbox 367 5080 538 5151; x_wconf 82' lang='lat' dir='ltr'><strong>igitur</strong></span> <span class='ocrx_word' id='word_1_731' title='bbox 574 5087 632 5136; x_wconf 84' lang='lat' dir='ltr'><strong>et</strong></span> <span class='ocrx_word' id='word_1_732' title='bbox 671 5080 850 5136; x_wconf 88' lang='lat' dir='ltr'><strong>omnis</strong></span> <span class='ocrx_word' id='word_1_733' title='bbox 879 5079 1125 5149; x_wconf 80' lang='lat' dir='ltr'><strong>operatio</strong></span> <span class='ocrx_word' id='word_1_734' title='bbox 1153 5087 1337 5134; x_wconf 87' lang='lat' dir='ltr'><strong>nostra</strong></span> <span class='ocrx_word' id='word_1_735' title='bbox 1374 5088 1441 5133; x_wconf 81' lang='lat' dir='ltr'><strong>et</strong></span> <span class='ocrx_word' id='word_1_736' title='bbox 1482 5080 1677 5144; x_wconf 85' lang='lat' dir='ltr'><strong>virtus,</strong></span> <span class='ocrx_word' id='word_1_737' title='bbox 1722 5080 1777 5135; x_wconf 85' lang='lat' dir='ltr'><strong>in</strong></span> 
     </span>
    </p>
   </div>
   <div class='ocr_carea' id='block_1_97' title="bbox 199 5167 1779 5242">
    <p class='ocr_par' dir='ltr' id='par_1_97' title="bbox 199 5167 1779 5242">
     <span class='ocr_line' id='line_1_97' title="bbox 199 5167 1779 5242; baseline 0.001 -19"><span class='ocrx_word' id='word_1_738' title='bbox 199 5167 295 5225; x_wconf 77' lang='lat' dir='ltr'><strong>nde</strong></span> <span class='ocrx_word' id='word_1_739' title='bbox 317 5172 604 5229; x_wconf 80' lang='lat' dir='ltr'><strong>Trinitatis</strong></span> <span class='ocrx_word' id='word_1_740' title='bbox 631 5173 873 5230; x_wconf 77' lang='lat' dir='ltr'><strong>exhibita</strong></span> <span class='ocrx_word' id='word_1_741' title='bbox 890 5213 905 5237; x_wconf 93' lang='lat'><strong>,</strong></span> <span class='ocrx_word' id='word_1_742' title='bbox 946 5172 1013 5229; x_wconf 89' lang='lat' dir='ltr'><strong>ad</strong></span> <span class='ocrx_word' id='word_1_743' title='bbox 1042 5172 1286 5242; x_wconf 81' lang='lat' dir='ltr'><strong>requiem</strong></span> <span class='ocrx_word' id='word_1_744' title='bbox 1312 5171 1506 5225; x_wconf 83' lang='lat' dir='ltr'><strong>tendit.</strong></span> <span class='ocrx_word' id='word_1_745' title='bbox 1554 5169 1779 5240; x_wconf 84' lang='lat' dir='ltr'><strong>Septem</strong></span> 
     </span>
    </p>
   </div>
   <div class='ocr_carea' id='block_1_98' title="bbox 198 5263 1778 5334">
    <p class='ocr_par' dir='ltr' id='par_1_98' title="bbox 198 5263 1778 5334">
     <span class='ocr_line' id='line_1_98' title="bbox 198 5263 1778 5334; baseline 0.001 -18"><span class='ocrx_word' id='word_1_746' title='bbox 198 5263 457 5320; x_wconf 75' lang='lat' dir='ltr'><strong>et-decern</strong></span> <span class='ocrx_word' id='word_1_747' title='bbox 496 5272 579 5320; x_wconf 76' lang='lat' dir='ltr'><strong>tor</strong></span> <span class='ocrx_word' id='word_1_748' title='bbox 607 5266 878 5329; x_wconf 83' lang='lat' dir='ltr'><strong>ducimus,</strong></span> <span class='ocrx_word' id='word_1_749' title='bbox 912 5272 977 5319; x_wconf 91' lang='lat' dir='ltr'><strong>ut</strong></span> <span class='ocrx_word' id='word_1_750' title='bbox 1005 5264 1074 5318; x_wconf 87' lang='lat' dir='ltr'><strong>ad</strong></span> <span class='ocrx_word' id='word_1_751' title='bbox 1102 5263 1492 5334; x_wconf 86' lang='lat' dir='ltr'><strong>quinquaginta</strong></span> <span class='ocrx_word' id='word_1_752' title='bbox 1523 5271 1579 5318; x_wconf 90' lang='lat' dir='ltr'><strong>et</strong></span> <span class='ocrx_word' id='word_1_753' title='bbox 1610 5278 1778 5318; x_wconf 86' lang='lat' dir='ltr'><strong>unum</strong></span> 
     </span>
    </p>
   </div>
   <div class='ocr_carea' id='block_1_99' title="bbox 197 5358 1776 5431">
    <p class='ocr_par' dir='ltr' id='par_1_99' title="bbox 197 5358 1776 5431">
     <span class='ocr_line' id='line_1_99' title="bbox 197 5358 1776 5431; baseline 0.004 -20"><span class='ocrx_word' id='word_1_754' title='bbox 197 5358 372 5415; x_wconf 66' lang='lat' dir='ltr'><strong>venire</strong></span> <span class='ocrx_word' id='word_1_755' title='bbox 408 5361 724 5427; x_wconf 76' lang='lat' dir='ltr'><strong>debeamus,</strong></span> <span class='ocrx_word' id='word_1_756' title='bbox 750 5369 817 5415; x_wconf 59' lang='lat' dir='ltr'><strong>&#39;et</strong></span> <span class='ocrx_word' id='word_1_757' title='bbox 850 5376 981 5415; x_wconf 88' lang='lat' dir='ltr'><strong>vera</strong></span> <span class='ocrx_word' id='word_1_758' title='bbox 1014 5371 1201 5416; x_wconf 84' lang='lat' dir='ltr'><strong>nostra</strong></span> <span class='ocrx_word' id='word_1_759' title='bbox 1240 5362 1461 5431; x_wconf 85' lang='lat' dir='ltr'><strong>requies</strong></span> <span class='ocrx_word' id='word_1_760' title='bbox 1496 5370 1624 5416; x_wconf 85' lang='lat' dir='ltr'><strong>tunc</strong></span> <span class='ocrx_word' id='word_1_761' title='bbox 1660 5370 1776 5428; x_wconf 87' lang='lat' dir='ltr'><strong>est,</strong></span> 
     </span>
    </p>
   </div>
   <div class='ocr_carea' id='block_1_100' title="bbox 200 5452 1777 5526">
    <p class='ocr_par' dir='ltr' id='par_1_100' title="bbox 200 5452 1777 5526">
     <span class='ocr_line' id='line_1_100' title="bbox 200 5452 1777 5526; baseline 0.005 -23"><span class='ocrx_word' id='word_1_762' title='bbox 200 5460 313 5504; x_wconf 84' lang='lat' dir='ltr'><strong>cum</strong></span> <span class='ocrx_word' id='word_1_763' title='bbox 360 5452 535 5524; x_wconf 87' lang='lat' dir='ltr'><strong>ipsam</strong></span> <span class='ocrx_word' id='word_1_764' title='bbox 578 5452 691 5523; x_wconf 86' lang='lat' dir='ltr'><strong>jam</strong></span> <span class='ocrx_word' id='word_1_765' title='bbox 732 5453 1043 5509; x_wconf 88' lang='lat' dir='ltr'><strong>claritatem</strong></span> <span class='ocrx_word' id='word_1_766' title='bbox 1085 5455 1346 5509; x_wconf 87' lang='lat' dir='ltr'><strong>trinitatis</strong></span> <span class='ocrx_word' id='word_1_767' title='bbox 1393 5456 1777 5526; x_wconf 88' lang='lat' dir='ltr'><strong>agnoscimus,</strong></span> 
     </span>
    </p>
   </div>
   <div class='ocr_carea' id='block_1_101' title="bbox 201 5543 1772 5606">
    <p class='ocr_par' dir='ltr' id='par_1_101' title="bbox 201 5543 1772 5606">
     <span class='ocr_line' id='line_1_101' title="bbox 201 5543 1772 5606; baseline 0.006 -13"><span class='ocrx_word' id='word_1_768' title='bbox 201 5548 352 5606; x_wconf 85' lang='lat' dir='ltr'><strong>quam</strong></span> <span class='ocrx_word' id='word_1_769' title='bbox 398 5543 457 5598; x_wconf 83' lang='lat' dir='ltr'><strong>in</strong></span> <span class='ocrx_word' id='word_1_770' title='bbox 503 5545 710 5601; x_wconf 82' lang='lat' dir='ltr'><strong>unitate</strong></span> <span class='ocrx_word' id='word_1_771' title='bbox 738 5544 1041 5601; x_wconf 88' lang='lat' dir='ltr'><strong>divinitatis</strong></span> <span class='ocrx_word' id='word_1_772' title='bbox 1086 5559 1208 5600; x_wconf 87' lang='lat' dir='ltr'><strong>esse</strong></span> <span class='ocrx_word' id='word_1_773' title='bbox 1255 5554 1461 5601; x_wconf 87' lang='lat' dir='ltr'><strong>certam</strong></span> <span class='ocrx_word' id='word_1_774' title='bbox 1504 5556 1772 5603; x_wconf 79' lang='lat' dir='ltr'><strong>tenemus.</strong></span> 
     </span>
    </p>
   </div>
   <div class='ocr_carea' id='block_1_102' title="bbox 203 5629 1776 5709">
    <p class='ocr_par' dir='ltr' id='par_1_102' title="bbox 203 5629 1776 5709">
     <span class='ocr_line' id='line_1_102' title="bbox 203 5629 1776 5709; baseline 0.005 -22"><span class='ocrx_word' id='word_1_775' title='bbox 203 5629 587 5709; x_wconf 84' lang='lat' dir='ltr'><strong>Quinquaginta</strong></span> <span class='ocrx_word' id='word_1_776' title='bbox 635 5646 690 5693; x_wconf 91' lang='lat' dir='ltr'><strong>et</strong></span> <span class='ocrx_word' id='word_1_777' title='bbox 733 5653 899 5692; x_wconf 90' lang='lat' dir='ltr'><strong>unum</strong></span> <span class='ocrx_word' id='word_1_778' title='bbox 950 5645 1034 5691; x_wconf 89' lang='lat' dir='ltr'><strong>ter</strong></span> <span class='ocrx_word' id='word_1_779' title='bbox 1068 5637 1334 5702; x_wconf 82' lang='lat' dir='ltr'><strong>ducimus,</strong></span> <span class='ocrx_word' id='word_1_780' title='bbox 1386 5646 1441 5694; x_wconf 91' lang='lat' dir='ltr'><strong>et</strong></span> <span class='ocrx_word' id='word_1_781' title='bbox 1480 5640 1776 5695; x_wconf 86' lang='lat' dir='ltr'><strong>electorum</strong></span> 
     </span>
    </p>
   </div>
   <div class='ocr_carea' id='block_1_103' title="bbox 204 5728 1778 5801">
    <p class='ocr_par' dir='ltr' id='par_1_103' title="bbox 204 5728 1778 5801">
     <span class='ocr_line' id='line_1_103' title="bbox 204 5728 1778 5801; baseline 0.007 -26"><span class='ocrx_word' id='word_1_782' title='bbox 204 5734 461 5782; x_wconf 82' lang='lat' dir='ltr'><strong>summam</strong></span> <span class='ocrx_word' id='word_1_783' title='bbox 492 5729 544 5783; x_wconf 91' lang='lat' dir='ltr'><strong>in</strong></span> <span class='ocrx_word' id='word_1_784' title='bbox 580 5744 812 5801; x_wconf 89' lang='lat' dir='ltr'><strong>superna</strong></span> <span class='ocrx_word' id='word_1_785' title='bbox 841 5728 1015 5801; x_wconf 84' lang='lat' dir='ltr'><strong>patria</strong></span> <span class='ocrx_word' id='word_1_786' title='bbox 1036 5770 1049 5794; x_wconf 87' lang='lat'><strong>,</strong></span> <span class='ocrx_word' id='word_1_787' title='bbox 1080 5729 1233 5800; x_wconf 88' lang='lat' dir='ltr'><strong>quasi</strong></span> <span class='ocrx_word' id='word_1_788' title='bbox 1263 5737 1481 5784; x_wconf 89' lang='lat' dir='ltr'><strong>centum</strong></span> <span class='ocrx_word' id='word_1_789' title='bbox 1506 5732 1778 5801; x_wconf 85' lang='lat' dir='ltr'><strong>quinqua-</strong></span> 
     </span>
    </p>
   </div>
   <div class='ocr_carea' id='block_1_104' title="bbox 204 5816 1779 5894">
    <p class='ocr_par' dir='ltr' id='par_1_104' title="bbox 204 5816 1779 5894">
     <span class='ocr_line' id='line_1_104' title="bbox 204 5816 1779 5894; baseline 0.007 -24"><span class='ocrx_word' id='word_1_790' title='bbox 204 5816 344 5885; x_wconf 81' lang='lat' dir='ltr'><strong>ginta</strong></span> <span class='ocrx_word' id='word_1_791' title='bbox 372 5829 602 5889; x_wconf 86' lang='lat' dir='ltr'><strong>quatuor</strong></span> <span class='ocrx_word' id='word_1_792' title='bbox 628 5824 859 5894; x_wconf 86' lang='lat' dir='ltr'><strong>piscium</strong></span> <span class='ocrx_word' id='word_1_793' title='bbox 898 5838 1182 5880; x_wconf 88' lang='lat' dir='ltr'><strong>numerum</strong></span> <span class='ocrx_word' id='word_1_794' title='bbox 1214 5831 1480 5879; x_wconf 86' lang='lat' dir='ltr'><strong>tenemus.</strong></span> <span class='ocrx_word' id='word_1_795' title='bbox 1532 5824 1661 5880; x_wconf 88' lang='lat' dir='ltr'><strong>Post</strong></span> <span class='ocrx_word' id='word_1_796' title='bbox 1692 5842 1779 5881; x_wconf 81' lang='lat' dir='ltr'><strong>re-</strong></span> 
     </span>
    </p>
   </div>
   <div class='ocr_carea' id='block_1_105' title="bbox 207 5911 1775 5989">
    <p class='ocr_par' dir='ltr' id='par_1_105' title="bbox 207 5911 1775 5989">
     <span class='ocr_line' id='line_1_105' title="bbox 207 5911 1775 5989; baseline 0.006 -24"><span class='ocrx_word' id='word_1_797' title='bbox 207 5911 591 5971; x_wconf 76' lang='lat' dir='ltr'><strong>surrectionem</strong></span> <span class='ocrx_word' id='word_1_798' title='bbox 611 5931 741 5972; x_wconf 87' lang='lat' dir='ltr'><strong>vero</strong></span> <span class='ocrx_word' id='word_1_799' title='bbox 759 5915 972 5973; x_wconf 87' lang='lat' dir='ltr'><strong>Domini</strong></span> <span class='ocrx_word' id='word_1_800' title='bbox 997 5917 1222 5973; x_wconf 88' lang='lat' dir='ltr'><strong>missum</strong></span> <span class='ocrx_word' id='word_1_801' title='bbox 1249 5925 1363 5972; x_wconf 87' lang='lat' dir='ltr'><strong>rete</strong></span> <span class='ocrx_word' id='word_1_802' title='bbox 1405 5916 1631 5988; x_wconf 87' lang='lat' dir='ltr'><strong>dignum</strong></span> <span class='ocrx_word' id='word_1_803' title='bbox 1655 5917 1775 5989; x_wconf 77' lang='lat' dir='ltr'><strong>fuit,</strong></span> 
     </span>
    </p>
   </div>
   <div class='ocr_carea' id='block_1_106' title="bbox 1886 4806 3474 4880">
    <p class='ocr_par' dir='ltr' id='par_1_106' title="bbox 1886 4806 3474 4880">
     <span class='ocr_line' id='line_1_106' title="bbox 1886 4806 3474 4880; baseline -0.003 -16"><span class='ocrx_word' id='word_1_804' title='bbox 1886 4810 2111 4880; x_wconf 87' lang='lat' dir='ltr'><strong>strepit,</strong></span> <span class='ocrx_word' id='word_1_805' title='bbox 2147 4819 2326 4880; x_wconf 72' lang='lat' dir='ltr'><strong>empta</strong></span> <span class='ocrx_word' id='word_1_806' title='bbox 2354 4816 2532 4865; x_wconf 89' lang='lat' dir='ltr'><strong>tamen</strong></span> <span class='ocrx_word' id='word_1_807' title='bbox 2556 4824 2749 4865; x_wconf 90' lang='lat' dir='ltr'><strong>eorum</strong></span> <span class='ocrx_word' id='word_1_808' title='bbox 2774 4809 3043 4865; x_wconf 85' lang='lat' dir='ltr'><strong>desideria</strong></span> <span class='ocrx_word' id='word_1_809' title='bbox 3072 4824 3180 4865; x_wconf 91' lang='lat' dir='ltr'><strong>non</strong></span> <span class='ocrx_word' id='word_1_810' title='bbox 3212 4806 3474 4863; x_wconf 88' lang='lat' dir='ltr'><strong>retundit.</strong></span> 
     </span>
    </p>
   </div>
   <div class='ocr_carea' id='block_1_107' title="bbox 1886 4898 3473 4971">
    <p class='ocr_par' dir='ltr' id='par_1_107' title="bbox 1886 4898 3473 4971">
     <span class='ocr_line' id='line_1_107' title="bbox 1886 4898 3473 4971; baseline -0.001 -17"><span class='ocrx_word' id='word_1_811' title='bbox 1886 4899 1964 4955; x_wconf 84' lang='lat' dir='ltr'><strong>De</strong></span> <span class='ocrx_word' id='word_1_812' title='bbox 1988 4900 2093 4957; x_wconf 89' lang='lat' dir='ltr'><strong>hoc</strong></span> <span class='ocrx_word' id='word_1_813' title='bbox 2115 4909 2363 4956; x_wconf 78' lang='lat' dir='ltr'><strong>extremo</strong></span> <span class='ocrx_word' id='word_1_814' title='bbox 2384 4902 2651 4967; x_wconf 78' lang='lat' dir='ltr'><strong>convivio,</strong></span> <span class='ocrx_word' id='word_1_815' title='bbox 2677 4901 2813 4956; x_wconf 81' lang='lat' dir='ltr'><strong>alias</strong></span> <span class='ocrx_word' id='word_1_816' title='bbox 2832 4916 2931 4971; x_wconf 90' lang='lat' dir='ltr'><strong>per</strong></span> <span class='ocrx_word' id='word_1_817' title='bbox 2950 4898 3214 4957; x_wconf 76' lang='lat' dir='ltr'><strong>Joarmem</strong></span> <span class='ocrx_word' id='word_1_818' title='bbox 3240 4899 3473 4956; x_wconf 89' lang='lat' dir='ltr'><strong>dicitur:</strong></span> 
     </span>
    </p>
   </div>
   <div class='ocr_carea' id='block_1_108' title="bbox 1880 4990 3469 5065">
    <p class='ocr_par' dir='ltr' id='par_1_108' title="bbox 1880 4990 3469 5065">
     <span class='ocr_line' id='line_1_108' title="bbox 1880 4990 3469 5065; baseline -0.001 -19"><span class='ocrx_word' id='word_1_819' title='bbox 1880 4991 2038 5046; x_wconf 70' lang='lat' dir='ltr'><strong>Beati</strong></span> <span class='ocrx_word' id='word_1_820' title='bbox 2055 4994 2147 5065; x_wconf 83' lang='lat' dir='ltr'><strong>qui</strong></span> <span class='ocrx_word' id='word_1_821' title='bbox 2170 4994 2240 5047; x_wconf 80' lang='lat' dir='ltr'><strong>ad</strong></span> <span class='ocrx_word' id='word_1_822' title='bbox 2265 5009 2464 5048; x_wconf 72' lang='lat' dir='ltr'><strong>canam</strong></span> <span class='ocrx_word' id='word_1_823' title='bbox 2488 4990 2772 5065; x_wconf 78' lang='lat' dir='ltr'><strong>nuptialem</strong></span> <span class='ocrx_word' id='word_1_824' title='bbox 2794 4994 2920 5065; x_wconf 79' lang='lat' dir='ltr'><strong>agni</strong></span> <span class='ocrx_word' id='word_1_825' title='bbox 2945 4995 3115 5050; x_wconf 81' lang='lat' dir='ltr'><strong>vocati</strong></span> <span class='ocrx_word' id='word_1_826' title='bbox 3135 5002 3256 5049; x_wconf 86' lang='lat' dir='ltr'><strong>sunt</strong></span> <span class='ocrx_word' id='word_1_827' title='bbox 3285 4992 3469 5065; x_wconf 80' lang='lat' dir='ltr'><strong>(Apoc.</strong></span> 
     </span>
    </p>
   </div>
   <div class='ocr_carea' id='block_1_109' title="bbox 1884 5084 3473 5155">
    <p class='ocr_par' dir='ltr' id='par_1_109' title="bbox 1884 5084 3473 5155">
     <span class='ocr_line' id='line_1_109' title="bbox 1884 5084 3473 5155; baseline -0.002 -17"><span class='ocrx_word' id='word_1_828' title='bbox 1884 5084 2023 5155; x_wconf 71' lang='lat' dir='ltr'><strong>xix).</strong></span> <span class='ocrx_word' id='word_1_829' title='bbox 2070 5084 2276 5141; x_wconf 85' lang='lat' dir='ltr'><strong>Idcirco</strong></span> <span class='ocrx_word' id='word_1_830' title='bbox 2301 5087 2447 5139; x_wconf 82' lang='lat' dir='ltr'><strong>enim</strong></span> <span class='ocrx_word' id='word_1_831' title='bbox 2466 5101 2577 5141; x_wconf 88' lang='lat' dir='ltr'><strong>non</strong></span> <span class='ocrx_word' id='word_1_832' title='bbox 2600 5085 2669 5140; x_wconf 85' lang='lat' dir='ltr'><strong>ad</strong></span> <span class='ocrx_word' id='word_1_833' title='bbox 2700 5085 3005 5155; x_wconf 85' lang='lat' dir='ltr'><strong>prandium,</strong></span> <span class='ocrx_word' id='word_1_834' title='bbox 3034 5086 3133 5140; x_wconf 89' lang='lat' dir='ltr'><strong>sed</strong></span> <span class='ocrx_word' id='word_1_835' title='bbox 3161 5085 3230 5139; x_wconf 89' lang='lat' dir='ltr'><strong>ad</strong></span> <span class='ocrx_word' id='word_1_836' title='bbox 3255 5096 3473 5138; x_wconf 70' lang='lat' dir='ltr'><strong>coenam</strong></span> 
     </span>
    </p>
   </div>
   <div class='ocr_carea' id='block_1_110' title="bbox 1882 5174 3474 5248">
    <p class='ocr_par' dir='ltr' id='par_1_110' title="bbox 1882 5174 3474 5248">
     <span class='ocr_line' id='line_1_110' title="bbox 1882 5174 3474 5248; baseline -0.002 -18"><span class='ocrx_word' id='word_1_837' title='bbox 1882 5185 2103 5233; x_wconf 83' lang='lat' dir='ltr'><strong>vocatos</strong></span> <span class='ocrx_word' id='word_1_838' title='bbox 2146 5187 2367 5243; x_wconf 88' lang='lat' dir='ltr'><strong>narrat,</strong></span> <span class='ocrx_word' id='word_1_839' title='bbox 2426 5178 2552 5248; x_wconf 86' lang='lat' dir='ltr'><strong>quia</strong></span> <span class='ocrx_word' id='word_1_840' title='bbox 2595 5179 2853 5233; x_wconf 90' lang='lat' dir='ltr'><strong>nimirum</strong></span> <span class='ocrx_word' id='word_1_841' title='bbox 2895 5179 2949 5233; x_wconf 92' lang='lat' dir='ltr'><strong>in</strong></span> <span class='ocrx_word' id='word_1_842' title='bbox 2992 5178 3100 5234; x_wconf 83' lang='lat' dir='ltr'><strong>[ine</strong></span> <span class='ocrx_word' id='word_1_843' title='bbox 3134 5177 3241 5233; x_wconf 86' lang='lat' dir='ltr'><strong>diei</strong></span> <span class='ocrx_word' id='word_1_844' title='bbox 3281 5174 3474 5230; x_wconf 83' lang='lat' dir='ltr'><strong>convi-</strong></span> 
     </span>
    </p>
   </div>
   <div class='ocr_carea' id='block_1_111' title="bbox 1881 5263 3473 5340">
    <p class='ocr_par' dir='ltr' id='par_1_111' title="bbox 1881 5263 3473 5340">
     <span class='ocr_line' id='line_1_111' title="bbox 1881 5263 3473 5340; baseline -0.003 -19"><span class='ocrx_word' id='word_1_845' title='bbox 1881 5266 2029 5321; x_wconf 65' lang='lat' dir='ltr'><strong>vium</strong></span> <span class='ocrx_word' id='word_1_846' title='bbox 2085 5280 2240 5322; x_wconf 81' lang='lat' dir='ltr'><strong>cmna</strong></span> <span class='ocrx_word' id='word_1_847' title='bbox 2288 5277 2390 5322; x_wconf 88' lang='lat' dir='ltr'><strong>est.</strong></span> <span class='ocrx_word' id='word_1_848' title='bbox 2463 5268 2565 5337; x_wconf 82' lang='lat' dir='ltr'><strong>Qui</strong></span> <span class='ocrx_word' id='word_1_849' title='bbox 2619 5284 2751 5340; x_wconf 77' lang='lat' dir='ltr'><strong>ergo</strong></span> <span class='ocrx_word' id='word_1_850' title='bbox 2806 5269 2962 5325; x_wconf 78' lang='lat' dir='ltr'><strong>ﬁnito</strong></span> <span class='ocrx_word' id='word_1_851' title='bbox 3020 5266 3303 5338; x_wconf 72' lang='lat' dir='ltr'><strong>prmsentis</strong></span> <span class='ocrx_word' id='word_1_852' title='bbox 3347 5263 3473 5319; x_wconf 67' lang='lat' dir='ltr'><strong>vitm</strong></span> 
     </span>
    </p>
   </div>
   <div class='ocr_carea' id='block_1_112' title="bbox 1883 5358 3471 5435">
    <p class='ocr_par' dir='ltr' id='par_1_112' title="bbox 1883 5358 3471 5435">
     <span class='ocr_line' id='line_1_112' title="bbox 1883 5358 3471 5435; baseline -0.001 -19"><span class='ocrx_word' id='word_1_853' title='bbox 1883 5369 2129 5432; x_wconf 83' lang='lat' dir='ltr'><strong>tempore</strong></span> <span class='ocrx_word' id='word_1_854' title='bbox 2181 5364 2248 5417; x_wconf 87' lang='lat' dir='ltr'><strong>ad</strong></span> <span class='ocrx_word' id='word_1_855' title='bbox 2306 5362 2653 5419; x_wconf 81' lang='lat' dir='ltr'><strong>refectionem</strong></span> <span class='ocrx_word' id='word_1_856' title='bbox 2700 5378 2951 5435; x_wconf 68' lang='lat' dir='ltr'><strong>supernae</strong></span> <span class='ocrx_word' id='word_1_857' title='bbox 2994 5358 3471 5427; x_wconf 87' lang='lat' dir='ltr'><strong>contemplationis</strong></span> 
     </span>
    </p>
   </div>
   <div class='ocr_carea' id='block_1_113' title="bbox 1880 5450 3471 5530">
    <p class='ocr_par' dir='ltr' id='par_1_113' title="bbox 1880 5450 3471 5530">
     <span class='ocr_line' id='line_1_113' title="bbox 1880 5450 3471 5530; baseline -0.002 -19"><span class='ocrx_word' id='word_1_858' title='bbox 1880 5458 2141 5522; x_wconf 87' lang='lat' dir='ltr'><strong>veniunt,</strong></span> <span class='ocrx_word' id='word_1_859' title='bbox 2196 5472 2302 5513; x_wconf 91' lang='lat' dir='ltr'><strong>non</strong></span> <span class='ocrx_word' id='word_1_860' title='bbox 2345 5459 2411 5513; x_wconf 86' lang='lat' dir='ltr'><strong>ad</strong></span> <span class='ocrx_word' id='word_1_861' title='bbox 2457 5458 2579 5530; x_wconf 84' lang='lat' dir='ltr'><strong>agni</strong></span> <span class='ocrx_word' id='word_1_862' title='bbox 2627 5459 2948 5530; x_wconf 89' lang='lat' dir='ltr'><strong>prandium,</strong></span> <span class='ocrx_word' id='word_1_863' title='bbox 3002 5454 3099 5509; x_wconf 86' lang='lat' dir='ltr'><strong>sed</strong></span> <span class='ocrx_word' id='word_1_864' title='bbox 3143 5450 3211 5505; x_wconf 89' lang='lat' dir='ltr'><strong>ad</strong></span> <span class='ocrx_word' id='word_1_865' title='bbox 3252 5465 3471 5509; x_wconf 76' lang='lat' dir='ltr'><strong>omnam</strong></span> 
     </span>
    </p>
   </div>
   <div class='ocr_carea' id='block_1_114' title="bbox 1880 5545 3473 5621">
    <p class='ocr_par' dir='ltr' id='par_1_114' title="bbox 1880 5545 3473 5621">
     <span class='ocr_line' id='line_1_114' title="bbox 1880 5545 3473 5621; baseline -0.001 -15"><span class='ocrx_word' id='word_1_866' title='bbox 1880 5559 2167 5617; x_wconf 85' lang='lat' dir='ltr'><strong>vocantur,</strong></span> <span class='ocrx_word' id='word_1_867' title='bbox 2206 5566 2327 5621; x_wconf 69' lang='lat' dir='ltr'><strong>qua:</strong></span> <span class='ocrx_word' id='word_1_868' title='bbox 2349 5552 2601 5608; x_wconf 84' lang='lat' dir='ltr'><strong>videlicet</strong></span> <span class='ocrx_word' id='word_1_869' title='bbox 2634 5565 2815 5617; x_wconf 79' lang='lat' dir='ltr'><strong>cmna,</strong></span> <span class='ocrx_word' id='word_1_870' title='bbox 2853 5550 2959 5605; x_wconf 88' lang='lat' dir='ltr'><strong>hoc</strong></span> <span class='ocrx_word' id='word_1_871' title='bbox 2988 5545 3181 5601; x_wconf 91' lang='lat' dir='ltr'><strong>ultimo</strong></span> <span class='ocrx_word' id='word_1_872' title='bbox 3217 5546 3473 5604; x_wconf 72' lang='lat' dir='ltr'><strong>convivio</strong></span> 
     </span>
    </p>
   </div>
   <div class='ocr_carea' id='block_1_115' title="bbox 1878 5640 3470 5715">
    <p class='ocr_par' dir='ltr' id='par_1_115' title="bbox 1878 5640 3470 5715">
     <span class='ocr_line' id='line_1_115' title="bbox 1878 5640 3470 5715; baseline -0.001 -17"><span class='ocrx_word' id='word_1_873' title='bbox 1878 5644 2225 5714; x_wconf 77' lang='lat' dir='ltr'><strong>exprimitur,</strong></span> <span class='ocrx_word' id='word_1_874' title='bbox 2244 5644 2332 5700; x_wconf 89' lang='lat' dir='ltr'><strong>cui</strong></span> <span class='ocrx_word' id='word_1_875' title='bbox 2357 5652 2562 5715; x_wconf 88' lang='lat' dir='ltr'><strong>septem</strong></span> <span class='ocrx_word' id='word_1_876' title='bbox 2584 5641 2833 5714; x_wconf 85' lang='lat' dir='ltr'><strong>discipuli</strong></span> <span class='ocrx_word' id='word_1_877' title='bbox 2860 5640 3051 5696; x_wconf 80' lang='lat' dir='ltr'><strong>adesse</strong></span> <span class='ocrx_word' id='word_1_878' title='bbox 3072 5648 3470 5697; x_wconf 83' lang='lat' dir='ltr'><strong>memorantur.</strong></span> 
     </span>
    </p>
   </div>
   <div class='ocr_carea' id='block_1_116' title="bbox 1882 5732 3471 5804">
    <p class='ocr_par' dir='ltr' id='par_1_116' title="bbox 1882 5732 3471 5804">
     <span class='ocr_line' id='line_1_116' title="bbox 1882 5732 3471 5804; baseline 0.001 -14"><span class='ocrx_word' id='word_1_879' title='bbox 1882 5737 2018 5804; x_wconf 83' lang='lat' dir='ltr'><strong>Quia</strong></span> <span class='ocrx_word' id='word_1_880' title='bbox 2047 5737 2184 5803; x_wconf 91' lang='lat' dir='ltr'><strong>illos,</strong></span> <span class='ocrx_word' id='word_1_881' title='bbox 2214 5747 2275 5793; x_wconf 89' lang='lat' dir='ltr'><strong>ut</strong></span> <span class='ocrx_word' id='word_1_882' title='bbox 2303 5738 2558 5801; x_wconf 77' lang='lat' dir='ltr'><strong>diximus,</strong></span> <span class='ocrx_word' id='word_1_883' title='bbox 2582 5745 2713 5792; x_wconf 90' lang='lat' dir='ltr'><strong>tunc</strong></span> <span class='ocrx_word' id='word_1_884' title='bbox 2736 5736 2796 5790; x_wconf 87' lang='lat' dir='ltr'><strong>in</strong></span> <span class='ocrx_word' id='word_1_885' title='bbox 2821 5742 3022 5790; x_wconf 78' lang='lat' dir='ltr'><strong>aeterna</strong></span> <span class='ocrx_word' id='word_1_886' title='bbox 3056 5732 3356 5792; x_wconf 78' lang='lat' dir='ltr'><strong>reiectione</strong></span> <span class='ocrx_word' id='word_1_887' title='bbox 3382 5749 3471 5791; x_wconf 88' lang='lat' dir='ltr'><strong>rc-</strong></span> 
     </span>
    </p>
   </div>
   <div class='ocr_carea' id='block_1_117' title="bbox 1878 5824 3470 5899">
    <p class='ocr_par' dir='ltr' id='par_1_117' title="bbox 1878 5824 3470 5899">
     <span class='ocr_line' id='line_1_117' title="bbox 1878 5824 3470 5899; baseline 0.003 -18"><span class='ocrx_word' id='word_1_888' title='bbox 1878 5828 2076 5898; x_wconf 85' lang='lat' dir='ltr'><strong>cipiet,</strong></span> <span class='ocrx_word' id='word_1_889' title='bbox 2118 5829 2210 5898; x_wconf 87' lang='lat' dir='ltr'><strong>qui</strong></span> <span class='ocrx_word' id='word_1_890' title='bbox 2247 5829 2391 5898; x_wconf 87' lang='lat' dir='ltr'><strong>pleni</strong></span> <span class='ocrx_word' id='word_1_891' title='bbox 2420 5842 2566 5883; x_wconf 89' lang='lat' dir='ltr'><strong>nunc</strong></span> <span class='ocrx_word' id='word_1_892' title='bbox 2593 5824 2926 5896; x_wconf 80' lang='lat' dir='ltr'><strong>septiformis</strong></span> <span class='ocrx_word' id='word_1_893' title='bbox 2965 5826 3154 5899; x_wconf 67' lang='lat' dir='ltr'><strong>gratim</strong></span> <span class='ocrx_word' id='word_1_894' title='bbox 3186 5824 3244 5883; x_wconf 91' lang='lat' dir='ltr'><strong>in</strong></span> <span class='ocrx_word' id='word_1_895' title='bbox 3281 5838 3470 5885; x_wconf 79' lang='lat' dir='ltr'><strong>arnore</strong></span> 
     </span>
    </p>
   </div>
   <div class='ocr_carea' id='block_1_118' title="bbox 1881 5922 2405 5995">
    <p class='ocr_par' dir='ltr' id='par_1_118' title="bbox 1881 5922 2405 5995">
     <span class='ocr_line' id='line_1_118' title="bbox 1881 5922 2405 5995; baseline -0.004 -18"><span class='ocrx_word' id='word_1_896' title='bbox 1881 5922 2105 5995; x_wconf 85' lang='lat' dir='ltr'><strong>spiritus</strong></span> <span class='ocrx_word' id='word_1_897' title='bbox 2133 5922 2405 5977; x_wconf 86' lang='lat' dir='ltr'><strong>anhelant.</strong></span> 
     </span>
    </p>
   </div>
  </div>
