  <div class='ocr_page' id='page_1' title='image "/cluster/home/n/w/nwhite01/storage/ocr_20150623/102/hvd.32044015466808/129.png"; bbox 0 0 4030 6454; ppageno 0'>
   <div class='ocr_carea' id='block_1_1' title="bbox 545 445 650 503">
    <p class='ocr_par' dir='ltr' id='par_1_1' title="bbox 545 445 650 503">
     <span class='ocr_line' id='line_1_1' title="bbox 545 445 650 503; baseline -0.019 0"><span class='ocrx_word' id='word_1_1' title='bbox 545 445 650 503; x_wconf 71' lang='lat' dir='ltr'><strong>2H</strong></span> 
     </span>
    </p>
   </div>
   <div class='ocr_carea' id='block_1_2' title="bbox 1827 401 2508 496">
    <p class='ocr_par' dir='ltr' id='par_1_2' title="bbox 1827 401 2508 496">
     <span class='ocr_line' id='line_1_2' title="bbox 1827 401 2508 496; baseline -0.001 0"><span class='ocrx_word' id='word_1_2' title='bbox 1827 401 2180 496; x_wconf 60' lang='lat' dir='ltr'><strong>suamet)!</strong></span> <span class='ocrx_word' id='word_1_3' title='bbox 2216 436 2508 496; x_wconf 84' lang='lat' dir='ltr'><strong>ABBATlS</strong></span> 
     </span>
    </p>
   </div>
   <div class='ocr_carea' id='block_1_3' title="bbox 3650 386 3834 508">
    <p class='ocr_par' dir='ltr' id='par_1_3' title="bbox 3650 386 3834 508">
     <span class='ocr_line' id='line_1_3' title="bbox 3650 386 3834 508; baseline 0 0"><span class='ocrx_word' id='word_1_4' title='bbox 3650 386 3654 389; x_wconf 12' lang='lat' dir='ltr'><strong><em>v</em></strong></span> <span class='ocrx_word' id='word_1_5' title='bbox 3708 445 3834 508; x_wconf 64' lang='lat' dir='ltr'><strong>ets</strong></span> 
     </span>
    </p>
   </div>
   <div class='ocr_carea' id='block_1_4' title="bbox 616 552 3834 631">
    <p class='ocr_par' dir='ltr' id='par_1_4' title="bbox 616 552 3834 631">
     <span class='ocr_line' id='line_1_4' title="bbox 616 552 3834 631; baseline 0.001 -15"><span class='ocrx_word' id='word_1_6' title='bbox 616 559 759 630; x_wconf 82' lang='lat' dir='ltr'><strong>Quid</strong></span> <span class='ocrx_word' id='word_1_7' title='bbox 799 566 885 615; x_wconf 90' lang='lat' dir='ltr'><strong>est</strong></span> <span class='ocrx_word' id='word_1_8' title='bbox 926 558 1069 630; x_wconf 90' lang='lat' dir='ltr'><strong>quod</strong></span> <span class='ocrx_word' id='word_1_9' title='bbox 1102 555 1434 628; x_wconf 78' lang='lat' dir='ltr'><strong>Redemptor</strong></span> <span class='ocrx_word' id='word_1_10' title='bbox 1471 561 1660 611; x_wconf 90' lang='lat' dir='ltr'><strong>noster</strong></span> <span class='ocrx_word' id='word_1_11' title='bbox 1692 553 1899 627; x_wconf 88' lang='lat' dir='ltr'><strong>piscem</strong></span> <span class='ocrx_word' id='word_1_12' title='bbox 1941 567 2124 610; x_wconf 89' lang='lat' dir='ltr'><strong>assum</strong></span> <span class='ocrx_word' id='word_1_13' title='bbox 2149 555 2202 618; x_wconf 81' lang='grc' dir='ltr'><strong>Α</strong></span> <span class='ocrx_word' id='word_1_14' title='bbox 2225 569 2346 624; x_wconf 84' lang='lat' dir='ltr'><strong>quae</strong></span> <span class='ocrx_word' id='word_1_15' title='bbox 2385 552 2546 610; x_wconf 84' lang='lat' dir='ltr'><strong>hodie</strong></span> <span class='ocrx_word' id='word_1_16' title='bbox 2583 553 2810 610; x_wconf 90' lang='lat' dir='ltr'><strong>recitata</strong></span> <span class='ocrx_word' id='word_1_17' title='bbox 2849 561 2952 622; x_wconf 88' lang='lat' dir='ltr'><strong>est,</strong></span> <span class='ocrx_word' id='word_1_18' title='bbox 2993 555 3138 613; x_wconf 85' lang='lat' dir='ltr'><strong>facta</strong></span> <span class='ocrx_word' id='word_1_19' title='bbox 3177 561 3265 614; x_wconf 89' lang='lat' dir='ltr'><strong>est</strong></span> <span class='ocrx_word' id='word_1_20' title='bbox 3302 555 3451 614; x_wconf 88' lang='lat' dir='ltr'><strong>enim</strong></span> <span class='ocrx_word' id='word_1_21' title='bbox 3486 565 3611 631; x_wconf 89' lang='lat' dir='ltr'><strong>post</strong></span> <span class='ocrx_word' id='word_1_22' title='bbox 3639 575 3834 618; x_wconf 79' lang='lat' dir='ltr'><strong>resur-</strong></span> 
     </span>
    </p>
   </div>
   <div class='ocr_carea' id='block_1_5' title="bbox 540 645 2126 726">
    <p class='ocr_par' dir='ltr' id='par_1_5' title="bbox 540 645 2126 726">
     <span class='ocr_line' id='line_1_5' title="bbox 540 645 2126 726; baseline -0.01 -13"><span class='ocrx_word' id='word_1_23' title='bbox 540 663 672 726; x_wconf 88' lang='lat' dir='ltr'><strong>post</strong></span> <span class='ocrx_word' id='word_1_24' title='bbox 712 651 1165 710; x_wconf 79' lang='lat' dir='ltr'><strong>resurrectionem</strong></span> <span class='ocrx_word' id='word_1_25' title='bbox 1208 648 1573 714; x_wconf 79' lang='lat' dir='ltr'><strong>manducavit,</strong></span> <span class='ocrx_word' id='word_1_26' title='bbox 1611 654 1668 702; x_wconf 90' lang='lat' dir='ltr'><strong>et</strong></span> <span class='ocrx_word' id='word_1_27' title='bbox 1710 646 1766 700; x_wconf 92' lang='lat' dir='ltr'><strong>in</strong></span> <span class='ocrx_word' id='word_1_28' title='bbox 1803 645 1911 702; x_wconf 91' lang='lat' dir='ltr'><strong>alio</strong></span> <span class='ocrx_word' id='word_1_29' title='bbox 1949 645 2126 700; x_wconf 88' lang='lat' dir='ltr'><strong>Evan-</strong></span> 
     </span>
    </p>
   </div>
   <div class='ocr_carea' id='block_1_6' title="bbox 545 738 2125 820">
    <p class='ocr_par' dir='ltr' id='par_1_6' title="bbox 545 738 2125 820">
     <span class='ocr_line' id='line_1_6' title="bbox 545 738 2125 820; baseline -0.005 -18"><span class='ocrx_word' id='word_1_30' title='bbox 545 747 688 820; x_wconf 92' lang='lat' dir='ltr'><strong>gelio</strong></span> <span class='ocrx_word' id='word_1_31' title='bbox 724 745 941 810; x_wconf 90' lang='lat' dir='ltr'><strong>dicitur,</strong></span> <span class='ocrx_word' id='word_1_32' title='bbox 983 758 1107 798; x_wconf 90' lang='lat' dir='ltr'><strong>cum</strong></span> <span class='ocrx_word' id='word_1_33' title='bbox 1139 742 1288 812; x_wconf 85' lang='lat' dir='ltr'><strong>pisce</strong></span> <span class='ocrx_word' id='word_1_34' title='bbox 1322 755 1446 797; x_wconf 90' lang='lat' dir='ltr'><strong>asso</strong></span> <span class='ocrx_word' id='word_1_35' title='bbox 1487 739 1672 796; x_wconf 90' lang='lat' dir='ltr'><strong>favum</strong></span> <span class='ocrx_word' id='word_1_36' title='bbox 1711 738 1907 806; x_wconf 86' lang='lat' dir='ltr'><strong>mellis,</strong></span> <span class='ocrx_word' id='word_1_37' title='bbox 1938 739 1995 794; x_wconf 91' lang='lat' dir='ltr'><strong>in</strong></span> <span class='ocrx_word' id='word_1_38' title='bbox 2021 738 2125 794; x_wconf 90' lang='lat' dir='ltr'><strong>isto</strong></span> 
     </span>
    </p>
   </div>
   <div class='ocr_carea' id='block_1_7' title="bbox 542 829 2126 908">
    <p class='ocr_par' dir='ltr' id='par_1_7' title="bbox 542 829 2126 908">
     <span class='ocr_line' id='line_1_7' title="bbox 542 829 2126 908; baseline -0.003 -16"><span class='ocrx_word' id='word_1_39' title='bbox 542 852 676 894; x_wconf 86' lang='lat' dir='ltr'><strong>vero</strong></span> <span class='ocrx_word' id='word_1_40' title='bbox 723 849 919 908; x_wconf 90' lang='lat' dir='ltr'><strong>panem</strong></span> <span class='ocrx_word' id='word_1_41' title='bbox 966 849 1091 889; x_wconf 92' lang='lat' dir='ltr'><strong>cum</strong></span> <span class='ocrx_word' id='word_1_42' title='bbox 1137 832 1334 904; x_wconf 87' lang='lat' dir='ltr'><strong>pisce?</strong></span> <span class='ocrx_word' id='word_1_43' title='bbox 1394 829 1533 898; x_wconf 85' lang='lat' dir='ltr'><strong>Quid</strong></span> <span class='ocrx_word' id='word_1_44' title='bbox 1575 830 1722 886; x_wconf 90' lang='lat' dir='ltr'><strong>enim</strong></span> <span class='ocrx_word' id='word_1_45' title='bbox 1761 829 1926 902; x_wconf 88' lang='lat' dir='ltr'><strong>piscis</strong></span> <span class='ocrx_word' id='word_1_46' title='bbox 1970 844 2126 887; x_wconf 87' lang='lat' dir='ltr'><strong>assus</strong></span> 
     </span>
    </p>
   </div>
   <div class='ocr_carea' id='block_1_8' title="bbox 543 918 2128 1002">
    <p class='ocr_par' dir='ltr' id='par_1_8' title="bbox 543 918 2128 1002">
     <span class='ocr_line' id='line_1_8' title="bbox 543 918 2128 1002; baseline -0.007 -15"><span class='ocrx_word' id='word_1_47' title='bbox 543 929 832 1002; x_wconf 82' lang='lat' dir='ltr'><strong>signiﬁcat,</strong></span> <span class='ocrx_word' id='word_1_48' title='bbox 857 926 964 982; x_wconf 90' lang='lat' dir='ltr'><strong>nisi</strong></span> <span class='ocrx_word' id='word_1_49' title='bbox 989 924 1266 981; x_wconf 79' lang='lat' dir='ltr'><strong>Christum</strong></span> <span class='ocrx_word' id='word_1_50' title='bbox 1302 937 1546 995; x_wconf 89' lang='lat' dir='ltr'><strong>passum,</strong></span> <span class='ocrx_word' id='word_1_51' title='bbox 1571 921 1700 994; x_wconf 92' lang='lat' dir='ltr'><strong>quid</strong></span> <span class='ocrx_word' id='word_1_52' title='bbox 1740 920 1799 976; x_wconf 91' lang='lat' dir='ltr'><strong>in</strong></span> <span class='ocrx_word' id='word_1_53' title='bbox 1838 918 1964 976; x_wconf 83' lang='lat' dir='ltr'><strong>favo</strong></span> <span class='ocrx_word' id='word_1_54' title='bbox 1999 920 2128 976; x_wconf 79' lang='lat' dir='ltr'><strong>mel-</strong></span> 
     </span>
    </p>
   </div>
   <div class='ocr_carea' id='block_1_9' title="bbox 541 1012 2126 1087">
    <p class='ocr_par' dir='ltr' id='par_1_9' title="bbox 541 1012 2126 1087">
     <span class='ocr_line' id='line_1_9' title="bbox 541 1012 2126 1087; baseline -0.005 -10"><span class='ocrx_word' id='word_1_55' title='bbox 541 1021 632 1087; x_wconf 87' lang='lat' dir='ltr'><strong>lis,</strong></span> <span class='ocrx_word' id='word_1_56' title='bbox 657 1019 766 1076; x_wconf 90' lang='lat' dir='ltr'><strong>nisi</strong></span> <span class='ocrx_word' id='word_1_57' title='bbox 789 1017 1090 1075; x_wconf 71' lang='lat' dir='ltr'><strong>divinitatis</strong></span> <span class='ocrx_word' id='word_1_58' title='bbox 1119 1015 1474 1072; x_wconf 89' lang='lat' dir='ltr'><strong>dulcedinem.</strong></span> <span class='ocrx_word' id='word_1_59' title='bbox 1519 1013 1692 1070; x_wconf 89' lang='lat' dir='ltr'><strong>Piscis</strong></span> <span class='ocrx_word' id='word_1_60' title='bbox 1729 1019 1834 1080; x_wconf 88' lang='lat' dir='ltr'><strong>est,</strong></span> <span class='ocrx_word' id='word_1_61' title='bbox 1859 1012 1986 1084; x_wconf 88' lang='lat' dir='ltr'><strong>quia</strong></span> <span class='ocrx_word' id='word_1_62' title='bbox 2009 1013 2126 1084; x_wconf 93' lang='lat' dir='ltr'><strong>ipse</strong></span> 
     </span>
    </p>
   </div>
   <div class='ocr_carea' id='block_1_10' title="bbox 540 1104 2125 1181">
    <p class='ocr_par' dir='ltr' id='par_1_10' title="bbox 540 1104 2125 1181">
     <span class='ocr_line' id='line_1_10' title="bbox 540 1104 2125 1181; baseline -0.004 -15"><span class='ocrx_word' id='word_1_63' title='bbox 540 1111 717 1168; x_wconf 86' lang='lat' dir='ltr'><strong>latere</strong></span> <span class='ocrx_word' id='word_1_64' title='bbox 755 1109 1010 1181; x_wconf 88' lang='lat' dir='ltr'><strong>dignatus</strong></span> <span class='ocrx_word' id='word_1_65' title='bbox 1057 1107 1112 1163; x_wconf 91' lang='lat' dir='ltr'><strong>in</strong></span> <span class='ocrx_word' id='word_1_66' title='bbox 1151 1107 1306 1177; x_wconf 87' lang='lat' dir='ltr'><strong>aquis</strong></span> <span class='ocrx_word' id='word_1_67' title='bbox 1345 1105 1560 1180; x_wconf 77' lang='lat' dir='ltr'><strong>generis</strong></span> <span class='ocrx_word' id='word_1_68' title='bbox 1598 1104 1823 1161; x_wconf 89' lang='lat' dir='ltr'><strong>humani</strong></span> <span class='ocrx_word' id='word_1_69' title='bbox 1863 1113 1974 1170; x_wconf 91' lang='lat' dir='ltr'><strong>est,</strong></span> <span class='ocrx_word' id='word_1_70' title='bbox 2003 1105 2125 1176; x_wconf 88' lang='lat' dir='ltr'><strong>capi</strong></span> 
     </span>
    </p>
   </div>
   <div class='ocr_carea' id='block_1_11' title="bbox 540 1196 2126 1274">
    <p class='ocr_par' dir='ltr' id='par_1_11' title="bbox 540 1196 2126 1274">
     <span class='ocr_line' id='line_1_11' title="bbox 540 1196 2126 1274; baseline -0.003 -17"><span class='ocrx_word' id='word_1_71' title='bbox 540 1202 713 1258; x_wconf 87' lang='lat' dir='ltr'><strong>voluit</strong></span> <span class='ocrx_word' id='word_1_72' title='bbox 751 1201 949 1274; x_wconf 89' lang='lat' dir='ltr'><strong>laqueo</strong></span> <span class='ocrx_word' id='word_1_73' title='bbox 989 1199 1184 1256; x_wconf 90' lang='lat' dir='ltr'><strong>mortis</strong></span> <span class='ocrx_word' id='word_1_74' title='bbox 1221 1206 1440 1266; x_wconf 66' lang='lat' dir='ltr'><strong>nostrae,</strong></span> <span class='ocrx_word' id='word_1_75' title='bbox 1481 1205 1537 1254; x_wconf 93' lang='lat' dir='ltr'><strong>et</strong></span> <span class='ocrx_word' id='word_1_76' title='bbox 1576 1197 1733 1268; x_wconf 89' lang='lat' dir='ltr'><strong>quasi</strong></span> <span class='ocrx_word' id='word_1_77' title='bbox 1777 1196 2126 1253; x_wconf 85' lang='lat' dir='ltr'><strong>tribulatione</strong></span> 
     </span>
    </p>
   </div>
   <div class='ocr_carea' id='block_1_12' title="bbox 539 1287 2126 1364">
    <p class='ocr_par' dir='ltr' id='par_1_12' title="bbox 539 1287 2126 1364">
     <span class='ocr_line' id='line_1_12' title="bbox 539 1287 2126 1364; baseline -0.002 -16"><span class='ocrx_word' id='word_1_78' title='bbox 539 1302 762 1350; x_wconf 83' lang='lat' dir='ltr'><strong>assatus</strong></span> <span class='ocrx_word' id='word_1_79' title='bbox 803 1300 889 1348; x_wconf 89' lang='lat' dir='ltr'><strong>est</strong></span> <span class='ocrx_word' id='word_1_80' title='bbox 931 1300 1171 1363; x_wconf 90' lang='lat' dir='ltr'><strong>tempore</strong></span> <span class='ocrx_word' id='word_1_81' title='bbox 1208 1289 1479 1364; x_wconf 86' lang='lat' dir='ltr'><strong>passionis</strong></span> <span class='ocrx_word' id='word_1_82' title='bbox 1518 1305 1649 1356; x_wconf 79' lang='lat' dir='ltr'><strong>suae,</strong></span> <span class='ocrx_word' id='word_1_83' title='bbox 1695 1289 1790 1346; x_wconf 92' lang='lat' dir='ltr'><strong>sed</strong></span> <span class='ocrx_word' id='word_1_84' title='bbox 1826 1287 1921 1359; x_wconf 90' lang='lat' dir='ltr'><strong>qui</strong></span> <span class='ocrx_word' id='word_1_85' title='bbox 1959 1288 2126 1360; x_wconf 87' lang='lat' dir='ltr'><strong>piscis</strong></span> 
     </span>
    </p>
   </div>
   <div class='ocr_carea' id='block_1_13' title="bbox 543 1377 2125 1454">
    <p class='ocr_par' dir='ltr' id='par_1_13' title="bbox 543 1377 2125 1454">
     <span class='ocr_line' id='line_1_13' title="bbox 543 1377 2125 1454; baseline -0.001 -16"><span class='ocrx_word' id='word_1_86' title='bbox 543 1399 703 1440; x_wconf 82' lang='lat' dir='ltr'><strong>assus</strong></span> <span class='ocrx_word' id='word_1_87' title='bbox 742 1382 863 1440; x_wconf 75' lang='lat' dir='ltr'><strong>fieri</strong></span> <span class='ocrx_word' id='word_1_88' title='bbox 903 1382 1153 1454; x_wconf 86' lang='lat' dir='ltr'><strong>dignatus</strong></span> <span class='ocrx_word' id='word_1_89' title='bbox 1192 1389 1275 1438; x_wconf 91' lang='lat' dir='ltr'><strong>est</strong></span> <span class='ocrx_word' id='word_1_90' title='bbox 1315 1379 1372 1437; x_wconf 91' lang='lat' dir='ltr'><strong>in</strong></span> <span class='ocrx_word' id='word_1_91' title='bbox 1415 1380 1701 1452; x_wconf 86' lang='lat' dir='ltr'><strong>passione,</strong></span> <span class='ocrx_word' id='word_1_92' title='bbox 1748 1378 1904 1435; x_wconf 83' lang='lat' dir='ltr'><strong>favus</strong></span> <span class='ocrx_word' id='word_1_93' title='bbox 1949 1377 2125 1436; x_wconf 88' lang='lat' dir='ltr'><strong>mellis</strong></span> 
     </span>
    </p>
   </div>
   <div class='ocr_carea' id='block_1_14' title="bbox 543 1470 2126 1542">
    <p class='ocr_par' dir='ltr' id='par_1_14' title="bbox 543 1470 2126 1542">
     <span class='ocr_line' id='line_1_14' title="bbox 543 1470 2126 1542; baseline -0.001 -14"><span class='ocrx_word' id='word_1_94' title='bbox 543 1473 703 1529; x_wconf 90' lang='lat' dir='ltr'><strong>nobis</strong></span> <span class='ocrx_word' id='word_1_95' title='bbox 723 1473 932 1529; x_wconf 81' lang='lat' dir='ltr'><strong>exstitit</strong></span> <span class='ocrx_word' id='word_1_96' title='bbox 963 1474 1020 1529; x_wconf 92' lang='lat' dir='ltr'><strong>in</strong></span> <span class='ocrx_word' id='word_1_97' title='bbox 1050 1472 1467 1529; x_wconf 84' lang='lat' dir='ltr'><strong>resurrectione.</strong></span> <span class='ocrx_word' id='word_1_98' title='bbox 1500 1470 1585 1526; x_wconf 77' lang='lat' dir='ltr'><strong>An</strong></span> <span class='ocrx_word' id='word_1_99' title='bbox 1614 1470 1706 1542; x_wconf 92' lang='lat' dir='ltr'><strong>qui</strong></span> <span class='ocrx_word' id='word_1_100' title='bbox 1738 1471 1794 1526; x_wconf 90' lang='lat' dir='ltr'><strong>in</strong></span> <span class='ocrx_word' id='word_1_101' title='bbox 1825 1470 1975 1542; x_wconf 90' lang='lat' dir='ltr'><strong>pisce</strong></span> <span class='ocrx_word' id='word_1_102' title='bbox 2002 1484 2126 1526; x_wconf 90' lang='lat' dir='ltr'><strong>asso</strong></span> 
     </span>
    </p>
   </div>
   <div class='ocr_carea' id='block_1_15' title="bbox 543 1562 2143 1636">
    <p class='ocr_par' dir='ltr' id='par_1_15' title="bbox 543 1562 2143 1636">
     <span class='ocr_line' id='line_1_15' title="bbox 543 1562 2143 1636; baseline -0.001 -16"><span class='ocrx_word' id='word_1_103' title='bbox 543 1564 771 1635; x_wconf 73' lang='lat' dir='ltr'><strong>{igurari</strong></span> <span class='ocrx_word' id='word_1_104' title='bbox 809 1565 980 1621; x_wconf 92' lang='lat' dir='ltr'><strong>voluit</strong></span> <span class='ocrx_word' id='word_1_105' title='bbox 1023 1564 1422 1622; x_wconf 88' lang='lat' dir='ltr'><strong>tribulationem</strong></span> <span class='ocrx_word' id='word_1_106' title='bbox 1457 1563 1725 1636; x_wconf 89' lang='lat' dir='ltr'><strong>passionis</strong></span> <span class='ocrx_word' id='word_1_107' title='bbox 1763 1577 1893 1630; x_wconf 63' lang='lat' dir='ltr'><strong>suae,</strong></span> <span class='ocrx_word' id='word_1_108' title='bbox 1919 1563 1976 1618; x_wconf 91' lang='lat' dir='ltr'><strong>in</strong></span> <span class='ocrx_word' id='word_1_109' title='bbox 2001 1562 2143 1632; x_wconf 36' lang='lat' dir='ltr'><strong>favo,</strong></span> 
     </span>
    </p>
   </div>
   <div class='ocr_carea' id='block_1_16' title="bbox 545 1655 2128 1730">
    <p class='ocr_par' dir='ltr' id='par_1_16' title="bbox 545 1655 2128 1730">
     <span class='ocr_line' id='line_1_16' title="bbox 545 1655 2128 1730; baseline -0.001 -16"><span class='ocrx_word' id='word_1_110' title='bbox 545 1657 725 1714; x_wconf 87' lang='lat' dir='ltr'><strong>mellis</strong></span> <span class='ocrx_word' id='word_1_111' title='bbox 759 1666 1046 1730; x_wconf 90' lang='lat' dir='ltr'><strong>utramque</strong></span> <span class='ocrx_word' id='word_1_112' title='bbox 1080 1667 1330 1715; x_wconf 88' lang='lat' dir='ltr'><strong>naturam</strong></span> <span class='ocrx_word' id='word_1_113' title='bbox 1353 1657 1662 1730; x_wconf 75' lang='lat' dir='ltr'><strong>exprimere</strong></span> <span class='ocrx_word' id='word_1_114' title='bbox 1682 1655 1851 1712; x_wconf 90' lang='lat' dir='ltr'><strong>voluit</strong></span> <span class='ocrx_word' id='word_1_115' title='bbox 1881 1671 2128 1728; x_wconf 65' lang='lat' dir='ltr'><strong>persona:</strong></span> 
     </span>
    </p>
   </div>
   <div class='ocr_carea' id='block_1_17' title="bbox 543 1749 2126 1824">
    <p class='ocr_par' dir='ltr' id='par_1_17' title="bbox 543 1749 2126 1824">
     <span class='ocr_line' id='line_1_17' title="bbox 543 1749 2126 1824; baseline -0.003 -15"><span class='ocrx_word' id='word_1_116' title='bbox 543 1767 681 1809; x_wconf 72' lang='lat' dir='ltr'><strong>suae.</strong></span> <span class='ocrx_word' id='word_1_117' title='bbox 727 1750 906 1808; x_wconf 88' lang='lat' dir='ltr'><strong>Favus</strong></span> <span class='ocrx_word' id='word_1_118' title='bbox 945 1753 1142 1824; x_wconf 91' lang='lat' dir='ltr'><strong>quippe</strong></span> <span class='ocrx_word' id='word_1_119' title='bbox 1182 1750 1289 1807; x_wconf 91' lang='lat' dir='ltr'><strong>mel</strong></span> <span class='ocrx_word' id='word_1_120' title='bbox 1329 1751 1387 1806; x_wconf 90' lang='lat' dir='ltr'><strong>in</strong></span> <span class='ocrx_word' id='word_1_121' title='bbox 1427 1765 1555 1805; x_wconf 89' lang='lat' dir='ltr'><strong>cera</strong></span> <span class='ocrx_word' id='word_1_122' title='bbox 1595 1757 1711 1817; x_wconf 90' lang='lat' dir='ltr'><strong>est,</strong></span> <span class='ocrx_word' id='word_1_123' title='bbox 1754 1749 1860 1806; x_wconf 90' lang='lat' dir='ltr'><strong>mel</strong></span> <span class='ocrx_word' id='word_1_124' title='bbox 1900 1764 2032 1805; x_wconf 90' lang='lat' dir='ltr'><strong>vero</strong></span> <span class='ocrx_word' id='word_1_125' title='bbox 2070 1749 2126 1804; x_wconf 92' lang='lat' dir='ltr'><strong>in</strong></span> 
     </span>
    </p>
   </div>
   <div class='ocr_carea' id='block_1_18' title="bbox 544 1841 2127 1912">
    <p class='ocr_par' dir='ltr' id='par_1_18' title="bbox 544 1841 2127 1912">
     <span class='ocr_line' id='line_1_18' title="bbox 544 1841 2127 1912; baseline -0.002 -12"><span class='ocrx_word' id='word_1_126' title='bbox 544 1859 676 1900; x_wconf 87' lang='lat' dir='ltr'><strong>cera</strong></span> <span class='ocrx_word' id='word_1_127' title='bbox 701 1882 719 1912; x_wconf 90' lang='lat'><strong>,</strong></span> <span class='ocrx_word' id='word_1_128' title='bbox 775 1851 861 1901; x_wconf 90' lang='lat' dir='ltr'><strong>est</strong></span> <span class='ocrx_word' id='word_1_129' title='bbox 912 1845 1166 1901; x_wconf 86' lang='lat' dir='ltr'><strong>divinitas</strong></span> <span class='ocrx_word' id='word_1_130' title='bbox 1208 1844 1263 1900; x_wconf 92' lang='lat' dir='ltr'><strong>in</strong></span> <span class='ocrx_word' id='word_1_131' title='bbox 1305 1843 1678 1909; x_wconf 87' lang='lat' dir='ltr'><strong>humanitate,</strong></span> <span class='ocrx_word' id='word_1_132' title='bbox 1728 1841 1870 1912; x_wconf 90' lang='lat' dir='ltr'><strong>quod</strong></span> <span class='ocrx_word' id='word_1_133' title='bbox 1911 1843 1978 1897; x_wconf 91' lang='lat' dir='ltr'><strong>ab</strong></span> <span class='ocrx_word' id='word_1_134' title='bbox 2023 1841 2127 1897; x_wconf 90' lang='lat' dir='ltr'><strong>hac</strong></span> 
     </span>
    </p>
   </div>
   <div class='ocr_carea' id='block_1_19' title="bbox 2227 643 3830 717">
    <p class='ocr_par' dir='ltr' id='par_1_19' title="bbox 2227 643 3830 717">
     <span class='ocr_line' id='line_1_19' title="bbox 2227 643 3830 717; baseline 0.006 -20"><span class='ocrx_word' id='word_1_135' title='bbox 2227 644 2524 699; x_wconf 88' lang='lat' dir='ltr'><strong>rectionem</strong></span> <span class='ocrx_word' id='word_1_136' title='bbox 2563 643 2809 711; x_wconf 91' lang='lat' dir='ltr'><strong>Domini,</strong></span> <span class='ocrx_word' id='word_1_137' title='bbox 2850 653 2914 700; x_wconf 90' lang='lat' dir='ltr'><strong>ut</strong></span> <span class='ocrx_word' id='word_1_138' title='bbox 2951 643 3317 717; x_wconf 76' lang='lat' dir='ltr'><strong>significaret,</strong></span> <span class='ocrx_word' id='word_1_139' title='bbox 3363 647 3528 703; x_wconf 87' lang='lat' dir='ltr'><strong>talem</strong></span> <span class='ocrx_word' id='word_1_140' title='bbox 3570 647 3830 706; x_wconf 86' lang='lat' dir='ltr'><strong>futuram</strong></span> 
     </span>
    </p>
   </div>
   <div class='ocr_carea' id='block_1_20' title="bbox 2224 735 3828 811">
    <p class='ocr_par' dir='ltr' id='par_1_20' title="bbox 2224 735 3828 811">
     <span class='ocr_line' id='line_1_20' title="bbox 2224 735 3828 811; baseline 0.003 -19"><span class='ocrx_word' id='word_1_141' title='bbox 2224 735 2686 811; x_wconf 77' lang='lat' dir='ltr'><strong>Ecclesiam‘post</strong></span> <span class='ocrx_word' id='word_1_142' title='bbox 2732 747 2975 795; x_wconf 90' lang='lat' dir='ltr'><strong>nostram</strong></span> <span class='ocrx_word' id='word_1_143' title='bbox 3018 740 3478 796; x_wconf 88' lang='lat' dir='ltr'><strong>resurrectionem</strong></span> <span class='ocrx_word' id='word_1_144' title='bbox 3520 759 3533 795; x_wconf 97' lang='lat'><strong>:</strong></span> <span class='ocrx_word' id='word_1_145' title='bbox 3587 741 3828 811; x_wconf 72' lang='lat' dir='ltr'><strong>Mittite,</strong></span> 
     </span>
    </p>
   </div>
   <div class='ocr_carea' id='block_1_21' title="bbox 2224 829 3830 906">
    <p class='ocr_par' dir='ltr' id='par_1_21' title="bbox 2224 829 3830 906">
     <span class='ocr_line' id='line_1_21' title="bbox 2224 829 3830 906; baseline 0.002 -20"><span class='ocrx_word' id='word_1_146' title='bbox 2224 829 2416 900; x_wconf 85' lang='lat' dir='ltr'><strong>inquit,</strong></span> <span class='ocrx_word' id='word_1_147' title='bbox 2461 838 2566 885; x_wconf 89' lang='lat' dir='ltr'><strong>rete</strong></span> <span class='ocrx_word' id='word_1_148' title='bbox 2601 831 2659 886; x_wconf 88' lang='lat' dir='ltr'><strong>in</strong></span> <span class='ocrx_word' id='word_1_149' title='bbox 2697 829 2938 886; x_wconf 92' lang='lat' dir='ltr'><strong>dextram</strong></span> <span class='ocrx_word' id='word_1_150' title='bbox 2977 839 3202 902; x_wconf 86' lang='lat' dir='ltr'><strong>partem.</strong></span> <span class='ocrx_word' id='word_1_151' title='bbox 3247 830 3527 888; x_wconf 89' lang='lat' dir='ltr'><strong>Discretus</strong></span> <span class='ocrx_word' id='word_1_152' title='bbox 3567 840 3655 888; x_wconf 89' lang='lat' dir='ltr'><strong>est</strong></span> <span class='ocrx_word' id='word_1_153' title='bbox 3687 848 3830 906; x_wconf 84' lang='lat' dir='ltr'><strong>ergo</strong></span> 
     </span>
    </p>
   </div>
   <div class='ocr_carea' id='block_1_22' title="bbox 2224 921 3826 993">
    <p class='ocr_par' dir='ltr' id='par_1_22' title="bbox 2224 921 3826 993">
     <span class='ocr_line' id='line_1_22' title="bbox 2224 921 3826 993; baseline 0.002 -17"><span class='ocrx_word' id='word_1_154' title='bbox 2224 935 2483 978; x_wconf 91' lang='lat' dir='ltr'><strong>numerus</strong></span> <span class='ocrx_word' id='word_1_155' title='bbox 2514 937 2704 978; x_wconf 88' lang='lat' dir='ltr'><strong>eorum</strong></span> <span class='ocrx_word' id='word_1_156' title='bbox 2745 922 2838 993; x_wconf 89' lang='lat' dir='ltr'><strong>qui</strong></span> <span class='ocrx_word' id='word_1_157' title='bbox 2863 921 2928 977; x_wconf 90' lang='lat' dir='ltr'><strong>ad</strong></span> <span class='ocrx_word' id='word_1_158' title='bbox 2953 921 3197 977; x_wconf 79' lang='lat' dir='ltr'><strong>dextram</strong></span> <span class='ocrx_word' id='word_1_159' title='bbox 3226 921 3465 977; x_wconf 89' lang='lat' dir='ltr'><strong>stabant.</strong></span> <span class='ocrx_word' id='word_1_160' title='bbox 3502 923 3644 980; x_wconf 84' lang='lat' dir='ltr'><strong>Oves</strong></span> <span class='ocrx_word' id='word_1_161' title='bbox 3669 926 3826 980; x_wconf 89' lang='lat' dir='ltr'><strong>enim</strong></span> 
     </span>
    </p>
   </div>
   <div class='ocr_carea' id='block_1_23' title="bbox 2223 1012 3824 1083">
    <p class='ocr_par' dir='ltr' id='par_1_23' title="bbox 2223 1012 3824 1083">
     <span class='ocr_line' id='line_1_23' title="bbox 2223 1012 3824 1083; baseline 0.001 -15"><span class='ocrx_word' id='word_1_162' title='bbox 2223 1022 2389 1083; x_wconf 92' lang='lat' dir='ltr'><strong>ponet</strong></span> <span class='ocrx_word' id='word_1_163' title='bbox 2429 1012 2497 1068; x_wconf 91' lang='lat' dir='ltr'><strong>ad</strong></span> <span class='ocrx_word' id='word_1_164' title='bbox 2540 1013 2825 1081; x_wconf 87' lang='lat' dir='ltr'><strong>dextram,</strong></span> <span class='ocrx_word' id='word_1_165' title='bbox 2868 1012 3053 1068; x_wconf 69' lang='lat' dir='ltr'><strong>haedos</strong></span> <span class='ocrx_word' id='word_1_166' title='bbox 3095 1013 3163 1068; x_wconf 88' lang='lat' dir='ltr'><strong>ad</strong></span> <span class='ocrx_word' id='word_1_167' title='bbox 3201 1012 3480 1069; x_wconf 86' lang='lat' dir='ltr'><strong>sinistram</strong></span> <span class='ocrx_word' id='word_1_168' title='bbox 3513 1032 3528 1068; x_wconf 93' lang='lat'><strong>:</strong></span> <span class='ocrx_word' id='word_1_169' title='bbox 3579 1013 3824 1082; x_wconf 77' lang='lat' dir='ltr'><strong>Mittite,</strong></span> 
     </span>
    </p>
   </div>
   <div class='ocr_carea' id='block_1_24' title="bbox 2223 1103 3825 1178">
    <p class='ocr_par' dir='ltr' id='par_1_24' title="bbox 2223 1103 3825 1178">
     <span class='ocr_line' id='line_1_24' title="bbox 2223 1103 3825 1178; baseline 0.002 -18"><span class='ocrx_word' id='word_1_170' title='bbox 2223 1105 2420 1175; x_wconf 91' lang='lat' dir='ltr'><strong>inquit,</strong></span> <span class='ocrx_word' id='word_1_171' title='bbox 2462 1103 2519 1159; x_wconf 85' lang='lat' dir='ltr'><strong>in</strong></span> <span class='ocrx_word' id='word_1_172' title='bbox 2557 1104 2830 1172; x_wconf 77' lang='lat' dir='ltr'><strong>dextram,</strong></span> <span class='ocrx_word' id='word_1_173' title='bbox 2872 1111 3132 1175; x_wconf 87' lang='lat' dir='ltr'><strong>tanquam</strong></span> <span class='ocrx_word' id='word_1_174' title='bbox 3176 1105 3422 1162; x_wconf 88' lang='lat' dir='ltr'><strong>diceret:</strong></span> <span class='ocrx_word' id='word_1_175' title='bbox 3468 1107 3538 1162; x_wconf 88' lang='lat' dir='ltr'><strong>Et</strong></span> <span class='ocrx_word' id='word_1_176' title='bbox 3571 1107 3686 1178; x_wconf 90' lang='lat' dir='ltr'><strong>jam</strong></span> <span class='ocrx_word' id='word_1_177' title='bbox 3730 1125 3825 1164; x_wconf 80' lang='lat' dir='ltr'><strong>re-</strong></span> 
     </span>
    </p>
   </div>
   <div class='ocr_carea' id='block_1_25' title="bbox 2223 1193 3823 1267">
    <p class='ocr_par' dir='ltr' id='par_1_25' title="bbox 2223 1193 3823 1267">
     <span class='ocr_line' id='line_1_25' title="bbox 2223 1193 3823 1267; baseline 0.001 -15"><span class='ocrx_word' id='word_1_178' title='bbox 2223 1195 2459 1262; x_wconf 81' lang='lat' dir='ltr'><strong>surrexi,</strong></span> <span class='ocrx_word' id='word_1_179' title='bbox 2502 1194 2799 1251; x_wconf 89' lang='lat' dir='ltr'><strong>Ecclesiam</strong></span> <span class='ocrx_word' id='word_1_180' title='bbox 2834 1195 2960 1251; x_wconf 94' lang='lat' dir='ltr'><strong>volo</strong></span> <span class='ocrx_word' id='word_1_181' title='bbox 2998 1193 3328 1267; x_wconf 81' lang='lat' dir='ltr'><strong>signiﬁcare,</strong></span> <span class='ocrx_word' id='word_1_182' title='bbox 3368 1211 3491 1267; x_wconf 72' lang='lat' dir='ltr'><strong>quae</strong></span> <span class='ocrx_word' id='word_1_183' title='bbox 3530 1205 3593 1252; x_wconf 92' lang='lat' dir='ltr'><strong>ut</strong></span> <span class='ocrx_word' id='word_1_184' title='bbox 3622 1199 3733 1253; x_wconf 91' lang='lat' dir='ltr'><strong>erit</strong></span> <span class='ocrx_word' id='word_1_185' title='bbox 3762 1199 3823 1254; x_wconf 87' lang='lat' dir='ltr'><strong>in</strong></span> 
     </span>
    </p>
   </div>
   <div class='ocr_carea' id='block_1_26' title="bbox 2223 1285 3821 1356">
    <p class='ocr_par' dir='ltr' id='par_1_26' title="bbox 2223 1285 3821 1356">
     <span class='ocr_line' id='line_1_26' title="bbox 2223 1285 3821 1356; baseline 0 -12"><span class='ocrx_word' id='word_1_186' title='bbox 2223 1286 2623 1344; x_wconf 89' lang='lat' dir='ltr'><strong>resurrectione</strong></span> <span class='ocrx_word' id='word_1_187' title='bbox 2660 1294 3019 1341; x_wconf 89' lang='lat' dir='ltr'><strong>mortuorum.</strong></span> <span class='ocrx_word' id='word_1_188' title='bbox 3061 1285 3139 1341; x_wconf 88' lang='lat' dir='ltr'><strong>lbi</strong></span> <span class='ocrx_word' id='word_1_189' title='bbox 3181 1286 3326 1342; x_wconf 88' lang='lat' dir='ltr'><strong>dicta</strong></span> <span class='ocrx_word' id='word_1_190' title='bbox 3365 1295 3450 1343; x_wconf 91' lang='lat' dir='ltr'><strong>est</strong></span> <span class='ocrx_word' id='word_1_191' title='bbox 3502 1289 3821 1356; x_wconf 84' lang='lat' dir='ltr'><strong>multitudo,</strong></span> 
     </span>
    </p>
   </div>
   <div class='ocr_carea' id='block_1_27' title="bbox 2223 1377 3818 1448">
    <p class='ocr_par' dir='ltr' id='par_1_27' title="bbox 2223 1377 3818 1448">
     <span class='ocr_line' id='line_1_27' title="bbox 2223 1377 3818 1448; baseline 0.001 -14"><span class='ocrx_word' id='word_1_192' title='bbox 2223 1378 2278 1434; x_wconf 89' lang='lat' dir='ltr'><strong>id</strong></span> <span class='ocrx_word' id='word_1_193' title='bbox 2298 1385 2400 1444; x_wconf 89' lang='lat' dir='ltr'><strong>est,</strong></span> <span class='ocrx_word' id='word_1_194' title='bbox 2426 1377 2480 1432; x_wconf 93' lang='lat' dir='ltr'><strong>in</strong></span> <span class='ocrx_word' id='word_1_195' title='bbox 2499 1377 2675 1448; x_wconf 90' lang='lat' dir='ltr'><strong>prima</strong></span> <span class='ocrx_word' id='word_1_196' title='bbox 2699 1377 3020 1448; x_wconf 87' lang='lat' dir='ltr'><strong>piscatione,</strong></span> <span class='ocrx_word' id='word_1_197' title='bbox 3061 1377 3157 1433; x_wconf 90' lang='lat' dir='ltr'><strong>sed</strong></span> <span class='ocrx_word' id='word_1_198' title='bbox 3183 1392 3292 1434; x_wconf 90' lang='lat' dir='ltr'><strong>non</strong></span> <span class='ocrx_word' id='word_1_199' title='bbox 3317 1385 3502 1434; x_wconf 90' lang='lat' dir='ltr'><strong>certus</strong></span> <span class='ocrx_word' id='word_1_200' title='bbox 3528 1395 3818 1436; x_wconf 90' lang='lat' dir='ltr'><strong>numerus.</strong></span> 
     </span>
    </p>
   </div>
   <div class='ocr_carea' id='block_1_28' title="bbox 2222 1470 3824 1543">
    <p class='ocr_par' dir='ltr' id='par_1_28' title="bbox 2222 1470 3824 1543">
     <span class='ocr_line' id='line_1_28' title="bbox 2222 1470 3824 1543; baseline 0.001 -15"><span class='ocrx_word' id='word_1_201' title='bbox 2222 1471 2282 1528; x_wconf 92' lang='lat' dir='ltr'><strong>ln</strong></span> <span class='ocrx_word' id='word_1_202' title='bbox 2330 1472 2568 1528; x_wconf 87' lang='lat' dir='ltr'><strong>secunda</strong></span> <span class='ocrx_word' id='word_1_203' title='bbox 2616 1479 2797 1527; x_wconf 91' lang='lat' dir='ltr'><strong>autem</strong></span> <span class='ocrx_word' id='word_1_204' title='bbox 2835 1479 2893 1526; x_wconf 92' lang='lat' dir='ltr'><strong>et</strong></span> <span class='ocrx_word' id='word_1_205' title='bbox 2931 1470 3220 1527; x_wconf 89' lang='lat' dir='ltr'><strong>multitudo</strong></span> <span class='ocrx_word' id='word_1_206' title='bbox 3267 1480 3324 1527; x_wconf 90' lang='lat' dir='ltr'><strong>et</strong></span> <span class='ocrx_word' id='word_1_207' title='bbox 3363 1473 3718 1543; x_wconf 87' lang='lat' dir='ltr'><strong>magnitudo,</strong></span> <span class='ocrx_word' id='word_1_208' title='bbox 3765 1483 3824 1530; x_wconf 88' lang='lat' dir='ltr'><strong>et</strong></span> 
     </span>
    </p>
   </div>
   <div class='ocr_carea' id='block_1_29' title="bbox 2225 1562 3824 1636">
    <p class='ocr_par' dir='ltr' id='par_1_29' title="bbox 2225 1562 3824 1636">
     <span class='ocr_line' id='line_1_29' title="bbox 2225 1562 3824 1636; baseline 0.001 -16"><span class='ocrx_word' id='word_1_209' title='bbox 2225 1571 2407 1620; x_wconf 91' lang='lat' dir='ltr'><strong>certus</strong></span> <span class='ocrx_word' id='word_1_210' title='bbox 2445 1563 2620 1619; x_wconf 92' lang='lat' dir='ltr'><strong>dictus</strong></span> <span class='ocrx_word' id='word_1_211' title='bbox 2654 1570 2741 1619; x_wconf 90' lang='lat' dir='ltr'><strong>est</strong></span> <span class='ocrx_word' id='word_1_212' title='bbox 2775 1577 3053 1619; x_wconf 89' lang='lat' dir='ltr'><strong>numerus.</strong></span> <span class='ocrx_word' id='word_1_213' title='bbox 3101 1562 3259 1620; x_wconf 83' lang='lat' dir='ltr'><strong>Modo</strong></span> <span class='ocrx_word' id='word_1_214' title='bbox 3298 1573 3592 1636; x_wconf 88' lang='lat' dir='ltr'><strong>antequam</strong></span> <span class='ocrx_word' id='word_1_215' title='bbox 3635 1566 3824 1623; x_wconf 83' lang='lat' dir='ltr'><strong>veniat</strong></span> 
     </span>
    </p>
   </div>
   <div class='ocr_carea' id='block_1_30' title="bbox 2224 1653 3821 1724">
    <p class='ocr_par' dir='ltr' id='par_1_30' title="bbox 2224 1653 3821 1724">
     <span class='ocr_line' id='line_1_30' title="bbox 2224 1653 3821 1724; baseline 0.003 -14"><span class='ocrx_word' id='word_1_216' title='bbox 2224 1653 2550 1711; x_wconf 90' lang='lat' dir='ltr'><strong>resurrectio</strong></span> <span class='ocrx_word' id='word_1_217' title='bbox 2591 1660 2649 1710; x_wconf 92' lang='lat' dir='ltr'><strong>et</strong></span> <span class='ocrx_word' id='word_1_218' title='bbox 2687 1661 3008 1724; x_wconf 88' lang='lat' dir='ltr'><strong>separentur</strong></span> <span class='ocrx_word' id='word_1_219' title='bbox 3043 1653 3173 1710; x_wconf 89' lang='lat' dir='ltr'><strong>boni</strong></span> <span class='ocrx_word' id='word_1_220' title='bbox 3214 1670 3248 1710; x_wconf 90' lang='lat' dir='ltr'><strong>a</strong></span> <span class='ocrx_word' id='word_1_221' title='bbox 3287 1655 3481 1723; x_wconf 87' lang='lat' dir='ltr'><strong>malis,</strong></span> <span class='ocrx_word' id='word_1_222' title='bbox 3531 1656 3663 1712; x_wconf 91' lang='lat' dir='ltr'><strong>illud</strong></span> <span class='ocrx_word' id='word_1_223' title='bbox 3712 1659 3821 1715; x_wconf 92' lang='lat' dir='ltr'><strong>im-</strong></span> 
     </span>
    </p>
   </div>
   <div class='ocr_carea' id='block_1_31' title="bbox 2223 1743 3820 1816">
    <p class='ocr_par' dir='ltr' id='par_1_31' title="bbox 2223 1743 3820 1816">
     <span class='ocr_line' id='line_1_31' title="bbox 2223 1743 3820 1816; baseline 0.003 -16"><span class='ocrx_word' id='word_1_224' title='bbox 2223 1744 2404 1816; x_wconf 87' lang='lat' dir='ltr'><strong>pletur</strong></span> <span class='ocrx_word' id='word_1_225' title='bbox 2421 1743 2564 1816; x_wconf 91' lang='lat' dir='ltr'><strong>quod</strong></span> <span class='ocrx_word' id='word_1_226' title='bbox 2589 1744 2666 1800; x_wconf 88' lang='lat' dir='ltr'><strong>ait</strong></span> <span class='ocrx_word' id='word_1_227' title='bbox 2685 1743 2958 1815; x_wconf 85' lang='lat' dir='ltr'><strong>Propheta</strong></span> <span class='ocrx_word' id='word_1_228' title='bbox 2981 1762 2995 1799; x_wconf 95' lang='lat'><strong>:</strong></span> <span class='ocrx_word' id='word_1_229' title='bbox 3022 1745 3346 1802; x_wconf 80' lang='lat' dir='ltr'><strong>Annuutiaui</strong></span> <span class='ocrx_word' id='word_1_230' title='bbox 3367 1755 3414 1802; x_wconf 85' lang='lat' dir='ltr'><strong>et</strong></span> <span class='ocrx_word' id='word_1_231' title='bbox 3437 1746 3648 1804; x_wconf 84' lang='lat' dir='ltr'><strong>locutus</strong></span> <span class='ocrx_word' id='word_1_232' title='bbox 3673 1767 3820 1816; x_wconf 83' lang='lat' dir='ltr'><strong>sum;</strong></span> 
     </span>
    </p>
   </div>
   <div class='ocr_carea' id='block_1_32' title="bbox 2227 1834 3822 1910">
    <p class='ocr_par' dir='ltr' id='par_1_32' title="bbox 2227 1834 3822 1910">
     <span class='ocr_line' id='line_1_32' title="bbox 2227 1834 3822 1910; baseline 0.004 -21"><span class='ocrx_word' id='word_1_233' title='bbox 2227 1834 2564 1908; x_wconf 80' lang='lat' dir='ltr'><strong>multiplicati</strong></span> <span class='ocrx_word' id='word_1_234' title='bbox 2584 1843 2704 1891; x_wconf 86' lang='lat' dir='ltr'><strong>sunt</strong></span> <span class='ocrx_word' id='word_1_235' title='bbox 2730 1851 2888 1907; x_wconf 86' lang='lat' dir='ltr'><strong>super</strong></span> <span class='ocrx_word' id='word_1_236' title='bbox 2914 1852 3188 1892; x_wconf 81' lang='lat' dir='ltr'><strong>numerum</strong></span> <span class='ocrx_word' id='word_1_237' title='bbox 3219 1835 3393 1910; x_wconf 87' lang='lat' dir='ltr'><strong>(Psal.</strong></span> <span class='ocrx_word' id='word_1_238' title='bbox 3422 1838 3636 1910; x_wconf 81' lang='lat' dir='ltr'><strong>xxxix).</strong></span> <span class='ocrx_word' id='word_1_239' title='bbox 3677 1838 3822 1907; x_wconf 89' lang='lat' dir='ltr'><strong>Quid</strong></span> 
     </span>
    </p>
   </div>
   <div class='ocr_carea' id='block_1_33' title="bbox 550 1916 3823 2006">
    <p class='ocr_par' dir='ltr' id='par_1_33' title="bbox 550 1916 3823 2006">
     <span class='ocr_line' id='line_1_33' title="bbox 550 1916 3823 2006; baseline -0.002 -16"><span class='ocrx_word' id='word_1_240' title='bbox 550 1947 767 2006; x_wconf 91' lang='lat' dir='ltr'><strong>quoque</strong></span> <span class='ocrx_word' id='word_1_241' title='bbox 807 1934 1039 1991; x_wconf 90' lang='lat' dir='ltr'><strong>lectione</strong></span> <span class='ocrx_word' id='word_1_242' title='bbox 1092 1949 1201 1990; x_wconf 91' lang='lat' dir='ltr'><strong>non</strong></span> <span class='ocrx_word' id='word_1_243' title='bbox 1251 1933 1564 2004; x_wconf 84' lang='lat' dir='ltr'><strong>discrepat&#39;,</strong></span> <span class='ocrx_word' id='word_1_244' title='bbox 1625 1947 1751 1986; x_wconf 91' lang='lat' dir='ltr'><strong>nam</strong></span> <span class='ocrx_word' id='word_1_245' title='bbox 1791 1931 1994 2002; x_wconf 86' lang='lat' dir='ltr'><strong>piscem</strong></span> <span class='ocrx_word' id='word_1_246' title='bbox 2034 1945 2128 1986; x_wconf 90' lang='lat' dir='ltr'><strong>co-</strong></span> <span class='ocrx_word' id='word_1_247' title='bbox 2155 1916 2204 1977; x_wconf 84' lang='grc' dir='ltr'><strong>Β</strong></span> <span class='ocrx_word' id='word_1_248' title='bbox 2229 1934 2316 1982; x_wconf 85' lang='grc' dir='ltr'><strong>εει</strong></span> <span class='ocrx_word' id='word_1_249' title='bbox 2373 1926 2726 1982; x_wconf 77' lang='lat' dir='ltr'><strong>annuntiaui?</strong></span> <span class='ocrx_word' id='word_1_250' title='bbox 2774 1925 2912 1981; x_wconf 89' lang='lat' dir='ltr'><strong>retia</strong></span> <span class='ocrx_word' id='word_1_251' title='bbox 2962 1925 3108 1982; x_wconf 89' lang='lat' dir='ltr'><strong>misi.</strong></span> <span class='ocrx_word' id='word_1_252' title='bbox 3162 1925 3230 1981; x_wconf 89' lang='lat' dir='ltr'><strong>Et</strong></span> <span class='ocrx_word' id='word_1_253' title='bbox 3280 1927 3410 1999; x_wconf 92' lang='lat' dir='ltr'><strong>quid</strong></span> <span class='ocrx_word' id='word_1_254' title='bbox 3476 1927 3823 2000; x_wconf 78' lang='lat' dir='ltr'><strong>multiplicati</strong></span> 
     </span>
    </p>
   </div>
   <div class='ocr_carea' id='block_1_34' title="bbox 545 2022 2128 2098">
    <p class='ocr_par' dir='ltr' id='par_1_34' title="bbox 545 2022 2128 2098">
     <span class='ocr_line' id='line_1_34' title="bbox 545 2022 2128 2098; baseline -0.002 -18"><span class='ocrx_word' id='word_1_255' title='bbox 545 2025 718 2081; x_wconf 85' lang='lat' dir='ltr'><strong>medit</strong></span> <span class='ocrx_word' id='word_1_256' title='bbox 753 2035 810 2080; x_wconf 93' lang='lat' dir='ltr'><strong>et</strong></span> <span class='ocrx_word' id='word_1_257' title='bbox 836 2039 1032 2098; x_wconf 89' lang='lat' dir='ltr'><strong>panem</strong></span> <span class='ocrx_word' id='word_1_258' title='bbox 1055 2025 1148 2097; x_wconf 90' lang='lat' dir='ltr'><strong>qui</strong></span> <span class='ocrx_word' id='word_1_259' title='bbox 1182 2025 1328 2081; x_wconf 92' lang='lat' dir='ltr'><strong>enim</strong></span> <span class='ocrx_word' id='word_1_260' title='bbox 1367 2023 1538 2079; x_wconf 86' lang='lat' dir='ltr'><strong>assari</strong></span> <span class='ocrx_word' id='word_1_261' title='bbox 1572 2031 1633 2078; x_wconf 93' lang='lat' dir='ltr'><strong>ut</strong></span> <span class='ocrx_word' id='word_1_262' title='bbox 1659 2022 1824 2093; x_wconf 90' lang='lat' dir='ltr'><strong>piscis</strong></span> <span class='ocrx_word' id='word_1_263' title='bbox 1858 2022 2033 2093; x_wconf 88' lang='lat' dir='ltr'><strong>potuit</strong></span> <span class='ocrx_word' id='word_1_264' title='bbox 2060 2037 2128 2077; x_wconf 87' lang='lat' dir='ltr'><strong>ex</strong></span> 
     </span>
    </p>
   </div>
   <div class='ocr_carea' id='block_1_35' title="bbox 543 2115 2125 2192">
    <p class='ocr_par' dir='ltr' id='par_1_35' title="bbox 543 2115 2125 2192">
     <span class='ocr_line' id='line_1_35' title="bbox 543 2115 2125 2192; baseline -0.001 -18"><span class='ocrx_word' id='word_1_265' title='bbox 543 2117 909 2187; x_wconf 74' lang='lat' dir='ltr'><strong>humanitate,</strong></span> <span class='ocrx_word' id='word_1_266' title='bbox 931 2134 1071 2192; x_wconf 89' lang='lat' dir='ltr'><strong>pane</strong></span> <span class='ocrx_word' id='word_1_267' title='bbox 1109 2133 1209 2175; x_wconf 90' lang='lat' dir='ltr'><strong>nos</strong></span> <span class='ocrx_word' id='word_1_268' title='bbox 1248 2117 1422 2173; x_wconf 84' lang='lat' dir='ltr'><strong>reficit</strong></span> <span class='ocrx_word' id='word_1_269' title='bbox 1454 2132 1521 2172; x_wconf 81' lang='lat' dir='ltr'><strong>ex</strong></span> <span class='ocrx_word' id='word_1_270' title='bbox 1560 2115 1863 2182; x_wconf 87' lang='lat' dir='ltr'><strong>divinitate,</strong></span> <span class='ocrx_word' id='word_1_271' title='bbox 1891 2117 1982 2187; x_wconf 88' lang='lat' dir='ltr'><strong>qui</strong></span> <span class='ocrx_word' id='word_1_272' title='bbox 2012 2117 2125 2172; x_wconf 88' lang='lat' dir='ltr'><strong>ait:</strong></span> 
     </span>
    </p>
   </div>
   <div class='ocr_carea' id='block_1_36' title="bbox 545 2206 2125 2282">
    <p class='ocr_par' dir='ltr' id='par_1_36' title="bbox 545 2206 2125 2282">
     <span class='ocr_line' id='line_1_36' title="bbox 545 2206 2125 2282; baseline -0.001 -18"><span class='ocrx_word' id='word_1_273' title='bbox 545 2207 667 2280; x_wconf 82' lang='lat' dir='ltr'><strong>Ego</strong></span> <span class='ocrx_word' id='word_1_274' title='bbox 693 2226 808 2264; x_wconf 86' lang='lat' dir='ltr'><strong>sum</strong></span> <span class='ocrx_word' id='word_1_275' title='bbox 842 2212 998 2282; x_wconf 84' lang='lat' dir='ltr'><strong>panis</strong></span> <span class='ocrx_word' id='word_1_276' title='bbox 1021 2211 1167 2266; x_wconf 82' lang='lat' dir='ltr'><strong>uiuus</strong></span> <span class='ocrx_word' id='word_1_277' title='bbox 1192 2209 1283 2282; x_wconf 86' lang='lat' dir='ltr'><strong>qui</strong></span> <span class='ocrx_word' id='word_1_278' title='bbox 1305 2209 1370 2263; x_wconf 88' lang='lat' dir='ltr'><strong>de</strong></span> <span class='ocrx_word' id='word_1_279' title='bbox 1399 2207 1524 2264; x_wconf 74' lang='lat' dir='ltr'><strong>caelo</strong></span> <span class='ocrx_word' id='word_1_280' title='bbox 1553 2207 1796 2262; x_wconf 77' lang='lat' dir='ltr'><strong>descendi</strong></span> <span class='ocrx_word' id='word_1_281' title='bbox 1819 2206 2002 2280; x_wconf 86' lang='lat' dir='ltr'><strong>(Joan.</strong></span> <span class='ocrx_word' id='word_1_282' title='bbox 2025 2207 2125 2279; x_wconf 73' lang='grc' dir='ltr'><strong>γι).</strong></span> 
     </span>
    </p>
   </div>
   <div class='ocr_carea' id='block_1_37' title="bbox 541 2297 2130 2372">
    <p class='ocr_par' dir='ltr' id='par_1_37' title="bbox 541 2297 2130 2372">
     <span class='ocr_line' id='line_1_37' title="bbox 541 2297 2130 2372; baseline 0 -17"><span class='ocrx_word' id='word_1_283' title='bbox 541 2297 745 2356; x_wconf 73' lang='lat' dir='ltr'><strong>Assum</strong></span> <span class='ocrx_word' id='word_1_284' title='bbox 785 2315 917 2357; x_wconf 91' lang='lat' dir='ltr'><strong>vero</strong></span> <span class='ocrx_word' id='word_1_285' title='bbox 959 2302 1165 2372; x_wconf 86' lang='lat' dir='ltr'><strong>piscem</strong></span> <span class='ocrx_word' id='word_1_286' title='bbox 1211 2300 1447 2358; x_wconf 90' lang='lat' dir='ltr'><strong>comedit</strong></span> <span class='ocrx_word' id='word_1_287' title='bbox 1488 2309 1546 2357; x_wconf 91' lang='lat' dir='ltr'><strong>et</strong></span> <span class='ocrx_word' id='word_1_288' title='bbox 1592 2313 1787 2372; x_wconf 91' lang='lat' dir='ltr'><strong>panem</strong></span> <span class='ocrx_word' id='word_1_289' title='bbox 1815 2340 1830 2366; x_wconf 96' lang='lat'><strong>,</strong></span> <span class='ocrx_word' id='word_1_290' title='bbox 1892 2307 1954 2354; x_wconf 91' lang='lat' dir='ltr'><strong>ut</strong></span> <span class='ocrx_word' id='word_1_291' title='bbox 2010 2299 2130 2370; x_wconf 90' lang='lat' dir='ltr'><strong>ipso</strong></span> 
     </span>
    </p>
   </div>
   <div class='ocr_carea' id='block_1_38' title="bbox 542 2388 2130 2461">
    <p class='ocr_par' dir='ltr' id='par_1_38' title="bbox 542 2388 2130 2461">
     <span class='ocr_line' id='line_1_38' title="bbox 542 2388 2130 2461; baseline -0.003 -13"><span class='ocrx_word' id='word_1_292' title='bbox 542 2406 648 2448; x_wconf 84' lang='lat' dir='ltr'><strong>suo</strong></span> <span class='ocrx_word' id='word_1_293' title='bbox 689 2391 813 2449; x_wconf 91' lang='lat' dir='ltr'><strong>cibo</strong></span> <span class='ocrx_word' id='word_1_294' title='bbox 853 2393 1011 2450; x_wconf 90' lang='lat' dir='ltr'><strong>nobis</strong></span> <span class='ocrx_word' id='word_1_295' title='bbox 1051 2393 1398 2457; x_wconf 86' lang='lat' dir='ltr'><strong>ostenderet,</strong></span> <span class='ocrx_word' id='word_1_296' title='bbox 1453 2391 1579 2461; x_wconf 90' lang='lat' dir='ltr'><strong>quia</strong></span> <span class='ocrx_word' id='word_1_297' title='bbox 1619 2397 1676 2446; x_wconf 89' lang='lat' dir='ltr'><strong>et</strong></span> <span class='ocrx_word' id='word_1_298' title='bbox 1713 2388 2020 2460; x_wconf 88' lang='lat' dir='ltr'><strong>passionem</strong></span> <span class='ocrx_word' id='word_1_299' title='bbox 2059 2405 2130 2445; x_wconf 85' lang='lat' dir='ltr'><strong>ex</strong></span> 
     </span>
    </p>
   </div>
   <div class='ocr_carea' id='block_1_39' title="bbox 543 2481 2127 2558">
    <p class='ocr_par' dir='ltr' id='par_1_39' title="bbox 543 2481 2127 2558">
     <span class='ocr_line' id='line_1_39' title="bbox 543 2481 2127 2558; baseline -0.001 -18"><span class='ocrx_word' id='word_1_300' title='bbox 543 2492 734 2542; x_wconf 87' lang='lat' dir='ltr'><strong>nostra</strong></span> <span class='ocrx_word' id='word_1_301' title='bbox 780 2485 1116 2542; x_wconf 88' lang='lat' dir='ltr'><strong>humanitate</strong></span> <span class='ocrx_word' id='word_1_302' title='bbox 1157 2485 1398 2558; x_wconf 88' lang='lat' dir='ltr'><strong>pertulit,</strong></span> <span class='ocrx_word' id='word_1_303' title='bbox 1442 2491 1499 2539; x_wconf 87' lang='lat' dir='ltr'><strong>et</strong></span> <span class='ocrx_word' id='word_1_304' title='bbox 1537 2481 1993 2540; x_wconf 87' lang='lat' dir='ltr'><strong>resurrectionem</strong></span> <span class='ocrx_word' id='word_1_305' title='bbox 2025 2496 2127 2538; x_wconf 83' lang='lat' dir='ltr'><strong>no-</strong></span> 
     </span>
    </p>
   </div>
   <div class='ocr_carea' id='block_1_40' title="bbox 539 2577 1651 2649">
    <p class='ocr_par' dir='ltr' id='par_1_40' title="bbox 539 2577 1651 2649">
     <span class='ocr_line' id='line_1_40' title="bbox 539 2577 1651 2649; baseline -0.003 -16"><span class='ocrx_word' id='word_1_306' title='bbox 539 2586 718 2634; x_wconf 80' lang='lat' dir='ltr'><strong>stram</strong></span> <span class='ocrx_word' id='word_1_307' title='bbox 756 2593 823 2633; x_wconf 91' lang='lat' dir='ltr'><strong>ex</strong></span> <span class='ocrx_word' id='word_1_308' title='bbox 863 2593 963 2634; x_wconf 92' lang='lat' dir='ltr'><strong>sua</strong></span> <span class='ocrx_word' id='word_1_309' title='bbox 1003 2578 1282 2634; x_wconf 88' lang='lat' dir='ltr'><strong>divinitate</strong></span> <span class='ocrx_word' id='word_1_310' title='bbox 1319 2577 1651 2649; x_wconf 88' lang='lat' dir='ltr'><strong>procuravit.</strong></span> 
     </span>
    </p>
   </div>
   <div class='ocr_carea' id='block_1_41' title="bbox 622 2665 2126 2739">
    <p class='ocr_par' dir='ltr' id='par_1_41' title="bbox 622 2665 2126 2739">
     <span class='ocr_line' id='line_1_41' title="bbox 622 2665 2126 2739; baseline -0.001 -17"><span class='ocrx_word' id='word_1_311' title='bbox 622 2667 738 2723; x_wconf 82' lang='lat' dir='ltr'><strong>Hoc</strong></span> <span class='ocrx_word' id='word_1_312' title='bbox 765 2668 881 2738; x_wconf 85' lang='lat' dir='ltr'><strong>jam</strong></span> <span class='ocrx_word' id='word_1_313' title='bbox 912 2669 1065 2724; x_wconf 90' lang='lat' dir='ltr'><strong>tertio</strong></span> <span class='ocrx_word' id='word_1_314' title='bbox 1087 2668 1441 2739; x_wconf 83' lang='lat' dir='ltr'><strong>manifestavit</strong></span> <span class='ocrx_word' id='word_1_315' title='bbox 1469 2684 1523 2722; x_wconf 90' lang='lat' dir='ltr'><strong>se</strong></span> <span class='ocrx_word' id='word_1_316' title='bbox 1543 2665 1700 2722; x_wconf 77' lang='lat' dir='ltr'><strong>Iesus</strong></span> <span class='ocrx_word' id='word_1_317' title='bbox 1723 2665 1994 2738; x_wconf 83' lang='lat' dir='ltr'><strong>discipulis</strong></span> <span class='ocrx_word' id='word_1_318' title='bbox 2017 2665 2126 2721; x_wconf 83' lang='lat' dir='ltr'><strong>suis</strong></span> 
     </span>
    </p>
   </div>
   <div class='ocr_carea' id='block_1_42' title="bbox 538 2757 2131 2829">
    <p class='ocr_par' dir='ltr' id='par_1_42' title="bbox 538 2757 2131 2829">
     <span class='ocr_line' id='line_1_42' title="bbox 538 2757 2131 2829; baseline -0.001 -15"><span class='ocrx_word' id='word_1_319' title='bbox 538 2776 668 2814; x_wconf 74' lang='lat' dir='ltr'><strong>eum</strong></span> <span class='ocrx_word' id='word_1_320' title='bbox 705 2761 1091 2824; x_wconf 87' lang='lat' dir='ltr'><strong>resurrexisset,</strong></span> <span class='ocrx_word' id='word_1_321' title='bbox 1118 2766 1226 2814; x_wconf 88' lang='lat' dir='ltr'><strong>etc.</strong></span> <span class='ocrx_word' id='word_1_322' title='bbox 1267 2757 1382 2814; x_wconf 88' lang='lat' dir='ltr'><strong>Hoc</strong></span> <span class='ocrx_word' id='word_1_323' title='bbox 1403 2773 1511 2814; x_wconf 91' lang='lat' dir='ltr'><strong>non</strong></span> <span class='ocrx_word' id='word_1_324' title='bbox 1539 2757 1606 2812; x_wconf 93' lang='lat' dir='ltr'><strong>ad</strong></span> <span class='ocrx_word' id='word_1_325' title='bbox 1631 2759 1774 2829; x_wconf 91' lang='lat' dir='ltr'><strong>ipsas</strong></span> <span class='ocrx_word' id='word_1_326' title='bbox 1796 2759 2131 2814; x_wconf 88' lang='lat' dir='ltr'><strong>demonstra-</strong></span> 
     </span>
    </p>
   </div>
   <div class='ocr_carea' id='block_1_43' title="bbox 540 2853 2130 2924">
    <p class='ocr_par' dir='ltr' id='par_1_43' title="bbox 540 2853 2130 2924">
     <span class='ocr_line' id='line_1_43' title="bbox 540 2853 2130 2924; baseline 0.003 -18"><span class='ocrx_word' id='word_1_327' title='bbox 540 2853 743 2919; x_wconf 66' lang='lat' dir='ltr'><strong>tiones,</strong></span> <span class='ocrx_word' id='word_1_328' title='bbox 769 2853 864 2910; x_wconf 90' lang='lat' dir='ltr'><strong>sed</strong></span> <span class='ocrx_word' id='word_1_329' title='bbox 895 2853 962 2909; x_wconf 89' lang='lat' dir='ltr'><strong>ad</strong></span> <span class='ocrx_word' id='word_1_330' title='bbox 999 2854 1114 2910; x_wconf 90' lang='lat' dir='ltr'><strong>dies</strong></span> <span class='ocrx_word' id='word_1_331' title='bbox 1150 2854 1355 2911; x_wconf 87' lang='lat' dir='ltr'><strong>referre</strong></span> <span class='ocrx_word' id='word_1_332' title='bbox 1385 2853 1668 2920; x_wconf 89' lang='lat' dir='ltr'><strong>debemus,</strong></span> <span class='ocrx_word' id='word_1_333' title='bbox 1699 2855 1802 2909; x_wconf 90' lang='lat' dir='ltr'><strong>hoc</strong></span> <span class='ocrx_word' id='word_1_334' title='bbox 1836 2860 1920 2910; x_wconf 90' lang='lat' dir='ltr'><strong>est</strong></span> <span class='ocrx_word' id='word_1_335' title='bbox 1953 2854 2130 2924; x_wconf 91' lang='lat' dir='ltr'><strong>primo</strong></span> 
     </span>
    </p>
   </div>
   <div class='ocr_carea' id='block_1_44' title="bbox 535 2944 2129 3017">
    <p class='ocr_par' dir='ltr' id='par_1_44' title="bbox 535 2944 2129 3017">
     <span class='ocr_line' id='line_1_44' title="bbox 535 2944 2129 3017; baseline 0.002 -18"><span class='ocrx_word' id='word_1_336' title='bbox 535 2944 671 3006; x_wconf 77' lang='lat' dir='ltr'><strong>die,</strong></span> <span class='ocrx_word' id='word_1_337' title='bbox 726 2960 852 3000; x_wconf 90' lang='lat' dir='ltr'><strong>cum</strong></span> <span class='ocrx_word' id='word_1_338' title='bbox 889 2945 1232 3012; x_wconf 84' lang='lat' dir='ltr'><strong>resurrexit,</strong></span> <span class='ocrx_word' id='word_1_339' title='bbox 1288 2953 1344 3001; x_wconf 90' lang='lat' dir='ltr'><strong>et</strong></span> <span class='ocrx_word' id='word_1_340' title='bbox 1381 2953 1505 3017; x_wconf 90' lang='lat' dir='ltr'><strong>post</strong></span> <span class='ocrx_word' id='word_1_341' title='bbox 1543 2945 1659 3000; x_wconf 90' lang='lat' dir='ltr'><strong>dies</strong></span> <span class='ocrx_word' id='word_1_342' title='bbox 1698 2953 1822 3001; x_wconf 91' lang='lat' dir='ltr'><strong>octo</strong></span> <span class='ocrx_word' id='word_1_343' title='bbox 1846 2985 1861 3011; x_wconf 93' lang='lat'><strong>,</strong></span> <span class='ocrx_word' id='word_1_344' title='bbox 1915 2945 2129 3016; x_wconf 91' lang='lat' dir='ltr'><strong>quando</strong></span> 
     </span>
    </p>
   </div>
   <div class='ocr_carea' id='block_1_45' title="bbox 538 3033 2130 3104">
    <p class='ocr_par' dir='ltr' id='par_1_45' title="bbox 538 3033 2130 3104">
     <span class='ocr_line' id='line_1_45' title="bbox 538 3033 2130 3104; baseline 0.003 -17"><span class='ocrx_word' id='word_1_345' title='bbox 538 3033 842 3104; x_wconf 79' lang='lat' dir='ltr'><strong>discipulus</strong></span> <span class='ocrx_word' id='word_1_346' title='bbox 887 3033 1124 3091; x_wconf 88' lang='lat' dir='ltr'><strong>Thomas</strong></span> <span class='ocrx_word' id='word_1_347' title='bbox 1163 3034 1336 3102; x_wconf 87' lang='lat' dir='ltr'><strong>vidit,</strong></span> <span class='ocrx_word' id='word_1_348' title='bbox 1384 3043 1442 3090; x_wconf 89' lang='lat' dir='ltr'><strong>et</strong></span> <span class='ocrx_word' id='word_1_349' title='bbox 1483 3034 1755 3101; x_wconf 90' lang='lat' dir='ltr'><strong>credidit,</strong></span> <span class='ocrx_word' id='word_1_350' title='bbox 1801 3042 1858 3090; x_wconf 92' lang='lat' dir='ltr'><strong>et</strong></span> <span class='ocrx_word' id='word_1_351' title='bbox 1894 3034 2000 3091; x_wconf 92' lang='lat' dir='ltr'><strong>hoc</strong></span> <span class='ocrx_word' id='word_1_352' title='bbox 2043 3035 2130 3091; x_wconf 92' lang='lat' dir='ltr'><strong>die</strong></span> 
     </span>
    </p>
   </div>
   <div class='ocr_carea' id='block_1_46' title="bbox 539 3126 2129 3201">
    <p class='ocr_par' dir='ltr' id='par_1_46' title="bbox 539 3126 2129 3201">
     <span class='ocr_line' id='line_1_46' title="bbox 539 3126 2129 3201; baseline 0.001 -19"><span class='ocrx_word' id='word_1_353' title='bbox 539 3126 764 3198; x_wconf 85' lang='lat' dir='ltr'><strong>quando</strong></span> <span class='ocrx_word' id='word_1_354' title='bbox 800 3128 904 3184; x_wconf 88' lang='lat' dir='ltr'><strong>hoc</strong></span> <span class='ocrx_word' id='word_1_355' title='bbox 933 3129 998 3184; x_wconf 93' lang='lat' dir='ltr'><strong>de</strong></span> <span class='ocrx_word' id='word_1_356' title='bbox 1032 3128 1273 3201; x_wconf 90' lang='lat' dir='ltr'><strong>piscibus</strong></span> <span class='ocrx_word' id='word_1_357' title='bbox 1311 3127 1461 3194; x_wconf 88' lang='lat' dir='ltr'><strong>fecit,</strong></span> <span class='ocrx_word' id='word_1_358' title='bbox 1487 3135 1610 3200; x_wconf 91' lang='lat' dir='ltr'><strong>post</strong></span> <span class='ocrx_word' id='word_1_359' title='bbox 1640 3136 1773 3199; x_wconf 91' lang='lat' dir='ltr'><strong>quot</strong></span> <span class='ocrx_word' id='word_1_360' title='bbox 1805 3134 1986 3184; x_wconf 88' lang='lat' dir='ltr'><strong>autem</strong></span> <span class='ocrx_word' id='word_1_361' title='bbox 2015 3127 2129 3184; x_wconf 91' lang='lat' dir='ltr'><strong>dies</strong></span> 
     </span>
    </p>
   </div>
   <div class='ocr_carea' id='block_1_47' title="bbox 539 3221 2127 3293">
    <p class='ocr_par' dir='ltr' id='par_1_47' title="bbox 539 3221 2127 3293">
     <span class='ocr_line' id='line_1_47' title="bbox 539 3221 2127 3293; baseline -0.001 -15"><span class='ocrx_word' id='word_1_362' title='bbox 539 3221 655 3278; x_wconf 67' lang='lat' dir='ltr'><strong>‘hoc</strong></span> <span class='ocrx_word' id='word_1_363' title='bbox 691 3221 908 3290; x_wconf 89' lang='lat' dir='ltr'><strong>fecerit,</strong></span> <span class='ocrx_word' id='word_1_364' title='bbox 950 3223 1042 3280; x_wconf 80' lang='lat' dir='ltr'><strong>hic</strong></span> <span class='ocrx_word' id='word_1_365' title='bbox 1077 3223 1277 3280; x_wconf 89' lang='lat' dir='ltr'><strong>dictum</strong></span> <span class='ocrx_word' id='word_1_366' title='bbox 1317 3237 1425 3279; x_wconf 92' lang='lat' dir='ltr'><strong>non</strong></span> <span class='ocrx_word' id='word_1_367' title='bbox 1465 3230 1580 3290; x_wconf 87' lang='lat' dir='ltr'><strong>est,</strong></span> <span class='ocrx_word' id='word_1_368' title='bbox 1620 3237 1747 3278; x_wconf 91' lang='lat' dir='ltr'><strong>nam</strong></span> <span class='ocrx_word' id='word_1_369' title='bbox 1789 3223 1907 3293; x_wconf 89' lang='lat' dir='ltr'><strong>ipso</strong></span> <span class='ocrx_word' id='word_1_370' title='bbox 1948 3221 2127 3292; x_wconf 84' lang='lat' dir='ltr'><strong>primo</strong></span> 
     </span>
    </p>
   </div>
   <div class='ocr_carea' id='block_1_48' title="bbox 541 3312 2128 3385">
    <p class='ocr_par' dir='ltr' id='par_1_48' title="bbox 541 3312 2128 3385">
     <span class='ocr_line' id='line_1_48' title="bbox 541 3312 2128 3385; baseline -0.001 -17"><span class='ocrx_word' id='word_1_371' title='bbox 541 3313 635 3369; x_wconf 92' lang='lat' dir='ltr'><strong>die</strong></span> <span class='ocrx_word' id='word_1_372' title='bbox 673 3329 780 3369; x_wconf 93' lang='lat' dir='ltr'><strong>non</strong></span> <span class='ocrx_word' id='word_1_373' title='bbox 824 3314 989 3371; x_wconf 89' lang='lat' dir='ltr'><strong>semel</strong></span> <span class='ocrx_word' id='word_1_374' title='bbox 1027 3315 1175 3370; x_wconf 89' lang='lat' dir='ltr'><strong>visus</strong></span> <span class='ocrx_word' id='word_1_375' title='bbox 1218 3321 1325 3382; x_wconf 91' lang='lat' dir='ltr'><strong>est,</strong></span> <span class='ocrx_word' id='word_1_376' title='bbox 1363 3314 1505 3370; x_wconf 91' lang='lat' dir='ltr'><strong>sicut</strong></span> <span class='ocrx_word' id='word_1_377' title='bbox 1528 3312 1981 3385; x_wconf 83' lang='lat' dir='ltr'><strong>evangelistamm</strong></span> <span class='ocrx_word' id='word_1_378' title='bbox 2006 3327 2128 3367; x_wconf 90' lang='lat' dir='ltr'><strong>om-</strong></span> 
     </span>
    </p>
   </div>
   <div class='ocr_carea' id='block_1_49' title="bbox 538 3404 2130 3472">
    <p class='ocr_par' dir='ltr' id='par_1_49' title="bbox 538 3404 2130 3472">
     <span class='ocr_line' id='line_1_49' title="bbox 538 3404 2130 3472; baseline 0.001 -13"><span class='ocrx_word' id='word_1_379' title='bbox 538 3405 698 3460; x_wconf 84' lang='lat' dir='ltr'><strong>nium</strong></span> <span class='ocrx_word' id='word_1_380' title='bbox 741 3407 1053 3464; x_wconf 85' lang='lat' dir='ltr'><strong>testimonia</strong></span> <span class='ocrx_word' id='word_1_381' title='bbox 1094 3406 1291 3463; x_wconf 89' lang='lat' dir='ltr'><strong>collata</strong></span> <span class='ocrx_word' id='word_1_382' title='bbox 1333 3406 1727 3472; x_wconf 87' lang='lat' dir='ltr'><strong>demonstrant,</strong></span> <span class='ocrx_word' id='word_1_383' title='bbox 1754 3405 1851 3461; x_wconf 90' lang='lat' dir='ltr'><strong>sed</strong></span> <span class='ocrx_word' id='word_1_384' title='bbox 1878 3405 2022 3461; x_wconf 90' lang='lat' dir='ltr'><strong>sicut</strong></span> <span class='ocrx_word' id='word_1_385' title='bbox 2047 3404 2130 3460; x_wconf 89' lang='lat' dir='ltr'><strong>di-</strong></span> 
     </span>
    </p>
   </div>
   <div class='ocr_carea' id='block_1_50' title="bbox 541 3496 2130 3566">
    <p class='ocr_par' dir='ltr' id='par_1_50' title="bbox 541 3496 2130 3566">
     <span class='ocr_line' id='line_1_50' title="bbox 541 3496 2130 3566; baseline -0.001 -13"><span class='ocrx_word' id='word_1_386' title='bbox 541 3505 695 3553; x_wconf 86' lang='lat' dir='ltr'><strong>ctum</strong></span> <span class='ocrx_word' id='word_1_387' title='bbox 731 3507 844 3566; x_wconf 91' lang='lat' dir='ltr'><strong>est,</strong></span> <span class='ocrx_word' id='word_1_388' title='bbox 881 3499 1184 3556; x_wconf 87' lang='lat' dir='ltr'><strong>secundum</strong></span> <span class='ocrx_word' id='word_1_389' title='bbox 1229 3499 1344 3554; x_wconf 91' lang='lat' dir='ltr'><strong>dies</strong></span> <span class='ocrx_word' id='word_1_390' title='bbox 1387 3497 1735 3554; x_wconf 68' lang='lat' dir='ltr'><strong>numeranda:</strong></span> <span class='ocrx_word' id='word_1_391' title='bbox 1781 3505 1909 3553; x_wconf 89' lang='lat' dir='ltr'><strong>sunt</strong></span> <span class='ocrx_word' id='word_1_392' title='bbox 1950 3496 2130 3553; x_wconf 87' lang='lat' dir='ltr'><strong>mani-</strong></span> 
     </span>
    </p>
   </div>
   <div class='ocr_carea' id='block_1_51' title="bbox 543 3586 1631 3658">
    <p class='ocr_par' dir='ltr' id='par_1_51' title="bbox 543 3586 1631 3658">
     <span class='ocr_line' id='line_1_51' title="bbox 543 3586 1631 3658; baseline 0 -16"><span class='ocrx_word' id='word_1_393' title='bbox 543 3586 866 3645; x_wconf 81' lang='lat' dir='ltr'><strong>festationes</strong></span> <span class='ocrx_word' id='word_1_394' title='bbox 905 3587 1046 3658; x_wconf 88' lang='lat' dir='ltr'><strong>ejus,</strong></span> <span class='ocrx_word' id='word_1_395' title='bbox 1090 3595 1150 3643; x_wconf 94' lang='lat' dir='ltr'><strong>ut</strong></span> <span class='ocrx_word' id='word_1_396' title='bbox 1193 3588 1299 3644; x_wconf 91' lang='lat' dir='ltr'><strong>ista</strong></span> <span class='ocrx_word' id='word_1_397' title='bbox 1339 3588 1409 3643; x_wconf 89' lang='lat' dir='ltr'><strong>sit</strong></span> <span class='ocrx_word' id='word_1_398' title='bbox 1447 3587 1631 3643; x_wconf 92' lang='lat' dir='ltr'><strong>tertia.</strong></span> 
     </span>
    </p>
   </div>
   <div class='ocr_carea' id='block_1_52' title="bbox 771 3697 1892 3742">
    <p class='ocr_par' dir='ltr' id='par_1_52' title="bbox 771 3697 1892 3742">
     <span class='ocr_line' id='line_1_52' title="bbox 771 3697 1892 3742; baseline 0.003 -5"><span class='ocrx_word' id='word_1_399' title='bbox 771 3698 906 3739; x_wconf 72' lang='lat' dir='ltr'><strong>l&#39;l&#39;EI</strong></span> <span class='ocrx_word' id='word_1_400' title='bbox 943 3697 1271 3742; x_wconf 71' lang='lat' dir='ltr'><strong>AUGUSTINUS</strong></span> <span class='ocrx_word' id='word_1_401' title='bbox 1305 3698 1362 3739; x_wconf 75' lang='lat' dir='ltr'><strong>IN</strong></span> <span class='ocrx_word' id='word_1_402' title='bbox 1398 3699 1621 3740; x_wconf 71' lang='lat' dir='ltr'><strong>ROMILIA</strong></span> <span class='ocrx_word' id='word_1_403' title='bbox 1659 3697 1892 3740; x_wconf 69' lang='lat' dir='ltr'><strong>PASCHE.</strong></span> 
     </span>
    </p>
   </div>
   <div class='ocr_carea' id='block_1_53' title="bbox 618 3775 2124 3847">
    <p class='ocr_par' dir='ltr' id='par_1_53' title="bbox 618 3775 2124 3847">
     <span class='ocr_line' id='line_1_53' title="bbox 618 3775 2124 3847; baseline 0.003 -18"><span class='ocrx_word' id='word_1_404' title='bbox 618 3775 950 3832; x_wconf 87' lang='lat' dir='ltr'><strong>Liberatoris</strong></span> <span class='ocrx_word' id='word_1_405' title='bbox 985 3776 1157 3832; x_wconf 91' lang='lat' dir='ltr'><strong>nostri</strong></span> <span class='ocrx_word' id='word_1_406' title='bbox 1187 3775 1500 3847; x_wconf 85' lang='lat' dir='ltr'><strong>praedicatio</strong></span> <span class='ocrx_word' id='word_1_407' title='bbox 1535 3784 1720 3832; x_wconf 90' lang='lat' dir='ltr'><strong>nostra</strong></span> <span class='ocrx_word' id='word_1_408' title='bbox 1745 3787 1830 3832; x_wconf 91' lang='lat' dir='ltr'><strong>est</strong></span> <span class='ocrx_word' id='word_1_409' title='bbox 1853 3776 2124 3834; x_wconf 88' lang='lat' dir='ltr'><strong>liberatio.</strong></span> 
     </span>
    </p>
   </div>
   <div class='ocr_carea' id='block_1_54' title="bbox 542 3866 2129 3940">
    <p class='ocr_par' dir='ltr' id='par_1_54' title="bbox 542 3866 2129 3940">
     <span class='ocr_line' id='line_1_54' title="bbox 542 3866 2129 3940; baseline 0.003 -20"><span class='ocrx_word' id='word_1_410' title='bbox 542 3866 694 3921; x_wconf 80' lang='lat' dir='ltr'><strong>Duas</strong></span> <span class='ocrx_word' id='word_1_411' title='bbox 732 3875 910 3922; x_wconf 89' lang='lat' dir='ltr'><strong>autem</strong></span> <span class='ocrx_word' id='word_1_412' title='bbox 949 3867 1278 3923; x_wconf 90' lang='lat' dir='ltr'><strong>advertimus</strong></span> <span class='ocrx_word' id='word_1_413' title='bbox 1314 3867 1370 3923; x_wconf 92' lang='lat' dir='ltr'><strong>in</strong></span> <span class='ocrx_word' id='word_1_414' title='bbox 1407 3875 1596 3924; x_wconf 91' lang='lat' dir='ltr'><strong>sancto</strong></span> <span class='ocrx_word' id='word_1_415' title='bbox 1625 3867 1919 3940; x_wconf 84' lang='lat' dir='ltr'><strong>Evangelia</strong></span> <span class='ocrx_word' id='word_1_416' title='bbox 1951 3869 2129 3939; x_wconf 85' lang='lat' dir='ltr'><strong>pisca-</strong></span> 
     </span>
    </p>
   </div>
   <div class='ocr_carea' id='block_1_55' title="bbox 539 3959 2128 4030">
    <p class='ocr_par' dir='ltr' id='par_1_55' title="bbox 539 3959 2128 4030">
     <span class='ocr_line' id='line_1_55' title="bbox 539 3959 2128 4030; baseline 0.001 -17"><span class='ocrx_word' id='word_1_417' title='bbox 539 3960 744 4026; x_wconf 77' lang='lat' dir='ltr'><strong>tiones,</strong></span> <span class='ocrx_word' id='word_1_418' title='bbox 773 3960 826 4014; x_wconf 94' lang='lat' dir='ltr'><strong>id</strong></span> <span class='ocrx_word' id='word_1_419' title='bbox 859 3969 960 4027; x_wconf 89' lang='lat' dir='ltr'><strong>est,</strong></span> <span class='ocrx_word' id='word_1_420' title='bbox 1003 3959 1216 4030; x_wconf 90' lang='lat' dir='ltr'><strong>quando</strong></span> <span class='ocrx_word' id='word_1_421' title='bbox 1252 3959 1321 4015; x_wconf 90' lang='lat' dir='ltr'><strong>ad</strong></span> <span class='ocrx_word' id='word_1_422' title='bbox 1344 3960 1571 4015; x_wconf 90' lang='lat' dir='ltr'><strong>verbum</strong></span> <span class='ocrx_word' id='word_1_423' title='bbox 1605 3959 1777 4029; x_wconf 91' lang='lat' dir='ltr'><strong>ipsius</strong></span> <span class='ocrx_word' id='word_1_424' title='bbox 1812 3960 1977 4015; x_wconf 88' lang='lat' dir='ltr'><strong>missa</strong></span> <span class='ocrx_word' id='word_1_425' title='bbox 2003 3967 2128 4016; x_wconf 90' lang='lat' dir='ltr'><strong>sunt</strong></span> 
     </span>
    </p>
   </div>
   <div class='ocr_carea' id='block_1_56' title="bbox 537 4049 2128 4123">
    <p class='ocr_par' dir='ltr' id='par_1_56' title="bbox 537 4049 2128 4123">
     <span class='ocr_line' id='line_1_56' title="bbox 537 4049 2128 4123; baseline -0.001 -16"><span class='ocrx_word' id='word_1_426' title='bbox 537 4053 703 4118; x_wconf 76' lang='lat' dir='ltr'><strong>retia,</strong></span> <span class='ocrx_word' id='word_1_427' title='bbox 734 4067 895 4108; x_wconf 91' lang='lat' dir='ltr'><strong>unam</strong></span> <span class='ocrx_word' id='word_1_428' title='bbox 931 4052 1099 4123; x_wconf 92' lang='lat' dir='ltr'><strong>prius,</strong></span> <span class='ocrx_word' id='word_1_429' title='bbox 1125 4051 1341 4122; x_wconf 90' lang='lat' dir='ltr'><strong>quando</strong></span> <span class='ocrx_word' id='word_1_430' title='bbox 1371 4049 1663 4120; x_wconf 91' lang='lat' dir='ltr'><strong>discipulos</strong></span> <span class='ocrx_word' id='word_1_431' title='bbox 1694 4049 1876 4121; x_wconf 86' lang='lat' dir='ltr'><strong>elegit,</strong></span> <span class='ocrx_word' id='word_1_432' title='bbox 1907 4059 1963 4104; x_wconf 90' lang='lat' dir='ltr'><strong>et</strong></span> <span class='ocrx_word' id='word_1_433' title='bbox 1986 4051 2128 4106; x_wconf 91' lang='lat' dir='ltr'><strong>hanc</strong></span> 
     </span>
    </p>
   </div>
   <div class='ocr_carea' id='block_1_57' title="bbox 537 4139 2127 4213">
    <p class='ocr_par' dir='ltr' id='par_1_57' title="bbox 537 4139 2127 4213">
     <span class='ocr_line' id='line_1_57' title="bbox 537 4139 2127 4213; baseline -0.001 -16"><span class='ocrx_word' id='word_1_434' title='bbox 537 4142 791 4210; x_wconf 84' lang='lat' dir='ltr'><strong>alteram,</strong></span> <span class='ocrx_word' id='word_1_435' title='bbox 824 4144 1039 4213; x_wconf 90' lang='lat' dir='ltr'><strong>quando</strong></span> <span class='ocrx_word' id='word_1_436' title='bbox 1078 4157 1110 4197; x_wconf 92' lang='lat' dir='ltr'><strong>a</strong></span> <span class='ocrx_word' id='word_1_437' title='bbox 1147 4141 1380 4198; x_wconf 88' lang='lat' dir='ltr'><strong>mortuis</strong></span> <span class='ocrx_word' id='word_1_438' title='bbox 1417 4139 1735 4196; x_wconf 84' lang='lat' dir='ltr'><strong>resurrexit.</strong></span> <span class='ocrx_word' id='word_1_439' title='bbox 1776 4140 1871 4195; x_wconf 92' lang='lat' dir='ltr'><strong>Illa</strong></span> <span class='ocrx_word' id='word_1_440' title='bbox 1898 4140 2127 4211; x_wconf 90' lang='lat' dir='ltr'><strong>piscatio</strong></span> 
     </span>
    </p>
   </div>
   <div class='ocr_carea' id='block_1_58' title="bbox 537 4231 2129 4306">
    <p class='ocr_par' dir='ltr' id='par_1_58' title="bbox 537 4231 2129 4306">
     <span class='ocr_line' id='line_1_58' title="bbox 537 4231 2129 4306; baseline -0.003 -14"><span class='ocrx_word' id='word_1_441' title='bbox 537 4236 868 4306; x_wconf 82' lang='lat' dir='ltr'><strong>signiﬁcavit</strong></span> <span class='ocrx_word' id='word_1_442' title='bbox 892 4235 1190 4291; x_wconf 89' lang='lat' dir='ltr'><strong>Ecclesiam</strong></span> <span class='ocrx_word' id='word_1_443' title='bbox 1213 4232 1388 4305; x_wconf 88' lang='lat' dir='ltr'><strong>qualis</strong></span> <span class='ocrx_word' id='word_1_444' title='bbox 1411 4241 1496 4288; x_wconf 89' lang='lat' dir='ltr'><strong>est</strong></span> <span class='ocrx_word' id='word_1_445' title='bbox 1518 4231 1701 4298; x_wconf 91' lang='lat' dir='ltr'><strong>modo,</strong></span> <span class='ocrx_word' id='word_1_446' title='bbox 1719 4232 1824 4287; x_wconf 90' lang='lat' dir='ltr'><strong>ista</strong></span> <span class='ocrx_word' id='word_1_447' title='bbox 1849 4246 1978 4288; x_wconf 89' lang='lat' dir='ltr'><strong>vero</strong></span> <span class='ocrx_word' id='word_1_448' title='bbox 2004 4240 2129 4304; x_wconf 89' lang='lat' dir='ltr'><strong>post</strong></span> 
     </span>
    </p>
   </div>
   <div class='ocr_carea' id='block_1_59' title="bbox 535 4321 2127 4394">
    <p class='ocr_par' dir='ltr' id='par_1_59' title="bbox 535 4321 2127 4394">
     <span class='ocr_line' id='line_1_59' title="bbox 535 4321 2127 4394; baseline -0.003 -12"><span class='ocrx_word' id='word_1_449' title='bbox 535 4326 1000 4382; x_wconf 80' lang='lat' dir='ltr'><strong>resurrectionem</strong></span> <span class='ocrx_word' id='word_1_450' title='bbox 1021 4324 1235 4379; x_wconf 90' lang='lat' dir='ltr'><strong>Domini</strong></span> <span class='ocrx_word' id='word_1_451' title='bbox 1263 4322 1587 4394; x_wconf 77' lang='lat' dir='ltr'><strong>significavit</strong></span> <span class='ocrx_word' id='word_1_452' title='bbox 1608 4322 1926 4388; x_wconf 90' lang='lat' dir='ltr'><strong>Ecclesiam,</strong></span> <span class='ocrx_word' id='word_1_453' title='bbox 1951 4321 2127 4392; x_wconf 89' lang='lat' dir='ltr'><strong>qualis</strong></span> 
     </span>
    </p>
   </div>
   <div class='ocr_carea' id='block_1_60' title="bbox 535 4411 2126 4483">
    <p class='ocr_par' dir='ltr' id='par_1_60' title="bbox 535 4411 2126 4483">
     <span class='ocr_line' id='line_1_60' title="bbox 535 4411 2126 4483; baseline -0.002 -12"><span class='ocrx_word' id='word_1_454' title='bbox 535 4415 725 4471; x_wconf 75' lang='lat' dir='ltr'><strong>futura</strong></span> <span class='ocrx_word' id='word_1_455' title='bbox 748 4422 831 4470; x_wconf 90' lang='lat' dir='ltr'><strong>est</strong></span> <span class='ocrx_word' id='word_1_456' title='bbox 855 4415 910 4468; x_wconf 92' lang='lat' dir='ltr'><strong>in</strong></span> <span class='ocrx_word' id='word_1_457' title='bbox 938 4415 1044 4469; x_wconf 81' lang='lat' dir='ltr'><strong>line</strong></span> <span class='ocrx_word' id='word_1_458' title='bbox 1072 4413 1274 4468; x_wconf 66' lang='lat' dir='ltr'><strong>saaculi.</strong></span> <span class='ocrx_word' id='word_1_459' title='bbox 1317 4413 1561 4482; x_wconf 90' lang='lat' dir='ltr'><strong>Denique</strong></span> <span class='ocrx_word' id='word_1_460' title='bbox 1593 4413 1648 4467; x_wconf 90' lang='lat' dir='ltr'><strong>in</strong></span> <span class='ocrx_word' id='word_1_461' title='bbox 1681 4412 1771 4467; x_wconf 91' lang='lat' dir='ltr'><strong>illa</strong></span> <span class='ocrx_word' id='word_1_462' title='bbox 1797 4411 1960 4483; x_wconf 87' lang='lat' dir='ltr'><strong>jussit</strong></span> <span class='ocrx_word' id='word_1_463' title='bbox 1983 4412 2126 4468; x_wconf 88' lang='lat' dir='ltr'><strong>mitti</strong></span> 
     </span>
    </p>
   </div>
   <div class='ocr_carea' id='block_1_61' title="bbox 543 4503 2126 4573">
    <p class='ocr_par' dir='ltr' id='par_1_61' title="bbox 543 4503 2126 4573">
     <span class='ocr_line' id='line_1_61' title="bbox 543 4503 2126 4573; baseline -0.003 -11"><span class='ocrx_word' id='word_1_464' title='bbox 543 4509 708 4573; x_wconf 89' lang='lat' dir='ltr'><strong>retia,</strong></span> <span class='ocrx_word' id='word_1_465' title='bbox 748 4514 802 4560; x_wconf 91' lang='lat' dir='ltr'><strong>et</strong></span> <span class='ocrx_word' id='word_1_466' title='bbox 841 4521 948 4561; x_wconf 92' lang='lat' dir='ltr'><strong>non</strong></span> <span class='ocrx_word' id='word_1_467' title='bbox 989 4504 1124 4560; x_wconf 88' lang='lat' dir='ltr'><strong>dixit</strong></span> <span class='ocrx_word' id='word_1_468' title='bbox 1173 4503 1229 4558; x_wconf 91' lang='lat' dir='ltr'><strong>in</strong></span> <span class='ocrx_word' id='word_1_469' title='bbox 1269 4519 1431 4573; x_wconf 84' lang='lat' dir='ltr'><strong>quam</strong></span> <span class='ocrx_word' id='word_1_470' title='bbox 1465 4511 1700 4572; x_wconf 91' lang='lat' dir='ltr'><strong>partem,</strong></span> <span class='ocrx_word' id='word_1_471' title='bbox 1743 4519 1852 4559; x_wconf 91' lang='lat' dir='ltr'><strong>non</strong></span> <span class='ocrx_word' id='word_1_472' title='bbox 1881 4503 2018 4558; x_wconf 84' lang='lat' dir='ltr'><strong>dixit</strong></span> <span class='ocrx_word' id='word_1_473' title='bbox 2069 4503 2126 4558; x_wconf 91' lang='lat' dir='ltr'><strong>in</strong></span> 
     </span>
    </p>
   </div>
   <div class='ocr_carea' id='block_1_62' title="bbox 2227 2016 3824 2090">
    <p class='ocr_par' dir='ltr' id='par_1_62' title="bbox 2227 2016 3824 2090">
     <span class='ocr_line' id='line_1_62' title="bbox 2227 2016 3824 2090; baseline 0.001 -16"><span class='ocrx_word' id='word_1_474' title='bbox 2227 2027 2352 2074; x_wconf 86' lang='lat' dir='ltr'><strong>sunt</strong></span> <span class='ocrx_word' id='word_1_475' title='bbox 2399 2035 2556 2090; x_wconf 86' lang='lat' dir='ltr'><strong>super</strong></span> <span class='ocrx_word' id='word_1_476' title='bbox 2605 2017 2930 2073; x_wconf 82' lang='lat' dir='ltr'><strong>numerum?</strong></span> <span class='ocrx_word' id='word_1_477' title='bbox 2981 2016 3252 2074; x_wconf 82' lang='lat' dir='ltr'><strong>Numerus</strong></span> <span class='ocrx_word' id='word_1_478' title='bbox 3282 2018 3351 2073; x_wconf 86' lang='lat' dir='ltr'><strong>ad</strong></span> <span class='ocrx_word' id='word_1_479' title='bbox 3392 2025 3609 2074; x_wconf 86' lang='lat' dir='ltr'><strong>sanctos</strong></span> <span class='ocrx_word' id='word_1_480' title='bbox 3640 2020 3824 2090; x_wconf 82' lang='lat' dir='ltr'><strong>perti-</strong></span> 
     </span>
    </p>
   </div>
   <div class='ocr_carea' id='block_1_63' title="bbox 2226 2108 3824 2182">
    <p class='ocr_par' dir='ltr' id='par_1_63' title="bbox 2226 2108 3824 2182">
     <span class='ocr_line' id='line_1_63' title="bbox 2226 2108 3824 2182; baseline 0.002 -17"><span class='ocrx_word' id='word_1_481' title='bbox 2226 2118 2342 2178; x_wconf 88' lang='lat' dir='ltr'><strong>net,</strong></span> <span class='ocrx_word' id='word_1_482' title='bbox 2357 2110 2449 2180; x_wconf 91' lang='lat' dir='ltr'><strong>qui</strong></span> <span class='ocrx_word' id='word_1_483' title='bbox 2475 2117 2602 2165; x_wconf 92' lang='lat' dir='ltr'><strong>sunt</strong></span> <span class='ocrx_word' id='word_1_484' title='bbox 2622 2108 2902 2182; x_wconf 90' lang='lat' dir='ltr'><strong>regnaturi</strong></span> <span class='ocrx_word' id='word_1_485' title='bbox 2925 2123 3051 2165; x_wconf 93' lang='lat' dir='ltr'><strong>cum</strong></span> <span class='ocrx_word' id='word_1_486' title='bbox 3073 2108 3309 2166; x_wconf 87' lang='lat' dir='ltr'><strong>Christo.</strong></span> <span class='ocrx_word' id='word_1_487' title='bbox 3331 2108 3506 2182; x_wconf 88' lang='lat' dir='ltr'><strong>Super</strong></span> <span class='ocrx_word' id='word_1_488' title='bbox 3525 2127 3824 2168; x_wconf 87' lang='lat' dir='ltr'><strong>numerum</strong></span> 
     </span>
    </p>
   </div>
   <div class='ocr_carea' id='block_1_64' title="bbox 2227 2201 3826 2277">
    <p class='ocr_par' dir='ltr' id='par_1_64' title="bbox 2227 2201 3826 2277">
     <span class='ocr_line' id='line_1_64' title="bbox 2227 2201 3826 2277; baseline 0.003 -17"><span class='ocrx_word' id='word_1_489' title='bbox 2227 2203 2389 2260; x_wconf 93' lang='lat' dir='ltr'><strong>modo</strong></span> <span class='ocrx_word' id='word_1_490' title='bbox 2416 2203 2472 2259; x_wconf 91' lang='lat' dir='ltr'><strong>in</strong></span> <span class='ocrx_word' id='word_1_491' title='bbox 2498 2201 2801 2260; x_wconf 86' lang='lat' dir='ltr'><strong>Ecclesiam</strong></span> <span class='ocrx_word' id='word_1_492' title='bbox 2826 2203 3033 2260; x_wconf 91' lang='lat' dir='ltr'><strong>intrare</strong></span> <span class='ocrx_word' id='word_1_493' title='bbox 3057 2212 3306 2276; x_wconf 90' lang='lat' dir='ltr'><strong>possunt,</strong></span> <span class='ocrx_word' id='word_1_494' title='bbox 3335 2203 3391 2262; x_wconf 91' lang='lat' dir='ltr'><strong>in</strong></span> <span class='ocrx_word' id='word_1_495' title='bbox 3428 2219 3651 2277; x_wconf 89' lang='lat' dir='ltr'><strong>regnum</strong></span> <span class='ocrx_word' id='word_1_496' title='bbox 3701 2221 3826 2264; x_wconf 75' lang='lat' dir='ltr'><strong>cm-</strong></span> 
     </span>
    </p>
   </div>
   <div class='ocr_carea' id='block_1_65' title="bbox 2228 2293 2809 2366">
    <p class='ocr_par' dir='ltr' id='par_1_65' title="bbox 2228 2293 2809 2366">
     <span class='ocr_line' id='line_1_65' title="bbox 2228 2293 2809 2366; baseline 0.003 -17"><span class='ocrx_word' id='word_1_497' title='bbox 2228 2293 2404 2351; x_wconf 89' lang='lat' dir='ltr'><strong>lorum</strong></span> <span class='ocrx_word' id='word_1_498' title='bbox 2432 2309 2541 2350; x_wconf 90' lang='lat' dir='ltr'><strong>non</strong></span> <span class='ocrx_word' id='word_1_499' title='bbox 2565 2303 2809 2366; x_wconf 89' lang='lat' dir='ltr'><strong>possunt.</strong></span> 
     </span>
    </p>
   </div>
   <div class='ocr_carea' id='block_1_66' title="bbox 2299 2386 3824 2449">
    <p class='ocr_par' dir='ltr' id='par_1_66' title="bbox 2299 2386 3824 2449">
     <span class='ocr_line' id='line_1_66' title="bbox 2299 2386 3824 2449; baseline 0.005 -8"><span class='ocrx_word' id='word_1_500' title='bbox 2299 2386 2489 2444; x_wconf 86' lang='lat' dir='ltr'><strong>Petrus</strong></span> <span class='ocrx_word' id='word_1_501' title='bbox 2530 2389 2752 2444; x_wconf 78' lang='lat' dir='ltr'><strong>retraxit</strong></span> <span class='ocrx_word' id='word_1_502' title='bbox 2791 2388 2925 2445; x_wconf 85' lang='lat' dir='ltr'><strong>retia</strong></span> <span class='ocrx_word' id='word_1_503' title='bbox 2967 2388 3039 2444; x_wconf 91' lang='lat' dir='ltr'><strong>ad</strong></span> <span class='ocrx_word' id='word_1_504' title='bbox 3079 2388 3246 2446; x_wconf 85' lang='lat' dir='ltr'><strong>littus.</strong></span> <span class='ocrx_word' id='word_1_505' title='bbox 3290 2389 3446 2447; x_wconf 84' lang='lat' dir='ltr'><strong>Modo</strong></span> <span class='ocrx_word' id='word_1_506' title='bbox 3482 2405 3607 2447; x_wconf 87' lang='lat' dir='ltr'><strong>cum</strong></span> <span class='ocrx_word' id='word_1_507' title='bbox 3643 2405 3824 2449; x_wconf 82' lang='lat' dir='ltr'><strong>evan-</strong></span> 
     </span>
    </p>
   </div>
   <div class='ocr_carea' id='block_1_67' title="bbox 2228 2479 3822 2558">
    <p class='ocr_par' dir='ltr' id='par_1_67' title="bbox 2228 2479 3822 2558">
     <span class='ocr_line' id='line_1_67' title="bbox 2228 2479 3822 2558; baseline 0.003 -22"><span class='ocrx_word' id='word_1_508' title='bbox 2228 2479 2426 2552; x_wconf 91' lang='lat' dir='ltr'><strong>gelium</strong></span> <span class='ocrx_word' id='word_1_509' title='bbox 2470 2480 2668 2553; x_wconf 88' lang='lat' dir='ltr'><strong>legitur</strong></span> <span class='ocrx_word' id='word_1_510' title='bbox 2703 2480 2950 2539; x_wconf 90' lang='lat' dir='ltr'><strong>audistis.</strong></span> <span class='ocrx_word' id='word_1_511' title='bbox 3005 2481 3107 2539; x_wconf 90' lang='lat' dir='ltr'><strong>Ubi</strong></span> <span class='ocrx_word' id='word_1_512' title='bbox 3147 2483 3302 2540; x_wconf 90' lang='lat' dir='ltr'><strong>audis</strong></span> <span class='ocrx_word' id='word_1_513' title='bbox 3340 2483 3525 2552; x_wconf 92' lang='lat' dir='ltr'><strong>littus,</strong></span> <span class='ocrx_word' id='word_1_514' title='bbox 3574 2484 3822 2558; x_wconf 85' lang='lat' dir='ltr'><strong>intellige</strong></span> 
     </span>
    </p>
   </div>
   <div class='ocr_carea' id='block_1_68' title="bbox 2229 2571 3818 2648">
    <p class='ocr_par' dir='ltr' id='par_1_68' title="bbox 2229 2571 3818 2648">
     <span class='ocr_line' id='line_1_68' title="bbox 2229 2571 3818 2648; baseline 0.005 -22"><span class='ocrx_word' id='word_1_515' title='bbox 2229 2571 2393 2629; x_wconf 84' lang='lat' dir='ltr'><strong>ﬁnem</strong></span> <span class='ocrx_word' id='word_1_516' title='bbox 2417 2573 2626 2629; x_wconf 88' lang='lat' dir='ltr'><strong>maris:</strong></span> <span class='ocrx_word' id='word_1_517' title='bbox 2669 2573 2760 2629; x_wconf 93' lang='lat' dir='ltr'><strong>ubi</strong></span> <span class='ocrx_word' id='word_1_518' title='bbox 2797 2574 2952 2631; x_wconf 91' lang='lat' dir='ltr'><strong>audis</strong></span> <span class='ocrx_word' id='word_1_519' title='bbox 2973 2572 3150 2631; x_wconf 76' lang='lat' dir='ltr'><strong>linem</strong></span> <span class='ocrx_word' id='word_1_520' title='bbox 3174 2575 3362 2642; x_wconf 90' lang='lat' dir='ltr'><strong>maris,</strong></span> <span class='ocrx_word' id='word_1_521' title='bbox 3386 2575 3624 2648; x_wconf 83' lang='lat' dir='ltr'><strong>intellige</strong></span> <span class='ocrx_word' id='word_1_522' title='bbox 3649 2577 3818 2634; x_wconf 82' lang='lat' dir='ltr'><strong>linem</strong></span> 
     </span>
    </p>
   </div>
   <div class='ocr_carea' id='block_1_69' title="bbox 2228 2665 3818 2738">
    <p class='ocr_par' dir='ltr' id='par_1_69' title="bbox 2228 2665 3818 2738">
     <span class='ocr_line' id='line_1_69' title="bbox 2228 2665 3818 2738; baseline 0.001 -15"><span class='ocrx_word' id='word_1_523' title='bbox 2228 2665 2430 2723; x_wconf 64' lang='lat' dir='ltr'><strong>saeculi.</strong></span> <span class='ocrx_word' id='word_1_524' title='bbox 2486 2665 2546 2722; x_wconf 88' lang='lat' dir='ltr'><strong>In</strong></span> <span class='ocrx_word' id='word_1_525' title='bbox 2589 2665 2683 2722; x_wconf 91' lang='lat' dir='ltr'><strong>illa</strong></span> <span class='ocrx_word' id='word_1_526' title='bbox 2721 2665 3057 2738; x_wconf 88' lang='lat' dir='ltr'><strong>piscatione,</strong></span> <span class='ocrx_word' id='word_1_527' title='bbox 3108 2683 3219 2724; x_wconf 88' lang='lat' dir='ltr'><strong>non</strong></span> <span class='ocrx_word' id='word_1_528' title='bbox 3262 2669 3331 2725; x_wconf 90' lang='lat' dir='ltr'><strong>ad</strong></span> <span class='ocrx_word' id='word_1_529' title='bbox 3375 2669 3530 2726; x_wconf 88' lang='lat' dir='ltr'><strong>littus</strong></span> <span class='ocrx_word' id='word_1_530' title='bbox 3584 2677 3818 2726; x_wconf 85' lang='lat' dir='ltr'><strong>attracta</strong></span> 
     </span>
    </p>
   </div>
   <div class='ocr_carea' id='block_1_70' title="bbox 2229 2753 3819 2832">
    <p class='ocr_par' dir='ltr' id='par_1_70' title="bbox 2229 2753 3819 2832">
     <span class='ocr_line' id='line_1_70' title="bbox 2229 2753 3819 2832; baseline 0.002 -18"><span class='ocrx_word' id='word_1_531' title='bbox 2229 2767 2356 2814; x_wconf 90' lang='lat' dir='ltr'><strong>sunt</strong></span> <span class='ocrx_word' id='word_1_532' title='bbox 2396 2759 2557 2825; x_wconf 85' lang='lat' dir='ltr'><strong>retia,</strong></span> <span class='ocrx_word' id='word_1_533' title='bbox 2600 2757 2694 2814; x_wconf 91' lang='lat' dir='ltr'><strong>sed</strong></span> <span class='ocrx_word' id='word_1_534' title='bbox 2735 2753 3076 2830; x_wconf 76' lang='lat' dir='ltr'><strong>ipsi&#39;pisces,</strong></span> <span class='ocrx_word' id='word_1_535' title='bbox 3116 2760 3210 2832; x_wconf 89' lang='lat' dir='ltr'><strong>qui</strong></span> <span class='ocrx_word' id='word_1_536' title='bbox 3249 2761 3393 2832; x_wconf 90' lang='lat' dir='ltr'><strong>capti</strong></span> <span class='ocrx_word' id='word_1_537' title='bbox 3432 2768 3582 2828; x_wconf 87' lang='lat' dir='ltr'><strong>sunt,</strong></span> <span class='ocrx_word' id='word_1_538' title='bbox 3623 2761 3681 2816; x_wconf 92' lang='lat' dir='ltr'><strong>in</strong></span> <span class='ocrx_word' id='word_1_539' title='bbox 3717 2776 3819 2817; x_wconf 87' lang='lat' dir='ltr'><strong>na-</strong></span> 
     </span>
    </p>
   </div>
   <div class='ocr_carea' id='block_1_71' title="bbox 2229 2841 3812 2918">
    <p class='ocr_par' dir='ltr' id='par_1_71' title="bbox 2229 2841 3812 2918">
     <span class='ocr_line' id='line_1_71' title="bbox 2229 2841 3812 2918; baseline 0.003 -12"><span class='ocrx_word' id='word_1_540' title='bbox 2229 2849 2434 2906; x_wconf 87' lang='lat' dir='ltr'><strong>viculas</strong></span> <span class='ocrx_word' id='word_1_541' title='bbox 2463 2841 2587 2905; x_wconf 84' lang='lat' dir='ltr'><strong>fusi</strong></span> <span class='ocrx_word' id='word_1_542' title='bbox 2629 2856 2792 2918; x_wconf 90' lang='lat' dir='ltr'><strong>sunt,</strong></span> <span class='ocrx_word' id='word_1_543' title='bbox 2838 2851 2928 2907; x_wconf 91' lang='lat' dir='ltr'><strong>hic</strong></span> <span class='ocrx_word' id='word_1_544' title='bbox 2967 2859 3148 2909; x_wconf 90' lang='lat' dir='ltr'><strong>autem</strong></span> <span class='ocrx_word' id='word_1_545' title='bbox 3192 2860 3480 2910; x_wconf 90' lang='lat' dir='ltr'><strong>traxerunt</strong></span> <span class='ocrx_word' id='word_1_546' title='bbox 3519 2853 3590 2908; x_wconf 91' lang='lat' dir='ltr'><strong>ad</strong></span> <span class='ocrx_word' id='word_1_547' title='bbox 3632 2853 3812 2910; x_wconf 82' lang='lat' dir='ltr'><strong>littus.</strong></span> 
     </span>
    </p>
   </div>
   <div class='ocr_carea' id='block_1_72' title="bbox 2230 2940 3816 3013">
    <p class='ocr_par' dir='ltr' id='par_1_72' title="bbox 2230 2940 3816 3013">
     <span class='ocr_line' id='line_1_72' title="bbox 2230 2940 3816 3013; baseline 0.001 -16"><span class='ocrx_word' id='word_1_548' title='bbox 2230 2940 2400 3013; x_wconf 90' lang='lat' dir='ltr'><strong>Spera</strong></span> <span class='ocrx_word' id='word_1_549' title='bbox 2440 2940 2603 2998; x_wconf 83' lang='lat' dir='ltr'><strong>linem</strong></span> <span class='ocrx_word' id='word_1_550' title='bbox 2642 2941 2848 3009; x_wconf 75' lang='lat' dir='ltr'><strong>saeculi,</strong></span> <span class='ocrx_word' id='word_1_551' title='bbox 2888 2949 3149 3000; x_wconf 90' lang='lat' dir='ltr'><strong>venturus</strong></span> <span class='ocrx_word' id='word_1_552' title='bbox 3187 2951 3272 2999; x_wconf 90' lang='lat' dir='ltr'><strong>est</strong></span> <span class='ocrx_word' id='word_1_553' title='bbox 3308 2942 3452 3009; x_wconf 80' lang='lat' dir='ltr'><strong>finis,</strong></span> <span class='ocrx_word' id='word_1_554' title='bbox 3499 2943 3645 2999; x_wconf 90' lang='lat' dir='ltr'><strong>bono</strong></span> <span class='ocrx_word' id='word_1_555' title='bbox 3680 2942 3816 2999; x_wconf 86' lang='lat' dir='ltr'><strong>dex-</strong></span> 
     </span>
    </p>
   </div>
   <div class='ocr_carea' id='block_1_73' title="bbox 2229 3033 3816 3105">
    <p class='ocr_par' dir='ltr' id='par_1_73' title="bbox 2229 3033 3816 3105">
     <span class='ocr_line' id='line_1_73' title="bbox 2229 3033 3816 3105; baseline 0.001 -16"><span class='ocrx_word' id='word_1_556' title='bbox 2229 3040 2462 3102; x_wconf 89' lang='lat' dir='ltr'><strong>trorum,</strong></span> <span class='ocrx_word' id='word_1_557' title='bbox 2504 3033 2653 3090; x_wconf 87' lang='lat' dir='ltr'><strong>malo</strong></span> <span class='ocrx_word' id='word_1_558' title='bbox 2707 3034 3075 3092; x_wconf 89' lang='lat' dir='ltr'><strong>sinistrorum.</strong></span> <span class='ocrx_word' id='word_1_559' title='bbox 3130 3034 3312 3104; x_wconf 86' lang='lat' dir='ltr'><strong>Quid?</strong></span> <span class='ocrx_word' id='word_1_560' title='bbox 3350 3034 3530 3105; x_wconf 86' lang='lat' dir='ltr'><strong>pisces</strong></span> <span class='ocrx_word' id='word_1_561' title='bbox 3571 3042 3816 3091; x_wconf 85' lang='lat' dir='ltr'><strong>attraxe-</strong></span> 
     </span>
    </p>
   </div>
   <div class='ocr_carea' id='block_1_74' title="bbox 2229 3125 3816 3198">
    <p class='ocr_par' dir='ltr' id='par_1_74' title="bbox 2229 3125 3816 3198">
     <span class='ocr_line' id='line_1_74' title="bbox 2229 3125 3816 3198; baseline -0.001 -16"><span class='ocrx_word' id='word_1_562' title='bbox 2229 3132 2386 3193; x_wconf 88' lang='lat' dir='ltr'><strong>runt,</strong></span> <span class='ocrx_word' id='word_1_563' title='bbox 2431 3125 2644 3198; x_wconf 89' lang='lat' dir='ltr'><strong>inquit,</strong></span> <span class='ocrx_word' id='word_1_564' title='bbox 2692 3126 2832 3183; x_wconf 88' lang='lat' dir='ltr'><strong>retia</strong></span> <span class='ocrx_word' id='word_1_565' title='bbox 2870 3125 3125 3182; x_wconf 89' lang='lat' dir='ltr'><strong>habentia</strong></span> <span class='ocrx_word' id='word_1_566' title='bbox 3167 3126 3348 3198; x_wconf 90' lang='lat' dir='ltr'><strong>pisces</strong></span> <span class='ocrx_word' id='word_1_567' title='bbox 3388 3132 3610 3182; x_wconf 91' lang='lat' dir='ltr'><strong>centum</strong></span> <span class='ocrx_word' id='word_1_568' title='bbox 3651 3126 3816 3196; x_wconf 87' lang='lat' dir='ltr'><strong>quin-</strong></span> 
     </span>
    </p>
   </div>
   <div class='ocr_carea' id='block_1_75' title="bbox 2231 3215 3820 3288">
    <p class='ocr_par' dir='ltr' id='par_1_75' title="bbox 2231 3215 3820 3288">
     <span class='ocr_line' id='line_1_75' title="bbox 2231 3215 3820 3288; baseline 0 -17"><span class='ocrx_word' id='word_1_569' title='bbox 2231 3216 2488 3288; x_wconf 84' lang='lat' dir='ltr'><strong>quaginta</strong></span> <span class='ocrx_word' id='word_1_570' title='bbox 2518 3223 2650 3272; x_wconf 90' lang='lat' dir='ltr'><strong>tres.</strong></span> <span class='ocrx_word' id='word_1_571' title='bbox 2699 3215 2768 3272; x_wconf 89' lang='lat' dir='ltr'><strong>Et</strong></span> <span class='ocrx_word' id='word_1_572' title='bbox 2807 3216 3006 3288; x_wconf 85' lang='lat' dir='ltr'><strong>adjecit</strong></span> <span class='ocrx_word' id='word_1_573' title='bbox 3036 3215 3379 3288; x_wconf 90' lang='lat' dir='ltr'><strong>Evangelista</strong></span> <span class='ocrx_word' id='word_1_574' title='bbox 3408 3230 3524 3272; x_wconf 91' lang='lat' dir='ltr'><strong>rem</strong></span> <span class='ocrx_word' id='word_1_575' title='bbox 3565 3230 3820 3271; x_wconf 81' lang='lat' dir='ltr'><strong>necessa-</strong></span> 
     </span>
    </p>
   </div>
   <div class='ocr_carea' id='block_1_76' title="bbox 2233 3306 3817 3381">
    <p class='ocr_par' dir='ltr' id='par_1_76' title="bbox 2233 3306 3817 3381">
     <span class='ocr_line' id='line_1_76' title="bbox 2233 3306 3817 3381; baseline 0.001 -20"><span class='ocrx_word' id='word_1_576' title='bbox 2233 3306 2411 3362; x_wconf 86' lang='lat' dir='ltr'><strong>riam:</strong></span> <span class='ocrx_word' id='word_1_577' title='bbox 2454 3306 2524 3362; x_wconf 89' lang='lat' dir='ltr'><strong>Et</strong></span> <span class='ocrx_word' id='word_1_578' title='bbox 2559 3323 2683 3363; x_wconf 92' lang='lat' dir='ltr'><strong>cum</strong></span> <span class='ocrx_word' id='word_1_579' title='bbox 2723 3315 2836 3363; x_wconf 90' lang='lat' dir='ltr'><strong>tam</strong></span> <span class='ocrx_word' id='word_1_580' title='bbox 2874 3308 3055 3381; x_wconf 88' lang='lat' dir='ltr'><strong>magni</strong></span> <span class='ocrx_word' id='word_1_581' title='bbox 3097 3314 3300 3375; x_wconf 91' lang='lat' dir='ltr'><strong>essent,</strong></span> <span class='ocrx_word' id='word_1_582' title='bbox 3339 3322 3448 3363; x_wconf 91' lang='lat' dir='ltr'><strong>non</strong></span> <span class='ocrx_word' id='word_1_583' title='bbox 3472 3315 3557 3364; x_wconf 91' lang='lat' dir='ltr'><strong>est</strong></span> <span class='ocrx_word' id='word_1_584' title='bbox 3581 3307 3817 3363; x_wconf 88' lang='lat' dir='ltr'><strong>scissum</strong></span> 
     </span>
    </p>
   </div>
   <div class='ocr_carea' id='block_1_77' title="bbox 2228 3398 3819 3472">
    <p class='ocr_par' dir='ltr' id='par_1_77' title="bbox 2228 3398 3819 3472">
     <span class='ocr_line' id='line_1_77' title="bbox 2228 3398 3819 3472; baseline 0.001 -18"><span class='ocrx_word' id='word_1_585' title='bbox 2228 3406 2363 3455; x_wconf 89' lang='lat' dir='ltr'><strong>rete.</strong></span> <span class='ocrx_word' id='word_1_586' title='bbox 2408 3398 2587 3472; x_wconf 87' lang='lat' dir='ltr'><strong>Magni</strong></span> <span class='ocrx_word' id='word_1_587' title='bbox 2625 3408 2808 3467; x_wconf 90' lang='lat' dir='ltr'><strong>erunt,</strong></span> <span class='ocrx_word' id='word_1_588' title='bbox 2841 3400 2938 3457; x_wconf 92' lang='lat' dir='ltr'><strong>sed</strong></span> <span class='ocrx_word' id='word_1_589' title='bbox 2977 3401 3214 3458; x_wconf 72' lang='lat' dir='ltr'><strong>haereses</strong></span> <span class='ocrx_word' id='word_1_590' title='bbox 3253 3415 3362 3457; x_wconf 91' lang='lat' dir='ltr'><strong>non</strong></span> <span class='ocrx_word' id='word_1_591' title='bbox 3404 3408 3586 3467; x_wconf 90' lang='lat' dir='ltr'><strong>erunt,</strong></span> <span class='ocrx_word' id='word_1_592' title='bbox 3610 3409 3666 3456; x_wconf 90' lang='lat' dir='ltr'><strong>et</strong></span> <span class='ocrx_word' id='word_1_593' title='bbox 3695 3401 3819 3456; x_wconf 90' lang='lat' dir='ltr'><strong>ideo</strong></span> 
     </span>
    </p>
   </div>
   <div class='ocr_carea' id='block_1_78' title="bbox 2228 3492 3818 3566">
    <p class='ocr_par' dir='ltr' id='par_1_78' title="bbox 2228 3492 3818 3566">
     <span class='ocr_line' id='line_1_78' title="bbox 2228 3492 3818 3566; baseline 0.001 -19"><span class='ocrx_word' id='word_1_594' title='bbox 2228 3492 2398 3564; x_wconf 89' lang='lat' dir='ltr'><strong>magis</strong></span> <span class='ocrx_word' id='word_1_595' title='bbox 2436 3494 2672 3550; x_wconf 64' lang='lat' dir='ltr'><strong>haereses</strong></span> <span class='ocrx_word' id='word_1_596' title='bbox 2712 3508 2821 3549; x_wconf 89' lang='lat' dir='ltr'><strong>non</strong></span> <span class='ocrx_word' id='word_1_597' title='bbox 2863 3499 3042 3558; x_wconf 88' lang='lat' dir='ltr'><strong>erunt,</strong></span> <span class='ocrx_word' id='word_1_598' title='bbox 3070 3493 3196 3565; x_wconf 91' lang='lat' dir='ltr'><strong>quia</strong></span> <span class='ocrx_word' id='word_1_599' title='bbox 3236 3492 3420 3566; x_wconf 88' lang='lat' dir='ltr'><strong>magni</strong></span> <span class='ocrx_word' id='word_1_600' title='bbox 3454 3499 3633 3549; x_wconf 86' lang='lat' dir='ltr'><strong>erunt.</strong></span> <span class='ocrx_word' id='word_1_601' title='bbox 3676 3492 3818 3560; x_wconf 85' lang='lat' dir='ltr'><strong>Quid</strong></span> 
     </span>
    </p>
   </div>
   <div class='ocr_carea' id='block_1_79' title="bbox 2226 3585 3819 3658">
    <p class='ocr_par' dir='ltr' id='par_1_79' title="bbox 2226 3585 3819 3658">
     <span class='ocr_line' id='line_1_79' title="bbox 2226 3585 3819 3658; baseline 0 -16"><span class='ocrx_word' id='word_1_602' title='bbox 2226 3592 2354 3642; x_wconf 87' lang='lat' dir='ltr'><strong>sunt</strong></span> <span class='ocrx_word' id='word_1_603' title='bbox 2393 3585 2617 3656; x_wconf 83' lang='lat' dir='ltr'><strong>magni?</strong></span> <span class='ocrx_word' id='word_1_604' title='bbox 2672 3585 2816 3658; x_wconf 90' lang='lat' dir='ltr'><strong>Lege</strong></span> <span class='ocrx_word' id='word_1_605' title='bbox 2855 3586 3020 3641; x_wconf 86' lang='lat' dir='ltr'><strong>verba</strong></span> <span class='ocrx_word' id='word_1_606' title='bbox 3063 3586 3237 3658; x_wconf 88' lang='lat' dir='ltr'><strong>ipsius</strong></span> <span class='ocrx_word' id='word_1_607' title='bbox 3280 3586 3495 3642; x_wconf 91' lang='lat' dir='ltr'><strong>Domini</strong></span> <span class='ocrx_word' id='word_1_608' title='bbox 3539 3586 3593 3641; x_wconf 90' lang='lat' dir='ltr'><strong>in</strong></span> <span class='ocrx_word' id='word_1_609' title='bbox 3636 3585 3819 3642; x_wconf 86' lang='lat' dir='ltr'><strong>Evan-</strong></span> 
     </span>
    </p>
   </div>
   <div class='ocr_carea' id='block_1_80' title="bbox 2226 3677 3814 3750">
    <p class='ocr_par' dir='ltr' id='par_1_80' title="bbox 2226 3677 3814 3750">
     <span class='ocr_line' id='line_1_80' title="bbox 2226 3677 3814 3750; baseline -0.001 -16"><span class='ocrx_word' id='word_1_610' title='bbox 2226 3677 2388 3748; x_wconf 81' lang='lat' dir='ltr'><strong>gelio,</strong></span> <span class='ocrx_word' id='word_1_611' title='bbox 2425 3686 2480 3734; x_wconf 92' lang='lat' dir='ltr'><strong>et</strong></span> <span class='ocrx_word' id='word_1_612' title='bbox 2521 3678 2766 3735; x_wconf 90' lang='lat' dir='ltr'><strong>invenies</strong></span> <span class='ocrx_word' id='word_1_613' title='bbox 2806 3693 3050 3750; x_wconf 92' lang='lat' dir='ltr'><strong>magnos,</strong></span> <span class='ocrx_word' id='word_1_614' title='bbox 3094 3679 3171 3733; x_wconf 92' lang='lat' dir='ltr'><strong>ait</strong></span> <span class='ocrx_word' id='word_1_615' title='bbox 3207 3678 3354 3734; x_wconf 91' lang='lat' dir='ltr'><strong>enim</strong></span> <span class='ocrx_word' id='word_1_616' title='bbox 3388 3678 3624 3750; x_wconf 88' lang='lat' dir='ltr'><strong>quodam</strong></span> <span class='ocrx_word' id='word_1_617' title='bbox 3651 3678 3814 3734; x_wconf 91' lang='lat' dir='ltr'><strong>loco:</strong></span> 
     </span>
    </p>
   </div>
   <div class='ocr_carea' id='block_1_81' title="bbox 2226 3767 3816 3843">
    <p class='ocr_par' dir='ltr' id='par_1_81' title="bbox 2226 3767 3816 3843">
     <span class='ocr_line' id='line_1_81' title="bbox 2226 3767 3816 3843; baseline 0.001 -19"><span class='ocrx_word' id='word_1_618' title='bbox 2226 3767 2353 3824; x_wconf 90' lang='lat' dir='ltr'><strong>Non</strong></span> <span class='ocrx_word' id='word_1_619' title='bbox 2411 3771 2527 3824; x_wconf 86' lang='lat' dir='ltr'><strong>veni</strong></span> <span class='ocrx_word' id='word_1_620' title='bbox 2587 3768 2750 3841; x_wconf 87' lang='lat' dir='ltr'><strong>legem</strong></span> <span class='ocrx_word' id='word_1_621' title='bbox 2808 3771 3043 3839; x_wconf 87' lang='lat' dir='ltr'><strong>solvere,</strong></span> <span class='ocrx_word' id='word_1_622' title='bbox 3105 3771 3197 3828; x_wconf 87' lang='lat' dir='ltr'><strong>sed</strong></span> <span class='ocrx_word' id='word_1_623' title='bbox 3259 3771 3548 3843; x_wconf 86' lang='lat' dir='ltr'><strong>adimplere</strong></span> <span class='ocrx_word' id='word_1_624' title='bbox 3581 3788 3602 3828; x_wconf 92' lang='lat'><strong>:</strong></span> <span class='ocrx_word' id='word_1_625' title='bbox 3646 3771 3816 3826; x_wconf 81' lang='lat' dir='ltr'><strong>Amen</strong></span> 
     </span>
    </p>
   </div>
   <div class='ocr_carea' id='block_1_82' title="bbox 2225 3861 3816 3934">
    <p class='ocr_par' dir='ltr' id='par_1_82' title="bbox 2225 3861 3816 3934">
     <span class='ocr_line' id='line_1_82' title="bbox 2225 3861 3816 3934; baseline 0.001 -20"><span class='ocrx_word' id='word_1_626' title='bbox 2225 3876 2379 3915; x_wconf 87' lang='lat' dir='ltr'><strong>amen</strong></span> <span class='ocrx_word' id='word_1_627' title='bbox 2419 3861 2538 3915; x_wconf 86' lang='lat' dir='ltr'><strong>dico</strong></span> <span class='ocrx_word' id='word_1_628' title='bbox 2582 3861 2746 3928; x_wconf 82' lang='lat' dir='ltr'><strong>vobis,</strong></span> <span class='ocrx_word' id='word_1_629' title='bbox 2783 3863 3031 3934; x_wconf 88' lang='lat' dir='ltr'><strong>quoniam</strong></span> <span class='ocrx_word' id='word_1_630' title='bbox 3069 3863 3361 3934; x_wconf 84' lang='lat' dir='ltr'><strong>quicunque</strong></span> <span class='ocrx_word' id='word_1_631' title='bbox 3399 3861 3610 3918; x_wconf 78' lang='lat' dir='ltr'><strong>soluerit</strong></span> <span class='ocrx_word' id='word_1_632' title='bbox 3650 3878 3816 3916; x_wconf 84' lang='lat' dir='ltr'><strong>unum</strong></span> 
     </span>
    </p>
   </div>
   <div class='ocr_carea' id='block_1_83' title="bbox 2225 3950 3816 4020">
    <p class='ocr_par' dir='ltr' id='par_1_83' title="bbox 2225 3950 3816 4020">
     <span class='ocr_line' id='line_1_83' title="bbox 2225 3950 3816 4020; baseline 0.003 -15"><span class='ocrx_word' id='word_1_633' title='bbox 2225 3950 2293 4005; x_wconf 90' lang='lat' dir='ltr'><strong>de</strong></span> <span class='ocrx_word' id='word_1_634' title='bbox 2333 3951 2601 4006; x_wconf 87' lang='lat' dir='ltr'><strong>mandatis</strong></span> <span class='ocrx_word' id='word_1_635' title='bbox 2641 3953 2756 4008; x_wconf 86' lang='lat' dir='ltr'><strong>istis</strong></span> <span class='ocrx_word' id='word_1_636' title='bbox 2796 3953 3046 4020; x_wconf 87' lang='lat' dir='ltr'><strong>minimis,</strong></span> <span class='ocrx_word' id='word_1_637' title='bbox 3091 3962 3141 4009; x_wconf 86' lang='lat' dir='ltr'><strong>et</strong></span> <span class='ocrx_word' id='word_1_638' title='bbox 3183 3954 3421 4009; x_wconf 84' lang='lat' dir='ltr'><strong>docuerit</strong></span> <span class='ocrx_word' id='word_1_639' title='bbox 3465 3953 3561 4020; x_wconf 84' lang='lat' dir='ltr'><strong>sic,</strong></span> <span class='ocrx_word' id='word_1_640' title='bbox 3609 3953 3664 4008; x_wconf 90' lang='lat' dir='ltr'><strong>id</strong></span> <span class='ocrx_word' id='word_1_641' title='bbox 3707 3962 3816 4020; x_wconf 87' lang='lat' dir='ltr'><strong>est,</strong></span> 
     </span>
    </p>
   </div>
   <div class='ocr_carea' id='block_1_84' title="bbox 2228 4043 3813 4113">
    <p class='ocr_par' dir='ltr' id='par_1_84' title="bbox 2228 4043 3813 4113">
     <span class='ocr_line' id='line_1_84' title="bbox 2228 4043 3813 4113; baseline 0.001 -13"><span class='ocrx_word' id='word_1_642' title='bbox 2228 4043 2454 4100; x_wconf 89' lang='lat' dir='ltr'><strong>solverit</strong></span> <span class='ocrx_word' id='word_1_643' title='bbox 2492 4043 2633 4101; x_wconf 89' lang='lat' dir='ltr'><strong>male</strong></span> <span class='ocrx_word' id='word_1_644' title='bbox 2673 4045 2927 4112; x_wconf 89' lang='lat' dir='ltr'><strong>vivendo,</strong></span> <span class='ocrx_word' id='word_1_645' title='bbox 2977 4055 3033 4103; x_wconf 90' lang='lat' dir='ltr'><strong>et</strong></span> <span class='ocrx_word' id='word_1_646' title='bbox 3079 4047 3324 4104; x_wconf 87' lang='lat' dir='ltr'><strong>docuerit</strong></span> <span class='ocrx_word' id='word_1_647' title='bbox 3362 4047 3504 4103; x_wconf 89' lang='lat' dir='ltr'><strong>bona</strong></span> <span class='ocrx_word' id='word_1_648' title='bbox 3549 4046 3813 4113; x_wconf 88' lang='lat' dir='ltr'><strong>docendo,</strong></span> 
     </span>
    </p>
   </div>
   <div class='ocr_carea' id='block_1_85' title="bbox 2225 4139 3815 4214">
    <p class='ocr_par' dir='ltr' id='par_1_85' title="bbox 2225 4139 3815 4214">
     <span class='ocr_line' id='line_1_85' title="bbox 2225 4139 3815 4214; baseline 0.003 -22"><span class='ocrx_word' id='word_1_649' title='bbox 2225 4139 2472 4194; x_wconf 87' lang='lat' dir='ltr'><strong>minimus</strong></span> <span class='ocrx_word' id='word_1_650' title='bbox 2511 4140 2779 4195; x_wconf 81' lang='lat' dir='ltr'><strong>vocabitur</strong></span> <span class='ocrx_word' id='word_1_651' title='bbox 2811 4140 2868 4196; x_wconf 89' lang='lat' dir='ltr'><strong>in</strong></span> <span class='ocrx_word' id='word_1_652' title='bbox 2909 4157 3068 4213; x_wconf 80' lang='lat' dir='ltr'><strong>regno</strong></span> <span class='ocrx_word' id='word_1_653' title='bbox 3109 4141 3359 4197; x_wconf 68' lang='lat' dir='ltr'><strong>calorum</strong></span> <span class='ocrx_word' id='word_1_654' title='bbox 3387 4141 3603 4214; x_wconf 77' lang='lat' dir='ltr'><strong>(Matth.</strong></span> <span class='ocrx_word' id='word_1_655' title='bbox 3636 4139 3716 4212; x_wconf 90' lang='lat' dir='ltr'><strong>v),</strong></span> <span class='ocrx_word' id='word_1_656' title='bbox 3763 4140 3815 4196; x_wconf 89' lang='lat' dir='ltr'><strong>id</strong></span> 
     </span>
    </p>
   </div>
   <div class='ocr_carea' id='block_1_86' title="bbox 2225 4230 3818 4306">
    <p class='ocr_par' dir='ltr' id='par_1_86' title="bbox 2225 4230 3818 4306">
     <span class='ocr_line' id='line_1_86' title="bbox 2225 4230 3818 4306; baseline 0.001 -20"><span class='ocrx_word' id='word_1_657' title='bbox 2225 4237 2310 4286; x_wconf 89' lang='lat' dir='ltr'><strong>est</strong></span> <span class='ocrx_word' id='word_1_658' title='bbox 2340 4230 2398 4286; x_wconf 90' lang='lat' dir='ltr'><strong>in</strong></span> <span class='ocrx_word' id='word_1_659' title='bbox 2419 4231 2680 4300; x_wconf 89' lang='lat' dir='ltr'><strong>Ecclesia,</strong></span> <span class='ocrx_word' id='word_1_660' title='bbox 2705 4247 2826 4305; x_wconf 86' lang='lat' dir='ltr'><strong>quae</strong></span> <span class='ocrx_word' id='word_1_661' title='bbox 2863 4234 3025 4290; x_wconf 93' lang='lat' dir='ltr'><strong>modo</strong></span> <span class='ocrx_word' id='word_1_662' title='bbox 3062 4243 3163 4291; x_wconf 90' lang='lat' dir='ltr'><strong>est.</strong></span> <span class='ocrx_word' id='word_1_663' title='bbox 3207 4233 3344 4304; x_wconf 85' lang='lat' dir='ltr'><strong>Quia</strong></span> <span class='ocrx_word' id='word_1_664' title='bbox 3369 4242 3424 4291; x_wconf 90' lang='lat' dir='ltr'><strong>et</strong></span> <span class='ocrx_word' id='word_1_665' title='bbox 3447 4235 3564 4306; x_wconf 86' lang='lat' dir='ltr'><strong>ipsa</strong></span> <span class='ocrx_word' id='word_1_666' title='bbox 3589 4243 3818 4291; x_wconf 88' lang='lat' dir='ltr'><strong>vocatur</strong></span> 
     </span>
    </p>
   </div>
   <div class='ocr_carea' id='block_1_87' title="bbox 2225 4325 3818 4398">
    <p class='ocr_par' dir='ltr' id='par_1_87' title="bbox 2225 4325 3818 4398">
     <span class='ocr_line' id='line_1_87' title="bbox 2225 4325 3818 4398; baseline 0.001 -19"><span class='ocrx_word' id='word_1_667' title='bbox 2225 4339 2454 4396; x_wconf 90' lang='lat' dir='ltr'><strong>regnum</strong></span> <span class='ocrx_word' id='word_1_668' title='bbox 2498 4325 2779 4393; x_wconf 79' lang='lat' dir='ltr'><strong>caelorum,</strong></span> <span class='ocrx_word' id='word_1_669' title='bbox 2821 4326 2986 4382; x_wconf 89' lang='lat' dir='ltr'><strong>habet</strong></span> <span class='ocrx_word' id='word_1_670' title='bbox 3023 4326 3201 4398; x_wconf 90' lang='lat' dir='ltr'><strong>pisces</strong></span> <span class='ocrx_word' id='word_1_671' title='bbox 3239 4326 3400 4382; x_wconf 91' lang='lat' dir='ltr'><strong>simul</strong></span> <span class='ocrx_word' id='word_1_672' title='bbox 3439 4334 3709 4392; x_wconf 88' lang='lat' dir='ltr'><strong>natantes,</strong></span> <span class='ocrx_word' id='word_1_673' title='bbox 3760 4333 3818 4381; x_wconf 92' lang='lat' dir='ltr'><strong>et</strong></span> 
     </span>
    </p>
   </div>
   <div class='ocr_carea' id='block_1_88' title="bbox 2226 4413 3815 4487">
    <p class='ocr_par' dir='ltr' id='par_1_88' title="bbox 2226 4413 3815 4487">
     <span class='ocr_line' id='line_1_88' title="bbox 2226 4413 3815 4487; baseline 0.002 -20"><span class='ocrx_word' id='word_1_674' title='bbox 2226 4413 2400 4470; x_wconf 90' lang='lat' dir='ltr'><strong>bonos</strong></span> <span class='ocrx_word' id='word_1_675' title='bbox 2433 4421 2490 4470; x_wconf 87' lang='lat' dir='ltr'><strong>et</strong></span> <span class='ocrx_word' id='word_1_676' title='bbox 2512 4414 2704 4470; x_wconf 86' lang='lat' dir='ltr'><strong>malos.</strong></span> <span class='ocrx_word' id='word_1_677' title='bbox 2747 4413 2809 4469; x_wconf 90' lang='lat' dir='ltr'><strong>In</strong></span> <span class='ocrx_word' id='word_1_678' title='bbox 2847 4413 2954 4470; x_wconf 91' lang='lat' dir='ltr'><strong>isto</strong></span> <span class='ocrx_word' id='word_1_679' title='bbox 2998 4429 3168 4487; x_wconf 83' lang='lat' dir='ltr'><strong>regno</strong></span> <span class='ocrx_word' id='word_1_680' title='bbox 3208 4415 3492 4481; x_wconf 80' lang='lat' dir='ltr'><strong>cmlorum,</strong></span> <span class='ocrx_word' id='word_1_681' title='bbox 3530 4415 3584 4470; x_wconf 92' lang='lat' dir='ltr'><strong>id</strong></span> <span class='ocrx_word' id='word_1_682' title='bbox 3621 4425 3728 4481; x_wconf 90' lang='lat' dir='ltr'><strong>est,</strong></span> <span class='ocrx_word' id='word_1_683' title='bbox 3759 4415 3815 4470; x_wconf 91' lang='lat' dir='ltr'><strong>in</strong></span> 
     </span>
    </p>
   </div>
   <div class='ocr_carea' id='block_1_89' title="bbox 2227 4504 3817 4578">
    <p class='ocr_par' dir='ltr' id='par_1_89' title="bbox 2227 4504 3817 4578">
     <span class='ocr_line' id='line_1_89' title="bbox 2227 4504 3817 4578; baseline 0.001 -18"><span class='ocrx_word' id='word_1_684' title='bbox 2227 4504 2470 4562; x_wconf 88' lang='lat' dir='ltr'><strong>Ecclesia</strong></span> <span class='ocrx_word' id='word_1_685' title='bbox 2509 4504 2670 4576; x_wconf 88' lang='lat' dir='ltr'><strong>hujus</strong></span> <span class='ocrx_word' id='word_1_686' title='bbox 2707 4506 2996 4578; x_wconf 89' lang='lat' dir='ltr'><strong>temporis,</strong></span> <span class='ocrx_word' id='word_1_687' title='bbox 3029 4507 3286 4563; x_wconf 91' lang='lat' dir='ltr'><strong>minimus</strong></span> <span class='ocrx_word' id='word_1_688' title='bbox 3318 4514 3545 4562; x_wconf 89' lang='lat' dir='ltr'><strong>vocatur</strong></span> <span class='ocrx_word' id='word_1_689' title='bbox 3579 4506 3691 4570; x_wconf 91' lang='lat' dir='ltr'><strong>ille,</strong></span> <span class='ocrx_word' id='word_1_690' title='bbox 3718 4507 3817 4578; x_wconf 90' lang='lat' dir='ltr'><strong>qui</strong></span> 
     </span>
    </p>
   </div>
   <div class='ocr_carea' id='block_1_90' title="bbox 535 4594 3814 4696">
    <p class='ocr_par' dir='ltr' id='par_1_90' title="bbox 535 4594 3814 4696">
     <span class='ocr_line' id='line_1_90' title="bbox 535 4594 3814 4696; baseline 0.001 -44"><span class='ocrx_word' id='word_1_691' title='bbox 535 4599 790 4696; x_wconf 67' lang='lat' dir='ltr'><strong>dextram</strong></span> <span class='ocrx_word' id='word_1_692' title='bbox 833 4595 1017 4696; x_wconf 92' lang='lat' dir='ltr'><strong>aut</strong></span> <span class='ocrx_word' id='word_1_693' title='bbox 1059 4594 1358 4696; x_wconf 66' lang='lat' dir='ltr'><strong>sinistram,</strong></span> <span class='ocrx_word' id='word_1_694' title='bbox 1397 4594 1744 4696; x_wconf 62' lang='lat' dir='ltr'><strong>piscesenim</strong></span> <span class='ocrx_word' id='word_1_695' title='bbox 1769 4595 2020 4696; x_wconf 73' lang='lat' dir='ltr'><strong>homines</strong></span> <span class='ocrx_word' id='word_1_696' title='bbox 2045 4596 2123 4696; x_wconf 53' lang='lat' dir='ltr'><strong>si:</strong></span> <span class='ocrx_word' id='word_1_697' title='bbox 2147 4633 2202 4696; x_wconf 70' lang='grc' dir='ltr'><strong>Β</strong></span> <span class='ocrx_word' id='word_1_698' title='bbox 2228 4598 2385 4656; x_wconf 90' lang='lat' dir='ltr'><strong>docet</strong></span> <span class='ocrx_word' id='word_1_699' title='bbox 2419 4598 2561 4655; x_wconf 88' lang='lat' dir='ltr'><strong>bona</strong></span> <span class='ocrx_word' id='word_1_700' title='bbox 2598 4607 2656 4655; x_wconf 91' lang='lat' dir='ltr'><strong>et</strong></span> <span class='ocrx_word' id='word_1_701' title='bbox 2687 4601 2798 4671; x_wconf 92' lang='lat' dir='ltr'><strong>agit</strong></span> <span class='ocrx_word' id='word_1_702' title='bbox 2832 4598 2992 4664; x_wconf 88' lang='lat' dir='ltr'><strong>mala,</strong></span> <span class='ocrx_word' id='word_1_703' title='bbox 3029 4598 3158 4669; x_wconf 90' lang='lat' dir='ltr'><strong>quia</strong></span> <span class='ocrx_word' id='word_1_704' title='bbox 3189 4598 3266 4655; x_wconf 91' lang='lat' dir='ltr'><strong>ibi</strong></span> <span class='ocrx_word' id='word_1_705' title='bbox 3301 4607 3386 4656; x_wconf 90' lang='lat' dir='ltr'><strong>est</strong></span> <span class='ocrx_word' id='word_1_706' title='bbox 3420 4606 3477 4655; x_wconf 89' lang='lat' dir='ltr'><strong>et</strong></span> <span class='ocrx_word' id='word_1_707' title='bbox 3513 4599 3649 4669; x_wconf 91' lang='lat' dir='ltr'><strong>ipse.</strong></span> <span class='ocrx_word' id='word_1_708' title='bbox 3691 4597 3814 4654; x_wconf 87' lang='lat' dir='ltr'><strong>Non</strong></span> 
     </span>
    </p>
   </div>
   <div class='ocr_carea' id='block_1_91' title="bbox 537 4683 2122 4759">
    <p class='ocr_par' dir='ltr' id='par_1_91' title="bbox 537 4683 2122 4759">
     <span class='ocr_line' id='line_1_91' title="bbox 537 4683 2122 4759; baseline 0 -18"><span class='ocrx_word' id='word_1_709' title='bbox 537 4686 890 4759; x_wconf 74' lang='lat' dir='ltr'><strong>gniﬁcabant.</strong></span> <span class='ocrx_word' id='word_1_710' title='bbox 939 4684 999 4740; x_wconf 91' lang='lat' dir='ltr'><strong>Si</strong></span> <span class='ocrx_word' id='word_1_711' title='bbox 1021 4699 1151 4756; x_wconf 87' lang='lat' dir='ltr'><strong>ergo</strong></span> <span class='ocrx_word' id='word_1_712' title='bbox 1175 4683 1450 4740; x_wconf 91' lang='lat' dir='ltr'><strong>diceretur</strong></span> <span class='ocrx_word' id='word_1_713' title='bbox 1479 4683 1538 4740; x_wconf 92' lang='lat' dir='ltr'><strong>in</strong></span> <span class='ocrx_word' id='word_1_714' title='bbox 1570 4685 1840 4752; x_wconf 90' lang='lat' dir='ltr'><strong>dextram,</strong></span> <span class='ocrx_word' id='word_1_715' title='bbox 1868 4684 1967 4741; x_wconf 89' lang='lat' dir='ltr'><strong>soli</strong></span> <span class='ocrx_word' id='word_1_716' title='bbox 1991 4684 2122 4741; x_wconf 91' lang='lat' dir='ltr'><strong>boni</strong></span> 
     </span>
    </p>
   </div>
   <div class='ocr_carea' id='block_1_92' title="bbox 537 4773 2121 4840">
    <p class='ocr_par' dir='ltr' id='par_1_92' title="bbox 537 4773 2121 4840">
     <span class='ocr_line' id='line_1_92' title="bbox 537 4773 2121 4840; baseline -0.001 -8"><span class='ocrx_word' id='word_1_717' title='bbox 537 4778 710 4832; x_wconf 75' lang='lat' dir='ltr'><strong>l‘uturi</strong></span> <span class='ocrx_word' id='word_1_718' title='bbox 754 4783 929 4832; x_wconf 89' lang='lat' dir='ltr'><strong>erant.</strong></span> <span class='ocrx_word' id='word_1_719' title='bbox 979 4773 1038 4831; x_wconf 91' lang='lat' dir='ltr'><strong>Si</strong></span> <span class='ocrx_word' id='word_1_720' title='bbox 1078 4775 1354 4831; x_wconf 91' lang='lat' dir='ltr'><strong>diceretur</strong></span> <span class='ocrx_word' id='word_1_721' title='bbox 1389 4775 1446 4830; x_wconf 91' lang='lat' dir='ltr'><strong>in</strong></span> <span class='ocrx_word' id='word_1_722' title='bbox 1486 4774 1796 4840; x_wconf 89' lang='lat' dir='ltr'><strong>sinistram,</strong></span> <span class='ocrx_word' id='word_1_723' title='bbox 1837 4774 1937 4831; x_wconf 91' lang='lat' dir='ltr'><strong>soli</strong></span> <span class='ocrx_word' id='word_1_724' title='bbox 1973 4776 2121 4832; x_wconf 92' lang='lat' dir='ltr'><strong>mali.</strong></span> 
     </span>
    </p>
   </div>
   <div class='ocr_carea' id='block_1_93' title="bbox 545 4863 2124 4937">
    <p class='ocr_par' dir='ltr' id='par_1_93' title="bbox 545 4863 2124 4937">
     <span class='ocr_line' id='line_1_93' title="bbox 545 4863 2124 4937; baseline 0.001 -16"><span class='ocrx_word' id='word_1_725' title='bbox 545 4869 681 4936; x_wconf 67' lang='lat' dir='ltr'><strong>Quia</strong></span> <span class='ocrx_word' id='word_1_726' title='bbox 717 4883 845 4922; x_wconf 89' lang='lat' dir='ltr'><strong>vero</strong></span> <span class='ocrx_word' id='word_1_727' title='bbox 884 4866 1140 4937; x_wconf 80' lang='lat' dir='ltr'><strong>permixti</strong></span> <span class='ocrx_word' id='word_1_728' title='bbox 1176 4863 1392 4922; x_wconf 79' lang='lat' dir='ltr'><strong>fuerant</strong></span> <span class='ocrx_word' id='word_1_729' title='bbox 1428 4865 1596 4922; x_wconf 90' lang='lat' dir='ltr'><strong>futuri</strong></span> <span class='ocrx_word' id='word_1_730' title='bbox 1629 4866 1686 4922; x_wconf 93' lang='lat' dir='ltr'><strong>in</strong></span> <span class='ocrx_word' id='word_1_731' title='bbox 1717 4867 1964 4924; x_wconf 88' lang='lat' dir='ltr'><strong>Ecclesia</strong></span> <span class='ocrx_word' id='word_1_732' title='bbox 1995 4867 2124 4923; x_wconf 89' lang='lat' dir='ltr'><strong>boni</strong></span> 
     </span>
    </p>
   </div>
   <div class='ocr_carea' id='block_1_94' title="bbox 539 4957 2127 5027">
    <p class='ocr_par' dir='ltr' id='par_1_94' title="bbox 539 4957 2127 5027">
     <span class='ocr_line' id='line_1_94' title="bbox 539 4957 2127 5027; baseline -0.001 -11"><span class='ocrx_word' id='word_1_733' title='bbox 539 4977 608 5016; x_wconf 83' lang='lat' dir='ltr'><strong>ac</strong></span> <span class='ocrx_word' id='word_1_734' title='bbox 649 4961 810 5024; x_wconf 85' lang='lat' dir='ltr'><strong>mali,</strong></span> <span class='ocrx_word' id='word_1_735' title='bbox 849 4960 965 5016; x_wconf 89' lang='lat' dir='ltr'><strong>sine</strong></span> <span class='ocrx_word' id='word_1_736' title='bbox 1002 4957 1306 5016; x_wconf 76' lang='lat' dir='ltr'><strong>differentia</strong></span> <span class='ocrx_word' id='word_1_737' title='bbox 1347 4959 1513 5016; x_wconf 88' lang='lat' dir='ltr'><strong>missa</strong></span> <span class='ocrx_word' id='word_1_738' title='bbox 1554 4968 1681 5016; x_wconf 89' lang='lat' dir='ltr'><strong>sunt</strong></span> <span class='ocrx_word' id='word_1_739' title='bbox 1719 4961 1892 5027; x_wconf 90' lang='lat' dir='ltr'><strong>retia,</strong></span> <span class='ocrx_word' id='word_1_740' title='bbox 1935 4969 1998 5015; x_wconf 92' lang='lat' dir='ltr'><strong>ut</strong></span> <span class='ocrx_word' id='word_1_741' title='bbox 2036 4976 2127 5016; x_wconf 86' lang='lat' dir='ltr'><strong>ca-</strong></span> 
     </span>
    </p>
   </div>
   <div class='ocr_carea' id='block_1_95' title="bbox 538 5051 2122 5126">
    <p class='ocr_par' dir='ltr' id='par_1_95' title="bbox 538 5051 2122 5126">
     <span class='ocr_line' id='line_1_95' title="bbox 538 5051 2122 5126; baseline 0.001 -17"><span class='ocrx_word' id='word_1_742' title='bbox 538 5062 800 5126; x_wconf 86' lang='lat' dir='ltr'><strong>perentur</strong></span> <span class='ocrx_word' id='word_1_743' title='bbox 839 5053 1016 5124; x_wconf 88' lang='lat' dir='ltr'><strong>pisces</strong></span> <span class='ocrx_word' id='word_1_744' title='bbox 1039 5094 1053 5120; x_wconf 98' lang='lat'><strong>,</strong></span> <span class='ocrx_word' id='word_1_745' title='bbox 1103 5051 1472 5124; x_wconf 73' lang='lat' dir='ltr'><strong>significantes</strong></span> <span class='ocrx_word' id='word_1_746' title='bbox 1517 5053 1811 5109; x_wconf 82' lang='lat' dir='ltr'><strong>mixturam</strong></span> <span class='ocrx_word' id='word_1_747' title='bbox 1853 5054 2122 5110; x_wconf 90' lang='lat' dir='ltr'><strong>bonorum</strong></span> 
     </span>
    </p>
   </div>
   <div class='ocr_carea' id='block_1_96' title="bbox 542 5146 930 5201">
    <p class='ocr_par' dir='ltr' id='par_1_96' title="bbox 542 5146 930 5201">
     <span class='ocr_line' id='line_1_96' title="bbox 542 5146 930 5201; baseline 0.003 -1"><span class='ocrx_word' id='word_1_748' title='bbox 542 5162 607 5200; x_wconf 87' lang='lat' dir='ltr'><strong>ac</strong></span> <span class='ocrx_word' id='word_1_749' title='bbox 647 5146 930 5201; x_wconf 89' lang='lat' dir='ltr'><strong>malorum.</strong></span> 
     </span>
    </p>
   </div>
   <div class='ocr_carea' id='block_1_97' title="bbox 611 5236 2118 5310">
    <p class='ocr_par' dir='ltr' id='par_1_97' title="bbox 611 5236 2118 5310">
     <span class='ocr_line' id='line_1_97' title="bbox 611 5236 2118 5310; baseline 0.001 -17"><span class='ocrx_word' id='word_1_750' title='bbox 611 5238 740 5294; x_wconf 89' lang='lat' dir='ltr'><strong>Tria</strong></span> <span class='ocrx_word' id='word_1_751' title='bbox 764 5253 894 5310; x_wconf 91' lang='lat' dir='ltr'><strong>ergo</strong></span> <span class='ocrx_word' id='word_1_752' title='bbox 925 5237 979 5293; x_wconf 90' lang='lat' dir='ltr'><strong>in</strong></span> <span class='ocrx_word' id='word_1_753' title='bbox 1009 5237 1100 5292; x_wconf 90' lang='lat' dir='ltr'><strong>illa</strong></span> <span class='ocrx_word' id='word_1_754' title='bbox 1122 5236 1423 5309; x_wconf 84' lang='lat' dir='ltr'><strong>piscatione</strong></span> <span class='ocrx_word' id='word_1_755' title='bbox 1445 5237 1620 5309; x_wconf 89' lang='lat' dir='ltr'><strong>prima</strong></span> <span class='ocrx_word' id='word_1_756' title='bbox 1646 5237 1947 5310; x_wconf 74' lang='lat' dir='ltr'><strong>significata</strong></span> <span class='ocrx_word' id='word_1_757' title='bbox 1972 5245 2118 5295; x_wconf 88' lang='lat' dir='ltr'><strong>sunt.</strong></span> 
     </span>
    </p>
   </div>
   <div class='ocr_carea' id='block_1_98' title="bbox 540 5327 2118 5398">
    <p class='ocr_par' dir='ltr' id='par_1_98' title="bbox 540 5327 2118 5398">
     <span class='ocr_line' id='line_1_98' title="bbox 540 5327 2118 5398; baseline 0 -14"><span class='ocrx_word' id='word_1_758' title='bbox 540 5328 769 5385; x_wconf 81' lang='lat' dir='ltr'><strong>Mixtura</strong></span> <span class='ocrx_word' id='word_1_759' title='bbox 799 5329 1063 5384; x_wconf 88' lang='lat' dir='ltr'><strong>bonorum</strong></span> <span class='ocrx_word' id='word_1_760' title='bbox 1095 5336 1152 5383; x_wconf 91' lang='lat' dir='ltr'><strong>et</strong></span> <span class='ocrx_word' id='word_1_761' title='bbox 1179 5327 1442 5384; x_wconf 84' lang='lat' dir='ltr'><strong>malorum</strong></span> <span class='ocrx_word' id='word_1_762' title='bbox 1467 5345 1480 5381; x_wconf 95' lang='lat'><strong>:</strong></span> <span class='ocrx_word' id='word_1_763' title='bbox 1517 5342 1774 5398; x_wconf 88' lang='lat' dir='ltr'><strong>pressura</strong></span> <span class='ocrx_word' id='word_1_764' title='bbox 1804 5328 2118 5384; x_wconf 89' lang='lat' dir='ltr'><strong>turbarum:</strong></span> 
     </span>
    </p>
   </div>
   <div class='ocr_carea' id='block_1_99' title="bbox 537 5419 2123 5492">
    <p class='ocr_par' dir='ltr' id='par_1_99' title="bbox 537 5419 2123 5492">
     <span class='ocr_line' id='line_1_99' title="bbox 537 5419 2123 5492; baseline -0.001 -14"><span class='ocrx_word' id='word_1_765' title='bbox 537 5422 913 5492; x_wconf 83' lang='lat' dir='ltr'><strong>separationes</strong></span> <span class='ocrx_word' id='word_1_766' title='bbox 936 5420 1335 5476; x_wconf 66' lang='lat' dir='ltr'><strong>haereticorum.</strong></span> <span class='ocrx_word' id='word_1_767' title='bbox 1375 5419 1608 5475; x_wconf 86' lang='lat' dir='ltr'><strong>Mixtura</strong></span> <span class='ocrx_word' id='word_1_768' title='bbox 1631 5421 1897 5476; x_wconf 90' lang='lat' dir='ltr'><strong>bonorum</strong></span> <span class='ocrx_word' id='word_1_769' title='bbox 1928 5428 1984 5476; x_wconf 91' lang='lat' dir='ltr'><strong>et</strong></span> <span class='ocrx_word' id='word_1_770' title='bbox 2007 5435 2123 5476; x_wconf 90' lang='lat' dir='ltr'><strong>ma-</strong></span> 
     </span>
    </p>
   </div>
   <div class='ocr_carea' id='block_1_100' title="bbox 537 5511 2122 5584">
    <p class='ocr_par' dir='ltr' id='par_1_100' title="bbox 537 5511 2122 5584">
     <span class='ocr_line' id='line_1_100' title="bbox 537 5511 2122 5584; baseline 0 -15"><span class='ocrx_word' id='word_1_771' title='bbox 537 5512 736 5579; x_wconf 91' lang='lat' dir='ltr'><strong>lorum,</strong></span> <span class='ocrx_word' id='word_1_772' title='bbox 780 5514 908 5584; x_wconf 89' lang='lat' dir='ltr'><strong>quia</strong></span> <span class='ocrx_word' id='word_1_773' title='bbox 948 5527 1051 5568; x_wconf 91' lang='lat' dir='ltr'><strong>nec</strong></span> <span class='ocrx_word' id='word_1_774' title='bbox 1088 5512 1145 5568; x_wconf 91' lang='lat' dir='ltr'><strong>in</strong></span> <span class='ocrx_word' id='word_1_775' title='bbox 1183 5511 1405 5577; x_wconf 84' lang='lat' dir='ltr'><strong>dextra,</strong></span> <span class='ocrx_word' id='word_1_776' title='bbox 1451 5526 1554 5568; x_wconf 92' lang='lat' dir='ltr'><strong>nec</strong></span> <span class='ocrx_word' id='word_1_777' title='bbox 1593 5512 1650 5568; x_wconf 91' lang='lat' dir='ltr'><strong>in</strong></span> <span class='ocrx_word' id='word_1_778' title='bbox 1691 5513 1913 5569; x_wconf 87' lang='lat' dir='ltr'><strong>sinistra</strong></span> <span class='ocrx_word' id='word_1_779' title='bbox 1958 5512 2122 5569; x_wconf 88' lang='lat' dir='ltr'><strong>missa</strong></span> 
     </span>
    </p>
   </div>
   <div class='ocr_carea' id='block_1_101' title="bbox 478 5602 2122 5674">
    <p class='ocr_par' dir='ltr' id='par_1_101' title="bbox 478 5602 2122 5674">
     <span class='ocr_line' id='line_1_101' title="bbox 478 5602 2122 5674; baseline -0.001 -12"><span class='ocrx_word' id='word_1_780' title='bbox 478 5641 480 5643; x_wconf 64' lang='grc'><strong>›</strong></span> <span class='ocrx_word' id='word_1_781' title='bbox 532 5613 669 5662; x_wconf 86' lang='lat' dir='ltr'><strong>sunt</strong></span> <span class='ocrx_word' id='word_1_782' title='bbox 686 5604 847 5661; x_wconf 84' lang='lat' dir='ltr'><strong>retia.</strong></span> <span class='ocrx_word' id='word_1_783' title='bbox 892 5604 1155 5661; x_wconf 91' lang='lat' dir='ltr'><strong>Pressura</strong></span> <span class='ocrx_word' id='word_1_784' title='bbox 1177 5603 1480 5666; x_wconf 89' lang='lat' dir='ltr'><strong>turbarum,</strong></span> <span class='ocrx_word' id='word_1_785' title='bbox 1508 5602 1636 5672; x_wconf 91' lang='lat' dir='ltr'><strong>quia</strong></span> <span class='ocrx_word' id='word_1_786' title='bbox 1667 5610 1875 5658; x_wconf 87' lang='lat' dir='ltr'><strong>tantum</strong></span> <span class='ocrx_word' id='word_1_787' title='bbox 1905 5613 2122 5674; x_wconf 90' lang='lat' dir='ltr'><strong>captum</strong></span> 
     </span>
    </p>
   </div>
   <div class='ocr_carea' id='block_1_102' title="bbox 535 5693 2125 5766">
    <p class='ocr_par' dir='ltr' id='par_1_102' title="bbox 535 5693 2125 5766">
     <span class='ocr_line' id='line_1_102' title="bbox 535 5693 2125 5766; baseline -0.001 -12"><span class='ocrx_word' id='word_1_788' title='bbox 535 5704 625 5755; x_wconf 84' lang='lat' dir='ltr'><strong>est</strong></span> <span class='ocrx_word' id='word_1_789' title='bbox 650 5737 666 5764; x_wconf 91' lang='lat'><strong>,</strong></span> <span class='ocrx_word' id='word_1_790' title='bbox 723 5705 784 5753; x_wconf 93' lang='lat' dir='ltr'><strong>ut</strong></span> <span class='ocrx_word' id='word_1_791' title='bbox 831 5696 1135 5752; x_wconf 91' lang='lat' dir='ltr'><strong>naviculam</strong></span> <span class='ocrx_word' id='word_1_792' title='bbox 1187 5701 1516 5765; x_wconf 88' lang='lat' dir='ltr'><strong>premerent.</strong></span> <span class='ocrx_word' id='word_1_793' title='bbox 1566 5693 1718 5750; x_wconf 89' lang='lat' dir='ltr'><strong>Tunc</strong></span> <span class='ocrx_word' id='word_1_794' title='bbox 1755 5695 2125 5766; x_wconf 88' lang='lat' dir='ltr'><strong>separationes</strong></span> 
     </span>
    </p>
   </div>
   <div class='ocr_carea' id='block_1_103' title="bbox 538 5781 2120 5856">
    <p class='ocr_par' dir='ltr' id='par_1_103' title="bbox 538 5781 2120 5856">
     <span class='ocr_line' id='line_1_103' title="bbox 538 5781 2120 5856; baseline -0.003 -10"><span class='ocrx_word' id='word_1_795' title='bbox 538 5787 940 5854; x_wconf 70' lang='lat' dir='ltr'><strong>haereticorum,</strong></span> <span class='ocrx_word' id='word_1_796' title='bbox 981 5786 1109 5856; x_wconf 90' lang='lat' dir='ltr'><strong>quia</strong></span> <span class='ocrx_word' id='word_1_797' title='bbox 1152 5791 1302 5839; x_wconf 87' lang='lat' dir='ltr'><strong>tanta</strong></span> <span class='ocrx_word' id='word_1_798' title='bbox 1339 5781 1520 5839; x_wconf 90' lang='lat' dir='ltr'><strong>fuerat</strong></span> <span class='ocrx_word' id='word_1_799' title='bbox 1561 5783 1871 5852; x_wconf 90' lang='lat' dir='ltr'><strong>multitudo,</strong></span> <span class='ocrx_word' id='word_1_800' title='bbox 1899 5795 1960 5843; x_wconf 90' lang='lat' dir='ltr'><strong>ut</strong></span> <span class='ocrx_word' id='word_1_801' title='bbox 1985 5787 2120 5842; x_wconf 90' lang='lat' dir='ltr'><strong>retia</strong></span> 
     </span>
    </p>
   </div>
   <div class='ocr_carea' id='block_1_104' title="bbox 540 5875 2116 5956">
    <p class='ocr_par' dir='ltr' id='par_1_104' title="bbox 540 5875 2116 5956">
     <span class='ocr_line' id='line_1_104' title="bbox 540 5875 2116 5956; baseline 0.001 -22"><span class='ocrx_word' id='word_1_802' title='bbox 540 5886 939 5954; x_wconf 81' lang='lat' dir='ltr'><strong>rumperentur.</strong></span> <span class='ocrx_word' id='word_1_803' title='bbox 977 5877 1249 5952; x_wconf 87' lang='lat' dir='ltr'><strong>Respicite</strong></span> <span class='ocrx_word' id='word_1_804' title='bbox 1279 5891 1424 5934; x_wconf 92' lang='lat' dir='ltr'><strong>nunc</strong></span> <span class='ocrx_word' id='word_1_805' title='bbox 1451 5877 1519 5934; x_wconf 92' lang='lat' dir='ltr'><strong>ad</strong></span> <span class='ocrx_word' id='word_1_806' title='bbox 1550 5875 1712 5935; x_wconf 88' lang='lat' dir='ltr'><strong>istam</strong></span> <span class='ocrx_word' id='word_1_807' title='bbox 1739 5877 2116 5956; x_wconf 85' lang='lat' dir='ltr'><strong>piscationem,</strong></span> 
     </span>
    </p>
   </div>
   <div class='ocr_carea' id='block_1_105' title="bbox 2225 4688 3816 4760">
    <p class='ocr_par' dir='ltr' id='par_1_105' title="bbox 2225 4688 3816 4760">
     <span class='ocr_line' id='line_1_105' title="bbox 2225 4688 3816 4760; baseline -0.001 -14"><span class='ocrx_word' id='word_1_808' title='bbox 2225 4691 2367 4746; x_wconf 92' lang='lat' dir='ltr'><strong>enim</strong></span> <span class='ocrx_word' id='word_1_809' title='bbox 2398 4689 2521 4746; x_wconf 89' lang='lat' dir='ltr'><strong>talis</strong></span> <span class='ocrx_word' id='word_1_810' title='bbox 2558 4689 2632 4745; x_wconf 90' lang='lat' dir='ltr'><strong>ibi</strong></span> <span class='ocrx_word' id='word_1_811' title='bbox 2667 4700 2753 4745; x_wconf 90' lang='lat' dir='ltr'><strong>est</strong></span> <span class='ocrx_word' id='word_1_812' title='bbox 2791 4690 2844 4746; x_wconf 92' lang='lat' dir='ltr'><strong>in</strong></span> <span class='ocrx_word' id='word_1_813' title='bbox 2884 4705 3054 4760; x_wconf 87' lang='lat' dir='ltr'><strong>regno</strong></span> <span class='ocrx_word' id='word_1_814' title='bbox 3091 4689 3373 4756; x_wconf 71' lang='lat' dir='ltr'><strong>caelorum,</strong></span> <span class='ocrx_word' id='word_1_815' title='bbox 3400 4689 3456 4745; x_wconf 91' lang='lat' dir='ltr'><strong>id</strong></span> <span class='ocrx_word' id='word_1_816' title='bbox 3485 4698 3571 4745; x_wconf 90' lang='lat' dir='ltr'><strong>est</strong></span> <span class='ocrx_word' id='word_1_817' title='bbox 3607 4689 3663 4744; x_wconf 91' lang='lat' dir='ltr'><strong>in</strong></span> <span class='ocrx_word' id='word_1_818' title='bbox 3706 4688 3816 4744; x_wconf 89' lang='lat' dir='ltr'><strong>Ec-</strong></span> 
     </span>
    </p>
   </div>
   <div class='ocr_carea' id='block_1_106' title="bbox 2225 4779 3816 4852">
    <p class='ocr_par' dir='ltr' id='par_1_106' title="bbox 2225 4779 3816 4852">
     <span class='ocr_line' id='line_1_106' title="bbox 2225 4779 3816 4852; baseline -0.003 -16"><span class='ocrx_word' id='word_1_819' title='bbox 2225 4780 2409 4845; x_wconf 90' lang='lat' dir='ltr'><strong>clesia,</strong></span> <span class='ocrx_word' id='word_1_820' title='bbox 2449 4779 2626 4850; x_wconf 91' lang='lat' dir='ltr'><strong>qualis</strong></span> <span class='ocrx_word' id='word_1_821' title='bbox 2661 4788 2745 4836; x_wconf 90' lang='lat' dir='ltr'><strong>est</strong></span> <span class='ocrx_word' id='word_1_822' title='bbox 2779 4780 2834 4836; x_wconf 92' lang='lat' dir='ltr'><strong>in</strong></span> <span class='ocrx_word' id='word_1_823' title='bbox 2874 4781 2966 4837; x_wconf 94' lang='lat' dir='ltr'><strong>illo</strong></span> <span class='ocrx_word' id='word_1_824' title='bbox 3001 4789 3266 4852; x_wconf 90' lang='lat' dir='ltr'><strong>tempore.</strong></span> <span class='ocrx_word' id='word_1_825' title='bbox 3308 4781 3477 4838; x_wconf 90' lang='lat' dir='ltr'><strong>Docet</strong></span> <span class='ocrx_word' id='word_1_826' title='bbox 3502 4781 3665 4844; x_wconf 87' lang='lat' dir='ltr'><strong>bona,</strong></span> <span class='ocrx_word' id='word_1_827' title='bbox 3699 4780 3816 4850; x_wconf 88' lang='lat' dir='ltr'><strong>agit</strong></span> 
     </span>
    </p>
   </div>
   <div class='ocr_carea' id='block_1_107' title="bbox 2225 4869 3818 4938">
    <p class='ocr_par' dir='ltr' id='par_1_107' title="bbox 2225 4869 3818 4938">
     <span class='ocr_line' id='line_1_107' title="bbox 2225 4869 3818 4938; baseline 0.001 -13"><span class='ocrx_word' id='word_1_828' title='bbox 2225 4869 2384 4933; x_wconf 85' lang='lat' dir='ltr'><strong>mala,</strong></span> <span class='ocrx_word' id='word_1_829' title='bbox 2410 4869 2752 4926; x_wconf 87' lang='lat' dir='ltr'><strong>necessarius</strong></span> <span class='ocrx_word' id='word_1_830' title='bbox 2783 4878 2888 4938; x_wconf 89' lang='lat' dir='ltr'><strong>est,</strong></span> <span class='ocrx_word' id='word_1_831' title='bbox 2924 4872 3293 4928; x_wconf 89' lang='lat' dir='ltr'><strong>mercenarius</strong></span> <span class='ocrx_word' id='word_1_832' title='bbox 3324 4879 3446 4928; x_wconf 89' lang='lat' dir='ltr'><strong>est:</strong></span> <span class='ocrx_word' id='word_1_833' title='bbox 3486 4869 3664 4926; x_wconf 81' lang='lat' dir='ltr'><strong>Amen</strong></span> <span class='ocrx_word' id='word_1_834' title='bbox 3691 4870 3818 4926; x_wconf 89' lang='lat' dir='ltr'><strong>dico</strong></span> 
     </span>
    </p>
   </div>
   <div class='ocr_carea' id='block_1_108' title="bbox 2225 4960 3816 5034">
    <p class='ocr_par' dir='ltr' id='par_1_108' title="bbox 2225 4960 3816 5034">
     <span class='ocr_line' id='line_1_108' title="bbox 2225 4960 3816 5034; baseline 0 -18"><span class='ocrx_word' id='word_1_835' title='bbox 2225 4960 2398 5027; x_wconf 90' lang='lat' dir='ltr'><strong>vobis,</strong></span> <span class='ocrx_word' id='word_1_836' title='bbox 2423 4962 2498 5018; x_wconf 92' lang='lat' dir='ltr'><strong>ait</strong></span> <span class='ocrx_word' id='word_1_837' title='bbox 2525 4979 2538 5017; x_wconf 93' lang='lat'><strong>:</strong></span> <span class='ocrx_word' id='word_1_838' title='bbox 2565 4971 2921 5034; x_wconf 90' lang='lat' dir='ltr'><strong>perceperunt</strong></span> <span class='ocrx_word' id='word_1_839' title='bbox 2942 4964 3246 5020; x_wconf 88' lang='lat' dir='ltr'><strong>mercedem</strong></span> <span class='ocrx_word' id='word_1_840' title='bbox 3277 4979 3452 5020; x_wconf 90' lang='lat' dir='ltr'><strong>suam.</strong></span> <span class='ocrx_word' id='word_1_841' title='bbox 3499 4961 3602 5030; x_wconf 89' lang='lat' dir='ltr'><strong>Qui</strong></span> <span class='ocrx_word' id='word_1_842' title='bbox 3628 4969 3816 5017; x_wconf 86' lang='lat' dir='ltr'><strong>autem</strong></span> 
     </span>
    </p>
   </div>
   <div class='ocr_carea' id='block_1_109' title="bbox 2226 5052 3820 5130">
    <p class='ocr_par' dir='ltr' id='par_1_109' title="bbox 2226 5052 3820 5130">
     <span class='ocr_line' id='line_1_109' title="bbox 2226 5052 3820 5130; baseline 0.001 -21"><span class='ocrx_word' id='word_1_843' title='bbox 2226 5052 2418 5113; x_wconf 89' lang='lat' dir='ltr'><strong>fecerit</strong></span> <span class='ocrx_word' id='word_1_844' title='bbox 2457 5065 2514 5114; x_wconf 92' lang='lat' dir='ltr'><strong>et</strong></span> <span class='ocrx_word' id='word_1_845' title='bbox 2550 5057 2629 5112; x_wconf 89' lang='lat' dir='ltr'><strong>sic</strong></span> <span class='ocrx_word' id='word_1_846' title='bbox 2669 5056 2936 5124; x_wconf 88' lang='lat' dir='ltr'><strong>docuerit,</strong></span> <span class='ocrx_word' id='word_1_847' title='bbox 2963 5072 3191 5130; x_wconf 90' lang='lat' dir='ltr'><strong>magnus</strong></span> <span class='ocrx_word' id='word_1_848' title='bbox 3225 5056 3507 5114; x_wconf 89' lang='lat' dir='ltr'><strong>vocabitur</strong></span> <span class='ocrx_word' id='word_1_849' title='bbox 3544 5056 3602 5110; x_wconf 90' lang='lat' dir='ltr'><strong>in</strong></span> <span class='ocrx_word' id='word_1_850' title='bbox 3645 5068 3820 5125; x_wconf 85' lang='lat' dir='ltr'><strong>regno</strong></span> 
     </span>
    </p>
   </div>
   <div class='ocr_carea' id='block_1_110' title="bbox 2228 5146 3820 5220">
    <p class='ocr_par' dir='ltr' id='par_1_110' title="bbox 2228 5146 3820 5220">
     <span class='ocr_line' id='line_1_110' title="bbox 2228 5146 3820 5220; baseline -0.003 -16"><span class='ocrx_word' id='word_1_851' title='bbox 2228 5148 2508 5205; x_wconf 79' lang='lat' dir='ltr'><strong>ctelorum.</strong></span> <span class='ocrx_word' id='word_1_852' title='bbox 2553 5149 2694 5205; x_wconf 86' lang='lat' dir='ltr'><strong>Ecce</strong></span> <span class='ocrx_word' id='word_1_853' title='bbox 2725 5156 2850 5205; x_wconf 88' lang='lat' dir='ltr'><strong>sunt</strong></span> <span class='ocrx_word' id='word_1_854' title='bbox 2885 5148 2963 5204; x_wconf 90' lang='lat' dir='ltr'><strong>illi</strong></span> <span class='ocrx_word' id='word_1_855' title='bbox 2996 5149 3176 5220; x_wconf 90' lang='lat' dir='ltr'><strong>pisces</strong></span> <span class='ocrx_word' id='word_1_856' title='bbox 3211 5148 3393 5220; x_wconf 88' lang='lat' dir='ltr'><strong>magni</strong></span> <span class='ocrx_word' id='word_1_857' title='bbox 3433 5147 3503 5202; x_wconf 92' lang='lat' dir='ltr'><strong>ad</strong></span> <span class='ocrx_word' id='word_1_858' title='bbox 3534 5146 3820 5201; x_wconf 85' lang='lat' dir='ltr'><strong>dexteram</strong></span> 
     </span>
    </p>
   </div>
   <div class='ocr_carea' id='block_1_111' title="bbox 2229 5237 3820 5313">
    <p class='ocr_par' dir='ltr' id='par_1_111' title="bbox 2229 5237 3820 5313">
     <span class='ocr_line' id='line_1_111' title="bbox 2229 5237 3820 5313; baseline -0.003 -16"><span class='ocrx_word' id='word_1_859' title='bbox 2229 5241 2404 5311; x_wconf 82' lang='lat' dir='ltr'><strong>capti,</strong></span> <span class='ocrx_word' id='word_1_860' title='bbox 2447 5240 2542 5313; x_wconf 91' lang='lat' dir='ltr'><strong>qui</strong></span> <span class='ocrx_word' id='word_1_861' title='bbox 2579 5240 2772 5297; x_wconf 85' lang='lat' dir='ltr'><strong>fecerit</strong></span> <span class='ocrx_word' id='word_1_862' title='bbox 2810 5249 2866 5296; x_wconf 91' lang='lat' dir='ltr'><strong>et</strong></span> <span class='ocrx_word' id='word_1_863' title='bbox 2907 5241 2986 5296; x_wconf 91' lang='lat' dir='ltr'><strong>sic</strong></span> <span class='ocrx_word' id='word_1_864' title='bbox 3025 5240 3301 5307; x_wconf 92' lang='lat' dir='ltr'><strong>docuerit,</strong></span> <span class='ocrx_word' id='word_1_865' title='bbox 3344 5239 3486 5295; x_wconf 79' lang='lat' dir='ltr'><strong>bona</strong></span> <span class='ocrx_word' id='word_1_866' title='bbox 3529 5237 3820 5304; x_wconf 89' lang='lat' dir='ltr'><strong>docuerit,</strong></span> 
     </span>
    </p>
   </div>
   <div class='ocr_carea' id='block_1_112' title="bbox 2228 5330 3819 5402">
    <p class='ocr_par' dir='ltr' id='par_1_112' title="bbox 2228 5330 3819 5402">
     <span class='ocr_line' id='line_1_112' title="bbox 2228 5330 3819 5402; baseline -0.004 -12"><span class='ocrx_word' id='word_1_867' title='bbox 2228 5350 2338 5390; x_wconf 92' lang='lat' dir='ltr'><strong>non</strong></span> <span class='ocrx_word' id='word_1_868' title='bbox 2368 5334 2470 5390; x_wconf 88' lang='lat' dir='ltr'><strong>sibi</strong></span> <span class='ocrx_word' id='word_1_869' title='bbox 2505 5334 2766 5402; x_wconf 79' lang='lat' dir='ltr'><strong>loquenti,</strong></span> <span class='ocrx_word' id='word_1_870' title='bbox 2804 5331 2944 5388; x_wconf 88' lang='lat' dir='ltr'><strong>male</strong></span> <span class='ocrx_word' id='word_1_871' title='bbox 2974 5331 3202 5389; x_wconf 91' lang='lat' dir='ltr'><strong>vivendo</strong></span> <span class='ocrx_word' id='word_1_872' title='bbox 3239 5330 3658 5396; x_wconf 81' lang='lat' dir='ltr'><strong>contradixenit,</strong></span> <span class='ocrx_word' id='word_1_873' title='bbox 3689 5344 3819 5385; x_wconf 91' lang='lat' dir='ltr'><strong>cum</strong></span> 
     </span>
    </p>
   </div>
   <div class='ocr_carea' id='block_1_113' title="bbox 2226 5419 3822 5494">
    <p class='ocr_par' dir='ltr' id='par_1_113' title="bbox 2226 5419 3822 5494">
     <span class='ocr_line' id='line_1_113' title="bbox 2226 5419 3822 5494; baseline -0.003 -15"><span class='ocrx_word' id='word_1_874' title='bbox 2226 5421 2385 5479; x_wconf 70' lang='lat' dir='ltr'><strong>mala:</strong></span> <span class='ocrx_word' id='word_1_875' title='bbox 2411 5423 2538 5478; x_wconf 85' lang='lat' dir='ltr'><strong>vitae</strong></span> <span class='ocrx_word' id='word_1_876' title='bbox 2570 5428 2767 5479; x_wconf 89' lang='lat' dir='ltr'><strong>testem</strong></span> <span class='ocrx_word' id='word_1_877' title='bbox 2798 5421 2998 5478; x_wconf 87' lang='lat' dir='ltr'><strong>habeat</strong></span> <span class='ocrx_word' id='word_1_878' title='bbox 3031 5420 3270 5494; x_wconf 86' lang='lat' dir='ltr'><strong>linguam</strong></span> <span class='ocrx_word' id='word_1_879' title='bbox 3300 5421 3520 5477; x_wconf 91' lang='lat' dir='ltr'><strong>bonam.</strong></span> <span class='ocrx_word' id='word_1_880' title='bbox 3556 5419 3660 5487; x_wconf 92' lang='lat' dir='ltr'><strong>Qui</strong></span> <span class='ocrx_word' id='word_1_881' title='bbox 3687 5432 3822 5488; x_wconf 84' lang='lat' dir='ltr'><strong>ergo</strong></span> 
     </span>
    </p>
   </div>
   <div class='ocr_carea' id='block_1_114' title="bbox 2227 5510 3821 5584">
    <p class='ocr_par' dir='ltr' id='par_1_114' title="bbox 2227 5510 3821 5584">
     <span class='ocr_line' id='line_1_114' title="bbox 2227 5510 3821 5584; baseline -0.003 -16"><span class='ocrx_word' id='word_1_882' title='bbox 2227 5511 2424 5569; x_wconf 90' lang='lat' dir='ltr'><strong>fecerit</strong></span> <span class='ocrx_word' id='word_1_883' title='bbox 2465 5519 2522 5568; x_wconf 92' lang='lat' dir='ltr'><strong>et</strong></span> <span class='ocrx_word' id='word_1_884' title='bbox 2562 5511 2644 5571; x_wconf 89' lang='lat' dir='ltr'><strong>sic</strong></span> <span class='ocrx_word' id='word_1_885' title='bbox 2683 5512 2965 5580; x_wconf 90' lang='lat' dir='ltr'><strong>docuerit,</strong></span> <span class='ocrx_word' id='word_1_886' title='bbox 3005 5526 3236 5584; x_wconf 86' lang='lat' dir='ltr'><strong>magnus</strong></span> <span class='ocrx_word' id='word_1_887' title='bbox 3258 5510 3542 5568; x_wconf 89' lang='lat' dir='ltr'><strong>vocabitur</strong></span> <span class='ocrx_word' id='word_1_888' title='bbox 3564 5511 3621 5566; x_wconf 92' lang='lat' dir='ltr'><strong>in</strong></span> <span class='ocrx_word' id='word_1_889' title='bbox 3638 5523 3821 5581; x_wconf 85' lang='lat' dir='ltr'><strong>regno</strong></span> 
     </span>
    </p>
   </div>
   <div class='ocr_carea' id='block_1_115' title="bbox 2226 5604 2510 5661">
    <p class='ocr_par' dir='ltr' id='par_1_115' title="bbox 2226 5604 2510 5661">
     <span class='ocr_line' id='line_1_115' title="bbox 2226 5604 2510 5661; baseline -0.004 0"><span class='ocrx_word' id='word_1_890' title='bbox 2226 5604 2510 5661; x_wconf 73' lang='lat' dir='ltr'><strong>caelorum.</strong></span> 
     </span>
    </p>
   </div>
   <div class='ocr_carea' id='block_1_116' title="bbox 2295 5689 3819 5771">
    <p class='ocr_par' dir='ltr' id='par_1_116' title="bbox 2295 5689 3819 5771">
     <span class='ocr_line' id='line_1_116' title="bbox 2295 5689 3819 5771; baseline -0.004 -19"><span class='ocrx_word' id='word_1_891' title='bbox 2295 5695 2428 5752; x_wconf 87' lang='lat' dir='ltr'><strong>Dico</strong></span> <span class='ocrx_word' id='word_1_892' title='bbox 2467 5705 2644 5753; x_wconf 89' lang='lat' dir='ltr'><strong>autem</strong></span> <span class='ocrx_word' id='word_1_893' title='bbox 2683 5698 2863 5765; x_wconf 82' lang='lat' dir='ltr'><strong>vobis,</strong></span> <span class='ocrx_word' id='word_1_894' title='bbox 2916 5697 3041 5771; x_wconf 89' lang='lat' dir='ltr'><strong>quia</strong></span> <span class='ocrx_word' id='word_1_895' title='bbox 3079 5697 3181 5752; x_wconf 88' lang='lat' dir='ltr'><strong>nisi</strong></span> <span class='ocrx_word' id='word_1_896' title='bbox 3220 5692 3562 5751; x_wconf 82' lang='lat' dir='ltr'><strong>abundaverit</strong></span> <span class='ocrx_word' id='word_1_897' title='bbox 3596 5689 3819 5763; x_wconf 84' lang='lat' dir='ltr'><strong>justitia</strong></span> 
     </span>
    </p>
   </div>
   <div class='ocr_carea' id='block_1_117' title="bbox 2222 5782 3819 5860">
    <p class='ocr_par' dir='ltr' id='par_1_117' title="bbox 2222 5782 3819 5860">
     <span class='ocr_line' id='line_1_117' title="bbox 2222 5782 3819 5860; baseline -0.007 -16"><span class='ocrx_word' id='word_1_898' title='bbox 2222 5798 2414 5856; x_wconf 81' lang='lat' dir='ltr'><strong>uestra,</strong></span> <span class='ocrx_word' id='word_1_899' title='bbox 2456 5806 2614 5860; x_wconf 90' lang='lat' dir='ltr'><strong>super</strong></span> <span class='ocrx_word' id='word_1_900' title='bbox 2633 5789 2940 5859; x_wconf 75' lang='lat' dir='ltr'><strong>Scribarum</strong></span> <span class='ocrx_word' id='word_1_901' title='bbox 2980 5797 3028 5844; x_wconf 88' lang='lat' dir='ltr'><strong>et</strong></span> <span class='ocrx_word' id='word_1_902' title='bbox 3061 5785 3479 5849; x_wconf 78' lang='lat' dir='ltr'><strong>Pharisteorum,</strong></span> <span class='ocrx_word' id='word_1_903' title='bbox 3515 5799 3622 5838; x_wconf 83' lang='lat' dir='ltr'><strong>non</strong></span> <span class='ocrx_word' id='word_1_904' title='bbox 3644 5782 3819 5835; x_wconf 85' lang='lat' dir='ltr'><strong>intra-</strong></span> 
     </span>
    </p>
   </div>
   <div class='ocr_carea' id='block_1_118' title="bbox 2174 5875 3820 5967">
    <p class='ocr_par' dir='ltr' id='par_1_118' title="bbox 2174 5875 3820 5967">
     <span class='ocr_line' id='line_1_118' title="bbox 2174 5875 3820 5967; baseline 0.001 -28"><span class='ocrx_word' id='word_1_905' title='bbox 2174 5960 2199 5967; x_wconf 17' lang='grc' dir='ltr'><strong>γ’</strong></span> <span class='ocrx_word' id='word_1_906' title='bbox 2225 5882 2371 5962; x_wconf 75' lang='lat' dir='ltr'><strong>bitis,</strong></span> <span class='ocrx_word' id='word_1_907' title='bbox 2415 5891 2522 5942; x_wconf 91' lang='lat' dir='ltr'><strong>etc.</strong></span> <span class='ocrx_word' id='word_1_908' title='bbox 2579 5884 2735 5943; x_wconf 85' lang='lat' dir='ltr'><strong>Modo</strong></span> <span class='ocrx_word' id='word_1_909' title='bbox 2776 5885 3052 5962; x_wconf 84' lang='lat' dir='ltr'><strong>quomodo</strong></span> <span class='ocrx_word' id='word_1_910' title='bbox 3092 5881 3350 5956; x_wconf 79' lang='lat' dir='ltr'><strong>intelligis</strong></span> <span class='ocrx_word' id='word_1_911' title='bbox 3387 5894 3615 5954; x_wconf 87' lang='lat' dir='ltr'><strong>regnum</strong></span> <span class='ocrx_word' id='word_1_912' title='bbox 3649 5875 3820 5941; x_wconf 67' lang='lat' dir='ltr'><strong>coelo-</strong></span> 
     </span>
    </p>
   </div>
   <div class='ocr_carea' id='block_1_119' title="bbox 2658 6053 2686 6067">
    <p class='ocr_par' dir='ltr' id='par_1_119' title="bbox 2658 6053 2686 6067">
     <span class='ocr_line' id='line_1_119' title="bbox 2658 6053 2686 6067; baseline 0 -3"><span class='ocrx_word' id='word_1_913' title='bbox 2658 6053 2686 6067; x_wconf 75' lang='grc' dir='ltr'><strong><em>ρ</em></strong></span> 
     </span>
    </p>
   </div>
  </div>
