4030 6500
245 450 362 508 Ξειθ

1075 436 1593 500 COLLECTIONES
1624 436 1694 494 ΙΝ
1732 436 2113 495 EPISTOLAS
2151 435 2240 492 ET
2281 436 2697 496 EVANGELIA.

3416 430 3526 490 250

250 565 422 624 rum?
463 559 595 618 illud
632 559 775 616 unde
816 555 1016 614 dicitur
1051 555 1300 611 dextris:
1343 552 1541 619 Venite,
1583 549 1840 607 benedicti
1866 552 2169 618 Aoccidat.
2213 551 2307 607 Isti
2352 561 2477 608 sunt
2517 553 2709 618 sancti,
2751 550 2842 623 qui
2882 548 3088 608 faciunt
3123 549 3298 622 legem
3327 550 3423 607 Dei
3451 567 3523 609 ex

249 659 442 717 Patris
481 655 605 720 mei,
639 651 886 724 percipite
927 649 1188 721 regnum?
1229 647 1349 703 Nisi
1383 645 1722 702 abundaverit
1749 643 1842 714 ju-

248 755 403 811 stitia
444 758 610 807 uestra
650 745 767 819 plus
807 762 961 818 quam
999 742 1307 799 Scribarum
1349 750 1397 795 et
1422 739 1837 794 Pltarisworum.

252 841 400 911 Quid
439 847 558 905 est,
602 835 720 908 plus
759 852 917 908 quam
959 833 1263 889 Scribarum
1303 840 1354 886 et
1394 827 1842 885 Pharisteorum?

254 934 488 1003 Respice
525 929 746 985 Scribas
784 927 905 983 illos
945 933 1001 982 et
1035 926 1356 990 Pharisaaos,
1383 924 1478 995 qui
1504 924 1558 978 in
1583 922 1842 978 cathedra

254 1023 392 1078 Mosi
433 1021 621 1076 sedent
650 1017 868 1091 (Matth.
899 1016 1079 1083 χχιιι).
1127 1017 1202 1071 De
1240 1016 1436 1086 quibus
1475 1017 1678 1072 dictum
1717 1023 1838 1071 est:

253 1115 391 1181 Qua:
423 1113 610 1168 dicunt
644 1110 825 1176 facite,
848 1125 968 1180 qua:
987 1117 1166 1164 autem
1192 1109 1416 1174 faciunt,
1447 1107 1626 1164 facere
1653 1109 1840 1163 nolite.

259 1207 462 1260 Dicunt
500 1203 645 1258 enim
689 1211 746 1258 et
786 1217 896 1257 non
941 1201 1164 1256 faciunt.
1215 1201 1355 1274 Ergo
1391 1201 1605 1271 justitia
1645 1200 1840 1254 Phari-

255 1315 492 1355 saeorum
535 1306 638 1362 est,
667 1297 848 1351 dicere
882 1303 938 1351 et
971 1312 1078 1351 non
1117 1295 1318 1352 facere.
1360 1293 1613 1350 Abundet
1631 1293 1841 1363 justitia

256 1399 442 1446 vestra
469 1405 632 1461 super
654 1388 970 1445 Scribarum
1006 1397 1061 1443 et
1089 1390 1508 1454 Pharisaeorum,
1534 1397 1594 1442 ut
1621 1397 1677 1443 et
1703 1390 1843 1443 bona

255 1483 474 1547 dicatis,
518 1491 575 1536 et
615 1482 754 1536 bene
790 1481 1002 1536 vivatis.
1047 1480 1167 1537 Jam
1200 1498 1331 1553 ergo
1366 1483 1432 1536 de
1465 1497 1691 1537 numero
1718 1496 1844 1537 cen-

257 1583 372 1631 tum
417 1575 808 1646 quinquaginta
854 1576 1018 1628 trium
1062 1575 1290 1644 piscium
1317 1613 1332 1639 ,
1393 1574 1520 1643 quid
1575 1589 1710 1643 opus
1760 1583 1844 1629 est

255 1667 449 1722 eadem
490 1664 783 1720 retexere?
837 1663 1010 1719 nostis
1052 1664 1163 1718 illa.
1223 1663 1269 1717 A
1312 1665 1499 1720 decem
1540 1672 1595 1719 et
1636 1675 1842 1736 septem

256 1759 501 1813 nascitur
540 1773 800 1813 numerus
839 1771 1111 1823 crescens,
1135 1757 1314 1828 incipe
1353 1758 1422 1812 ab
1466 1773 1594 1823 uno,
1620 1759 1840 1829 perveni

255 1848 326 1901 ad
366 1847 552 1903 decem
591 1855 645 1903 et
683 1857 911 1918 septem,
936 1855 995 1902 ut
1017 1863 1206 1904 omnes
1249 1848 1436 1914 addas,
1466 1848 1518 1902 id
1545 1856 1648 1914 est,
1673 1865 1840 1903 unum

1942 652 2084 706 dono
2124 650 2239 704 Dei.
2297 649 2407 704 Lex
2448 648 2640 718 jubere
2681 657 2902 720 potest,
2943 649 3135 718 juvare
3173 664 3281 704 non
3320 657 3518 719 potest.

1939 743 2163 799 Accedit
2186 742 2400 812 adjutor
2423 728 2666 813 spiritus,
2694 750 2748 796 et
2779 742 2838 796 ﬁt
2865 740 3076 810 jussum
3113 741 3209 797 Dei
3243 757 3366 796 cum
3391 757 3522 813 gau-

1942 838 2052 903 dio,
2099 853 2222 893 cum
2261 836 2568 892 dilectione.
2610 835 2744 890 Nam
2785 836 2939 890 multi
2981 837 3186 892 faciunt
3226 852 3257 891 a
3304 837 3520 903 timore,

1941 931 2035 987 sed
2067 931 2158 1001 qui
2194 929 2394 985 faciunt
2424 929 2598 1000 legem
2635 929 2874 983 timendo
2904 942 3138 998 poenam,
3169 929 3386 984 mallent
3415 943 3522 982 non

1941 1038 2062 1080 esse
2083 1023 2224 1093 quod
2248 1021 2524 1077 timebant.
2544 1020 2643 1087 Qui
2668 1028 2846 1075 autem
2872 1018 3074 1073 faciunt
3099 1020 3269 1090 legem
3292 1020 3524 1075 amando

1933 1115 2219 1185 justitiam,
2252 1115 2484 1187 gaudent
2519 1121 2573 1168 et
2606 1113 2678 1167 ibi
2699 1111 2824 1181 quia
2861 1126 2967 1165 non
2998 1111 3199 1166 habent
3228 1112 3520 1166 inimicam.

1941 1206 2065 1262 ldeo
2103 1207 2234 1261 dicit
2272 1206 2567 1261 Dominus:
2614 1203 2894 1260 Concorda
2933 1218 3052 1257 cum
3093 1203 3393 1257 adversario
3436 1214 3524 1257 tuo

1941 1301 2042 1354 cito
2066 1341 2079 1364 ,
2128 1315 2246 1353 cum
2282 1316 2336 1354 es
2373 1315 2492 1352 cum
2532 1296 2622 1351 illo
2666 1297 2721 1349 in
2759 1296 2843 1349 via
2889 1292 3104 1366 (Matth.
3133 1292 3212 1364 v).
3269 1291 3402 1359 Quis
3442 1302 3529 1349 est

1943 1391 2289 1447 adversarius
2327 1392 2493 1446 tuus?
2536 1403 2717 1444 sermo
2759 1387 2913 1458 legis.
2958 1387 3089 1454 Quae
3131 1393 3214 1440 est
3249 1385 3376 1439 via?
3416 1385 3528 1440 vita

1943 1482 2066 1538 ista.
2136 1482 2415 1550 Quomodo
2455 1488 2540 1537 est
2595 1481 2686 1536 illa
2745 1477 3135 1535 adversarius?
3178 1476 3354 1532 dicit:
3402 1475 3529 1530 Non

1942 1575 2299 1640 mwchaberis,
2335 1581 2388 1628 et
2420 1581 2475 1627 tu
2509 1573 2594 1627 vis
2633 1571 2917 1627 mtechari.
2962 1568 3140 1624 Dicit:
3185 1566 3311 1622 Non
3339 1582 3530 1620 concu-

1940 1667 2110 1738 piscas
2153 1681 2268 1721 rem
2306 1665 2543 1736 proximi
2584 1665 2682 1729 tui,
2727 1671 2782 1720 et
2820 1670 2881 1717 tu
2918 1662 3001 1718 vis
3040 1675 3233 1732 rapere
3272 1674 3359 1714 res
3400 1656 3533 1711 alie-

1940 1774 2058 1814 nas.
2107 1757 2287 1813 Dicit:
2333 1755 2555 1811 Honora
2592 1766 2794 1826 patrem
2832 1763 2880 1809 et
2922 1762 3165 1818 matrem,
3193 1743 3264 1808 et
3306 1759 3362 1805 tu
3404 1765 3535 1806 con-

1941 1849 2258 1905 tumeliosus
2279 1863 2340 1904 es
2373 1849 2428 1904 in
2463 1847 2800 1920 parentibus.
2836 1845 2976 1900 Dicit
2999 1845 3084 1922 lex
3111 1862 3123 1898 :
3162 1842 3280 1899 Noli
3310 1843 3534 1914 diligere

254 1939 424 1995 addas
466 1948 522 1994 et
563 1939 720 2006 duos,
766 1948 823 1995 et
869 1941 1003 1995 ﬁant
1041 1949 1174 2007 tres,
1217 1940 1386 1996 addas
1429 1949 1560 2007 tres,
1608 1949 1662 1996 et
1705 1940 1844 1996 ﬁunt
1870 1934 1917 1993 B
1945 1941 2140 1998 falsum
2184 1941 2549 1997 testimonium
2576 1981 2591 2008 ,
2641 1949 2698 1994 tu
2742 1954 2774 1992 a
2816 1937 3100 1994 mendacio
3144 1952 3253 1992 non
3300 1937 3531 1992 recedis.
3572 1935 3584 1948 '

252 2047 374 2096 sex,
400 2031 567 2086 addas
600 2040 834 2102 quatuor
867 2039 923 2086 et
961 2031 1096 2087 ﬁant
1136 2032 1343 2096 decem,
1375 2032 1455 2088 sic
1477 2048 1668 2088 omnes
1707 2033 1844 2088 adde

252 2139 426 2194 usque
467 2123 535 2178 ad
575 2124 762 2179 decem
805 2131 862 2180 et
901 2131 1129 2195 septem,
1154 2133 1208 2179 et
1247 2125 1501 2194 pervenis
1531 2124 1600 2180 ad
1627 2132 1844 2180 centum

254 2216 648 2286 quinquaginta
689 2223 821 2272 tres.
875 2215 1010 2272 Tota
1054 2230 1185 2287 ergo
1229 2215 1458 2271 intentio
1496 2224 1684 2272 nostra
1724 2231 1846 2272 esse

251 2325 364 2364 non
411 2311 604 2375 debet,
659 2310 764 2366 nisi
818 2309 949 2381 quid
1005 2310 1109 2364 sibi
1163 2309 1353 2364 volunt
1409 2310 1596 2364 decem
1650 2316 1706 2365 et
1754 2324 1845 2364 se-

249 2410 440 2472 ptem,
505 2402 592 2469 ibi,
630 2411 714 2456 est
767 2403 913 2456 enim
966 2401 1377 2456 fundamentum
1424 2409 1644 2456 centum
1682 2401 1845 2471 quiu-

250 2493 517 2564 quaginta
558 2493 743 2548 trium.
787 2493 928 2560 Quid
963 2494 1064 2549 sibi
1095 2492 1285 2549 volunt
1321 2494 1510 2549 decem
1537 2501 1592 2550 et
1618 2503 1846 2564 septem,

249 2584 311 2639 in
357 2585 476 2656 lege
518 2602 751 2657 agnosce
793 2588 1001 2654 decem,
1037 2588 1221 2644 decem
1247 2595 1518 2658 praecepta
1545 2589 1671 2643 data
1700 2596 1843 2643 sunt.

249 2674 440 2731 Primo
481 2676 768 2747 decalogus
807 2676 1024 2742 dicitur,
1071 2679 1304 2749 scriptus
1345 2678 1402 2734 in
1444 2677 1644 2733 tabulis
1677 2678 1847 2750 digito

250 2765 384 2834 Dei,
428 2767 484 2822 in
524 2767 709 2824 decem
754 2782 985 2838 agnosce
1022 2767 1219 2839 legem,
1262 2769 1319 2824 in
1362 2779 1571 2842 septem
1609 2783 1845 2840 agnosce

255 2861 521 2933 Spiritum
563 2870 831 2918 sanctum.
879 2861 1204 2934 Septenario
1242 2863 1390 2918 enim
1430 2877 1658 2918 numero
1697 2875 1849 2918 com-

253 2952 546 3010 mendatur
572 2950 809 3023 Spiritus
849 2961 1086 3010 sanctus.
1133 2954 1260 3010 Ideo
1300 2954 1614 3010 nominatur
1636 2953 1691 3010 in
1721 2953 1842 3026 lege

253 3043 701 3100 sanctiﬁcationis
727 3059 742 3100 :
780 3043 1024 3116 Septimo
1057 3045 1146 3101 die
1178 3045 1308 3102 fecit
1339 3046 1483 3102 Deus
1515 3046 1711 3113 lucem,
1737 3059 1845 3102 non

253 3135 460 3192 dictum
499 3144 602 3203 est,
643 3137 1022 3202 sanetiticavit
1043 3153 1190 3193 eum.
1235 3136 1389 3194 Fecit
1413 3138 1840 3204 ﬁrmamentum,

254 3241 366 3282 non
401 3227 603 3284 dictum
641 3236 748 3296 est,
775 3228 1135 3285 sanctiﬁcavit
1165 3219 1585 3285 ﬁrmamentum.
1631 3230 1845 3285 Discre-

252 3320 336 3376 vit
380 3336 529 3377 mare
576 3337 608 3376 a
651 3329 800 3377 terra
825 3357 842 3388 ,
891 3322 1056 3392 jussit
1095 3321 1401 3393 germinare
1439 3328 1643 3376 terram
1668 3361 1683 3387 ,
1734 3336 1842 3376 non
1869 3299 1916 3361 Ο

255 3409 462 3466 dictum
503 3419 624 3477 est,
671 3411 1080 3476 sanctiﬁcavit,
1113 3412 1267 3468 Fecit
1310 3411 1497 3466 lunam
1538 3418 1594 3466 et
1646 3411 1844 3477 sidera,

253 3518 366 3559 non
421 3503 625 3559 dictum
666 3512 751 3560 est
791 3503 1171 3560 sanctiﬁcavit.
1218 3502 1388 3560 Jussit
1427 3502 1680 3559 animalia
1720 3519 1847 3574 pro-

255 3591 451 3648 cedere
492 3594 558 3649 de
596 3594 778 3665 aquis,
823 3595 1091 3661 natantia,
1135 3601 1189 3649 et
1222 3593 1482 3661 volatilia,
1512 3609 1619 3650 non
1645 3595 1848 3650 dictum

254 3694 362 3750 εει,
408 3686 788 3742 sanctiﬁcavit.
837 3685 1009 3743 Iussit
1060 3686 1126 3741 de
1167 3694 1314 3740 terra
1357 3686 1507 3742 exire
1552 3685 1844 3750 animalia,

253 3777 656 3848 quadrupedia,
701 3786 757 3833 et
798 3777 980 3833 omnia
1023 3777 1302 3847 repentia,
1349 3791 1458 3832 non
1498 3777 1703 3831 dictum
1745 3788 1846 3842 est,

257 3866 643 3922 sanctiﬁcavit.
689 3867 841 3923 Fecit
880 3868 1058 3938 ipsum
1094 3867 1390 3934 hominem,
1414 3883 1522 3922 non
1544 3868 1700 3933 dixit,
1728 3883 1852 3923 san-

254 3959 537 4015 ctiﬁcavit.
581 3961 813 4015 Ventum
856 3969 941 4016 est
981 3960 1050 4014 ad
1089 3960 1380 4031 septimum
1423 3960 1588 4025 diem,
1631 3961 1724 4016 ubi
1766 3976 1851 4017 re-

254 4049 488 4120 quievit,
533 4057 588 4105 et
629 4051 802 4121 ipsum
847 4050 1221 4107 sanctiﬁeavit.
1269 4050 1373 4106 Per
1412 4051 1655 4121 requiem
1697 4068 1849 4107 suam

255 4140 407 4195 Deus
451 4139 777 4209 signiﬁcavit
826 4142 1069 4210 requiem
1120 4150 1384 4197 nostram.
1450 4143 1529 4198 lbi
1576 4157 1705 4214 ergo
1747 4145 1854 4199 erit

256 4229 621 4287 sanctiﬁcatio
660 4237 845 4285 nostra
883 4230 1042 4301 plena
1069 4271 1085 4296 ,
1136 4231 1228 4284 ubi
1275 4247 1400 4286 cum
1450 4231 1541 4286 illo
1587 4233 1704 4287 sine
1745 4233 1852 4288 ﬁne

257 4325 689 4396 requiescamus.
737 4322 871 4378 Nam
915 4339 1083 4394 quare
1126 4325 1271 4380 Deus
1312 4327 1700 4396 requiesceret,
1743 4344 1852 4384 non

261 4418 413 4474 enim
460 4418 734 4488 operando
773 4416 1035 4490 fatigatus
1075 4428 1194 4484 est,
1249 4427 1307 4474 tu
1353 4420 1399 4474 si
1438 4421 1603 4475 verbo
1646 4421 1849 4489 facias,

263 4527 374 4567 non
417 4510 685 4582 fatigaris,
728 4511 774 4566 si
809 4512 1001 4583 jubeas
1040 4518 1096 4567 et
1135 4513 1391 4568 continuo
1431 4513 1547 4578 ﬁat,
1593 4521 1724 4580 stas,
1772 4515 1855 4569 in-

266 4609 419 4672 teger
458 4615 666 4655 manes.
713 4599 890 4655 Pauca
925 4601 1090 4656 verba
1133 4600 1288 4667 dixit,
1339 4601 1482 4656 unde
1507 4611 1678 4657 totum
1702 4602 1850 4670 fecit,

267 4706 323 4754 et
359 4695 538 4751 subito
574 4695 806 4750 lassatus
847 4703 950 4762 est,
998 4710 1126 4766 ergo
1169 4695 1343 4768 legem
1389 4711 1622 4768 agnosce
1661 4696 1716 4750 in
1761 4697 1856 4752 de-

267 4807 411 4857 cem,
435 4789 694 4860 Spiritum
720 4797 967 4846 sanctum
992 4805 1225 4862 agnosce
1249 4790 1302 4844 in
1327 4798 1553 4861 septem.
1590 4788 1619 4844 J
1626 4798 1858 4862 ungatur

269 4883 495 4956 spiritus
536 4882 679 4951 legi,
725 4882 852 4952 quia
899 4883 946 4938 si
993 4883 1269 4953 acceperis
1314 4882 1486 4954 legem
1530 4889 1584 4937 et
1627 4881 1860 4938 defuerit

271 4977 370 5032 tibi
395 4973 720 5043 adjutorium
743 4974 988 5045 spiritus,
1021 4990 1130 5039 non
1163 4974 1354 5044 imples
1387 4977 1532 5044 quod
1566 4975 1716 5046 legis,
1748 4990 1854 5030 non

274 5067 467 5138 imples
506 5066 649 5135 quod
691 5066 789 5120 tibi
823 5065 1065 5135 jubetur.
1115 5065 1222 5121 Sed
1262 5067 1424 5121 homo
1463 5068 1564 5122 sub
1603 5067 1742 5137 lege,
1774 5067 1857 5121 in-

275 5173 440 5230 super
475 5156 862 5227 praevaricator
905 5163 1136 5212 tenetur.
1182 5155 1420 5211 Accedat
1464 5157 1716 5226 spiritus,
1760 5158 1857 5213 ad—

270 5251 454 5322 juvet,
498 5257 554 5306 et
595 5248 656 5304 ﬁt
684 5250 829 5320 quod
861 5249 1100 5320 jubetur.
1153 5247 1210 5302 Si
1236 5249 1390 5304 deest
1410 5249 1650 5320 spiritus,
1681 5251 1860 5307 littera

277 5343 478 5400 occidit
520 5353 610 5400 te:
639 5359 809 5415 quare
848 5344 1028 5400 littera
1067 5345 1268 5401 occidit
1308 5346 1402 5400 te?
1446 5346 1569 5415 quia
1611 5348 1866 5417 praevari-

279 5444 520 5494 catorem
551 5446 605 5494 te
625 5437 810 5504 faciet,
833 5454 941 5493 non
979 5448 1135 5510 potes
1171 5438 1418 5494 excusari
1444 5439 1510 5494 de
1538 5439 1861 5510 ignorantia,

279 5531 409 5601 quia
451 5530 624 5603 legem
665 5531 958 5602 accepisti,
997 5531 1113 5601 jam
1155 5531 1298 5600 quod
1339 5530 1550 5586 faceres
1589 5532 1860 5599 didicisti,

282 5623 587 5696 ignorantia
629 5633 683 5681 te
720 5640 828 5680 non
871 5631 1117 5688 excusat,
1162 5624 1385 5694 spiritus
1411 5632 1465 5680 te
1490 5639 1595 5678 non
1623 5622 1860 5691 adjuvat,

283 5733 414 5790 ergo
454 5718 664 5788 peristi.
706 5715 815 5772 Sed
853 5715 983 5785 quid
1007 5715 1083 5770 ait
1103 5714 1376 5785 apostolus
1396 5714 1595 5769 Paulus
1621 5728 1634 5768 :
1665 5713 1862 5769 Littera

284 5811 506 5877 occidit,
552 5811 767 5882 spiritus
810 5818 980 5864 autem
1023 5808 1244 5877 viviﬁcat
1279 5806 1364 5879 (II
1399 5806 1520 5861 Cor.
1556 5806 1659 5879 ιιι).
1711 5806 1861 5864 Unde

287 5903 513 5975 spiritus
547 5901 824 5958 viviﬁcat?
869 5901 994 5977 quia
1038 5900 1169 5958 facit
1211 5899 1423 5971 impleri
1471 5899 1702 5956 litteram
1728 5940 1742 5968 ,
1794 5913 1861 5978 ne

1945 2035 2172 2104 Quando
2215 2035 2400 2102 vides,
2448 2035 2574 2106 quia
2617 2033 2705 2089 ille
2745 2048 2924 2090 sermo
2965 2032 3112 2088 aliud
3147 2031 3335 2101 jubet,
3380 2040 3434 2087 et
3477 2040 3536 2086 tu

1945 2127 2091 2182 aliud
2127 2125 2286 2193 facis,
2328 2141 2435 2181 non
2475 2133 2559 2182 est
2600 2125 2946 2180 adversarius
2985 2133 3130 2189 tuus,
3161 2124 3536 2180 adversarium

1945 2219 2118 2275 habes
2157 2218 2360 2274 malum
2387 2259 2404 2286 ,
2453 2233 2562 2274 non
2606 2224 2788 2273 tecum
2829 2216 2996 2272 intret
3039 2217 3094 2271 in
3139 2215 3490 2272 secretarium
3518 2257 3536 2284 ,

1947 2326 2210 2382 compone
2254 2327 2376 2366 cum
2420 2326 2480 2366 es
2523 2327 2646 2366 cum
2686 2311 2780 2365 illo
2825 2309 2880 2365 in
2921 2309 3041 2389 via,
3085 2311 3238 2366 adest
3275 2309 3540 2366 Dominus

1948 2403 2041 2472 qui
2073 2417 2171 2457 vos
2207 2403 2520 2458 concordet.
2572 2401 2854 2468 Quomodo
2888 2416 2985 2456 vos
3021 2402 3317 2457 concordat
3355 2400 3540 2456 Domi-

1947 2496 2092 2551 nus?
2134 2495 2383 2550 donando
2421 2499 2669 2562 peccata,
2712 2501 2769 2546 et
2802 2491 3116 2562 inspirando
3147 2491 3438 2561 justitiam,
3479 2500 3541 2547 ut

1950 2583 2085 2639 ﬁant
2114 2598 2280 2654 opera
2309 2583 2472 2638 bona.
2523 2581 2658 2638 Cum
2691 2595 2823 2653 ergo
2852 2581 3270 2637 concordaberis
3299 2595 3421 2637 cum
3448 2583 3544 2637 ad-

1947 2675 2194 2732 versario
2230 2683 2344 2740 tuo,
2387 2675 2439 2730 id
2479 2682 2582 2738 est,
2623 2654 2747 2728 cum
2786 2672 3044 2744 decalogo
3088 2672 3243 2744 legis,
3282 2687 3382 2744 per
3419 2671 3542 2742 Spi-

1947 2771 2112 2828 ritum
2146 2778 2397 2826 sanctum
2431 2769 2731 2840 pertinebis
2763 2768 2832 2824 ad
2863 2767 3049 2824 decem
3086 2779 3142 2824 et
3171 2777 3401 2840 septem,
3422 2769 3542 2840 jam

1947 2861 2142 2919 exinde
2181 2871 2462 2918 excrescet
2501 2876 2759 2917 numerus
2794 2860 2863 2916 ad
2898 2869 3118 2916 centum
3152 2860 3542 2932 quinquaginta

1947 2963 2097 3022 tres,
2136 2954 2246 3010 eris
2287 2954 2356 3010 ad
2398 2953 2678 3010 dexteram
2726 2954 3105 3020 coronandus,
3147 2968 3219 3010 ne
3257 2968 3542 3012 remaneas

1949 3047 2019 3104 ad
2057 3047 2337 3104 sinistram
2378 3047 2737 3104 damnandus.

2591 3141 2798 3197 FERIA
2836 3141 2902 3198 ν.

2137 3250 2332 3291 ιεετιο
2369 3249 2584 3290 ACTUUI
2626 3246 3032 3299 APOSTOLORUM,
3071 3245 3191 3287 CAP.
3226 3247 3349 3286 VIII.

2023 3343 2044 3378 ι
2065 3325 2304 3397 Angelus
2322 3325 2539 3380 Domini
2562 3323 2774 3380 locutus
2793 3330 2880 3378 est
2900 3323 2967 3378 ad
2989 3322 3292 3394 Philippum
3318 3321 3541 3377 dicens:

1955 3435 1974 3470 ι
2006 3415 2178 3487 Surge
2217 3425 2273 3471 et
2306 3415 2446 3470 vade
2489 3421 2679 3469 contra
2721 3412 3082 3469 meridianum
3120 3413 3189 3468 ad
3229 3412 3375 3466 viam
3419 3427 3545 3481 qua:

1955 3524 1974 3558 ‹
2007 3506 2288 3562 descendit
2329 3505 2398 3560 ab
2442 3503 2782 3577 Hierusalem
2814 3504 2867 3558 in
2897 3502 3119 3569 Gazam,
3168 3502 3284 3557 haec
3322 3511 3407 3558 est
3446 3503 3544 3558 de-

1956 3621 1975 3654 ι
2007 3610 2172 3658 serta.
2210 3601 2278 3656 Et
2307 3614 2537 3670 surgens
2565 3598 2719 3663 abiit,
2749 3607 2804 3652 et
2831 3612 2959 3653 ecce
2984 3597 3069 3650 vir
3094 3594 3348 3666 {Ethiops
3375 3609 3546 3651 eunu-

1955 3713 1975 3746 ‹
2006 3694 2160 3759 chus,
2183 3700 2390 3762 potens,
2419 3689 2687 3746 Candacis
2715 3688 2914 3759 regina:
2942 3685 3281 3756 IEthiopum,
3307 3686 3400 3756 qui
3427 3693 3548 3742 erat

1955 3801 1974 3834 ι
2007 3798 2170 3854 super
2190 3796 2379 3837 omnes
2408 3796 2570 3851 gazas
2595 3777 2730 3847 ejus,
2761 3787 2987 3834 venerat
3014 3778 3245 3834 adorare
3276 3778 3329 3832 in
3356 3777 3550 3833 Hieru-

1955 3896 1974 3929 ι
2009 3876 2200 3940 salem,
2224 3886 2278 3931 et
2301 3875 2680 3930 revertebatur
2703 3873 2898 3928 sedens
2925 3886 3088 3944 super
3114 3887 3333 3927 currum
3362 3886 3544 3936 suum,

1957 3988 1976 4021 ‹
2009 3969 2298 4040 legensque
2324 3965 2520 4022 Isaiam
2549 3965 2892 4036 prOphetam.
2932 3962 3080 4018 Dixit
3108 3970 3290 4017 autem
3322 3961 3546 4033 spiritus

1959 4081 1976 4114 ι
2011 4063 2296 4131 Philippo:
2341 4060 2572 4121 Accede,
2610 4059 2841 4129 adjunge
2879 4065 2931 4111 te
2979 4057 3046 4111 ad
3091 4071 3313 4111 currum
3357 4055 3543 4109 istum.

1959 4175 1977 4207 ‹
2008 4155 2313 4211 Accurrens
2337 4161 2516 4208 autem
2540 4152 2840 4221 Philippus,
2865 4149 3071 4204 audivit
3097 4148 3247 4202 illum
3272 4149 3544 4216 legentem

1959 4266 1978 4299 ι
2011 4247 2206 4302 lsaiam
2234 4247 2555 4316 prophetam
2588 4253 2644 4297 et
2671 4244 2806 4298 dixit
2831 4260 2843 4296 :
2884 4241 3121 4296 Putasne
3146 4239 3400 4309 intelligis
3424 4253 3574 4310 quae.

1960 4356 1978 4390 ‹
2012 4337 2188 4407 legis?
2234 4335 2338 4402 Qui
2377 4335 2489 4388 ait:
2532 4333 2600 4388 Et
2637 4331 2909 4402 quomodo
2946 4345 3166 4401 possum
3207 4328 3544 4400 intelligere,

1961 4445 1979 4478 ‹
2011 4426 2113 4480 nisi
2146 4425 2343 4494 aliquis
2362 4423 2663 4478 ostenderit
2685 4422 2856 4477 mihi?
2884 4420 3219 4493 Rogavitque
3239 4418 3546 4490 Philippum

1961 4536 1979 4569 ι
2012 4525 2073 4572 ιιι
2097 4516 2416 4572 ascenderet
2438 4522 2493 4569 et
2519 4515 2732 4569 sederet
2755 4527 2957 4568 secum.
2992 4511 3169 4568 Locus
3194 4518 3375 4565 autem
3400 4509 3548 4564 Scri-

1962 4629 1980 4662 ι
2013 4617 2186 4681 plura:
2215 4608 2304 4663 hic
2332 4614 2484 4672 erat,
2531 4621 2693 4677 quam
2729 4605 2980 4676 legebat:
3016 4604 3294 4675 Tanquam
3329 4604 3446 4659 ovis
3478 4603 3548 4658 ad

1965 4719 1983 4752 ι
2015 4700 2341 4756 occisionem
2369 4699 2562 4753 ductus
2589 4704 2703 4762 est,
2745 4707 2801 4752 et
2833 4697 2972 4754 sicut
3008 4710 3177 4767 agnus
3208 4711 3392 4751 coram
3422 4703 3545 4750 ton-

1966 4814 1984 4846 ‹
2019 4795 2178 4849 dente
2209 4809 2290 4859 se,
2331 4793 2450 4848 sine
2476 4806 2632 4856 voce,
2672 4791 2751 4845 sic
2785 4805 2891 4845 non
2930 4789 3143 4859 aperuit
3170 4803 3232 4844 os
3259 4803 3436 4844 suum.
3485 4788 3544 4843 ln

1967 4907 1984 4938 ι
2017 4886 2320 4942 humilitate
2352 4884 2616 4953 judicium
2657 4881 2774 4952 ejus
2811 4883 3082 4938 sublatum
3111 4889 3213 4947 est,
3241 4879 3548 4952 generatio-

1966 4997 1985 5030 ι
2017 4994 2140 5034 ιιειη
2165 4978 2279 5047 ejus
2305 4979 2425 5048 quis
2451 4977 2764 5032 enarrahit?
2793 4977 3049 5046 quoniam
3072 4975 3290 5031 tolletur
3311 4975 3376 5031 de
3402 4985 3546 5029 terra

1965 5089 1986 5123 ι
2017 5072 2122 5126 vita
2163 5069 2298 5140 ejus.
2347 5069 2700 5141 Respondens
2739 5077 2919 5123 autem
2957 5068 3240 5123 eunuchus
3273 5066 3544 5135 Philippo,

1966 5184 1986 5217 ι
2018 5166 2155 5221 dixit
2183 5184 2194 5220 :
2234 5164 2470 5220 Obsecro
2501 5173 2584 5229 te,
2625 5164 2690 5219 de
2718 5179 2826 5233 quo
2854 5163 3120 5234 propheta
3151 5163 3280 5218 dicit
3307 5163 3436 5224 hoc,
3481 5161 3547 5216 de

1969 5277 1988 5310 ι
2020 5273 2100 5324 εε,
2128 5273 2195 5311 an
2220 5259 2284 5312 de
2313 5257 2493 5323 aliquo
2521 5255 2662 5310 alio?
2694 5255 2957 5326 Aperiens
2979 5261 3158 5309 autem
3183 5252 3459 5320 Philippus
3485 5267 3547 5307 os

1970 5367 1989 5400 ι
2023 5364 2212 5413 suum,
2245 5355 2302 5401 et
2328 5347 2588 5416 incipiens
2619 5363 2650 5401 a
2679 5347 2960 5416 Scriptura
2993 5347 3124 5410 ista,
3159 5343 3547 5414 evangelizavit

1973 5458 1992 5491 ι
2026 5440 2099 5494 illi
2137 5438 2342 5495 Jesum.
2393 5439 2459 5494 Et
2497 5439 2620 5494 dum
2663 5439 2804 5492 irent
2841 5452 2938 5508 per
2977 5437 3137 5500 viam,
3180 5443 3445 5489 venerunt
3480 5437 3546 5492 ad

1973 5547 1992 5582 t
2027 5531 2316 5599 quamdam
2345 5543 2562 5600 aquam.
2615 5528 2683 5582 Et
2720 5528 2796 5582 ait
2837 5525 3167 5582 Eunuchus:
3211 5524 3352 5580 Ecce
3380 5542 3544 5596 aqua,

1973 5641 1993 5676 ι
2025 5623 2145 5694 quis
2167 5622 2415 5694 prohibet
2436 5637 2522 5676 me
2542 5621 2841 5691 baptizari?
2862 5619 3006 5672 Dixit
3027 5625 3206 5672 autem
3228 5616 3507 5690 Philippus
3530 5638 3545 5652 ο

1973 5732 1992 5766 ι
2027 5713 2085 5769 Si
2113 5715 2292 5771 credis
2329 5715 2384 5769 in
2424 5722 2535 5770 toto
2572 5714 2755 5778 corde,
2786 5711 2932 5766 licet.
2973 5711 3038 5765 Et
3063 5712 3393 5781 respondens
3431 5713 3544 5768 ait.

1974 5824 1992 5858 ι
2025 5803 2200 5860 Credo
2228 5805 2422 5860 Filium
2458 5803 2552 5858 Dei
2592 5819 2712 5857 esse
2739 5801 2922 5858 Jesum
2953 5801 3248 5859 Christum.
3295 5804 3362 5859 Et
3385 5801 3550 5873 jussit

1974 5915 1992 5948 ι
2025 5905 2170 5954 stare
2199 5910 2441 5961 currum,
2472 5901 2526 5950 et
2565 5895 2957 5952 descenderunt
2981 5902 3208 5969 uterque
3240 5895 3295 5951 in
3328 5909 3550 5972 aquam,
