4030 6476
489 415 592 483 351

1790 408 2139 471 SMARAGDI
2179 410 2467 471 ABBATIS

495 558 519 597 α
545 540 824 614 Philippus
866 548 921 597 et
963 535 1262 603 eunuchus,
1309 543 1366 591 et
1402 534 1696 608 baptizavit
1733 548 1875 590 eum.
1929 533 2064 586 Cum
2089 530 2144 590 Α
2166 544 2291 584 cum
2319 530 2534 585 ducitur
2560 528 2629 584 ad
2660 526 2936 585 victimam
2959 542 3067 584 non
3092 533 3382 600 repugnat,
3407 527 3489 586 sie
3517 527 3611 585 ille
3627 543 3757 601 pro-

494 650 517 689 s
549 643 731 690 autem
759 631 1089 690 ascendisset
1114 630 1180 684 de
1208 644 1371 699 aqua,
1398 628 1623 698 spiritus
1649 625 1859 680 Domini
1890 622 2068 693 rapuit

495 742 515 779 ι
546 724 849 796 Philippum
873 765 887 789 ,
937 729 989 777 et
1032 721 1264 791 amplius
1305 735 1412 774 non
1443 718 1576 773 vidit
1609 730 1732 773 eum
1765 713 2062 770 eunuchus.

494 834 515 869 ι
548 816 661 872 Ibat
689 826 866 871 autem
895 830 991 886 per
1017 812 1158 867 viam
1187 827 1341 867 suam
1371 812 1630 883 gaudens.
1668 806 1947 878 Philippus
1972 821 2067 859 au-

495 924 513 957 t
548 914 653 962 tem
686 907 933 961 inventus
957 911 1042 960 est
1068 904 1123 958 in
1145 902 1421 967 Azoto,,ct
1448 900 1819 972 pertransiens
1845 908 2069 965 evange-

494 1016 513 1049 ς
542 996 740 1052 lizabat
782 996 1093 1053 civitatibus
1136 995 1367 1060 cunctis,
1423 994 1595 1049 donec
1638 991 1849 1046 veniret
1890 988 2065 1045 Cesa-

493 1105 511 1139 t
546 1104 708 1149 ream,
743 1104 936 1143 nomen
962 1088 1175 1142 Domini
1204 1087 1375 1143 nostri
1399 1083 1527 1142 Jesu
1553 1084 1774 1141 Christi.
1809 1102 1827 1135 ι

555 1179 781 1249 Angelus
808 1180 1021 1235 Domini
1051 1178 1254 1234 locutus
1277 1188 1351 1234 est
1401 1179 1469 1233 ad
1500 1176 1823 1249 Philippum,
1845 1175 2022 1230 dicens
2044 1191 2064 1231 :

486 1270 657 1343 Surge
684 1279 731 1326 et
753 1272 901 1337 vade,
932 1279 1038 1326 etc.
1083 1270 1182 1343 (Ex
1209 1270 1399 1342 Beda.)
1429 1271 1573 1327 Bene
1598 1271 1652 1325 in
1682 1269 1904 1325 meridie
1918 1284 2065 1339 qua:-

486 1364 624 1418 ritur
661 1370 715 1417 et
744 1364 1038 1429 invenitur,
1070 1372 1126 1419 et
1161 1363 1398 1418 abluitur
1429 1363 1518 1418 ille
1547 1362 1640 1432 qui
1668 1360 1953 1416 devotione
1973 1374 2067 1429 pe-

483 1458 653 1517 ctoris
682 1454 899 1525 ardens,
926 1458 1072 1513 velut
1096 1459 1342 1530 quaedam
1374 1458 1615 1529 gentium
1647 1455 1918 1527 primitiae,
1954 1454 2065 1508 Deo

484 1554 683 1608 meruit
730 1554 1059 1621 consecrari,
1092 1554 1148 1608 in
1202 1568 1309 1623 quo
1354 1552 1708 1624 spiritualiter
1753 1550 1885 1606 illud
1914 1550 2064 1605 Psal-

482 1645 656 1701 mistae
715 1645 1038 1716 completum
1088 1653 1212 1701 est:
1243 1640 1521 1717 zEthiopia
1549 1645 1827 1716 pra-veniet
1876 1659 2064 1699 manus

481 1736 596 1810 ejus
620 1735 729 1791 Deo
774 1735 945 1810 (Psal.
974 1738 1162 1811 uvn).

554 1830 635 1884 Αα
668 1831 803 1885 riam
850 1848 967 1902 qua:
996 1832 1260 1888 descendit
1304 1831 1367 1886 ab
1398 1829 1729 1887 Hierusalem
1754 1832 1809 1885 in
1839 1828 2060 1897 Gazam,

2164 624 2283 693 pria
2308 638 2496 694 passus
2523 632 2607 679 est
2632 622 2925 689 voluntate,
2956 623 3042 678 vel
3062 623 3243 678 altiori
3278 621 3582 689 intellectu,
3605 623 3757 707 'sient

2167 730 2337 785 agnus
2365 716 2420 770 in
2448 714 2655 770 Pascha
2698 713 2968 770 immolari
3011 713 3240 782 solebat,
3290 712 3374 771 sic
3413 711 3627 773 Pascha
3655 728 3758 768 no-

2152 815 2337 879 strum
2366 806 2678 862 immolatus
2700 816 2783 862 est
2813 805 3080 862 Christus.

2234 896 2304 951 Et
2330 897 2465 953 sicut
2516 914 2683 970 agnus
2712 913 2891 954 coram
2943 897 3261 953 tondente“
3298 896 3413 952 sine
3446 911 3588 952 uoce.
3631 894 3756 952 Non
3820 885 3831 907 ⁵

2163 988 2336 1044 solum
2367 990 2509 1045 enim
2535 1006 2636 1046 nos
2663 991 2923 1061 sanguine
2973 990 3220 1055 redemit,
3246 989 3343 1045 sed
3369 996 3427 1044 et
3452 988 3596 1047 lanis
3621 1003 3758 1059 ope-
3826 986 3831 991 ’

2163 1080 2292 1147 ruit,
2322 1090 2382 1137 ut
2406 1081 2647 1154 algentes
2692 1083 2748 1138 in
2774 1082 3104 1145 inﬁdelitate,
3158 1096 3257 1137 sua
3290 1088 3443 1137 Veste
3471 1079 3752 1136 caleface-

2163 1178 2268 1239 ret,
2330 1180 2388 1229 et
2428 1175 2737 1231 audiremus
2795 1173 3112 1246 Apostolum
3172 1172 3331 1229 nobis
3390 1173 3751 1243 loquentem:

2166 1261 2430 1336 Quotquot
2456 1267 2512 1321 in
2537 1264 2746 1321 Christo
2791 1266 3043 1338 baptizati
3081 1266 3230 1332 estis,
3268 1261 3537 1321 Christum
3564 1264 3754 1321 indui-

2164 1355 2257 1410 stis
2284 1356 2462 1428 (Rom.
2502 1358 2599 1430 γι).

2236 1446 2330 1503 Sic
2380 1465 2487 1503 non
2549 1451 2750 1520 aperuit
2785 1466 2845 1505 os
2876 1462 3052 1505 suum.
3089 1449 3227 1505 Cum
3277 1450 3333 1505 in
3354 1448 3615 1520 passione
3648 1464 3751 1505 sua

2163 1539 2338 1595 Pilato
2366 1549 2421 1595 et
2447 1541 2793 1611 pontiﬁcibtm
2846 1552 3042 1613 pauca,
3077 1540 3277 1597 Herodi
3330 1539 3479 1597 nulla
3525 1555 3757 1612 respon-

2164 1632 2294 1689 dere
2324 1632 2558 1688 volebat.
3220 1690 3227 1698 ο

2234 1722 2303 1776 lu
2349 1721 2646 1778 humilitate
2682 1722 2946 1793 judicium
3006 1724 3122 1795 ejus
3155 1722 3424 1780 sublatum
3467 1732 3567 1781 est.
3606 1723 3752 1791 Quia

2160 1812 2325 1883 judex
2368 1813 2613 1868 omnium
2663 1814 2857 1885 iudicii
2885 1829 2993 1870 non
3048 1816 3250 1886 reperit
3312 1815 3624 1881 veritatem,
3652 1814 3753 1871 sed

480 1925 591 1979 ha’c
622 1933 697 1978 est
725 1894 953 1991 deserta,
984 1932 1089 1980 etc.
1131 1922 1247 1981 Non
1278 1924 1384 1991 via,
1424 1924 1520 1981 sed
1550 1923 1697 1980 Gaza
1739 1925 1954 1979 deserta
1983 1894 2064 1979 di;
2089 1894 2138 1954 Β
2164 1909 2370 1979 absque
2390 1908 2499 1962 ulla
2527 1908 2687 1978 culpa
2712 1908 2983 1966 seditione
3012 1907 3325 1967 Iudaeorum
3345 1917 3403 1966 et
3425 1909 3585 1966 Pilati
3614 1922 3754 1965 voce

479 2014 639 2075 citur.
672 2014 837 2071 Vetus
862 2016 1003 2070 enim
1034 2013 1125 2071 illa
1154 2016 1320 2083 Gaza,
1349 2032 1469 2087 qua:
1498 2018 1762 2072 terminus
1786 2017 2063 2087 quondam

479 2114 598 2163 erat
627 2107 1056 2164 Chananaeorum
1081 2109 1240 2178 juxta
1268 2108 1562 2181 Egyptum
1591 2111 1656 2164 ad
1687 2109 1863 2165 solum
1893 2124 2063 2180 usque

480 2199 779 2265 destructa,
828 2208 884 2257 et
911 2201 1015 2255 alia
1060 2216 1161 2271 pro
1188 2201 1279 2256 illa
1327 2200 1432 2256 alio
1464 2202 1582 2256 loco
1618 2204 1927 2258 constructa
1956 2209 2059 2268 est,

479 2300 619 2363 quae
639 2291 929 2363 allegorice
953 2294 1194 2364 gentium
1221 2291 1432 2365 plebem
1463 2292 1723 2363 designat,
1753 2291 1880 2347 olim
1909 2308 1940 2346 a
1966 2292 2062 2348 Dei

479 2386 690 2441 cultura
721 2382 1014 2453 desertam,
1041 2401 1218 2458 neque
1246 2386 1406 2443 ullius
1434 2389 1825 2458 prophetarum
1857 2377 2059 2458 praedi-

478 2478 785 2535 cationibus
836 2479 1131 2536 excultam.
1160 2476 1258 2534 Via
1285 2495 1415 2535 vero
1469 2493 1589 2550 quae
1610 2478 1681 2533 ad
1712 2479 1961 2537 eamdem
1994 2480 2062 2536 ab

477 2568 864 2643 Hierosolymis
928 2570 1284 2637 deScendcns,
1342 2571 1547 2626 fontem
1607 2569 1797 2626 salutis
1848 2573 2063 2640 aperuit

478 2660 737 2718 Dominus
791 2662 949 2717 Iesus
1009 2663 1259 2718 Christus
1293 2671 1376 2718 est
1398 2663 1490 2732 qui
1521 2663 1635 2717 ait:
1665 2662 1780 2733 Ego
1802 2679 1918 2717 sum
1953 2664 2058 2730 via,

477 2754 689 2819 veritas,
728 2763 776 2808 et
799 2755 906 2808 vita
932 2753 1109 2826 (Joan.
1144 2755 1278 2826 xrv),
1308 2755 1432 2825 quia
1462 2769 1694 2825 superna
1720 2748 2063 2812 Hierusalem

478 2843 547 2899 ad
576 2846 762 2899 nostra
792 2842 1007 2899 infirma
1045 2844 1342 2901 descendit.

546 2932 618 2989 Et
641 2951 756 2990 ecce
774 2937 859 2991 uir
886 2936 1134 3008 zEﬂt’iops
1184 2937 1456 2992 eunuchus
1485 2944 1685 3009 potens.
1726 2936 1833 2994 Pro
1859 2939 2061 2995 virtute

474 3036 532 3086 et
564 3030 875 3102 integritate
900 3032 1114 3095 mentis,
1144 3032 1228 3086 vir
1260 3032 1578 3102 appellatur.
1611 3031 1721 3088 Nec
1764 3034 2056 3100 immerito,

477 3125 571 3197 qui
600 3131 810 3180 tantum
868 3125 1105 3181 studium
1134 3125 1189 3179 in
1225 3123 1521 3196 Scripturis
1581 3125 1836 3194 habebat,
1876 3136 1938 3182 ut
1965 3141 2059 3181 eas

476 3215 725 3271 etiamin
754 3214 838 3270 via
862 3213 1042 3287 legere
1079 3228 1184 3270 non
1213 3216 1482 3271 cessabat.
1518 3215 1863 3286 Tantumque
1915 3233 2060 3273 amo-

476 3307 556 3361 ris
584 3305 640 3361 in
665 3302 927 3379 religione
954 3307 1193 3377 gerebat,
1249 3315 1311 3362 ut
1338 3307 1458 3362 aula
1507 3308 1656 3381 regia
1687 3308 1966 3376 derelicta,
1993 3311 2059 3366 de

474 3398 679 3456 ultimis
700 3400 888 3457 mundi
916 3400 1159 3471 partibus
1184 3401 1395 3457 veniret
1432 3400 1499 3456 ad
1520 3401 1782 3472 templum
1817 3402 2053 3459 Domini.

483 3491 638 3549 Unde
680 3492 827 3563 iusta
865 3492 1132 3555 mercede,
1166 3492 1292 3547 dum
1344 3494 1540 3563 quaerit
1590 3495 1942 3565 interpretem
1982 3494 2059 3548 le-

476 3583 674 3640 ctionis
708 3582 1001 3646 Christum,
1029 3598 1190 3654 quem
1242 3583 1520 3654 quaerebat
1547 3585 1775 3649 invenit,
1802 3586 2053 3655 plusque,

476 3683 538 3730 ut
561 3673 921 3745 Hieronymus
949 3678 1042 3739 ait,
1076 3677 1132 3730 in
1169 3676 1386 3731 deserto
1414 3676 1562 3732 fonte
1591 3678 1865 3743 Ecclesiae,
1896 3694 2058 3748 quam

476 3766 531 3823 in
562 3774 753 3823 aurato
784 3770 1069 3841 synagoga:
1101 3768 1302 3840 templo
1354 3772 1576 3841 reperit.
1612 3771 1689 3827 lbi
1728 3772 1871 3827 enim
1909 3774 2055 3842 quod

475 3850 1085 3917 Jeremias‘admirando
1120 3860 1460 3931 proloquitur
1489 3883 1500 3917 :
1537 3861 1756 3918 Mutavit
1808 3863 2056 3934 .Ethiops

475 3957 660 4031 pellem
698 3974 849 4013 suam
879 3956 1095 4030 (Jerem.
1120 3957 1265 4029 xm),
1290 3957 1344 4012 id
1371 3966 1477 4026 est,
1509 3960 1667 4015 sorde
1710 3967 2055 4029 peccatorum

477 4048 658 4104 abluta
687 4049 752 4105 de
775 4049 993 4105 lavacro
1020 4044 1149 4105 Jesu
1177 4049 1458 4107 dealbatus
1487 4051 1748 4107 ascendit.

546 4139 807 4198 Candacis
856 4144 1050 4215 regina:
1094 4141 1427 4216 lEtItiopum.
1470 4144 1536 4200 Et
1564 4145 1620 4200 in
1662 4142 1867 4215 Regum
1914 4143 2057 4199 libro

477 4228 706 4306 legimus
731 4234 857 4305 quia
881 4234 1067 4307 regina
1095 4233 1279 4291 Austri
1315 4234 1464 4291 venit
1492 4251 1521 4290 a
1551 4234 1751 4290 ﬁnibus
1781 4243 1942 4291 terrae
1967 4249 2059 4288 au—

476 4326 595 4383 dire
648 4329 966 4400 sapientiam
1022 4329 1347 4388 Salomonis.
1405 4330 1587 4385 Moris’
1618 4329 1816 4401 quippe
1849 4328 1951 4383 fuit
1979 4326 2057 4381 illi

475 4417 680 4474 nationi
708 4435 922 4492 semper
947 4437 978 4476 a
999 4421 1213 4479 feminis
1251 4424 1388 4495 regi,
1415 4437 1617 4493 easque
1652 4421 1930 4477 Candaces
1954 4435 2057 4490 ap-

474 4509 684 4584 pellari.

2165 2002 2453 2058 damnatus
2474 2009 2579 2058 est.

2231 2106 2636 2162 Generationem
2688 2107 2835 2164 illius
2866 2109 2984 2180 quis
3038 2109 3357 2164 enarrabit?
3392 2108 3498 2181 (Ex
3553 2105 3751 2178 Beda.)

2161 2197 2269 2252 Aut
2291 2198 2358 2252 de
2386 2197 2668 2253 divinitate
2692 2199 2811 2269 ejus
2837 2200 3209 2270 accipiendum
3239 2207 3345 2265 est,
3372 2196 3516 2269 quod
3542 2198 3755 2267 impos-

2162 2288 2318 2345 sibile
2339 2289 2412 2345 sit
2437 2289 2633 2344 divinas
2690 2290 2997 2345 nativitatis
3046 2304 3209 2346 nosse
3237 2290 3511 2362 mysteria,
3535 2289 3606 2344 de
3632 2304 3755 2358 qua

2160 2379 2323 2435 Pater
2360 2379 2645 2449 loquitur:
2683 2381 2817 2435 Ante
2872 2380 3177 2450 Luciferum
3238 2382 3393 2451 genui
3423 2390 3503 2444 te;
3557 2387 3656 2433 aut
3682 2378 3754 2435 de

2159 2478 2318 2541 partu
2348 2471 2594 2542 virginis,
2644 2471 2789 2542 quod
2823 2470 3116 2527 difﬁculter
3172 2472 3343 2542 possit
3397 2472 3621 2542 exponi,
3654 2487 3752 2526 en-

2155 2561 2244 2632 jus
2279 2565 2543 2619 rationem
2583 2563 2768 2619 Mariae
2800 2565 3062 2635 quaerenti
3085 2579 3187 2634 per
3208 2564 3464 2635 angelum
3497 2564 3702 2620 dicitur
3731 2580 3745 2617 :

2162 2650 2389 2721 Spiritus
2445 2662 2659 2708 senatus
2686 2656 3007 2725 superueniet
3037 2656 3097 2709 in
3124 2660 3192 2720 te,
3241 2663 3302 2709 ut
3328 2653 3416 2710 vel
3452 2654 3524 2710 ab
3551 2654 3749 2723 angelo

2159 2746 2244 2801 vel
2268 2747 2603 2818 evangelista
2650 2754 2861 2802 tantum
2914 2747 3218 2801 nativitatis
3244 2746 3364 2816 ejus
3394 2751 3747 2801 sacramenta

2160 2837 2430 2903 dicantur,
2459 2836 2617 2909 cujus
2639 2846 2893 2893 narrator
2921 2838 3237 2894 rarissimus
3263 2844 3368 2892 est.

2234 2952 2501 3019 Quoniam
2536 2951 2747 3008 tolletur
2766 2950 2831 3006 de
2864 2960 3005 3006 terra
3033 2951 3141 3006 vita
3180 2950 3317 3022 ejus.
3358 2948 3461 3023 (Et
3494 2948 3748 3021 Hieron.)

2162 3041 2234 3099 Ut
2265 3048 2607 3113 nequaquam
2633 3042 2688 3097 in
2720 3048 2884 3108 terra,
2918 3042 3012 3097 sed
3066 3041 3120 3096 in
3150 3041 3292 3097 coelo
3342 3040 3571 3097 viveret.
3632 3040 3749 3097 Hoc

2160 3134 2474 3190 testimonio
2499 3149 2621 3190 cum
2648 3134 2703 3189 in
2726 3134 2953 3190 Actibus
2971 3134 3353 3205 Apostolon
3381 3136 3589 3206 regina:
3606 3136 3753 3191 Cana

2163 3227 2315 3282 dacis
2341 3227 2625 3282 eunuchus
2662 3226 3103 3298 redargueretur,
3145 3231 3203 3279 et
3227 3225 3412 3296 legens
3446 3239 3555 3280 non
3586 3225 3753 3280 intel~

2161 3319 2373 3391 ligeret,
2420 3318 2815 3389 interpretante
2866 3315 3112 3388 Philippo
3157 3332 3322 3388 super
3372 3317 3649 3387 passione,
3693 3322 3754 3371 et

2159 3413 2378 3468 nomine
2405 3410 2725 3478 Salvatoris,
2755 3409 3020 3466 intellexit
3058 3416 3113 3465 et
3143 3411 3328 3465 statim
3352 3410 3661 3480 baptizatus
3688 3410 3749 3464 in

2160 3506 2284 3577 agni
2332 3505 2615 3577 sanguine,
2653 3517 2816 3575 quem
2851 3503 3088 3574 legebat,
3118 3502 3204 3557 Vir
3226 3503 3432 3558 meruit
3459 3502 3747 3573 appellari.

2159 3596 2227 3652 Et
2255 3596 2529 3667 apostolus
2557 3595 2701 3668 genti
2731 3592 3049 3665 Ethiopum
3086 3593 3288 3649 missus
3312 3601 3416 3648 est.
3449 3593 3552 3661 Qui
3580 3594 3752 3664 igitur

2158 3691 2371 3746 oblatus
2400 3697 2482 3746 est
2509 3688 2701 3753 Pilato,
2727 3688 2851 3757 quia
2873 3688 2987 3758 ipse
3010 3686 3200 3752 voluit,
3227 3694 3282 3742 et
3308 3701 3414 3741 non
3440 3686 3747 3756 respondit,

2160 3790 2220 3836 ut
2246 3780 2546 3851 patibulum
2579 3795 2679 3850 pro
2727 3779 2884 3834 nobis
2937 3778 3228 3834 damnatus
3263 3778 3603 3843 ascenderet,
3634 3778 3751 3847 ipse

2162 3870 2303 3926 sicut
2331 3871 2448 3925 ovis
2481 3866 2550 3925 ad
2578 3868 2905 3924 occisionem
2936 3867 3133 3923 ductus
3179 3875 3283 3933 est,
3311 3874 3366 3921 et
3392 3867 3544 3937 quasi
3575 3880 3748 3939 agnus

2160 3976 2343 4017 coram
2367 3960 2623 4015 tondente
2657 3959 2944 4015 obmutuit.
2976 3959 3189 4015 Etenim
3238 3958 3449 4014 Pascha
3496 3968 3747 4015 nostrum

2158 4053 2469 4109 immolatus
2522 4061 2607 4109 est
2655 4053 2903 4109 Christus
2933 4053 2985 4126 (Ι
3010 4051 3138 4107 Cor.
3160 4052 3248 4124 v);
3282 4068 3444 4123 quem
3509 4051 3752 4108 Joannes

2157 4151 2401 4222 Baptista
2465 4150 2824 4215 monstrabat,
2860 4148 3088 4204 dicens:
3116 4145 3253 4203 Ecce
3286 4164 3455 4219 agnus
3482 4144 3605 4211 Dei,
3633 4164 3750 4201 ecce

2159 4243 2248 4316 qui
2279 4240 2413 4296 tollit
2438 4251 2649 4312 peccata
2682 4240 2866 4295 mundi
2916 4239 3100 4312 (Joan.
3136 4241 3202 4312 ι).
3236 4238 3342 4308 Qui
3368 4245 3424 4294 et
3450 4239 3507 4293 in
3536 4239 3752 4310 Apoca-

2160 4334 2298 4405 lypsi
2324 4334 2549 4390 Joannis
2580 4331 2949 4404 evangelistae,
2981 4346 3154 4402 agnus
3179 4331 3395 4386 occisus
3420 4345 3563 4401 saepe
3593 4345 3750 4385 mon-

2162 4435 2369 4482 stratur
2400 4425 2585 4499 (Apoc.
2604 4425 2684 4498 v),
2716 4425 2807 4495 qui
2839 4424 2907 4479 de
2931 4423 3110 4494 seipso
3137 4424 3377 4495 loquitur
3396 4425 3450 4478 in
3472 4421 3707 4479 Ieremia
3732 4436 3749 4475 :

2160 4517 2273 4588 Ego
2303 4527 2481 4572 autem
2519 4516 2660 4571 sicut
2711 4529 2881 4585 agnus
2931 4513 3210 4579 innocens,
3250 4519 3305 4566 et
3329 4514 3524 4569 ductus
3569 4511 3637 4565 ad
3666 4511 3753 4564 vi-

551 4600 655 4669 Qui
715 4612 828 4657 erat
862 4620 1017 4674 super
1065 4620 1238 4660 omnes
1294 4602 1468 4660 Gazas
1516 4605 1649 4676 ejus,
1706 4612 1810 4660 etc.
1852 4604 2401 4691 ReginaDctimam,
2460 4608 2769 4664 nesciebam
2825 4604 2961 4679 (Jer.
3002 4603 3079 4677 v).
3119 4603 3254 4661 Cum
3307 4604 3452 4659 enim
3508 4601 3753 4657 nesciret

476 4687 793 4765 Ethiopum
823 4693 1220 4748 thesaurarium
1253 4695 1588 4765 praemittens
1616 4695 1670 4749 in
1698 4693 2053 4762 Hierusalem,

477 4783 718 4854 gentium
753 4783 1001 4855 designat
1027 4784 1348 4853 Ecclesiam,
1387 4787 1650 4841 virtutum
1686 4786 1918 4857 ﬁdeique
1944 4786 2055 4842 Do-

477 4877 626 4931 mino
650 4875 790 4933 dona
819 4878 1073 4933 laturam.
1100 4877 1204 4935 Sed
1230 4888 1287 4937 et
1309 4881 1541 4936 nominis
1579 4881 1905 4953 etymologia
1927 4897 2058 4937 con-

475 4971 644 5028 venit.
684 4972 871 5030 Potest
900 4975 1046 5030 enim
1067 4973 1330 5032 Candacis
1359 4988 1425 5032 ex
1459 4977 1686 5034 Hebraeo
1727 4985 2057 5033 commutata

477 5064 844 5138 interpretari.
874 5066 1000 5138 Ipsa
1023 5070 1217 5141 quippe
1241 5079 1343 5135 est,
1375 5070 1461 5125 cui
1493 5070 1550 5124 in
1598 5068 1817 5125 Psalmo
1844 5085 1945 5139 pro
1970 5069 2057 5124 his

475 5159 567 5229 qui
628 5160 1103 5217 commutabuntur
1153 5162 1208 5216 in
1263 5161 1542 5234 Scriptura
1594 5162 1836 5218 dicitur:
1888 5161 2051 5229 Audi,

473 5247 609 5320 ﬁlia,
639 5258 687 5304 et
732 5250 869 5317 vide,
908 5260 957 5307 et
988 5251 1182 5308 inclina
1231 5269 1413 5307 aurem
1457 5262 1623 5319 tuam,
1660 5260 1708 5307 et
1756 5251 2054 5307 obliviscere

473 5343 724 5414 populum
752 5354 901 5400 tuum
942 5358 990 5400 et
1012 5346 1222 5400 domum
1246 5347 1412 5417 patris
1441 5346 1537 5400 tui.

546 5433 696 5490 Dixit
721 5447 897 5492 autem
921 5438 1133 5508 spiritus
1159 5436 1403 5508 Philippo
1429 5450 1446 5489 :
1475 5437 1672 5491 Accede
1692 5445 1740 5491 et
1764 5435 2054 5507 adjungere

477 5525 549 5580 ad
586 5542 800 5583 currum
847 5529 1025 5595 istum,
1075 5537 1179 5584 etc.
1220 5528 1280 5582 In
1334 5529 1496 5584 corde
1549 5529 1773 5598 spiritus
1805 5528 2055 5599 Philippo

477 5618 823 5691 loquebatur.
857 5620 1085 5693 Spiritui
1114 5620 1261 5677 enim
1294 5621 1391 5675 Dei
1429 5621 1582 5690 quasi
1612 5622 1863 5690 quaedam
1893 5622 2054 5677 nobis

481 5715 647 5770 verba
690 5711 871 5770 facere
898 5722 1001 5781 est,
1051 5713 1265 5770 occulta
1319 5713 1394 5781 vi,
1423 5722 1480 5769 et
1524 5727 1645 5785 qua:
1682 5715 1889 5786 agenda
1927 5722 2053 5771 sunt

478 5805 754 5863 intimare.

554 5896 823 5970 Tanquam
849 5897 957 5952 ovis
986 5898 1054 5952 ad
1079 5900 1387 5959 occisionem
1409 5900 1595 5957 ductus
1617 5910 1712 5957 est.
1754 5900 1907 5958 Sicut
1935 5901 2053 5957 ovis

2157 4712 2462 4778 peccatum,
2516 4716 2617 4772 pro
2666 4701 2824 4757 nobis
2870 4709 3156 4771 peccatum
3186 4698 3365 4753 factus
3394 4693 3586 4767 est(II
3612 4693 3744 4748 Cor.

2159 4797 2235 4871 v),
2269 4805 2323 4851 et
2361 4795 2500 4849 sicut
2534 4807 2707 4861 agnus
2730 4806 2851 4846 cum
2883 4791 3102 4845 ducitur
3129 4788 3196 4844 ad
3220 4789 3495 4845 victimam
3523 4801 3630 4842 non
3664 4801 3752 4841 τοι

2158 4894 2380 4960 pugnat,
2413 4884 2492 4939 sic
2516 4882 2603 4937 ille
2636 4882 2856 4954 propria
2882 4894 3075 4952 passus
3120 4888 3204 4936 est
3240 4880 3537 4943 voluntate,
3566 4885 3626 4931 ut
3651 4877 3751 4932 de-

2159 4983 2396 5035 strueret
2424 4991 2570 5041 eum,
2602 4974 2695 5045 qui
2724 4974 2958 5030 habebat
2983 4971 3175 5027 mortis
3224 4971 3534 5040 imperium,
3562 4969 3750 5024 humi-

2157 5070 2298 5125 lians
2327 5084 2386 5124 se
2415 5083 2584 5138 usque
2634 5066 2702 5122 ad
2728 5074 2976 5131 mortem,
3009 5073 3064 5121 et
3092 5072 3325 5120 mortem
3370 5062 3549 5117 crucis
3577 5059 3743 5132 (ﬂeo.

2161 5165 2244 5235 ιι).
2271 5165 2369 5220 Hic
2391 5180 2564 5234 agnus
2590 5172 2692 5230 est,
2726 5163 2779 5218 in
2807 5161 2961 5231 cujus
2986 5170 3113 5234 typo
3142 5158 3522 5215 immolabatur
3545 5170 3742 5227 agnus,

2160 5257 2314 5327 cujus
2351 5273 2514 5313 cruor
2547 5257 2674 5311 litus
2707 5255 2763 5309 in
2789 5254 3033 5326 postibus
3070 5251 3551 5309 exterminatorem
3582 5247 3743 5319 fuga-

2156 5351 2254 5407 bat
2272 5338 2524 5423 'Egypti,
2552 5350 2644 5419 qui
2673 5360 2779 5403 non
2812 5347 2987 5403 solum
3031 5347 3293 5419 sanguine
3320 5359 3421 5400 suo
3452 5358 3554 5399 nos
3580 5341 3744 5396 rede-

2159 5441 2278 5508 mit,
2296 5421 2401 5496 ‘sed
2425 5449 2480 5495 et
2507 5439 2645 5495 lanis
2669 5438 2902 5511 operuit,
2931 5446 2993 5493 ut
3022 5438 3262 5511 algentes
3294 5435 3615 5492 inﬁdelitate
3637 5447 3739 5488 sua

2156 5542 2311 5589 veste
2341 5530 2679 5587 calefaceret.
2721 5529 2789 5586 Et
2812 5530 3123 5586 audiremus
3170 5528 3487 5599 Apostolum
3510 5526 3741 5595 loquen-

2158 5634 2267 5681 tem
2296 5626 2490 5681 nobis:
2523 5623 2789 5695 Quotquot
2823 5623 2880 5677 in
2904 5618 3117 5677 Christo
3133 5620 3383 5691 baptismi
3408 5620 3550 5681 estis,
3582 5617 3738 5671 Chri-

2158 5727 2297 5774 stum
2335 5717 2583 5772 induistis
2613 5714 2786 5789 (Rom.
2810 5714 2908 5787 Vt).
2938 5712 3006 5769 Et
3035 5715 3090 5768 in
3113 5713 3221 5769 alio
3248 5713 3400 5768 loco:
3431 5708 3731 5766 Induirtsitu'

2158 5806 2422 5863 Christum
2467 5807 2650 5863 Iesum
2694 5806 2872 5878 (Rom.
2923 5806 3067 5878 xm).
3107 5805 3260 5874 Quod
3283 5821 3414 5861 vero
3442 5803 3730 5875 sequitur:

2158 5898 2234 5954 De
2270 5900 2518 5964 angustis
2544 5906 2603 5950 et
2624 5896 2693 5950 de
2729 5895 2932 5959 iudicio
2980 5899 3225 5957 sublatus
3251 5905 3357 5965 est,
3404 5899 3520 5955 sive
3547 5909 3609 5952 u‘
3628 5893 3734 5955 Se-
