4030 6488
303 401 418 470 955

1119 408 1636 469 COLLECTIONES
1673 409 1740 466 IN
1780 407 2159 468 EPISTOLAS
2189 409 2278 467 ET
2316 408 2729 470 EVANGELIA.

3452 405 3562 475 26b

303 534 590 606 ptuaginta
617 502 1026 597 transtulerunt,
1053 534 1102 587 ἐν
1121 541 1187 608 τῇ
1211 535 1512 588 ταπεινώσει
1539 533 1569 590 ἡ
1599 534 1763 607 κρίσις
1792 532 1882 586 αὖ·

1982 529 2092 584 lum
2125 530 2175 584 in
2212 529 2415 600 Spiritu
2453 541 2641 587 sancte
2668 532 2859 588 fecisse
2894 537 3176 596 testantur,
3205 539 3265 586 ut
3293 531 3562 607 Hierony-

305 633 398 684 τοῦ
424 626 575 699 ἤρθη,
614 625 669 679 id
699 633 801 690 est,
828 625 883 679 in
910 624 1215 680 humilitate
1258 625 1520 695 judicium
1552 624 1670 694 ejus
1699 624 1882 679 subla-

300 722 425 771 tum
452 722 555 777 est,
584 713 715 769 illud
752 714 1041 787 signiﬁcat,
1069 715 1214 787 quod
1250 716 1317 770 de
1342 715 1692 770 tribulatione
1718 723 1886 785 atque

297 813 507 889 judicio
535 815 602 870 ad
623 815 841 871 Patrem
868 815 1049 870 victor
1086 815 1425 881 ascenderet,
1473 814 1590 870 sive
1632 813 1776 883 quod
1797 811 1887 881 ju-

298 909 406 966 des
435 910 675 966 omnium
696 908 885 980 judicii
909 924 1017 964 non
1047 910 1249 979 reperit
1303 909 1606 974 veritatem,
1636 908 1731 965 sed
1760 909 1887 965 abs-

297 1012 411 1072 que
435 1000 543 1055 ulla
591 999 749 1070 culpa
799 999 1063 1055 seditione
1110 996 1419 1055 Iudaeorum
1456 1007 1514 1055 et
1563 998 1887 1054 Pilati'voce

296 1094 590 1150 damnatus
645 1092 736 1159 sit,
769 1092 844 1148 ita
904 1100 965 1148 ut
1016 1091 1378 1147 admiraretur
1425 1092 1707 1163 propheta,
1738 1090 1885 1161 quod

295 1187 543 1242 omnium
568 1185 713 1240 Deus
735 1200 795 1241 se
822 1183 1109 1240 tradiderit
1133 1183 1395 1255 passioni.
1447 1183 1523 1237 De
1545 1198 1652 1253 quo
1679 1182 1883 1237 Paulus

188 1300 201 1313 -
295 1277 539 1348 loquitur
568 1295 583 1336 :
613 1274 674 1331 Si
710 1276 847 1331 enim
868 1275 1234 1341 credidissent,
1289 1289 1557 1344 nunquam
1598 1271 1885 1327 Dominum

293 1368 481 1440 gloria:
507 1367 893 1437 cruciﬁxissent
918 1365 1004 1439 (II
1034 1365 1158 1421 Cor.
1208 1365 1290 1437 ιι).
1323 1365 1582 1434 Sequitur
1611 1381 1623 1416 :
1654 1359 1886 1417 Genera-

293 1462 490 1512 tt'onem
512 1456 656 1513 illius
679 1459 797 1529 quis
825 1458 1092 1512 enarrabit
1122 1456 1147 1511 Ρ
1180 1454 1333 1524 Quod
1358 1454 1644 1524 dupliciter
1684 1452 1883 1507 intelli-

292 1553 468 1624 gitur,
498 1560 590 1607 aut
619 1552 762 1608 enim
792 1551 860 1607 de
911 1552 1191 1606 divinitate
1232 1549 1349 1619 ejus
1387 1548 1757 1619 accipiendum
1776 1556 1880 1615 est,

292 1645 440 1713 quod
460 1644 791 1715 impossibile
819 1644 892 1699 sit
911 1644 1107 1698 divinae
1132 1642 1434 1698 nativitatis
1470 1655 1632 1696 nosse
1683 1647 1884 1711 myste-

292 1736 401 1791 ria.
426 1733 508 1791 De
532 1753 640 1808 qua
669 1737 789 1808 ipse
815 1736 1055 1807 loquitur
1079 1736 1134 1790 in
1163 1735 1471 1790 PrOverbiis
1498 1751 1509 1787 :
1537 1734 1668 1787 Ante
1706 1748 1881 1787 omnes

292 1827 454 1882 colles
504 1828 769 1899 generavit
804 1845 886 1883 me
941 1826 1122 1900 (Prov.
1181 1827 1327 1898 vm).
1369 1825 1531 1882 Juxta
1566 1825 1696 1880 illud
1738 1810 1881 1895 quod

291 1920 425 1974 alibi
481 1888 748 1991 legimus:
785 1918 917 1987 Quis
946 1888 1197 1991 cognovit
1248 1888 1456 1975 sensum
1508 1888 1877 1985 Ποπιὶηῂἀαι
1908 1888 1957 1957 Β
1984 1916 2103 1974 Una
2125 1917 2375 1975 Caesarea
2409 1919 2709 1976 Palzestina:
2737 1921 2792 1976 in
2818 1921 2999 1977 littore
3039 1888 3208 1977 maris
3232 1921 3430 1993 Magni,
3463 1923 3561 1978 ita-
3680 1933 3685 1937 '

291 2010 628 2067 consiliarius
662 2014 778 2084 ejus
834 2012 933 2083 fuit
977 2011 1148 2083 (Rom.
1177 2012 1278 2083 x1),
1311 2012 1365 2067 id
1412 2019 1513 2077 εει,
1564 2010 1760 2077 nullus,
1786 2018 1879 2066 aut

291 2101 360 2155 de
386 2109 543 2172 partu
570 2103 801 2176 virginis
825 2104 969 2174 quod
1007 2102 1298 2159 difﬁculter
1320 2104 1492 2175 possit
1534 2105 1752 2175 exponi,
1780 2088 1876 2159 de-

290 2191 455 2260 nique
484 2208 608 2248 cum
645 2192 826 2249 Mariae
860 2180 1133 2250 diceretur
1177 2196 1245 2250 ah
1274 2196 1463 2264 angelo
1494 2214 1505 2250 :
1538 2194 1809 2266 Concipies
1829 2203 1877 2249 et

287 2285 463 2353 paries
507 2285 700 2354 filium,
754 2285 843 2341 illa
879 2287 1199 2356 respondit:
1235 2283 1389 2341 Unde
1440 2287 1572 2365 mihi
1607 2286 1725 2351 hoc,
1753 2287 1879 2356 quia

288 2374 460 2428 virum
486 2390 591 2429 non
638 2378 872 2446 cognovi,
923 2378 1012 2432 cui
1056 2393 1271 2432 rursum
1311 2378 1534 2448 angelus
1571 2396 1585 2431 τ
1622 2378 1877 2449 Spiritus,

287 2465 490 2535 inquit,
552 2478 765 2523 sanctus
829 2470 992 2525 veniet
1032 2487 1189 2542 super
1230 2481 1298 2539 te,
1338 2480 1385 2526 et
1433 2472 1595 2526 virtus
1621 2470 1878 2525 Altissimi

284 2556 622 2613 obumbrabit
652 2568 702 2614 te
751 2560 903 2633 (Luc.
929 2562 992 2633 ι),
1026 2570 1086 2617 ιιι
1110 2562 1190 2617 vcl
1220 2563 1410 2633 angelo
1465 2563 1550 2618 vel
1580 2563 1648 2619 ab
1673 2562 1878 2635 angelis

283 2655 502 2704 tantum
531 2651 835 2708 nativitatis
861 2655 1023 2726 hujus
1060 2665 1402 2711 sacramenta
1427 2655 1698 2725 dicantur,
1724 2656 1877 2728 cujus

286 2747 542 2796 narrator
571 2744 882 2801 rarissimus
928 2755 1030 2801 εει.

361 2830 611 2901 Aperiens
641 2842 815 2889 autem
853 2834 1122 2907 Philippus
1151 2854 1208 2893 os
1235 2855 1389 2894 suum
1441 2849 1491 2895 et
1513 2840 1771 2911 incipiens
1809 2837 1874 2895 ab

290 2918 572 2992 Scriptura
627 2924 751 2991 ista,
806 2934 913 2982 etc.
955 2926 1057 2999 (Ex
1084 2927 1342 3003 Primas.)
1379 2931 1658 3003 Philippus
1706 2932 1877 2988 inter-

287 3022 537 3085 pretatur
565 3032 627 3073 os
652 3018 937 3090 lampadis,
985 3022 1315 3095 pulcherque
1364 3034 1450 3081 est
1490 3038 1702 3091 sensus,
1732 3024 1876 3095 quod

286 3120 353 3163 os
378 3106 643 3177 lampadis
667 3125 823 3165 suum
849 3113 1088 3193 aperiret
1115 3130 1200 3180 os,
1223 3114 1351 3171 dum
1379 3117 1614 3172 obscura
1640 3117 1875 3187 prophe-

285 3200 382 3256 tiae
422 3201 479 3256 in
535 3202 774 3259 scientite
820 3204 996 3261 lucem
1050 3207 1277 3277 profert.
1326 3208 1585 3277 Quamvis
1630 3217 1686 3264 et
1719 3209 1875 3280 juxta

285 3292 573 3348 historiam
637 3296 811 3366 possit
838 3297 942 3352 ista
990 3298 1398 3356 circumlocutio
1459 3301 1744 3371 designare
1773 3301 1871 3356 ali-

281 3392 489 3453 quanto
549 3385 848 3459 longiorem
905 3387 1145 3444 futurum
1226 3399 1356 3448 tunc
1431 3406 1551 3448 esse
1586 3391 1703 3460 eius
1762 3407 1870 3448 ser-

285 3491 526 3533 monem.

355 3567 427 3623 Et
462 3569 588 3625 dum
620 3571 758 3626 irent
817 3589 910 3644 per
971 3574 1107 3629 viam
1157 3582 1408 3630 venerunt
1471 3574 1542 3630 ad
1586 3578 1870 3646 quamdam

282 3672 499 3730 aquam.
539 3661 639 3717 Est
682 3662 842 3720 hodie
886 3663 1122 3721 Bethsur
1168 3664 1280 3721 sive
1316 3664 1579 3723 Bethsoro
1627 3669 1778 3724 vicus
1813 3670 1870 3727 in

283 3752 432 3807 tribu
462 3753 619 3822 Juda,
651 3757 768 3813 sive
819 3756 1100 3827 Beniamin
1146 3757 1398 3813 euntibus
1442 3761 1510 3814 ab
1543 3759 1691 3815 Helia
1726 3761 1869 3818 Che-

282 3846 424 3904 bron
454 3850 717 3906 vicesimo
744 3851 999 3907 milliario
1017 3850 1175 3922 juxta
1201 3867 1361 3922 quem
1385 3851 1509 3908 fons
1535 3853 1600 3909 ad
1630 3854 1867 3911 radicem

282 3940 488 3995 montis
514 3941 798 4008 ebulliens,
833 3944 900 3999 ab
945 3946 1132 4000 eadem
1193 3959 1297 4017 qua
1326 3944 1586 4015 gignitur,
1617 3947 1869 4003 sorbetur

278 4028 470 4084 humo.
507 4030 887 4101 Apostolorum
926 4034 1059 4089 Acta
1105 4034 1349 4089 referunt
1394 4036 1449 4090 in
1492 4036 1652 4108 hujus
1703 4038 1868 4095 viculi

276 4120 435 4177 fonte
465 4123 771 4177 eunuchum
797 4139 827 4177 a
856 4123 1104 4196 Philippo
1132 4123 1299 4180 fuisse
1336 4126 1692 4197 baptizatum.
1731 4128 1869 4183 Nam

274 4221 369 4270 est
412 4219 468 4268 et
513 4212 617 4267 alia
652 4212 881 4269 Bethsur
910 4217 964 4270 in
1007 4216 1153 4271 tribu
1179 4216 1339 4285 Juda,
1370 4220 1514 4274 mille
1560 4237 1754 4292 passus
1788 4222 1869 4276 di-

277 4318 437 4367 stans
463 4309 532 4365 ab
553 4302 974 4381 Eleutheropoli.

351 4398 421 4469 Et
443 4399 519 4454 ait
544 4400 814 4455 eunuchus
860 4415 878 4454 :
908 4400 1045 4456 Ecce
1072 4418 1229 4474 aqua,
1255 4403 1372 4475 quis
1414 4402 1647 4470 prohibet
1673 4417 1754 4456 me
1777 4400 1869 4455 ba-

276 4492 471 4565 ptizari
495 4492 521 4548 ?
552 4502 600 4547 et
616 4494 779 4564 jussit
805 4503 946 4548 stare
982 4510 1219 4558 currum;
1244 4502 1294 4549 et
1318 4494 1691 4549 descenderunt
1719 4502 1865 4547 uter-

275 4601 382 4658 que
432 4586 486 4643 in
521 4603 737 4658 aquam,
779 4582 1056 4660 Philippus
1102 4597 1150 4643 ct
1173 4588 1464 4653 eunuchus,
1497 4596 1544 4641 et
1583 4586 1864 4657 baptizavit

277 4692 419 4735 eum.
464 4678 506 4733 Ο
532 4693 693 4748 quam
717 4677 854 4733 mira
886 4678 1122 4735 doctoris
1159 4679 1334 4733 virtus
1363 4685 1480 4733 erat
1510 4676 1565 4731 in
1591 4676 1858 4732 vehiculo.

277 4766 574 4824 Eunuchus
603 4782 785 4824 sacras
804 4767 1016 4823 litteras
1050 4766 1284 4840 legebat,
1316 4764 1409 4823 sed
1432 4765 1499 4821 de
1528 4780 1635 4837 quo
1664 4766 1867 4839 legeret

277 4858 591 4932 ignorabat,
622 4860 745 4940 sed:
773 4851 950 4939 tamen
980 4876 1105 4916 eum
1152 4876 1313 4931 quem
1339 4861 1394 4915 in
1447 4859 1588 4914 libro
1616 4859 1864 4915 nesciens

276 4949 517 5031 legebat,
545 4951 634 5023 pia
663 4944 862 5031 mente
883 4952 1032 5031 scire
1074 4951 1346 5021 cupiebat.
1381 4948 1541 5006 Venit
1588 4949 1866 5021 Philippus

211 5088 217 5093 .
276 5030 653 5117 philosophus,
682 5027 919 5107 ostendit
956 5027 1250 5115 eli-Iesum,
1284 5043 1375 5113 qui
1419 5041 1633 5098 clausus
1660 5041 1867 5096 latebat

278 5126 335 5192 in
362 5136 565 5193 littera.
619 5138 687 5193 Et
742 5137 1039 5193 secundum
1088 5133 1247 5191 aliam
1308 5134 1680 5199 traditionem,
1726 5134 1862 5189 dixit

276 5226 558 5300 Philippus
582 5230 831 5286 eunucho
857 5248 868 5283 :
904 5227 962 5285 Si
1004 5228 1184 5284 credis
1214 5244 1282 5282 ex
1310 5234 1422 5281 toto
1449 5226 1633 5291 corde,
1680 5225 1862 5280 salvus

277 5320 409 5375 eris.
455 5320 521 5375 Et
571 5321 847 5391 respondit
900 5321 1217 5375 eunuchus:
1275 5317 1450 5373 Credo
1500 5318 1555 5371 in
1585 5316 1859 5371 Christum

278 5409 450 5468 ﬁlium
477 5410 593 5479 Dei,
627 5422 682 5467 et
708 5427 774 5466 ea
815 5411 950 5467 hora
986 5410 1293 5483 baptizatus
1320 5419 1423 5474 est,
1474 5408 1647 5463 ﬁdelis
1686 5405 1861 5463 factus

278 5513 334 5559 et
356 5515 574 5559 sanctus
603 5512 706 5573 est,
737 5512 792 5559 et
819 5502 885 5559 de
923 5503 1184 5576 discipulo
1219 5502 1477 5574 magister
1502 5498 1725 5555 effectus
1752 5507 1856 5567 est,

277 5603 334 5650 et
363 5594 617 5668 deinceps
648 5590 990 5668 praedicator,
1023 5602 1077 5648 ct
1103 5594 1282 5666 gentis
1311 5608 1422 5647 suae
1461 5589 1740 5661 apostolus
1786 5587 1861 5644 ef-

279 5680 458 5745 fectus
483 5697 585 5745 est.

351 5776 486 5834 Cum
515 5790 690 5851 autem
710 5779 1059 5837 ascendissent
1091 5778 1155 5833 de
1185 5795 1346 5850 aqua,
1379 5775 1610 5847 Spiritus
1647 5770 1862 5838 Domini

284 5872 458 5944 rapuit
483 5854 805 5945 Philippum,
857 5878 962 5929 etc.
996 5869 1133 5927 Sunt
1161 5870 1379 5942 quidam
1420 5867 1511 5940 qui
1562 5867 1679 5923 htec
1706 5880 1863 5941 ange-

1986 637 2108 676 mus
2136 621 2333 691 prodit.
2376 621 2510 677 Nam
2539 632 2593 679 et
2624 624 2875 680 similiter
2900 624 3103 682 factum
3132 624 3331 696 legitur
3359 626 3428 703 de
3453 627 3564 685 Ha-

1984 715 2153 771 bacuc
2183 722 2431 785 portante
2457 717 2740 787 prandium
2772 718 2999 774 Danieli.

2056 808 2337 880 Philippus
2359 818 2534 865 autem
2562 811 2801 866 inventus
2829 822 2905 865 est
2932 812 2989 868 in
3013 813 3201 869 Asoto.
3239 813 3443 871 Azotus
3465 829 3563 887 op-

1982 903 2168 973 pidum
2197 910 2280 959 est
2321 903 2528 974 insigne
2573 903 2890 969 Palaestinae,
2922 907 3066 975 quod
3113 907 3374 966 Hebraioe
3398 924 3563 967 voca-
3638 930 3645 941 ι

1983 1005 2093 1064 tur,
2117 1008 2322 1064 mn,
2345 999 2546 1062 Asdod,
2573 1000 2626 1054 in
2653 1010 2800 1058 sorte
2841 1002 3019 1057 tribus
3065 1001 3237 1069 Iudae,
3263 1009 3428 1060 etest
3453 1017 3562 1060 una

1984 1088 2054 1144 de
2094 1092 2334 1162 quinque
2366 1092 2493 1147 olim
2520 1093 2831 1149 civitatibus
2882 1094 3310 1166 Allophylorum,
3340 1097 3429 1153 cui
3473 1097 3564 1153 de-

1983 1194 2131 1240 creta
2167 1183 2290 1250 fuit,
2321 1186 2416 1241 sed
2459 1201 2567 1241 non
2589 1193 2798 1242 retenta
2825 1188 2893 1243 ab
2916 1202 3000 1254 ea,
3033 1186 3162 1259 quia
3212 1202 3558 1260 nequaquam

1982 1282 2193 1331 veteres
2215 1275 2428 1331 accolas
2450 1276 2626 1346 potuit
2650 1278 2935 1348 expellere.

2054 1365 2123 1420 Et
2170 1368 2521 1437 pertransiens
2564 1369 2954 1441 evangelizabat
2988 1369 3287 1426 civitatibus
3325 1371 3548 1436 cunctis,

1982 1456 2146 1512 donec
2174 1458 2365 1513 veniret
2389 1458 2705 1515 Cmsaream.
2735 1460 2983 1518 Caesarea
3008 1461 3309 1519 Palaestina
3338 1462 3558 1528 dicitur,

1980 1547 2072 1607 ubi
2120 1549 2259 1605 infra
2313 1552 2531 1608 domum
2584 1553 2839 1610 habuisse
2886 1554 3211 1611 describitur
3253 1554 3559 1626 Philippus,

1981 1657 2102 1710 qua:
2124 1656 2296 1712 usque
2320 1643 2480 1699 hodie
2510 1644 2931 1712 demonstratur,
2961 1661 3061 1702 nec
3088 1662 3196 1703 non
3239 1654 3293 1701 et
3340 1647 3560 1703 urbicu-

1979 1732 2090 1788 lum
2117 1741 2351 1803 quatuor
2391 1733 2625 1790 ﬁliarum
2664 1735 2782 1805 ejus
2806 1736 3076 1808 virginum
3098 1738 3557 1808 prophetantium.

1981 1822 2242 1881 Caesareae
2273 1824 2523 1883 civitates
2550 1827 2668 1882 dute
2693 1835 2820 1883 sunt
2850 1827 3071 1883 interra
3103 1828 3558 1899 repromissionis.

1978 2026 2086 2082 que
2112 2011 2386 2081 quondam
2412 2011 2636 2085 Pyrgos,
2670 2013 2726 2068 id
2752 2022 2859 2080 est,
2888 2014 3057 2071 turris
3108 2013 3381 2071 Stratonis
3415 2015 3558 2072 dicta

1978 2113 2084 2170 est,
2112 2092 2205 2160 sed
2234 2103 2302 2159 ab
2326 2104 2538 2160 Herode
2568 2119 2694 2176 rege
2707 2101 2892 2160 Judete
2918 2104 3150 2161 nobilius
3175 2113 3233 2162 et
3255 2104 3558 2176 pulchius,

1980 2202 2035 2251 et
2055 2202 2244 2251 contra
2271 2195 2381 2251 vim
2408 2196 2573 2253 maris
2593 2195 2761 2252 multo
2781 2196 2967 2252 utilius
2990 2204 3288 2263 exstructa,
3312 2197 3368 2252 in
3383 2197 3561 2253 hono-

1981 2300 2097 2343 rem
2123 2285 2359 2343 Ctesaris
2379 2287 2604 2359 Augusti
2631 2286 2879 2345 Caesares
2913 2288 3294 2360 cognominata
3320 2296 3425 2345 est.
3455 2288 3560 2358 Qui

1980 2378 2145 2432 etiam
2179 2378 2434 2447 templum
2473 2378 2527 2433 in
2555 2393 2621 2432 ea
2659 2394 2931 2437 marmore
2966 2379 3090 2435 albo
3136 2379 3471 2444 construxit,
3504 2379 3558 2435 in

1979 2484 2085 2539 qua
2110 2482 2280 2539 nepos
2306 2470 2424 2540 ejus
2452 2468 2693 2526 Herodes
2719 2472 2787 2526 ab
2807 2471 2999 2541 angelo
3025 2485 3332 2540 percussus,
3367 2470 3563 2526 Cerne.

1980 2558 2085 2614 lius
2126 2560 2374 2615 centurio
2398 2558 2705 2630 baptizatus
2726 2600 2742 2625 ,
2800 2569 2855 2615 et
2878 2561 3097 2633 Agapus
3128 2560 3393 2631 propheta
3423 2574 3561 2615 zona

1978 2648 2132 2713 Pauli
2185 2650 2381 2722 ligatus
2432 2659 2517 2709 est
2565 2651 2706 2722 (Act.
2744 2650 2881 2721 xxi).
2935 2652 3124 2709 Altera
3158 2667 3288 2709 vero
3315 2650 3560 2707 Cassarea

1978 2742 2252 2813 Philippi,
2302 2743 2457 2815 cujus
2514 2744 2865 2816 Evangelium
2915 2744 3162 2803 meminit
3198 2757 3319 2805 esse
3372 2750 3561 2799 tetrar-

1976 2833 2156 2890 chiam
2174 2873 2191 2900 ,
2222 2834 2291 2891 ad
2314 2833 2524 2890 radices
2550 2834 2752 2891 montis
2780 2833 2971 2890 Libani
2994 2832 3139 2893 facta
3157 2873 3173 2899 ,
3199 2844 3254 2889 et
3275 2834 3329 2888 in
3351 2834 3559 2893 honore

1976 2925 2209 2983 Ctesaris
2236 2926 2611 2997 cognominata
2636 2934 2739 2985 est.
2765 2925 2873 2985 Sed
2896 2935 2952 2985 et
2971 2928 3130 2993 tertia
3147 2926 3397 2989 Caesarea
3422 2925 3559 2997 Cap-

1972 3018 2217 3089 padocia
2243 3018 2561 3090 metropolis
2607 3028 2714 3086 est,
2747 3019 2901 3090 cujus
2922 3018 3098 3075 Lucas
3120 3018 3198 3075 ita
3247 3018 3498 3079 meminit
3536 3034 3553 3072 :

1975 3108 2307 3165 Descendens
2333 3107 2631 3171 Ctrsarcam
2657 3119 2707 3166 et
2735 3109 2981 3199 salutavit
3007 3109 3321 3169 Ecclesium.

1977 3218 2269 3296 Egreditur
2288 3221 2372 3275 hic
2402 3219 2728 3296 smaragdus
2763 3239 2795 3275 a
2825 3222 3087 3296 mentione
3124 3222 3350 3277 civitatis
3373 3220 3553 3296 Cresa-

2052 3306 2154 3345 γεω
2204 3291 2260 3345 in
2310 3293 2521 3347 nomina
2553 3291 2818 3348 regionum
2848 3303 2896 3346 et
2924 3292 3158 3347 locorum
3196 3309 3313 3348 aute
3350 3291 3471 3347 sunt
3499 3293 3556 3348 in

2052 3309 2154 3345 rea:
2204 3309 2260 3345 tn
2310 3309 2521 3347 nomina
2553 3309 2606 3346 re

2050 3360 2195 3415 Actis
2222 3360 2538 3432 apostolicis.
2568 3309 2638 3417 Eg

2045 3472 2152 3529 Sed
2173 3472 2300 3543 quia
2324 3473 2382 3528 in
2409 3473 2512 3528 hoc
2552 3472 2671 3527 loco
2696 3473 2761 3529 de
2805 3472 3117 3533 civitatibus
3167 3472 3370 3529 mentio
3407 3472 3548 3529 facta

1970 3574 2076 3631 est,
2100 3565 2473 3621 necessarium
2504 3564 2773 3630 duximus,
2803 3573 2863 3620 ut
2892 3564 2959 3621 de
2986 3564 3230 3635 pluribus
3256 3565 3553 3623 istiuslihri

1971 3657 2301 3723 civitatibus,
2319 3656 2850 3727 locis,provinciisve
2872 3657 3204 3713 mentionem
3234 3656 3288 3711 in
3309 3656 3413 3713 hoc
3434 3655 3554 3711 loco

1967 3748 2253 3805 faciamus.
2308 3748 2707 3805 Acheldemach
2752 3755 2837 3803 est
2866 3749 2920 3803 in
2951 3747 3126 3813 llclia,
3166 3746 3233 3805 ad
3261 3746 3552 3803 australem

1969 3841 2183 3914 plagam
2213 3840 2413 3895 montis
2447 3838 2600 3904 Sion,
2630 3852 2751 3908 quae
2772 3838 3035 3893 hactenus
3054 3835 3208 3906 juxta
3245 3834 3553 3900 Judteorum

1969 3933 2255 3990 consilium
2286 3941 2528 3988 mortuos
2584 3931 2850 4003 ignobiles
2904 3938 3049 3986 terra
3075 3930 3232 4002 tegit,
3287 3929 3425 3985 alios
3452 3929 3554 3985 sub

1970 4025 2095 4081 divo
2122 4023 2434 4095 putrefacit.
2463 4023 2592 4080 Asia
2617 4024 2768 4094 regio
2780 4038 2902 4092 quae
2922 4021 3098 4077 Minor
3116 4021 3552 4092 cognominatur,

1969 4119 2208 4188 undique
2229 4117 2561 4173 circumdata
2582 4125 2665 4171 est
2682 4116 2839 4181 mari,
2869 4115 3023 4185 cujus
3056 4113 3356 4182 provinciae
3401 4119 3549 4177 sunt,

1968 4208 2224 4280 Phrygia,
2263 4206 2595 4277 Pamphylia,
2641 4206 2850 4269 Cilicia,
2884 4203 3177 4274 Lycaonis,
3210 4201 3445 4266 Galatia,
3494 4211 3551 4258 et

1970 4299 2090 4354 aliae
2127 4299 2329 4354 multm.
2378 4296 2580 4352 Arabia
2613 4296 2764 4366 regio
2798 4295 2941 4350 inter
2964 4293 3146 4350 sinum
3171 4293 3339 4351 maris
3355 4292 3547 4360 Rubri,

1968 4392 2063 4463 qui
2093 4391 2365 4456 Persicus,
2410 4398 2635 4453 etcum,
2683 4387 2777 4459 qui
2802 4385 3067 4441 Arabicns
3088 4392 3336 4450 vocatur,
3386 4383 3551 4441 habet

1968 4482 2162 4556 gentes
2192 4482 2408 4547 multas,
2438 4480 2722 4547 Moabitas,
2748 4478 3107 4543 Ammonitas,
3140 4476 3428 4542 Idumos,
3452 4474 3552 4532 Sa-

1969 4592 2216 4643 racenos,
2259 4577 2499 4646 aliasque
2527 4589 2689 4645 quam
2734 4572 2963 4644 plures:
3014 4572 3133 4627 haec
3176 4585 3333 4626 sacra
3383 4572 3552 4626 inter-

1965 4670 2171 4743 pretari
2209 4669 2426 4733 dicitur,
2477 4683 2545 4723 eo
2596 4667 2738 4738 quod
2784 4665 2981 4721 odores
3024 4671 3172 4719 creet
3219 4662 3543 4719 odoriferos.

1965 4763 2141 4821 Graeci
2171 4760 2443 4833 εὐδαίμων,
2477 4757 2648 4813 nostri
2677 4756 2924 4820 Beatam,
2950 4759 3302 4810 vocaverunt.
3350 4752 3542 4807 Antio-

1964 4855 2091 4912 chia
2143 4852 2337 4908 civitas
2383 4857 2467 4905 est
2512 4847 2706 4919 Syriae,
2741 4847 2796 4901 in
2824 4861 2931 4917 qua
2950 4845 3231 4902 Barnabas
3274 4854 3328 4900 et
3349 4843 3551 4900 Paulus

1968 4946 2196 5019 apostoli
2212 4953 2336 5001 sunt
2357 4943 2610 4999 ordinati.
2642 4941 2737 4995 Est
2758 4940 2930 4996 etalia
2956 4939 3012 4994 in
3037 4939 3187 5004 Asia,
3203 4938 3258 4993 in
3280 4937 3542 5007 quaidem

1964 5039 2321 5111 praedicantes
2343 5034 2541 5091 Judzeis
2584 5033 2837 5088 dixerunt
2867 5050 2880 5086 :
2941 5030 3095 5086 Vobis
3124 5029 3393 5102 oportebat
3431 5028 3513 5099 pri
3525 5057 3544 5071 ρ

1962 5146 2106 5185 mum
2126 5128 2268 5200 loqui
2291 5126 2504 5182 verbum
2531 5123 2649 5179 Dei.
2699 5122 2807 5179 Sed
2824 5122 3073 5195 quoniam
3100 5120 3363 5193 repulistis
3389 5118 3540 5195 illud,

1964 5237 2079 5276 ecce
2113 5217 2459 5274 convertimur
2511 5216 2580 5271 ad
2610 5225 2785 5287 gentes
2828 5213 2968 5286 (Act.
2998 5212 3143 5284 xm).
3220 5207 3542 5265 Alexandria

1963 5313 2156 5368 civitas
2172 5318 2255 5367 est
2273 5310 2516 5382 Egypti,
2563 5310 2620 5364 in
2651 5323 2756 5379 qua
2799 5307 2944 5362 beati
2998 5304 3168 5361 Marci
3201 5300 3545 5370 evangelista:

1964 5404 2204 5460 tumulus
2228 5403 2387 5458 hodie
2408 5402 2467 5457 in
2485 5399 2726 5457 Ecclesia
2750 5405 3060 5454 veneratur.
3103 5390 3442 5464 Amphipolis
3460 5402 3547 5449 est

1963 5496 2156 5551 civitas
2176 5492 2519 5549 Macedoniae.
2568 5492 2665 5547 Est
2690 5499 2747 5546 et
2773 5491 2943 5546 altera
2964 5486 3205 5557 ejusdem
3225 5482 3462 5541 nominis
3486 5485 3542 5540 in

1966 5585 2142 5661 Syria.
2186 5584 2464 5657 Apollonia
2500 5585 2693 5641 civitas
2711 5593 2796 5639 est
2810 5579 3154 5637 Macedoniae.
3177 5578 3273 5634 Est
3298 5585 3356 5633 et
3372 5577 3543 5634 altera

1963 5678 2245 5745 inAfrica,
2288 5693 2409 5749 quae
2446 5677 2646 5733 dicitur
2695 5670 3020 5742 Pentapolis.
3075 5669 3302 5727 Athenae
3345 5668 3540 5725 civitas

1964 5783 2046 5830 est
2072 5772 2309 5839 Achaiae,
2338 5765 2690 5841 philosophia}
2713 5763 2909 5819 studiis
2937 5762 3138 5827 dedita,
3158 5762 3311 5833 cujus
3332 5761 3540 5831 Pyrene

1962 5877 2174 5939 Portus,
2195 5858 2532 5938 septemplici
2548 5854 2820 5929 quondam
2846 5869 3002 5917 muto
3024 5853 3357 5925 εοπιωμηίιι
3369 5849 3541 5933 [ὡκ

2619 3363 2771 3416 adem
2795 3363 3052 3416 habentur
3092 3364 3147 3416 in
3183 3363 3526 3433 Hieronymo.
