4030 6454
500 388 607 443 εδδ

1784 379 2133 437 SMARAGDI
2165 378 2454 436 ABBATlS

3652 386 3760 442 €256

500 500 841 559 describitur.
880 499 1189 568 Areopagus
1209 495 1540 551 Athenarum
1568 493 1741 561 curia,
1763 492 1881 564 qua
1906 497 2073 550 inter—
2102 496 2153 556 Α
2179 492 2289 548 ﬁlio
2310 491 2540 563 Japheth
2569 493 2852 563 appellata.
2910 493 3048 549 Sunt
3069 502 3249 551 autem
3280 496 3422 552 inter
3448 497 3649 556 ﬁumen
3676 503 3765 558 ins

501 601 746 665 pretatur
792 592 920 645 villa
944 590 1148 653 Martis,
1202 589 1344 659 quod
1382 589 1496 658 ipse
1519 588 1590 642 ibi
1633 590 1926 658 quondam,
1952 606 2075 644 cum

504 687 750 742 ducentis
783 684 1065 741 duodecim
1088 683 1193 739 diis
1232 681 1504 752 judicatus
1532 693 1631 740 est.
1668 685 1825 754 Appii
1854 683 2075 751 Forum,

503 795 703 836 nomen
730 777 833 833 fori
879 776 1064 831 Roma
1089 776 1156 831 ab
1190 773 1362 845 Appio
1398 777 1669 847 quondam
1707 777 1926 833 consule
1972 784 2080 831 tra-

504 878 672 933 ctum,
706 884 736 923 a
761 882 867 937 quo
890 874 945 922 et
979 866 1063 921 via
1085 867 1255 937 Appia
1297 878 1486 922 vocata
1509 876 1608 922 est.
1674 868 1911 939 Babylon
1966 884 2082 923 me-

503 960 726 1029 tropolis
747 960 899 1030 regni
929 958 1305 1015 Chaldaeorum
1337 967 1440 1025 est,
1472 960 1563 1015 ubi
1586 975 1773 1014 eorum
1795 960 1885 1029 qui
1918 959 2082 1015 aedifi-

500 1051 699 1107 cabant
723 1050 917 1105 turrim
947 1050 1142 1121 lingua
1166 1050 1350 1105 divisa
1371 1061 1514 1117 sunt,
1543 1052 1683 1106 unde
1708 1059 1763 1105 et
1790 1051 2080 1122 Babylonia

499 1150 747 1198 vocatur.
807 1140 938 1208 Qua
986 1157 1086 1212 per
1112 1143 1375 1212 quadrum
1412 1144 1534 1205 sita,
1563 1144 1630 1198 ab
1674 1144 1869 1216 angulo
1910 1161 2081 1214 usque

502 1238 571 1293 ad
600 1238 858 1309 angulum
887 1238 1050 1303 muri,
1077 1237 1310 1292 sedecim
1340 1237 1506 1293 millia
1534 1254 1791 1309 passuum
1821 1240 2077 1307 tenuisse,

504 1330 561 1385 id
589 1337 689 1397 est,
717 1329 875 1385 simul
896 1345 992 1400 per
1015 1330 1301 1385 circuitum
1329 1332 1609 1401 sexaginta
1652 1341 1884 1401 quatuor
1914 1333 2078 1388 millia

502 1418 672 1476 refert
691 1418 994 1476 Herodotus
1039 1428 1094 1476 et
1127 1422 1280 1476 multi
1306 1423 1415 1487 alii,
1458 1422 1549 1493 qui
1578 1422 1795 1479 Gracas
1822 1416 2083 1482 historias

504 1513 855 1584 scripserunt.
939 1513 1188 1586 Bithynia
1222 1515 1504 1586 provincia
1540 1515 1684 1571 Asia
1720 1517 1943 1573 Minoris
1976 1528 2079 1585 est,

503 1603 619 1674 ipsa
643 1613 726 1660 est
750 1612 807 1661 et
832 1604 1005 1675 major
1026 1606 1280 1679 Phrygia.
1310 1607 1514 1662 Beroea
1539 1607 1734 1663 civitas
1759 1608 1812 1662 in
1836 1608 2086 1665 Macedo-

502 1694 592 1749 nia
619 1705 723 1763 est,
751 1713 871 1767 quae
884 1699 1106 1754 verbum
1127 1699 1339 1753 Domini
1361 1699 1851 1772 nobiliteraccepit.
1878 1702 2087 1775 Cappa-

504 1785 657 1841 docia
708 1788 856 1858 regio
889 1790 940 1843 in
995 1789 1172 1859 capite
1203 1787 1377 1860 Syria
1415 1798 1526 1857 est,
1579 1792 1649 1846 ad
1695 1795 2080 1863 septentrionis

502 1877 738 1948 plagam.
813 1878 1023 1950 Cyrene
1071 1879 1263 1936 civitas
1301 1882 1465 1937 estin
1505 1881 1694 1954 Libya,
1745 1885 1898 1956 cujus
1932 1888 2082 1958 regio

503 1970 912 2042 Pentapolitana
959 1981 1220 2042 vocatur,
1274 1990 1340 2031 eo
1385 1978 1529 2047 quod
1579 1978 1815 2049 quinque
1859 1981 2084 2039 urbibus

504 2064 737 2119 maxime
763 2063 983 2135 fulgeat.
1036 2065 1196 2122 Creta
1229 2065 1418 2123 Graeca
1440 2068 1636 2135 insula,
1668 2078 1883 2126 centum
1918 2088 2086 2143 quon-

506 2155 630 2210 dam
674 2157 899 2213 urbibus
938 2157 1155 2225 nobilis,
1215 2160 1355 2215 unde
1394 2168 1449 2217 et
1478 2160 1773 2232 Centipolis
1816 2165 1958 2220 dicta
1979 2174 2079 2223 est.

505 2250 713 2320 Cyprus
740 2252 915 2306 insula
942 2253 1083 2308 mari
1116 2252 1454 2325 Pamphylio,
1480 2255 1789 2325 quindecim
1810 2260 2083 2328 quondam

504 2340 715 2409 oppidis
745 2340 989 2413 insignis,
1022 2341 1338 2416 famosaque
1365 2346 1591 2413 divitiis,
1608 2355 1664 2402 et
1682 2350 1916 2405 maxime
1936 2351 2080 2406 aris.

503 2431 691 2489 Cilicia
720 2437 995 2505 provincia
1008 2436 1150 2494 Asia
1174 2448 1276 2506 est,
1291 2455 1451 2509 quam
1479 2440 1697 2511 Cydnus
1720 2443 1895 2499 amnis
1918 2443 2085 2498 inter-

502 2532 674 2579 secat.
704 2524 909 2582 Charra
926 2528 1122 2586 civitas
1145 2530 1547 2602 Mesopotamiae
1567 2542 1672 2597 est,
1686 2535 1777 2589 ubi
1805 2535 2087 2591 fuitAbr-a-

506 2613 590 2669 ha
630 2618 955 2686 patriarcha
987 2620 1300 2690 hospitium.
1342 2623 1634 2678 Corinthus
1655 2625 1847 2680 civitas
1868 2626 2087 2681 Achaia

502 2708 795 2764 maritima.
879 2708 1138 2766 Cenchra
1165 2721 1356 2782 portus
1391 2713 1797 2771 Corinthiorum
1824 2717 2083 2773 civitatis.

502 2799 640 2856 Chio
667 2800 842 2856 insula
864 2810 991 2858 ante
1011 2802 1283 2874 Bithynia,
1328 2806 1383 2861 in
1406 2805 1560 2876 cujus
1592 2824 1788 2865 nomen
1828 2810 1964 2883 Syra
1986 2811 2087 2866 lin-

503 2907 609 2964 gua
636 2893 913 2948 masticem
944 2894 1212 2967 designat,
1252 2912 1317 2953 eo
1362 2900 1506 2969 quod
1549 2900 1623 2955 ibi
1668 2902 1865 2958 mastix
1900 2904 2087 2976 gigna-

504 2992 613 3039 tur.
660 2984 956 3041 Damascus
999 2987 1195 3042 nobilis
1234 2990 1366 3045 urhs
1388 2990 1691 3058 Phanices,
1753 3009 1873 3064 qua
1914 3010 2087 3065 quon-

504 3074 630 3130 dam
652 3075 709 3131 in
750 3075 898 3131 omni
921 3075 1079 3149 Syria
1103 3079 1274 3135 tenuit
1296 3082 1680 3152 principatum,
1711 3093 1768 3139 et
1815 3101 1961 3141 nunc
1988 3086 2086 3142 Sa-

2176 584 2303 639 dum
2329 585 2573 654 regiones
2601 584 2737 651 ista,
2779 585 3061 652 Aracusia,
3090 588 3335 672 Parthia,
3361 590 3764 672 Assyria,quas

2180 671 2455 743 Scriptura
2475 690 2629 729 sacra
2645 676 2926 731 universas
2949 692 3091 747 sape
3120 665 3306 734 Média
3334 665 3554 739 nomine
3575 694 3762 742 vocat.

2178 763 2492 820 Macedonia
2519 768 2796 836 provincia
2840 768 3148 824 Graecorum
3170 778 3271 835 est,
3312 772 3610 831 virtutibus
3638 776 3769 834 Ale-

2180 859 2369 913 xandri
2391 859 2568 931 Magni
2595 861 2826 918 nobilior
2854 862 3020 919 facta.
3084 864 3299 922 Miletus
3320 868 3517 925 civitas
3556 870 3613 925 in
3633 871 3768 927 Asia

2178 949 2396 1017 est,,ubi
2418 950 2618 1007 Paulus
2640 952 2875 1022 majores
2902 953 3258 1025 Ephesiorum
3283 958 3598 1030 alloquitur.
3658 960 3771 1017 Na-

2180 1042 2368 1095 zareth
2393 1041 2601 1097 viculus
2627 1051 2712 1097 est
2734 1043 2789 1098 in
2801 1044 3042 1111 Calilaa,
3067 1046 3223 1117 juxta
3249 1059 3489 1106 montem
3520 1052 3765 1111 Thabor.

2182 1130 2332 1187 Unde
2358 1141 2413 1188 et
2431 1132 2691 1190 Dominus
2710 1133 2866 1191 Jesus
2893 1136 3184 1194 Nazaraus
3208 1149 3293 1195 est
3312 1150 3557 1198 vocatus.
3591 1144 3772 1201 liabet

2180 1224 2466 1282 ecclesiam
2506 1227 2560 1282 in
2586 1227 2725 1294 loco,
2773 1244 2882 1298 quo
2916 1230 3138 1301 angelus
3187 1234 3256 1288 ad
3282 1234 3496 1291 beatam
3538 1236 3770 1294 Mariam

2180 1316 2646 1388 evangelizaturus
2690 1319 2936 1386 intravit,
2980 1322 3144 1378 habet
3162 1331 3218 1378 et
3241 1324 3427 1393 aliam,
3461 1325 3556 1382 ubi
3584 1326 3774 1385 Domi-

2181 1423 2284 1464 nus
2327 1417 2411 1465 est
2431 1411 2689 1468 nutritus.
2752 1411 3002 1483 Neapolis
3037 1416 3229 1473 civitas
3259 1424 3345 1473 est
3386 1408 3775 1493 Caria,‘qna

2182 1508 2267 1557 est
2285 1502 2559 1572 provincia
2598 1504 2759 1560 Asia.
2817 1505 3023 1562 Pontus
3045 1508 3196 1580 regio
3216 1516 3303 1565 est
3329 1509 3623 1567 multarum
3640 1528 3775 1585 gen-

2184 1592 2318 1646 tium
2342 1592 2496 1662 juxta
2522 1609 2672 1649 mare
2699 1594 3002 1664 Ponticum,
3029 1598 3175 1669 quod
3194 1598 3377 1654 Asiam
3404 1608 3461 1655 et
3488 1601 3767 1672 Europam

2186 1682 2550 1751 disterminat,
2574 1694 2631 1740 et
2653 1694 2872 1758 propter
2900 1688 3187 1758 plurimam
3240 1690 3505 1747 ostiorum
3535 1692 3775 1750 Danubii

2189 1772 2536 1842 infusionem,
2567 1775 2777 1832 dulcius
2804 1779 3019 1835 caeteris
3048 1794 3168 1835 esse
3216 1782 3579 1853 cognoscitur.
3610 1783 3776 1838 Pam-

2108 1851 2157 1912 B
2182 1863 2365 1935 phylia
2410 1865 2688 1935 provincia
2736 1875 2821 1923 est
2846 1868 3007 1923 Asia.
3039 1851 3313 1940 Pamphus
3340 1872 3535 1927 civitas
3587 1880 3688 1931 est.
3714 1874 3776 1929 in

2183 1956 2360 2029 Cypro
2379 1957 2574 2013 insula.
2594 1958 2803 2031 Pergen
2818 1962 3011 2017 civitas
3022 1970 3105 2017 est
3116 1962 3444 2035 Pamphylia
3455 1964 3772 2034 provincia.

2183 2048 2447 2121 Philippis
2476 2052 2668 2108 civitas
2692 2061 2775 2108 est
2800 2055 2858 2109 in
2878 2054 3053 2125 prima
3088 2064 3245 2126 parte
3273 2054 3617 2113 Macedonia.
3650 2059 3781 2115 Pto-

2183 2139 2397 2209 lomais,
2417 2144 2609 2200 civitas
2635 2154 2721 2201 est
2747 2145 2964 2214 Judaa,
2989 2148 3144 2218 juxta
3170 2158 3411 2204 montem
3436 2149 3774 2207 Carmelum.

2184 2235 2281 2291 Est
2302 2244 2357 2291 et
2383 2237 2552 2293 altera
2578 2239 2632 2293 in
2661 2239 2941 2311 Pentapoli
2965 2242 3254 2312 provincia
3278 2242 3492 2299 Africa.
3526 2243 3782 2301 Puteolis

2183 2328 2377 2383 civitas
2405 2330 2613 2385 colonia
2641 2331 2968 2403 Campania,
2998 2335 3187 2390 eadem
3253 2336 3449 2392 dicitur
3484 2336 3776 2393 Ceadicta.

2183 2418 2405 2475 Rhodus
2429 2420 2721 2493 Cyeladum
2759 2424 3056 2479 insularum
3083 2427 3438 2494 nobilissima,
3480 2429 3648 2484 distat
3672 2445 3771 2486 au-

2185 2518 2294 2577 tem
2315 2528 2346 2567 a
2367 2522 2527 2584 portu
2553 2515 2698 2571 Asia
2732 2517 2919 2588 viginti
2945 2518 3182 2574 millibus
3230 2536 3506 2591 passuum.
3538 2523 3773 2593 Regium

2184 2610 2269 2659 est
2313 2604 2507 2660 civitas
2536 2604 2736 2663 Sicilia
2780 2610 3074 2665 maritima.
3118 2609 3333 2667 Sichem
3355 2613 3549 2668 civitas
3575 2624 3659 2670 est
3687 2613 3777 2670 Jac

2184 2696 2306 2762 cob,
2333 2713 2477 2753 nunc
2507 2697 2758 2769 Neapolis
2792 2702 2957 2770 dicta,
2993 2701 3149 2772 juxta
3200 2704 3509 2775 sepulcrum
3541 2705 3767 2776 Ioseph,

2183 2786 2276 2842 ubi
2302 2804 2445 2844 nunc
2472 2798 2557 2845 est
2578 2791 2805 2847 ecclesia
2833 2793 3093 2850 fabricata
3116 2811 3184 2850 ex
3213 2795 3383 2850 latere
3432 2797 3635 2851 montis
3665 2795 3772 2853 Ga-

2183 2880 2360 2936 rizim.
2394 2881 2522 2938 Sina
2543 2898 2698 2939 mons
2729 2885 2784 2940 in
2815 2887 3035 2957 regione
3061 2887 3275 2943 Madian
3308 2903 3470 2960 super
3489 2888 3769 2958 Arabiam,

2184 2974 2276 3045 qni
2302 2975 2407 3031 alio
2436 2977 2654 3032 nomine
2679 2976 2861 3033 lloreh
2889 2979 3207 3048 appellatur.
3240 2979 3395 3036 Unde
3421 2981 3621 3036 dicitur
3654 2997 3669 3036 :
3697 2981 3770 3036 Et

2185 3068 2419 3138 fecerunt
2442 3070 2659 3124 vitulum
2694 3072 2749 3125 in
2781 3068 2981 3138 Horeb,
3010 3088 3133 3127 cum
3182 3073 3287 3130 hoc
3326 3074 3505 3131 Moses
3552 3075 3608 3129 in
3641 3074 3769 3130 Sina

504 3182 831 3223 racenorum
861 3169 1173 3239 metropolis
1201 3180 1305 3239 est,
1344 3175 1487 3250 unde
1518 3181 1574 3229 et
1601 3189 1699 3230 rex
1728 3191 1914 3232 eorum
1943 3178 2079 3234 Nau-

2188 3158 2393 3216 factum
2418 3162 2718 3232 scripserit.
2747 3161 3007 3229 Saronas,
3030 3163 3173 3233 quod
3218 3164 3607 3235 interpretatur
3627 3182 3776 3221 cam-

502 3255 622 3311 vias
674 3255 936 3311 famosam
986 3258 1041 3313 in
1076 3274 1139 3313 ea
1186 3260 1288 3315 sibi
1337 3276 1553 3333 suaeque
1610 3265 1755 3336 genti
1802 3267 2083 3324 basilicam

504 3348 811 3416 dedicavit,
880 3350 1204 3408 Christianis
1269 3354 1324 3409 in
1396 3356 1627 3412 circuitu
1688 3359 1897 3416 civibus
1938 3361 2084 3418 beati

502 3438 755 3509 Baptista
783 3440 1007 3497 Joannis
1039 3443 1324 3498 ecclesiam
1357 3444 1844 3515 frequentantibus.
1872 3450 2082 3508 Derben

500 3529 693 3586 civitas
716 3540 800 3586 est
834 3531 1119 3603 Lycaonia
1159 3536 1470 3604 provincia,
1518 3536 1762 3593 Elamita
1811 3540 2084 3612 principes

502 3617 742 3675 Persidis
766 3622 833 3675 ab
864 3621 1014 3676 Elam
1045 3622 1154 3677 ﬁlio
1185 3623 1311 3679 Sem
1339 3628 1537 3682 vocati.
1567 3628 1808 3698 Ephesus
1854 3630 2084 3687 Amazo-

498 3703 635 3764 num
664 3724 799 3779 opus
828 3711 1020 3766 civitas
1052 3711 1195 3768 Asia
1238 3724 1341 3781 est,
1375 3716 1465 3771 ubi
1495 3717 1787 3788 requiescit
1814 3719 2082 3791 evangeli-

503 3809 588 3855 sta
602 3800 858 3857 Joannes.
883 3802 1163 3859 Phoenicia
1184 3806 1467 3876 provincia
1491 3817 1575 3863 est
1598 3807 1769 3880 Syria
1791 3810 1945 3879 cujus
1964 3827 2084 3882 par-

504 3900 587 3945 tes
613 3898 739 3946 sunt
762 3890 1005 3947 Samaria
1036 3901 1092 3949 et
1120 3893 1341 3951 Galilaa
1379 3905 1437 3952 et
1481 3897 1601 3954 alia
1628 3899 1892 3969 plurima.
1933 3901 2082 3957 Gali-

502 3977 601 4035 lea
622 3981 740 4036 dua
770 3991 916 4049 sunt,
942 4000 1048 4039 una
1072 3987 1312 4056 gentium
1348 3989 1525 4044 vicina
1552 3989 1749 4046 ﬁnibus
1788 3992 2078 4063 Tyriorum

501 4070 559 4127 in
587 4072 731 4128 tribu
766 4073 1071 4145 Nephtalim
1088 4119 1103 4143 ,
1133 4078 1304 4134 altera
1327 4081 1474 4136 circa
1502 4081 1854 4153 Tyberiadem
1884 4092 1939 4138 et
1966 4092 2079 4138 sta-

500 4177 664 4233 gnum
704 4164 1041 4225 Genesareth
1068 4168 1123 4225 in
1146 4172 1290 4227 tribu
1313 4172 1572 4229 Zahulon.
1599 4172 1747 4229 Gaza
1772 4175 1964 4231 civitas
2000 4176 2081 4231 in-

502 4254 671 4326 signis
719 4266 805 4313 est
833 4259 1149 4328 Palaestinae,
1188 4279 1307 4334 qua
1350 4265 1489 4335 apud
1539 4274 1749 4321 veteres
1774 4273 1892 4323 erat
1932 4276 2078 4323 terra

502 4344 952 4402 Chananaorum.
985 4350 1196 4407 Galatia
1243 4355 1521 4423 provincia
1549 4356 1708 4423 Asia,
1742 4374 1771 4411 a
1797 4357 1963 4413 Gallis
1990 4375 2079 4416 vo-

499 4434 751 4491 cabulum
775 4437 1016 4505 trahens,
1044 4441 1137 4510 qui
1187 4441 1242 4495 in
1271 4443 1531 4498 auxilium
1575 4461 1606 4500 a
1629 4462 1753 4517 rege
1806 4447 2078 4519 Bithynia

2186 3252 2405 3322 pestris,
2460 3253 2609 3323 regio
2631 3262 2732 3319 est,
2757 3269 2877 3324 qua
2913 3254 3076 3310 Petro
3125 3257 3455 3325 pradicante
3483 3258 3609 3313 ﬁdei
3648 3276 3779 3315 con-

2186 3346 2337 3399 tinuo
2363 3343 2570 3401 fructus
2593 3347 2929 3417 germinavit.
2981 3346 3147 3403 Sidon
3175 3350 3307 3404 urbs
3355 3349 3632 3407 thnicis
3653 3362 3768 3418 est,

2186 3438 2415 3508 insignis
2441 3437 2635 3494 artifex
2659 3440 2805 3494 vitri.
2846 3439 3091 3495 Seleucia
3118 3441 3310 3495 civitas
3338 3440 3513 3513 Syria
3545 3445 3775 3512 nobilis,

2184 3527 2239 3584 in
2267 3528 2637 3598 promontorio
2667 3527 2836 3600 Syria
2860 3529 3159 3584 Antiochia
3188 3531 3312 3585 sita.
3374 3530 3608 3589 Salamis
3632 3535 3771 3589 civi-

2184 3626 2267 3674 tas
2291 3621 2449 3675 estin
2478 3618 2655 3691 Cypro
2713 3621 2905 3685 insula,
2938 3636 3082 3676 nunc
3106 3620 3424 3677 Constantia
3471 3623 3637 3676 dicta.
3669 3622 3775 3677 Sa-

2183 3712 2484 3767 mothracia
2514 3712 2690 3767 insula
2719 3721 2800 3768 est
2825 3714 2879 3767 in
2895 3713 3147 3769 Pacatico
3165 3714 3305 3769 sinu.
3325 3712 3484 3786 Syria
3518 3730 3641 3785 qua
3665 3714 3772 3769 lle-

2181 3802 2365 3858 braice
2395 3802 2595 3858 dicitur
2619 3814 2745 3865 D'li'l
2774 3804 2923 3874 regio
2948 3812 3033 3860 est
3056 3805 3197 3860 inter
3217 3804 3416 3861 flumen
3446 3805 3765 3877 Euphraten

2182 3901 2236 3949 et
2250 3910 2397 3948 mare
2412 3894 2658 3966 Magnum
2674 3910 2844 3966 usque
2856 3897 2920 3951 ad
2935 3896 3227 3970 Egyptum
3242 3898 3575 3971 pertingens.
3592 3898 3771 3955 Habet

2180 3983 2443 4038 maximas
2462 3983 2783 4051 provincias,
2810 3984 2863 4039 in
2887 3986 3081 4055 quibus
3106 3995 3297 4057 gentes
3317 3989 3764 4044 suutduodecim.

2182 4070 2373 4126 Samos
2399 4071 2571 4126 insula
2584 4081 2667 4127 est
2693 4072 2748 4127 in
2778 4075 2912 4129 mari
2942 4074 3137 4146 Egeo,
3164 4077 3218 4131 in
3244 4091 3349 4146 qua
3371 4084 3585 4146 reperta
3612 4077 3771 4147 prius

2180 4162 2361 4218 ﬁctilia
2383 4177 2511 4219 vasa
2534 4165 2837 4231 traduntur,
2868 4167 3011 4223 unde
3044 4176 3099 4223 et
3137 4184 3265 4223 vasa
3290 4167 3473 4225 Samia
3495 4170 3767 4240 appellata

2179 4263 2322 4310 sunt.
2342 4252 2571 4327 Smyrna
2586 4256 2778 4312 civitas
2790 4265 2873 4312 est
2886 4257 2938 4311 in
2952 4257 3079 4313 Asia
3095 4258 3271 4330 Lycia
3283 4260 3592 4331 provincia,
3609 4260 3766 4329 cujus

2176 4348 2350 4403 Lucas
2372 4348 2618 4404 meminit
2643 4349 2866 4404 dicens:
2898 4348 3223 4420 Navigantes
3247 4352 3482 4405 venimus
3502 4352 3557 4406 in
3581 4350 3766 4423 Smyr-

2178 4457 2299 4495 nam
2319 4438 2511 4511 Lycia’.
2538 4439 2725 4511 Syrtes
2738 4441 2992 4496 dicuntur
3019 4456 3248 4497 arenosa
3271 4441 3388 4498 loca
3411 4443 3464 4498 in
3490 4445 3629 4499 mari
3654 4444 3767 4499 Ma-

499 4526 698 4592 vocati,
726 4541 951 4599 regnum
976 4543 1100 4584 cum
1126 4543 1191 4585 eo
1216 4539 1335 4586 acta
1362 4533 1588 4589 victoria
1628 4537 1951 4606 diviserunt,
1978 4542 2076 4598 sic-
2100 4560 2155 4621 D
2180 4547 2310 4605 gno,
2344 4531 2569 4587 multum
2602 4532 2867 4587 terribilia
2907 4539 2962 4588 et
3001 4533 3310 4587 metuenda.
3345 4532 3614 4605 Syracusa
3648 4551 3764 4591 me-

501 4635 609 4691 que
638 4619 831 4675 deinde
845 4618 1045 4676 Graecis
1072 4621 1315 4686 admixti,
1341 4624 1516 4694 primo
1527 4623 1859 4699 Gallograci,
1887 4640 2074 4702 postea

2180 4623 2403 4695 tropolis
2450 4621 2648 4678 Sicilia
2689 4623 2790 4677 sub
2840 4622 3210 4692 promontorio
3247 4621 3504 4679 Pachino.
3554 4623 3764 4680 Tarsus

500 4709 706 4767 Galatae
755 4718 883 4765 sunt
911 4709 1185 4779 appellati.
1265 4711 1627 4771 Hadrumetus
1669 4718 1861 4775 civitas
1908 4730 1991 4777 est
2021 4723 2075 4779 in

501 4802 757 4873 Byzantia
782 4802 1004 4873 regione
1022 4800 1238 4857 Africa.
1284 4802 1449 4859 Adria
1472 4821 1665 4861 nomen
1692 4809 1927 4867 civitatis
1950 4828 2078 4869 conc

498 4904 584 4951 tra
612 4894 949 4962 Ravennam,
999 4911 1120 4966 qua
1139 4895 1313 4950 eidem
1355 4899 1512 4964 mari,
1567 4900 1621 4954 in
1647 4901 1800 4971 cujus
1827 4903 1941 4973 ripa
1968 4906 2072 4960 sita

498 4997 603 5054 est,
634 5002 830 5045 nomen
883 4989 1051 5044 etiam
1088 4988 1350 5045 Adriatici
1381 4990 1545 5045 dedit.
1609 4988 1776 5062 Joppe
1816 4996 2071 5065 oppidum

495 5080 796 5137 Palastina
824 5087 908 5136 est
927 5080 1257 5136 maritimum
1283 5081 1338 5135 in
1366 5081 1508 5136 tribu
1546 5082 1680 5136 Dan.
1724 5082 1965 5139 Iconium
1996 5085 2074 5140 ci-

496 5174 637 5228 vitas
680 5180 767 5229 est
788 5171 1091 5244 Lycaonia,
1137 5181 1220 5229 est
1245 5181 1298 5228 et
1331 5173 1501 5228 altera
1540 5173 1593 5228 in
1629 5174 1835 5230 Cilicia.
1890 5175 2072 5247 Libya

494 5265 786 5339 provincia
805 5262 924 5319 dua
963 5272 1110 5329 sunt,
1142 5279 1247 5318 una
1268 5263 1585 5336 Cyrenaica,
1632 5264 1700 5319 de
1739 5280 1844 5335 qua
1866 5265 2069 5321 dictum

493 5365 595 5422 est,
622 5365 805 5428 partes
828 5355 1029 5427 Libya,
1048 5371 1166 5425 quae
1187 5364 1273 5410 est
1294 5356 1438 5411 circa
1466 5354 1733 5428 Cyrenen.
1766 5356 1864 5412 Est
1884 5364 1941 5412 et
1961 5356 2069 5412 alia

494 5446 833 5518 JEtbiopum.
883 5447 1066 5518 Lydda
1107 5446 1302 5502 civitas
1324 5446 1626 5502 Palastina
1652 5455 1756 5513 est,
1810 5447 1866 5503 in
1901 5448 2069 5504 maris

495 5538 673 5610 Magni
713 5538 896 5595 littore
936 5538 1063 5604 sita,
1113 5552 1232 5608 qua
1259 5552 1403 5593 nunc
1441 5537 1705 5607 Diospolis
1743 5538 2063 5609 appellatur.

492 5629 762 5702 Lycaonia
779 5631 1059 5703 provincia
1096 5629 1239 5686 Asia
1261 5637 1363 5684 est.
1433 5628 1530 5682 Est
1577 5638 1632 5682 et
1676 5627 1782 5683 alia
1825 5628 2065 5698 ejusdem

494 5720 729 5776 nominis
754 5720 811 5775 in
836 5720 1068 5791 Phrygia
1106 5720 1337 5773 minore.
1392 5717 1585 5788 Lystra
1610 5718 1802 5774 civitas
1845 5726 1929 5773 est
1954 5718 2065 5791 Ly-

491 5813 723 5871 caonia.
761 5810 923 5887 Lycia
953 5808 1235 5883 provincia
1272 5818 1356 5867 est
1394 5808 1554 5867 Asia.
1615 5809 1789 5867 Media
1822 5825 1852 5865 a
1886 5809 2061 5868 Madai

2178 4715 2369 4770 civitas
2397 4713 2712 4784 metropolis
2752 4712 2976 4780 Cilicia,
3008 4712 3177 4768 Paulo
3208 4714 3455 4784 apostolo
3496 4715 3756 4786 gloriosa.

2177 4805 2353 4876 Tyrus
2369 4803 2681 4875 metropolis
2692 4803 2965 4860 Phanicis
2988 4804 3043 4859 in
3060 4805 3204 4859 tribu
3222 4805 3584 4875 Nephthalim,
3603 4807 3758 4877 cujus

2173 4899 2411 4955 maxime
2434 4898 2688 4955 nobilitas
2701 4898 2985 4971 conchylio
2998 4907 3052 4953 et
3065 4912 3304 4968 purpura
3318 4905 3553 4953 constat.
3583 4898 3756 4953 Troas

2171 4991 2363 5046 civitas
2391 4990 2534 5046 Asia
2565 4990 2872 5046 maritima.
2904 4989 3159 5060 Thyatira
3185 4988 3377 5043 civitas
3398 4986 3604 5060 Libya,
3629 5004 3753 5058 qua

2172 5090 2258 5138 est
2318 5083 2597 5154 provincia
2646 5082 2807 5139 Asia.
2880 5080 3260 5138 Thessalonica
3322 5080 3515 5137 civitas
3574 5080 3757 5138 Mace-

2172 5172 2365 5230 donia.

2521 5276 2859 5318 EVANGELIUI
2884 5275 3121 5327 JOANNIS,
3145 5275 3261 5316 CAP.
3290 5275 3383 5315 ΣΧ.

2248 5369 2267 5403 ι
2313 5350 2481 5407 Maria
2529 5352 2708 5407 stabat
2750 5351 2819 5407 ad
2861 5356 3271 5408 monumentum
3316 5348 3451 5404 foris
3500 5348 3746 5420 plorans.

2174 5459 2196 5495 ι
2240 5442 2379 5497 Dum
2408 5455 2538 5513 ergo
2567 5440 2751 5508 ﬁeret,
2784 5440 3063 5497 inclinavit
3087 5456 3147 5496 se
3164 5448 3219 5495 et
3250 5439 3489 5509 respexit
3534 5438 3591 5494 in
3629 5454 3749 5496 mo-

2172 5551 2193 5586 r
2238 5542 2574 5599 numentum,
2602 5541 2655 5590 et
2682 5534 2816 5590 vidit
2842 5535 2976 5591 duos
3002 5533 3221 5606 angelos
3241 5532 3294 5587 in
3311 5531 3447 5587 albis
3469 5532 3738 5597 sedentes,

2173 5642 2193 5677 ‹
2236 5641 2403 5681 unum
2452 5626 2521 5681 ad
2566 5634 2727 5697 caput
2760 5633 2815 5680 et
2838 5640 3004 5680 unum
3054 5626 3121 5680 ad
3163 5623 3346 5694 pedes,
3379 5622 3472 5678 ubi
3500 5623 3742 5693 positum

2172 5737 2190 5772 ι
2234 5718 2412 5776 fuerat
2431 5717 2784 5791 corpnsJesu.
2801 5717 2998 5773 Dicunt
3014 5716 3065 5771 ei
3093 5714 3170 5771 illi
3198 5732 3213 5769 :
3246 5713 3459 5782 Mulier,
3480 5714 3610 5785 quid
3631 5715 3745 5785 plo-

2172 5829 2190 5864 ι
2236 5811 2360 5867 ras?
2396 5811 2537 5867 Dicit
2556 5812 2636 5868 eis
2671 5829 2682 5865 :
2720 5809 2857 5879 Quia
2892 5807 3131 5863 tulerunt
3180 5805 3472 5863 Dominum
3527 5820 3735 5882 meum,
