4030 6450
242 373 354 437 257

1066 355 1587 421 COLLECTIONES
1624 350 1694 415 IN
1728 349 2109 413 EPISTOLAS
2142 349 2233 409 ET
2273 351 2681 412 EVANGELIA.

3391 355 3499 417 258

248 504 272 545 ι
316 497 375 546 et
397 485 585 544 nescio
611 482 704 540 ubi
732 485 1029 554 posuerunt
1052 492 1195 533 eum.
1227 476 1353 531 Haec
1388 489 1511 530 cum
1558 472 1814 536 dixisset,
1844 473 1899 532 Α
1992 466 2132 521 Dicit
2159 467 2275 523 eis:
2307 466 2447 533 Quia
2476 467 2709 521 tulerunt
2728 466 3012 522 Dominum
3040 483 3231 538 meum,
3255 476 3360 526 etc.
3392 470 3498 528 Do.

246 594 579 663 s‘conversa
605 584 689 634 est
715 583 1035 638 retrorsum,
1079 579 1136 625 et
1158 569 1295 625 vidit
1335 567 1518 624 Iesum
1560 571 1816 628 stantem,

246 693 272 731 ι
290 655 368 733 ἐι
392 673 670 731 nesciebat
692 670 816 740 quia
837 665 994 723 Iesus
1014 672 1115 721 est.
1145 663 1287 717 Dicit
1307 662 1357 717 ei
1384 658 1541 715 Iesus
1567 675 1580 711 :
1609 655 1817 720 Mulier,

246 785 272 821 s
319 766 450 839 quid
477 758 688 836 ploras?
717 761 889 829 Quem
923 757 1159 829 quaeris?
1193 755 1287 811 llla
1337 752 1660 810 existimans
1693 749 1822 818 quia

250 881 271 915 ι
318 858 640 918 hortulanus
663 860 828 919 esset,
863 852 994 908 dicit
1020 850 1069 905 ei
1096 867 1108 904 :
1134 847 1383 912 Domine,
1406 845 1451 900 si
1476 852 1533 899 tu
1556 840 1821 899 sustulisti

247 976 269 1010 s
316 970 462 1020 eum,
486 950 649 1007 dicito
670 947 821 1003 mihi.
856 943 954 1001 Ubi
982 941 1208 1015 posuisti
1256 954 1402 1005 eum,
1454 944 1509 992 et
1561 950 1662 1006 ego
1697 948 1821 989 eum

247 1071 269 1105 ι
319 1044 695 1105 tollam‘IDicit
719 1043 769 1098 ei
796 1039 986 1095 Iesus:
1013 1037 1203 1093 Maria.
1231 1035 1507 1092 Conversa
1535 1031 1627 1087 illa
1648 1030 1779 1086 dicit
1803 1045 1817 1083 :

246 1158 268 1194 ι
315 1136 581 1201 Rabboni,
614 1133 756 1206 quod
783 1132 982 1187 dicitur
1030 1129 1308 1200 magister.
1347 1127 1489 1183 Dicit
1530 1125 1580 1181 ei
1621 1122 1818 1178 Iesus:

245 1249 267 1285 ι
314 1230 433 1286 Noli
458 1243 544 1283 me
575 1235 816 1297 tangere,
846 1222 1083 1277 nondum
1110 1220 1253 1276 enim
1269 1217 1487 1274 ascendi
1510 1216 1577 1271 ad
1606 1215 1823 1269 Patrem

247 1343 268 1377 ι
311 1338 513 1379 meum.
549 1320 696 1377 Vade
720 1326 901 1373 autem
925 1316 993 1372 ad
1018 1314 1217 1370 fratres
1249 1329 1420 1379 meos,
1457 1319 1512 1369 et
1560 1311 1644 1365 dic
1689 1308 1768 1364 eis
1804 1324 1819 1362 :

245 1436 268 1472 ι
314 1415 564 1472 Ascendo
604 1414 672 1468 ad
704 1411 921 1467 Patrem
970 1424 1155 1465 meum
1188 1416 1243 1462 et
1287 1406 1504 1461 Patrem
1542 1411 1781 1459 vestrum
1803 1444 1818 1467 ,

245 1526 268 1561 ι
313 1508 486 1563 Deum
519 1520 699 1560 meum
731 1511 787 1558 et
810 1502 982 1557 Deum
1006 1508 1270 1555 vestrum.
1298 1495 1462 1551 Venit
1489 1494 1655 1549 Maria
1679 1492 1825 1564 Mag—

244 1616 268 1652 s
315 1598 523 1663 dalene,
558 1594 884 1650 annuntians
912 1589 1208 1661 discipulis,
1236 1587 1363 1659 quia
1378 1585 1489 1643 vidi
1513 1584 1821 1649 Dominum,

245 1709 267 1745 s
313 1699 370 1748 et
396 1691 513 1746 haec
541 1688 679 1745 dixit
701 1685 856 1742 mihi.
880 1703 901 1739 ι

317 1784 493 1838 Μανία
520 1792 695 1837 autem
718 1779 889 1836 stabat
916 1777 985 1833 ad
1014 1784 1404 1831 monumentum
1432 1772 1563 1844 foris
1588 1769 1821 1843 plorans.

1922 558 2130 613 minum
2158 574 2314 613 suum
2339 574 2559 624 vocans,
2589 559 2801 613 Domini
2829 559 2912 615 sui
2942 573 3137 629 corpus
3163 562 3434 628 exanime,
3466 578 3501 620 a

1918 658 2075 721 parte
2102 658 2272 704 totum
2301 650 2638 721 signiﬁcans,
2680 652 2823 706 sicut
2845 667 3034 707 omnes
3058 652 3379 709 confitemur
3403 653 3500 716 Ie-

1922 756 2042 796 sum
2057 740 2331 797 Christum
2354 741 2549 796 Filium
2572 742 2669 796 Dei
2691 743 2905 798 unicum
2925 744 3210 801 Dominum
3230 754 3501 815 nostrum,

1921 833 2063 903 quod
2089 834 2273 903 utique
2299 833 2459 887 simul
2488 839 2601 899 est,
2634 841 2689 887 et
2715 835 2940 890 verbum
2969 844 3026 891 et
3052 837 3233 892 anima
3261 845 3318 892 et
3346 852 3498 894 caro.

1921 921 2249 979 Cruciiixum
2278 932 2456 978 tamen
2479 932 2535 979 et
2556 924 2844 994 sepultum,
2872 941 2994 981 cum
3018 928 3131 983 sola
3156 930 3272 1001 ejus
3293 931 3501 1002 sepulta

1922 1016 1996 1071 sit
2020 1031 2184 1072 caro:
2222 1016 2289 1070 Et
2318 1016 2512 1083 nescio,
2541 1016 2735 1086 inquit,
2766 1017 2858 1071 ubi
2882 1029 3166 1088 posuerunt
3194 1037 3333 1076 eum.
3373 1021 3504 1080 Haec

1922 1115 2038 1163 erat
2067 1122 2229 1163 causa
2258 1106 2431 1176 major
2455 1107 2674 1174 doloris,
2697 1109 2841 1178 quod
2866 1108 3146 1164 nesciebat
3168 1127 3274 1180 quo
3299 1113 3404 1169 iret
3431 1113 3500 1169 ad

1922 1196 2304 1252 consolandum
2340 1197 2579 1253 dolorem
2597 1238 2619 1262 ,
2649 1199 2743 1253 sed
2767 1213 2936 1269 prope
2962 1207 3082 1255 erat
3105 1199 3240 1256 hora
3268 1217 3375 1273 qua
3402 1202 3504 1259 tri-

1923 1287 2071 1343 stitia
2098 1285 2213 1355 ejus
2238 1286 2542 1345 verteretur
2566 1288 2621 1342 in
2650 1289 2924 1360 gaudium.

1993 1380 2124 1436 Htec
2155 1397 2272 1435 cum
2303 1381 2540 1448 dixisset,
2571 1397 2816 1437 conversa
2845 1391 2923 1437 est
2954 1393 3258 1451 retrorsum,
3289 1394 3339 1439 et
3375 1385 3502 1441 vidit

1922 1474 2106 1530 Iesum
2133 1483 2378 1541 stantem,
2408 1483 2455 1528 et
2486 1491 2589 1529 non
2618 1476 2812 1530 sciebat
2837 1477 2962 1547 quia
2988 1475 3145 1532 Iesus
3170 1488 3266 1533 est.
3303 1476 3505 1534 Notan-

1925 1566 2050 1621 dum
2072 1566 2217 1636 quod
2237 1565 2424 1633 Maria,
2445 1582 2565 1637 qua:
2586 1567 2762 1623 adhuc
2782 1568 2848 1623 de
2869 1569 3082 1624 Domini
3104 1570 3505 1626 resurrectione

1925 1656 2235 1721 dubitabat,
2254 1665 2552 1712 retrorsum
2580 1644 2842 1715 conversa
2870 1668 2955 1715 est
2977 1669 3037 1715 ut
3059 1661 3271 1718 videret
3294 1661 3499 1730 Iesum,

1925 1748 2052 1819 quia
2074 1747 2325 1803 videlicet
2352 1764 2451 1819 per
2467 1749 2711 1804 eamdem
2736 1750 3127 1807 dubitationem
3149 1767 3324 1819 suam,
3348 1752 3505 1822 quasi

239 1874 345 1947 (Ex
389 1873 641 1944 August.)
680 1870 1026 1927 Pensandum
1064 1876 1148 1923 est
1184 1867 1345 1937 hujus
1384 1841 1625 1921 mulieris
1662 1877 1818 1918 men-
1848 1842 1897 1902 Β
1924 1850 2075 1947 ῑθξῧξλι
2109 1842 2164 1897 in
2199 1842 2414 1947 Βοξηξυί
2446 1841 2644 1947 “fit?!”
2668 1844 2911 1947 ιξιίεθηῑτ
2946 1848 3504 1947 (ἰυθωιΐθξιιῐΐθιίεξθ

239 1974 355 2021 tem
392 1972 594 2035 quanta
622 1962 705 2017 vis
754 1960 954 2016 amoris
1004 1959 1362 2025 accenderat,
1409 1972 1529 2028 quae
1561 1970 1592 2010 a
1623 1970 1818 2011 monu-

238 2065 426 2115 mento
463 2053 677 2110 Domini
720 2053 887 2118 etiam
926 2050 1205 2119 discipulis
1248 2047 1624 2104 recedentibus
1648 2088 1662 2113 ,
1711 2063 1821 2102 non

239 2149 569 2215 recedebat,
611 2145 934 2217 exquirebat
960 2158 1120 2214 quem
1149 2157 1257 2197 non
1286 2141 1587 2196 invenerat.
1630 2139 1823 2195 Flebat

237 2239 584 2310 inquirendo,
617 2245 671 2295 et
699 2236 904 2293 amoris
930 2234 1014 2291 sui
1040 2234 1163 2306 igne
1189 2247 1480 2297 succensa,
1518 2229 1634 2299 ejus
1661 2246 1823 2300 quem

238 2333 482 2387 ablatum
509 2330 739 2387 credidit
767 2327 992 2383 ardebat
1018 2324 1315 2385 desiderio,
1349 2329 1404 2377 et
1430 2320 1572 2376 oculi
1600 2321 1692 2390 qui
1720 2321 1822 2375 Do—

234 2427 452 2481 minum
476 2422 828 2493 quaesierunt,
852 2427 906 2473 et
933 2433 1043 2472 non
1072 2417 1415 2479 invenerunt,
1439 2412 1694 2484 lacrymis
1710 2410 1825 2481 jam

236 2517 595 2573 exundabant
617 2556 631 2583 ,
680 2514 911 2586 amplius
948 2510 1192 2567 dolentes
1222 2508 1366 2579 quod
1404 2506 1577 2563 fuerat
1615 2506 1826 2562 ablatus

232 2609 310 2666 de
339 2616 707 2674 monumento,
736 2587 911 2678 quam,
926 2604 1069 2676 quod
1095 2603 1275 2659 fuerat
1301 2602 1515 2658 occisus
1560 2602 1614 2656 in
1655 2601 1820 2673 ligno,

236 2698 498 2769 quoniam
538 2698 785 2770 magistri
825 2696 1003 2761 tanti,
1048 2692 1202 2763 cujus
1242 2693 1322 2748 eis
1380 2693 1493 2747 vita
1548 2693 1824 2747 subtracta

239 2788 455 2857 fuerat,
503 2805 606 2847 nec
637 2788 902 2845 memoria
937 2786 1271 2842 remanebat.
1323 2784 1477 2841 Unde
1505 2784 1730 2855 contigit
1764 2791 1824 2839 ut

238 2895 371 2937 eum
403 2881 519 2937 sola
545 2888 677 2936 tunc
702 2879 916 2936 videret
942 2893 1062 2949 qua:
1088 2876 1380 2943 remansit,
1412 2875 1540 2947 quia
1569 2874 1822 2929 nimirum

244 2974 425 3031 virtus
446 2974 575 3030 boni
594 2974 774 3045 operis
792 2972 1195 3045 perseverantia
1215 2978 1323 3036 est,
1336 2975 1395 3023 ut
1418 2983 1547 3024 voce
1565 2967 1825 3024 Veritatis

240 3065 482 3121 dicitur:
514 3065 619 3132 Qui
644 3077 818 3121 autem
845 3060 1242 3136 perseveraberit
1266 3076 1428 3132 usque
1455 3059 1511 3113 in
1538 3058 1715 3128 ﬁnem,
1739 3057 1824 3111 hic

238 3156 420 3213 salvus
446 3159 540 3213 erit
569 3156 746 3231 (Luca:
771 3155 908 3229 xxi).

314 3249 455 3305 Dum
489 3267 609 3321 ergo
643 3251 810 3321 ﬂeret,
844 3246 1112 3304 inclinarit
1149 3263 1223 3314 se,
1261 3254 1309 3302 et
1341 3256 1602 3319 prospexit
1631 3245 1686 3299 in
1712 3260 1823 3299 mo-

240 3351 579 3409 numentum,
617 3349 667 3397 et
706 3341 831 3397 vidit
870 3340 1001 3395 duos
1041 3338 1252 3411 angelos
1290 3339 1347 3393 in
1388 3338 1521 3393 albis
1559 3337 1822 3403 sedentes,

240 3449 408 3487 unum
438 3432 507 3487 ad
539 3441 725 3504 caput,
762 3441 811 3487 et
844 3447 1010 3486 unum
1043 3430 1112 3484 ad
1147 3429 1321 3501 pedes,
1361 3437 1465 3484 etc.
1510 3426 1609 3500 (Ex
1637 3426 1823 3498 Greg.)

240 3520 351 3576 Ista
375 3521 579 3592 itaque,
610 3535 730 3592 quae
752 3521 833 3577 sic
860 3520 1108 3586 amabat,
1145 3534 1264 3590 qua:
1300 3533 1359 3574 se
1398 3517 1468 3573 ad
1506 3533 1825 3573 monumen-

243 3619 393 3677 tum,
423 3612 568 3682 quod
597 3618 990 3683 prospexerat,
1034 3610 1230 3666 iterum
1259 3608 1511 3673 inclinat,
1544 3608 1825 3664 videamus

242 3718 354 3774 quo
379 3702 556 3759 fructu
584 3704 667 3759 vis
694 3704 897 3761 amoris
925 3704 981 3759 in
1017 3718 1081 3759 ea
1108 3702 1404 3774 ingeminat
1431 3716 1568 3771 opus
1586 3700 1823 3770 inquisi-

242 3795 428 3851 tionis.
460 3796 751 3867 Sequitur:
780 3795 919 3852 Vidit
940 3796 1071 3852 duos
1094 3794 1304 3867 angelos
1329 3796 1385 3849 in
1410 3793 1541 3849 albis
1567 3794 1819 3859 sedentes,

241 3904 410 3942 unum
436 3887 506 3943 ad
535 3896 713 3960 caput,
735 3896 784 3943 et
805 3904 966 3943 unum
990 3887 1059 3942 ad
1084 3887 1261 3959 pedes,
1285 3886 1375 3940 ubi
1398 3885 1623 3957 positum
1651 3884 1822 3954 fuerat

242 3997 436 4053 corpus
461 3980 609 4036 Iesu.
650 3980 790 4050 Quid
818 3990 935 4048 est,
974 3980 1119 4051 quod
1156 3980 1209 4035 in
1252 3979 1370 4036 loco
1405 3978 1668 4034 Dominici
1701 3992 1823 4033 cor-

240 4073 397 4143 poris
421 4071 529 4126 duo
554 4072 731 4143 angeli
749 4072 1022 4137 videntur,
1044 4086 1185 4125 unus
1208 4070 1275 4124 ad
1297 4076 1477 4139 caput,
1501 4076 1663 4139 atque
1687 4068 1824 4124 alius

243 4163 317 4218 ad
359 4160 530 4232 pedes
565 4162 799 4218 sedens?
832 4162 937 4217 nisi
967 4161 1112 4231 quod
1145 4161 1337 4215 Latina
1370 4161 1584 4232 lingua,
1615 4160 1824 4236 ἄγγελος

243 4255 475 4311 nuntius
499 4253 718 4320 dicitur,
759 4260 815 4309 et
840 4252 933 4308 ille
967 4267 1036 4308 ex
1072 4251 1324 4322 passione
1360 4267 1459 4307 sua
1494 4252 1825 4307 nuntiandus

245 4355 402 4413 erat,
443 4346 534 4416 qui
564 4353 620 4401 et
646 4346 791 4402 Deus
812 4352 895 4401 est
922 4353 1048 4400 ante
1075 4343 1293 4410 saecula,
1330 4350 1385 4398 et
1420 4343 1583 4398 homo
1625 4343 1679 4397 in
1720 4342 1827 4397 fine

247 4436 604 4503 saeculorum,
634 4436 791 4506 quasi
820 4436 889 4491 ad
917 4442 1079 4505 caput
1105 4432 1259 4490 sedet
1284 4433 1524 4505 angelus,
1568 4449 1690 4490 cum
1730 4448 1829 4504 per

246 4528 551 4599 apostolum
578 4529 925 4598 prwdicatur,
943 4527 1069 4597 quia
1095 4527 1150 4582 in
1169 4526 1424 4616 principio
1447 4534 1558 4579 erat
1583 4523 1821 4591 Verbum,
1850 4556 1904 4616 Β

247 4628 305 4674 et
340 4616 562 4673 Verbum
601 4627 714 4673 erat
754 4616 895 4690 apud
938 4618 1137 4683 Deum,
1186 4625 1234 4672 et
1281 4615 1419 4671 Deus
1459 4625 1573 4670 erat
1617 4616 1824 4670 verbum

250 4708 436 4783 (Ioan.
458 4710 520 4781 1),
542 4718 598 4765 et
619 4709 773 4780 quasi
797 4710 866 4764 ad
886 4711 1070 4779 pedes,
1093 4709 1187 4765 sed
1205 4707 1428 4779 angelus
1450 4721 1572 4763 cum
1595 4706 1822 4763 dicitur:

248 4798 326 4855 Et
352 4797 571 4854 Verbum
594 4816 716 4855 caro
743 4800 941 4871 factum
970 4808 1067 4854 est.

326 4892 437 4965 (Ex
467 4891 646 4966 (ἔνθα.)
695 4892 987 4950 Possumus
1009 4893 1176 4949 etiam
1202 4899 1258 4948 et
1281 4892 1417 4948 duos
1443 4891 1693 4963 angelos,
1722 4890 1828 4947 duo

250 4986 602 5042 Testamenta
639 5000 985 5057 cognoscere,
1030 4999 1197 5043 unum
1240 4983 1413 5053 prius,
1458 4990 1513 5037 et
1558 4981 1705 5037 aliud
1741 4997 1830 5036 se-

250 5095 449 5152 quens,
479 5079 571 5149 qui
598 5079 851 5135 videlicet
883 5077 1060 5149 angeli
1091 5092 1188 5148 per
1210 5075 1387 5131 locum
1416 5075 1681 5130 Dominici
1710 5089 1833 5130 cor-

250 5171 406 5245 poris
447 5171 666 5227 sibimet
711 5170 844 5241 ipsis
883 5177 1012 5225 suut
1056 5166 1356 5237 conjuncti,
1403 5167 1529 5236 quia
1573 5165 1832 5220 nimirum

251 5273 488 5335 utraque
513 5263 881 5328 Testamenta,
908 5262 1037 5318 dum
1061 5261 1181 5331 pari
1208 5274 1371 5315 sensu
1395 5258 1757 5323 incarnatum,
1780 5264 1835 5311 et

253 5369 552 5421 mortuum,
586 5372 652 5412 ac
676 5354 1041 5411 resurrexisse
1064 5352 1355 5407 Dominum
1380 5349 1649 5413 nuntiant,
1678 5347 1834 5418 quasi

255 5448 664 5506 Testamentum
687 5447 841 5519 prius
869 5446 937 5501 ad
961 5451 1141 5515 caput,
1163 5450 1219 5499 et
1244 5448 1627 5498 testamentum
1653 5446 1833 5511 poste-

254 5542 375 5598 rius
398 5542 465 5597 ad
489 5542 652 5612 pedes
677 5540 850 5595 sedet.

331 5633 527 5687 Dicunt
557 5634 606 5687 ei
626 5646 645 5685 :
676 5630 890 5696 Mulier,
923 5627 1048 5700 quid
1076 5625 1299 5699 ploras?
1343 5624 1508 5693 Quasi
1537 5624 1832 5689 dixissent,

253 5742 368 5783 non
398 5734 483 5780 est
510 5739 645 5794 opus
669 5732 939 5781 mortuum
963 5720 1196 5792 plorare,
1224 5728 1387 5787 quem
1412 5715 1680 5772 viventem
1710 5728 1833 5770 cre-

259 5817 395 5877 dere
419 5817 605 5875 debes.

1925 1936 2148 1992 minime
2177 1935 2449 1992 credebat.
2487 1936 2595 1992 Sed
2619 1938 2746 2007 quia
2774 1940 2991 1995 amabat
3017 1948 3075 1996 et
3100 1940 3400 2006 dubitabat,
3424 1940 3505 1995 vi-

1923 2030 2085 2085 debat
2109 2038 2164 2083 et
2187 2044 2297 2085 non
2320 2031 2682 2101 cognoscebat
2702 2046 2850 2097 eum,
2873 2045 3035 2102 quem
3060 2032 3138 2087 illi
3160 2047 3311 2088 amor
3329 2041 3506 2087 osten-

1921 2121 2097 2178 derat.
2134 2122 2391 2178 Dubietas
2415 2123 2800 2190 abscondebat,
2827 2124 2981 2195 cujus
3006 2125 3182 2180 adhuc
3202 2124 3506 2196 ignorantia

1922 2213 2265 2284 exprimitur,
2312 2229 2437 2270 cum
2475 2211 2745 2270 infertur:
2787 2215 2858 2270 Et
2891 2216 3171 2271 nesciebat
3194 2217 3321 2286 quia
3348 2214 3507 2273 Iesus

1923 2314 2089 2360 esset.

1995 2396 2135 2451 Dicit
2162 2400 2211 2452 ei
2236 2397 2391 2454 Iesus
2413 2416 2432 2455 :
2463 2400 2676 2468 Mulier,
2719 2403 2845 2473 quid
2875 2402 3052 2473 ploras
3074 2402 3100 2456 ?
3123 2410 3226 2457 etc.
3266 2402 3504 2458 Interro-

1920 2499 2085 2563 gatur
2112 2493 2314 2550 doloris
2337 2511 2523 2563 causa,
2555 2504 2616 2551 ut
2643 2508 2904 2568 augeatur
2932 2496 3280 2563 desiderium,
3310 2505 3503 2567 quate-

1922 2602 2027 2643 nus
2051 2604 2174 2643 cum
2211 2590 2518 2647 nominaret
2542 2606 2700 2662 quem
2730 2597 3026 2662 quaereret,
3070 2590 3127 2646 in
3164 2591 3357 2647 ardore
3390 2591 3507 2663 ejus

1924 2681 2204 2737 ardentius
2229 2691 2505 2738 :estuaret.

1994 2772 2101 2828 Illa
2132 2777 2418 2843 testimans,
2448 2778 2574 2849 quia
2599 2776 2913 2832 hortulanus
2939 2784 3093 2844 esset,
3121 2776 3247 2832 dicit
3274 2778 3324 2832 ei
3344 2791 3363 2830 :
3380 2777 3507 2833 Do~

1922 2864 2085 2931 mine,
2111 2866 2159 2920 si
2187 2874 2243 2920 tu
2270 2867 2532 2923 sustulisti
2556 2885 2697 2935 eum,
2725 2877 2831 2924 etc.
2863 2868 3113 2924 Forsitan
3142 2884 3245 2925 nec
3272 2869 3506 2925 errando

1922 2960 2041 3016 hate
2064 2961 2258 3017 mulier
2281 2964 2504 3028 erravit,
2534 2979 2653 3033 quae
2676 2962 2860 3018 Iesum
2886 2962 3232 3019 hortulanum
3255 2962 3501 3019 credidit.

1922 3050 2117 3107 Annon
2162 3053 2214 3107 ci
2269 3054 2585 3124 spiritaliter
2618 3054 2939 3110 hortulanus
2977 3062 3127 3121 erat,
3167 3054 3257 3124 qui
3297 3054 3352 3110 in
3389 3051 3506 3122 ejus

1924 3153 2176 3214 pectore,
2214 3160 2313 3215 per
2349 3146 2550 3202 amoris
2588 3146 2704 3213 sui,
2745 3146 2954 3202 semina
2983 3146 3246 3201 virtutum
3274 3144 3505 3201 virentia

1925 3234 2190 3303 plantavit
2229 3244 2365 3290 sata.
2418 3234 2525 3290 Sed
2565 3235 2690 3305 quid
2733 3243 2851 3299 est,
2900 3236 3043 3303 quod
3070 3235 3186 3301 viso
3215 3250 3304 3300 co,
3343 3249 3504 3304 quem

1926 3324 2275 3379 hortulanum
2297 3324 2548 3390 credidit,
2577 3323 2662 3379 cui
2692 3324 2922 3379 necdum
2944 3325 3155 3379 dixerat
3179 3340 3337 3394 quem
3361 3340 3506 3393 quae-

1926 3415 2120 3470 rebat?
2166 3414 2257 3470 Ait
2283 3416 2371 3470 ei:
2414 3414 2652 3482 Domine,
2691 3416 2737 3469 si
2771 3423 2828 3468 tu
2864 3414 3124 3469 sustulisti
3157 3431 3308 3481 eum,
3345 3414 3504 3469 dicito

1924 3505 2071 3559 mihi.
2100 3504 2268 3560 Nemo
2290 3505 2651 3561 calumnietur
2670 3504 2974 3570 mulierem,
2997 3503 3141 3576 quod
3160 3504 3505 3560 hortulanum

1924 3595 2123 3651 dixerit
2153 3596 2441 3652 Dominum
2474 3604 2530 3652 et
2554 3594 2739 3651 Iesum
2770 3596 3109 3667 magistrum,
3143 3596 3215 3651 ibi
3243 3597 3387 3652 enim
3417 3611 3507 3653 ro-

1922 3686 2106 3757 gabat,
2133 3687 2223 3743 hic
2250 3687 2591 3757 agnoscebat,
2619 3686 2693 3742 ibi
2714 3687 3014 3742 honorabat
3035 3688 3311 3744 hominem
3336 3704 3367 3743 a
3391 3702 3500 3759 quo

1921 3779 2243 3837 beneﬁcium
2287 3780 2625 3852 postulabat,
2672 3779 2761 3835 hic
2809 3780 3083 3837 recolebat
3113 3782 3421 3846 doctorem,
3467 3798 3499 3837 a

1923 3885 2031 3942 quo
2059 3872 2402 3927 discernebat
2427 3873 2663 3926 humana
2692 3878 2749 3926 et
2778 3870 2982 3939 divina,
3012 3872 3286 3939 discebat,
3319 3873 3505 3944 appel-

1922 3965 2070 4022 labat
2092 3967 2396 4034 Dominum,
2422 3964 2574 4036 cuius
2600 3965 2795 4023 ancilla
2819 3981 2929 4021 non
2955 3974 3094 4032 erat,
3116 3957 3181 4020 ut
3197 3967 3507 4036 perveniret

1923 4059 1992 4113 ad
2019 4058 2325 4126 Dominum,
2353 4060 2505 4131 cujus
2530 4069 2666 4115 erat.
2704 4058 2877 4114 Aliter
2903 4074 3033 4129 ergo
3062 4059 3198 4114 dixit
3224 4077 3236 4112 :
3269 4058 3508 4114 Sustule-

1924 4158 2047 4204 runt
2086 4150 2366 4204 Dominum
2402 4167 2599 4216 meum,
2638 4150 2796 4204 aliter
2825 4158 3044 4204 autem:
3082 4149 3323 4216 Domine,
3362 4149 3409 4203 si
3448 4158 3506 4203 tu

1923 4239 2184 4293 sustulisti
2213 4256 2349 4294 eum.
2386 4239 2463 4294 lbi
2491 4255 2559 4295 ex
2583 4239 2834 4303 veritate,
2875 4239 2963 4293 hic
2990 4254 3057 4293 ex
3085 4239 3310 4294 honore.
3349 4238 3506 4307 Qua:-

1927 4329 2081 4383 rebat
2130 4327 2311 4400 itaque
2358 4337 2413 4384 et
2458 4345 2569 4385 non
2613 4329 2846 4384 dicebat.
2904 4328 3033 4396 Qua:
3069 4344 3191 4384 cum
3229 4329 3499 4387 dixisset:

1924 4419 2166 4486 Domine,
2197 4420 2243 4475 si
2273 4428 2330 4474 tu
2356 4419 2620 4475 sustulisti
2647 4436 2784 4474 eum.
2832 4419 2947 4475 Hoc
2976 4419 3139 4475 habet
3163 4420 3244 4474 vis
3278 4421 3503 4491 amoris,

1928 4510 2034 4566 hoc
2060 4526 2220 4581 agere
2248 4511 2383 4567 solet
2415 4512 2468 4566 in
2499 4512 2704 4575 animo,
2738 4518 2799 4565 ut
2827 4526 2987 4580 quem
3017 4525 3231 4580 semper
3258 4511 3374 4582 ipse
3410 4526 3506 4568 co-

1927 4599 2093 4672 gitat,
2143 4600 2349 4657 nullum
2380 4600 2544 4657 alium
2573 4600 2760 4657 credat
2790 4601 3060 4672 ignorare.
3112 4600 3278 4656 Recte
3307 4609 3363 4656 et
3392 4602 3507 4657 lucc

1928 4693 2142 4759 mulier,
2168 4708 2326 4763 quem
2353 4693 2547 4764 quaerit
2571 4708 2679 4748 non
2706 4691 2857 4758 dicit,
2879 4700 2934 4747 et
2962 4700 3140 4746 tamen
3162 4691 3328 4747 dicit:
3363 4691 3424 4748 Si
3448 4702 3505 4747 tu
3586 4713 3595 4721 ο

1928 4782 2189 4838 sustulisti
2215 4799 2353 4848 eum,
2378 4782 2505 4852 quia
2532 4782 2687 4838 alteri
2715 4796 2820 4837 non
2845 4788 3003 4851 putat
3028 4795 3148 4837 esse
3175 4780 3505 4853 incognitum

1930 4889 2094 4944 quem
2119 4874 2234 4944 ipsa
2262 4872 2518 4928 continuo
2541 4872 2747 4943 plangit
2770 4869 3061 4927 desiderio.

2002 4964 2144 5019 Dicit
2178 4965 2265 5019 ei:
2297 4963 2476 5019 Maria
2534 4963 2793 5019 Conversa
2820 4962 2915 5017 illa
2947 4963 3076 5017 dicit
3103 4963 3192 5018 ei:
3234 4961 3473 5017 Rabboni
3491 5002 3507 5029 ,

1932 5058 2072 5128 quod
2098 5056 2313 5122 dicitur,
2344 5056 2609 5125 magister.
2641 5054 2934 5124 Postquam
2963 5068 3084 5108 eam
3112 5052 3384 5109 communi
3414 5068 3507 5107 νος»

1934 5150 2127 5207 oabulo
2156 5150 2443 5220 appellavit
2471 5165 2537 5205 ex
2575 5162 2728 5213 sexu,
2760 5155 2816 5203 et
2842 5147 3059 5218 agnitus
3086 5161 3193 5202 non
3221 5152 3325 5209 est,
3352 5154 3506 5198 vocat

1936 5258 2004 5299 ex
2030 5241 2268 5305 nomine,
2302 5256 2368 5296 ac
2393 5240 2440 5296 si
2470 5247 2654 5310 aperte
2683 5239 2830 5293 dicat
2858 5238 2946 5293 ei:
2982 5238 3326 5305 Recognosce
3351 5248 3474 5287 eum
3492 5272 3507 5301 ,

1936 5350 1968 5389 a
1996 5350 2104 5404 quo
2130 5333 2549 5405 recognosceris.
2597 5330 2842 5388 Perfecto
2867 5344 3082 5400 quoque
3111 5326 3225 5380 viro
3261 5324 3458 5379 dicitur
3484 5342 3497 5378 :

1940 5427 2080 5483 Novi
2106 5436 2156 5482 te
2181 5443 2246 5482 ea:
2271 5427 2497 5482 nomine.
2552 5424 2688 5492 Quia
2730 5424 2892 5479 homo
2935 5431 3218 5476 commune
3262 5416 3506 5472 omnium

1938 5531 2184 5577 nostrum
2211 5519 2534 5576 vocabulum
2567 5526 2678 5585 est,
2727 5516 2875 5572 Mose
2898 5527 3025 5568 vero
3063 5509 3339 5580 proprium
3360 5551 3374 5578 ,
3423 5512 3506 5567 cui

1940 5624 2091 5673 recte
2130 5614 2330 5670 dicitur
2371 5616 2497 5683 quia
2539 5627 2608 5668 ex
2652 5610 2870 5666 nomine
2911 5605 3102 5669 scitur,
3141 5617 3207 5657 ac
3243 5603 3288 5658 si
3325 5612 3514 5673 aperte

1939 5709 2199 5765 Dominus
2228 5709 2372 5764 dicat
2398 5726 2412 5760 :
2449 5706 2567 5761 Non
2594 5712 2648 5760 te
2676 5698 2998 5773 generaliter
3026 5702 3086 5750 ut
3122 5701 3378 5759 caeteros,
3419 5692 3515 5750 sed

1940 5800 2250 5876 specialiter
2272 5814 2388 5873 pra:
2412 5794 2624 5854 caeteris
2654 5792 2786 5850 scio.
2825 5787 2995 5846 Maria
3019 5801 3169 5860 ergo,
3201 5786 3327 5858 quia
3354 5798 3516 5843 voca-

3448 5928 3490 5954 ,η
3564 5951 3569 5957 ,
