4030 6460
533 420 641 484 239

533 631 784 704 protinus
806 630 1071 696 Rabboni,
1105 631 1159 687 id
1184 639 1297 697 est,
1329 631 1649 703 magistrum
1678 640 1871 699 vocat,
1903 633 2030 703 quia
2064 639 2121 689 et

536 723 657 796 ipse
692 732 809 781 erat
841 725 934 794 qui
962 724 1305 793 qumrehatur
1327 725 1600 792 exterius,
1639 731 1697 780 et
1732 726 1849 796 ipse
1877 727 1969 796 qui
1996 740 2120 781 eam

536 817 798 881 exterius,
828 828 887 869 ut
912 822 1198 885 quaereret,
1228 815 1478 872 docebat.

609 908 752 964 Dicit
799 908 849 962 ei
887 906 1083 962 Iesus:
1132 907 1263 965 Noli
1306 920 1386 964 nte
1430 918 1664 981 tangere,
1710 911 1944 965 nondum
1981 911 2120 965 enim

537 997 751 1055 escendi
788 998 857 1053 ad
889 995 1105 1053 Patrem
1143 1016 1334 1056 meum.
1384 1000 1487 1073 (Ex
1529 1002 1783 1075 August.)
1839 1004 1929 1059 Sic
1974 1004 2121 1059 enim

539 1091 744 1148 dictum
770 1101 891 1151 est:
927 1091 1055 1147 Noli
1086 1109 1167 1148 me
1192 1102 1437 1166 tangere,
1466 1105 1527 1152 ut
1555 1095 1612 1151 in
1642 1097 1731 1152 illa
1759 1097 1958 1153 femina
1986 1098 2122 1171 ligno

539 1195 761 1240 raretur
798 1185 1043 1241 Ecclesia
1082 1185 1151 1243 de
1190 1189 1459 1259 gentibus,
1504 1204 1626 1260 quae
1669 1190 1725 1245 in
1760 1190 1978 1246 Christo
2012 1207 2120 1247 non

538 1275 790 1341 credidit,
827 1276 930 1331 nisi
960 1292 1084 1333 cum
1115 1279 1448 1336 ascendisset
1476 1282 1543 1337 ad
1568 1281 1804 1338 Patrem.
1846 1283 1951 1338 Aut
1972 1291 2123 1340 certe

539 1364 620 1421 sic
645 1381 703 1420 se
727 1365 875 1420 credi
900 1365 1070 1421 voluit
1100 1365 1285 1435 Jesus,
1332 1370 1439 1425 hoc
1461 1376 1575 1436 est,
1622 1372 1702 1426 sic
1728 1387 1787 1427 se
1816 1373 2124 1443 specialiter

540 1460 707 1531 tangi,
738 1461 881 1530 quod
911 1462 1025 1533 ipse
1051 1470 1134 1517 est
1166 1472 1222 1520 et
1248 1462 1410 1520 Pater
1435 1480 1602 1520 unum
1630 1468 1758 1522 sint.
1791 1466 1986 1535 Aliter,
2013 1482 2122 1525 non

540 1559 687 1607 recte
715 1554 971 1626 tangitur,
1002 1555 1059 1611 id
1082 1562 1187 1619 est,
1218 1572 1324 1611 non
1352 1567 1502 1614 recte
1526 1559 1781 1615 creditur.
1882 1546 1886 1556 “

615 1645 729 1720 (Ea:
763 1644 1007 1720 Gregor.)
1062 1647 1181 1704 Jam
1212 1664 1344 1706 vero
1381 1651 1452 1705 ab
1485 1650 1811 1721 evangelista
1848 1666 1955 1706 non
1991 1653 2121 1709 sub-

539 1736 707 1805 ditur,
736 1740 865 1810 quid
893 1740 1089 1796 mulier
1117 1740 1329 1807 fecerit,
1362 1741 1455 1796 sed
1481 1756 1549 1796 ex
1587 1757 1652 1797 eo
1686 1742 1947 1811 innuitur,
1981 1745 2125 1814 quod

538 1830 765 1895 audivit,
796 1831 883 1887 cui
914 1832 1113 1887 dicitur
1138 1850 1151 1886 :
1191 1830 1319 1885 Noli
1347 1848 1429 1886 me
1452 1841 1685 1903 tangere,
1717 1832 1951 1888 nondum
1979 1835 2123 1889 enim

1817 388 2173 482 suasioni
2206 417 2495 495 ABBATIS

536 546 626 597 tur
667 548 736 595 ex
781 539 1031 604 nomine,
1080 537 1421 610 recognoscit
1446 545 1755 606 auctorem,
1800 548 1963 610 atque
1989 556 2117 596 eum
2140 543 2195 604 Α

3699 428 3812 497 260

2840 541 3047 599 FERIA
3084 532 3174 602 Vl.

2452 646 2707 690 EPISTOLA
2748 640 2907 689 ιιετκι
2949 650 3205 693 Ανοετοιι
3242 650 3282 705 ι,
3322 651 3442 693 CAP.
3480 654 3573 705 ut.

2293 742 2312 774 ι
2340 722 2589 780 Christus
2619 724 2785 780 semel
2806 740 2906 794 pro
2926 727 3168 797 peccatis
3192 728 3397 784 nostris
3422 739 3680 789 mortuus
3699 741 3807 805 est,

2224 830 2242 869 t
2270 813 2449 883 justus
2471 830 2570 886 pro
2595 815 2828 886 iniustis,
2859 824 2921 871 ut
2943 833 3042 873 nos
3062 817 3282 875 offerret
3308 819 3419 876 Deo
3446 823 3812 895 mortiﬁcan

2224 923 2243 958 ι
2276 906 2492 977 quidem
2522 922 2714 974 carne,
2741 906 3044 969 vivitieatos
3072 917 3255 969 autem
3282 910 3496 981 spiritu.
3530 912 3591 968 In
3617 931 3730 987 quo
3755 927 3813 975 et

2225 1017 2244 1051 ι
2277 998 2362 1054 his
2389 998 2482 1069 qui
2516 1000 2569 1067 in
2599 1015 2818 1059 carcere
2849 1010 3036 1069 erant,
3068 998 3389 1074 spiritaliter
3413 1008 3640 1066 veniens
3664 1026 3814 1082 prae-

2226 1106 2245 1140 t
2276 1088 2495 1145 dicavit.
2544 1089 2647 1158 Qui
2687 1091 2952 1148 increduli
2990 1091 3205 1149 fuerant
3236 1095 3552 1167 aliquando,
3588 1105 3813 1173 quando

2227 1197 2246 1230 ι
2279 1181 2670 1250 exspectabant
2706 1182 2802 1238 Dei
2836 1183 3155 1253 patientiam
3183 1186 3235 1241 in
3265 1186 3457 1247 diebus
3493 1189 3639 1260 Noe,
3685 1210 3815 1255 cinn

2227 1290 2247 1324 ι
2281 1271 2639 1333 fabricaretur
2664 1290 2813 1343 arca,
2837 1277 2891 1331 in
2917 1292 3023 1347 qua
3048 1280 3229 1351 pauci,
3254 1281 3310 1341 id
3332 1293 3435 1349 est,
3460 1292 3586 1342 octo
3613 1288 3815 1351 anima:

2228 1382 2247 1414 ι
2282 1365 2445 1420 salva:
2480 1364 2636 1425 facta:
2676 1375 2803 1424 sunt
2837 1383 2937 1440 per
2973 1386 3191 1449 aquam.
3243 1372 3398 1442 Quod
3436 1385 3493 1432 et
3529 1392 3628 1434 vos
3667 1367 3814 1441 nunc

2230 1474 2249 1507 ι
2280 1456 2473 1512 similis
2510 1457 2697 1514 forma:
2732 1459 2913 1523 salvos
2949 1460 3081 1527 facit
3118 1464 3426 1537 baptisma,
3476 1483 3589 1527 non
3627 1472 3815 1528 carnis

2230 1567 2249 1601 ι
2285 1550 2552 1622 depositio
2579 1553 2848 1623 sordium,
2889 1556 2987 1617 sed
3017 1558 3369 1627 conscientia:
3390 1560 3548 1623 bonae
3573 1563 3816 1623 interro.-

2232 1662 2249 1694 ι
2284 1643 2430 1714 gatio
2454 1644 2506 1698 in
2520 1644 2712 1712 Deum,
2727 1662 2825 1718 per
2848 1652 3304 1719 resurrectionem
3323 1653 3451 1727 Iesu
3472 1655 3702 1728 Christi,
3719 1660 3817 1733 qui

2231 1754 2250 1788 s
2282 1743 2365 1793 est
2392 1737 2447 1797 in
2473 1738 2662 1795 dextra
2686 1739 2805 1797 Dei.
2840 1762 2861 1796 ι

2297 1828 2538 1919 Christus
2556 1830 2716 1890 semel
2735 1852 2830 1907 pro
2849 1838 3077 1909 peccatis
3101 1843 3297 1898 nostris
3317 1856 3557 1904 mortuus
3582 1861 3680 1919 est,
3699 1861 3809 1912 etc.

538 1922 752 1977 ascendi
797 1921 866 1977 ad
911 1920 1127 1978 Patrem
1170 1939 1361 1977 meum.
1422 1923 1479 1978 in
1528 1922 1615 1979 his
1663 1939 1897 1995 namque
1938 1927 2122 1982 verbis
2148 1926 2197 1987 B
2226 1922 2329 1994 (Ex
2357 1913 2550 1999 Beda.)
2590 1927 2689 1994 Qui
2727 1943 2859 1998 ergo
2892 1928 3071 1999 justus
3108 1935 3333 2004 patitur,
3374 1913 3819 2001 Christum'imi-

538 2017 867 2083 ostenditur,
893 2017 1037 2088 quod
1063 2015 1229 2073 Maria
1261 2017 1514 2089 amplecti
1539 2018 1711 2075 voluit
1736 2019 1852 2089 ejus
1874 2020 2120 2092 vestigia,

538 2120 701 2175 quem
742 2108 1094 2178 recognovit,
1146 2107 1240 2162 sed
1287 2108 1339 2163 ei
1381 2109 1638 2179 magister
1676 2109 1842 2164 dicit:
1879 2109 2009 2165 Noli
2043 2114 2124 2166 me

539 2207 769 2269 tangere.
812 2199 928 2254 Non
958 2200 1085 2269 quia
1118 2206 1243 2270 post
1272 2200 1725 2256 resurrectionem
1755 2201 2015 2259 Dominus
2041 2211 2126 2259 ta-

540 2300 686 2347 ctum
727 2293 909 2347 renuit
946 2292 1272 2347 feminarum
1297 2335 1311 2359 ,
1358 2310 1482 2349 cum
1514 2296 1580 2350 de
1611 2296 1822 2351 duabus
1851 2297 1919 2351 ad
1947 2298 2125 2368 sepul—

537 2400 692 2439 crum
739 2382 857 2453 ejus
905 2385 1166 2454 scriptum
1214 2386 1320 2439 sit:
1362 2384 1707 2443 Accesserant
1754 2397 1803 2441 et
1846 2397 2124 2445 tenuerunt

537 2475 690 2548 pedes
717 2476 851 2547 ejus.
904 2475 1010 2532 Sed
1040 2492 1139 2532 cur
1169 2478 1318 2551 tangi
1348 2494 1455 2533 non
1482 2479 1700 2546 debeat,
1734 2480 1877 2537 ratio
1908 2498 2125 2554 quoque

537 2566 757 2625 additur
793 2585 917 2625 cum
953 2568 1322 2626 suhinl'ertur:
1358 2570 1607 2626 Nondum
1637 2573 1777 2627 enim
1804 2576 2018 2629 escendi
2053 2573 2123 2630 ad

540 2657 756 2715 Patrem
796 2678 987 2716 meum.
1040 2661 1100 2717 In
1129 2662 1293 2718 corde
1322 2664 1524 2717 etenim
1559 2672 1764 2730 nostro,
1807 2673 1935 2721 tunc
1965 2666 2123 2724 Iesus

537 2752 787 2807 ascendit
828 2752 897 2809 ad
938 2752 1156 2808 Patrem
1182 2793 1198 2820 ,
1240 2768 1365 2809 cum
1408 2753 1631 2825 aequalis
1672 2757 1913 2813 creditur
1951 2757 2119 2815 Patri.

544 2839 679 2899 Nam
701 2844 947 2915 quisquis
967 2860 1088 2901 eum
1110 2846 1373 2916 aequalem
1388 2847 1535 2903 Patri
1550 2865 1655 2904 non
1671 2851 1865 2918 credit,
1880 2853 2053 2909 adhuc
2067 2854 2121 2909 in

541 2935 660 3008 ejus
679 2945 900 3006 pectore
923 2938 992 2993 ad
1012 2936 1230 2994 Patrem
1252 2954 1357 2994 non
1382 2942 1644 2997 ascendit.
1675 2941 1766 2999 Ille
1790 2959 1919 3016 ergo
1936 2945 2123 3002 Jesum

539 3028 807 3083 veraciter
837 3029 1027 3099 tangit,
1052 3030 1144 3099 qui
1162 3029 1311 3085 Patri
1339 3030 1536 3087 Filium
1566 3041 1894 3091 cereternum
1925 3038 2119 3093 credit.

621 3117 763 3176 Vade
789 3120 858 3176 ad
886 3121 1077 3191 fratres
1104 3140 1268 3190 meos,
1308 3134 1357 3179 et
1395 3124 1480 3180 dic
1510 3128 1586 3181 eis
1606 3143 1625 3182 :
1652 3126 1888 3185 Ascendo
1917 3131 1986 3185 ad
2013 3128 2124 3187 Pa-

537 3221 667 3268 trem
707 3229 909 3280 meum,
951 3221 1007 3269 et
1046 3215 1275 3286 reliqua.
1332 3215 1448 3273 Non
1479 3218 1555 3274 ait
1590 3218 1807 3276 Patrem
1838 3231 2116 3292 nostrum;

2223 2021 2397 2083 tatur;
2439 2016 2531 2086 qui
2570 2017 2627 2072 in
2663 2016 2889 2090 ﬂagellis
2926 2023 3241 2095 corrigitur,
3280 2026 3584 2099 latronem,
3625 2036 3720 2105 qui
3756 2036 3819 2094 in

2223 2123 2386 2165 cruce
2410 2107 2685 2167 Christum
2715 2114 2987 2185 cognovit,
3018 2124 3075 2171 et
3101 2125 3226 2188 post
3253 2135 3471 2177 crucem
3498 2126 3819 2194 paradisum

2223 2217 2346 2269 cum
2372 2200 2589 2258 Christo
2621 2203 2861 2261 intravit.
2910 2204 3012 2275 Qui
3048 2223 3149 2267 nec
3182 2211 3326 2266 inter
3353 2210 3558 2285 ﬂagella
3597 2216 3823 2279 desistit

2222 2309 2254 2349 a
2280 2294 2480 2364 culpis,
2528 2296 2808 2352 sinistrum
2840 2299 3086 2356 imitatur
3112 2301 3417 2373 latronem,
3459 2307 3547 2377 qui
3585 2317 3823 2380 propter

2220 2393 2447 2456 peccata
2476 2388 2719 2445 ascendit
2748 2388 2803 2444 in
2833 2406 3051 2447 crucem
3069 2432 3084 2458 ,
3125 2401 3180 2449 et
3211 2404 3338 2466 post
3364 2413 3580 2455 crucem
3609 2401 3725 2457 ruit
3758 2402 3821 2461 in

2222 2485 2509 2534 tartarum.
2545 2478 2669 2537 Ideo
2697 2489 2881 2537 autem
2901 2482 3177 2542 Christum
3205 2488 3373 2545 semel
3395 2500 3672 2553 mortuum
3696 2509 3819 2555 esse

2223 2581 2633 2639 commemorat,
2654 2581 2714 2629 ut
2734 2574 2890 2630 nobis
2912 2592 3126 2649 quoque
3147 2579 3202 2634 in
3225 2584 3547 2640 memoriam
3569 2596 3811 2657 revocet,

2222 2664 2349 2735 quia
2380 2668 2743 2736 temporaneis
2771 2669 2976 2726 nostris
3002 2672 3345 2759 passiouibus
3372 2693 3589 2736 merces
3616 2681 3813 2740 redde-

2224 2761 2313 2810 ιυι*
2337 2763 2565 2811 aeterna.

2296 2849 2365 2907 Ut
2391 2871 2484 2909 nos
2507 2856 2716 2929 o/Terret
2738 2856 2869 2924 Deo,
2896 2861 3236 2931 mortiﬁcatos
3261 2864 3470 2936 quidem
3493 2882 3680 2935 carne,
3701 2877 3809 2927 etc.

2222 2943 2301 3001 De
2330 2944 2434 3003 hac
2464 2948 2881 3009 mortiﬁcatione
2907 2953 3123 3019 carnis,
3164 2964 3220 3015 et
3245 2956 3616 3015 viviﬁcatione
3650 2960 3813 3031 spiri-

2224 3042 2332 3102 tus,
2358 3052 2521 3107 quam
2548 3040 2752 3099 habent
2776 3042 2830 3098 hi
2857 3043 2949 3113 qui
2977 3060 3077 3115 pro
3111 3045 3339 3103 Domino
3365 3065 3463 3119 per
3494 3052 3813 3122 patientiam

2223 3126 2492 3184 laborant.
2541 3130 2682 3187 Dicit
2721 3142 2775 3189 et
2813 3136 3088 3205 apostolus
3125 3138 3360 3197 Paulus:
3395 3141 3464 3198 Et
3502 3145 3550 3205 si
3583 3147 3816 3202 exterior

2223 3221 2379 3279 homo
2412 3233 2588 3279 noster
2614 3229 2986 3299 corrumpitur,
3022 3230 3114 3285 sed
3139 3241 3315 3291 tamen
3352 3234 3396 3289 is
3437 3237 3528 3305 qui
3558 3237 3705 3293 intus
3738 3247 3813 3293 est

537 3305 694 3360 aliter
720 3320 850 3376 ergo
879 3321 1057 3361 meum
1076 3347 1091 3371 ,
1141 3306 1299 3362 aliter
1336 3316 1595 3364 vestrum.
1651 3310 1854 3366 Natura
1902 3329 2081 3368 meum
2101 3355 2116 3380 ,
2146 3293 2192 3357 (ἶ
2225 3327 2503 3372 renouatur
2526 3319 2590 3375 de
2616 3321 2701 3377 die
2723 3322 2777 3377 in
2803 3293 2939 3381 diem
2965 3293 3054 3397 (il
3076 3324 3197 3382 Cor.
3227 3328 3325 3402 tv).
3359 3293 3532 3393 Oll'ert
3554 3348 3688 3406 ergo
3714 3351 3814 3393 nos

535 3398 708 3469 gratia
737 3406 974 3453 vestrum
993 3439 1007 3464 ,
1044 3406 1099 3454 et
1128 3399 1298 3455 Deum
1330 3415 1538 3466 meum,
1570 3410 1625 3457 et
1654 3402 1823 3459 Deum
1855 3413 2115 3463 vestrum.

536 3487 721 3559 Neque
750 3490 836 3544 hic
862 3490 998 3545 dixit
1025 3508 1039 3543 :
1071 3488 1242 3545 Deum
1270 3501 1535 3548 nostrum.
1574 3493 1716 3565 Ergo
1746 3505 1800 3550 et
1829 3495 1935 3561 hic,
1964 3495 2120 3552 aliter

536 3593 738 3644 meum,
762 3580 918 3635 aliter
944 3588 1202 3637 vestrum.
1241 3582 1409 3637 Deum
1441 3598 1641 3652 meum,
1673 3588 1774 3641 sub
1802 3603 1911 3659 quo
1937 3598 1992 3644 et
2018 3604 2119 3660 ego

536 3669 700 3725 homo
726 3684 847 3724 sum
871 3688 884 3723 :
925 3670 1094 3725 Deum
1120 3680 1387 3740 vestrum,
1426 3674 1570 3728 inter
1595 3691 1731 3745 quos
1768 3686 1825 3732 et
1860 3679 1973 3749 ipse
2000 3695 2116 3736 me-

536 3760 714 3815 diator
741 3774 881 3815 sum.
933 3760 1068 3815 Cum
1110 3776 1234 3817 eum
1277 3763 1420 3820 dicat
1460 3772 1516 3820 et
1556 3775 1831 3834 vestrum,
1880 3785 1980 3824 cur
2009 3786 2116 3827 non

535 3851 896 3907 communiter
932 3851 1061 3909 dicit
1103 3856 1400 3909 nostrum?
1454 3858 1549 3913 sed
1591 3858 1848 3916 distincte
1892 3864 2118 3933 loquens

534 3941 759 4007 indicat,
787 3944 914 4014 quia
944 3944 1195 4000 eumdem
1224 3944 1442 4002 Patrem
1476 3956 1533 4004 et
1565 3950 1733 4007 Deum
1782 3954 2118 4017 dissimiliter

533 4035 700 4092 habet
739 4037 855 4108 ipse
893 4052 1057 4108 quam
1098 4053 1198 4095 nos
1223 4058 1235 4092 :
1257 4036 1510 4096 'Ascendo
1546 4043 1617 4098 ad
1652 4041 1869 4101 Patrem
1910 4065 2112 4118 meum,

530 4126 785 4185 videlicet
814 4142 913 4199 per
941 4138 1223 4195 naturam,
1263 4139 1320 4186 et
1354 4130 1571 4189 Patrem
1600 4144 1840 4192 vestrum
1871 4153 1968 4209 per
1994 4154 2115 4209 gra-

532 4219 665 4276 tiam
709 4238 722 4274 :
770 4219 841 4275 ad
877 4218 1047 4277 Deum
1084 4238 1296 4291 meum,
1341 4226 1468 4296 quia
1509 4228 1794 4294 descendi,
1837 4231 1905 4285 ad
1943 4230 2114 4285 Deum

529 4318 794 4377 vestrum,
827 4312 953 4380 quia
979 4314 1298 4371 ascendistis
1335 4335 1348 4370 :
1385 4319 1511 4387 quia
1540 4320 1686 4375 enim
1717 4329 1771 4375 et
1798 4336 1896 4393 ego
1927 4323 2111 4389 homo,

530 4398 675 4457 Deus
701 4403 835 4458 mihi
864 4414 979 4471 est;
1017 4408 1145 4476 quia
1166 4424 1265 4463 vos
1291 4411 1360 4465 ab
1386 4427 1572 4467 errore
1600 4413 1835 4480 liberati,
1860 4414 2000 4472 Deus
2028 4426 2112 4473 est

529 4493 703 4548 vobis.
742 4492 1004 4552 Distincte
1036 4513 1167 4570 ergo
1196 4502 1329 4556 mihi
1368 4504 1526 4559 Pater
1561 4513 1615 4560 et
1651 4505 1794 4562 Deus
1830 4517 1942 4575 est,
1984 4514 2111 4582 quia

530 4599 691 4654 quem
729 4597 856 4640 ante
894 4588 1087 4644 saecula
1126 4591 1295 4646 Deum
1334 4596 1556 4663 genuit,
1610 4597 1883 4655 hominem
1912 4601 1967 4655 in
1998 4602 2104 4659 line

529 4678 848 4734 saeculorum
879 4696 1088 4737 mecum
1118 4685 1338 4740 creavit.

610 4768 758 4827 Venit
788 4770 967 4828 Maria
997 4774 1314 4848 Magdalene
1339 4783 1658 4839 annuntians
1680 4784 1973 4857 discipulis,
1995 4795 2100 4845 etc.

527 4860 665 4917 Ecce
691 4863 911 4919 humani
938 4867 1151 4937 generis
1173 4869 1330 4941 culpa
1359 4872 1431 4928 ibi
1459 4873 1791 4932 abscinditur
1813 4878 1955 4933 unde
1980 4879 2105 4950 pio-

526 4952 710 5007 cessit.
741 4952 878 5022 Quia
903 4958 1047 5012 enim
1078 4960 1132 5014 in
1161 4963 1413 5031 paradiso
1441 4966 1636 5022 mulier
1656 4968 1774 5023 viro
1799 4971 2106 5040 propinavit

524 5056 777 5115 mortem,
808 5066 838 5104 a
870 5052 1119 5121 sepulcro
1147 5054 1341 5111 mulier
1365 5058 1498 5113 viris
1528 5061 1810 5115 annuntiat
1834 5062 2022 5130 vitam,
2049 5074 2105 5120 et

520 5136 665 5195 dicta
693 5142 776 5196 sui
798 5143 1149 5202 viviﬁcatoris
1173 5158 1375 5215 narrat,
1399 5166 1518 5221 qua:
1546 5153 1810 5208 mortiferi
1833 5159 2102 5227 serpentis

521 5233 682 5287 verba
712 5247 1058 5306 narraverat,
1095 5254 1161 5295 ac
1190 5241 1235 5296 si
1265 5242 1502 5298 humano
1532 5245 1744 5315 generi,
1781 5262 1889 5302 non
1921 5250 2102 5305 verbis

521 5322 797 5391 Dominus,
828 5330 921 5384 sed
952 5332 1112 5387 rebus
1141 5333 1302 5400 dicat,
1331 5335 1397 5389 de
1424 5351 1529 5405 qua
1560 5352 1719 5393 manu
1740 5341 1897 5396 vobis
1922 5341 2102 5399 illatus

519 5425 602 5473 est
625 5428 785 5491 potus
810 5425 1022 5493 mortis,
1049 5426 1116 5481 de
1142 5425 1257 5498 ipsa
1286 5429 1543 5499 suscipite
1567 5432 1819 5502 poculum
1844 5435 1988 5491 vitae.

1152 5534 1466 5577 CONCORDIA.

587 5601 646 5660 ln
684 5606 788 5664 hoc
820 5607 1043 5665 istarum
1081 5609 1308 5666 duarum
1347 5612 1407 5667 ﬁt
1443 5617 1734 5672 concordia
1770 5617 2092 5691 lectionum,

518 5696 645 5767 quia
674 5696 885 5755 locutus
911 5708 995 5756 est
1020 5701 1243 5773 angelus
1273 5702 1472 5772 Mariae,
1500 5706 1713 5763 locutus
1741 5717 1797 5763 et
1825 5708 2090 5784 Philippe.

514 5785 920 5861 Evangeliravit
958 5791 1142 5851 Jesum
1184 5796 1462 5870 Philippus
1498 5801 1779 5872 eunucho,
1824 5807 2095 5864 nuntiavit

519 5877 686 5941 Maria
711 5887 969 5957 apostolis
993 5888 1196 5945 Jesum.

2220 3405 2334 3464 Deo
2363 3408 2510 3465 Patri
2537 3410 2784 3469 Christus
2811 3455 2826 3480 ,
2869 3431 2993 3471 cum
3021 3426 3146 3488 post
3178 3405 3658 3483 mortiﬁcationem
3691 3443 3816 3483 car-

2221 3499 2308 3554 nis
2336 3515 2434 3571 pro
2465 3501 2555 3558 illo
2585 3503 2856 3561 immolari
2884 3508 3182 3577 gaudemus
3201 3549 3217 3576 ,
3269 3510 3326 3568 id
3361 3520 3474 3579 est,
3517 3515 3689 3572 vitam
3718 3534 3815 3575 no-

2220 3599 2392 3649 stram
2425 3593 2748 3653 laudabilem
2777 3598 2830 3653 iu
2861 3610 3155 3671 conSpectu
3194 3600 3375 3661 Patris
3411 3608 3671 3664 ostendit.
3716 3609 3815 3666 Vel

2218 3692 2369 3740 certe
2395 3682 2554 3740 oll‘ert
2578 3701 2678 3743 nos
2705 3686 2837 3754 Deo,
2873 3704 2999 3745 cum
3028 3689 3305 3751 absolutos
3338 3710 3526 3762 carne,
3564 3698 3621 3753 in
3650 3708 3815 3756 aeter-

2219 3789 2348 3829 num
2376 3788 2476 3830 nos
2504 3789 2732 3846 regnum
2755 3778 3070 3841 introducit.
3107 3780 3249 3843 Sane
3270 3785 3376 3847 hoc
3396 3788 3543 3857 quod
3569 3790 3808 3847 dicitur:

2229 3861 2528 3934 Viviﬁcatos
2551 3875 2728 3922 autem
2751 3868 2959 3940 spiritu,
2983 3881 3206 3935 sanctus
3226 3873 3562 3936 Athanasius
3580 3880 3814 3938 Alexan-

2217 3954 2349 4009 driaa
2377 3955 2616 4025 pontifex
2635 4000 2649 4025 ,
2681 3975 2788 4016 non
2818 3962 2885 4019 ad
2914 3962 3149 4022 hominis
3175 3968 3457 4039 spiritum,
3488 3973 3582 4040 qui
3616 3975 3813 4031 morti-

2215 4045 2375 4100 ﬁcata
2414 4062 2579 4105 carne
2612 4050 2802 4108 melius
2830 4054 3157 4124 viviﬁcatur,
3192 4060 3409 4123 dicente
3435 4062 3707 4135 Propheta
3742 4058 3813 4127 de

2216 4136 2445 4194 Domino
2469 4158 2483 4194 :
2518 4140 2588 4198 Ut
2615 4142 2851 4201 viviﬁeet
2872 4147 3128 4217 .spiritum
3152 4151 3461 4220 humilium.
3487 4164 3545 4211 et
3568 4157 3810 4216 viviﬁcet

2213 4246 2310 4286 cor
2336 4234 2650 4301 contritum,
2678 4238 2772 4294 sed
2802 4239 2871 4299 ad
2899 4242 3132 4312 gratiam
3160 4246 3343 4316 potius
3370 4246 3539 4305 refert
3566 4249 3807 4322 Spiritus

2214 4325 2409 4392 sancti,
2441 4328 2533 4397 qui
2566 4330 3016 4389 mortificantibus
3059 4350 3282 4397 carnem
3324 4355 3479 4396 suam
3507 4342 3679 4399 vitam
3708 4346 3808 4401 tri-

2212 4416 2330 4471 buit
2377 4419 2782 4495 sempiternam.
2840 4422 3021 4480 Utitur
3058 4427 3205 4485 enim
3242 4438 3299 4485 et
3340 4431 3445 4489 hoc
3491 4434 3807 4494 testimonio

2213 4516 2401 4563 contra
2421 4508 2667 4578 Arianos,
2694 4513 2785 4584 qui
2809 4515 3105 4585 aequalitati
3136 4528 3341 4578 sanctae
3368 4522 3657 4582 Trinitatis
3680 4543 3805 4585 eon-

2213 4603 2505 4668 tradicunt,
2526 4616 2884 4678 astruensque
2908 4609 3244 4669 individuam
3258 4614 3454 4672 divinae
3466 4620 3805 4688 operationis

2204 4698 2488 4754 unitatem.
2510 4701 2757 4759 Viviﬁcet
2777 4703 2958 4773 Pater,
2976 4706 3414 4778 viviﬁeetFilius,
3429 4712 3671 4770 viviﬁcot
3685 4713 3804 4787 Spi-

2203 4790 2342 4845 ritus
2371 4800 2612 4849 sanctus.
2660 4795 2893 4851 Proinde
2931 4797 3061 4854 licet
3089 4807 3146 4856 et
3172 4801 3337 4870 filius,
3374 4806 3502 4876 quia
3530 4809 3802 4880 scripturn

2200 4888 2322 4936 est:
2358 4880 2514 4937 Sicut
2541 4884 2683 4940 enim
2721 4887 2951 4944 suscitat
2984 4890 3152 4948 Pater
3175 4900 3420 4952 mortuos
3451 4906 3506 4953 et
3534 4897 3801 4969 viviﬁcat,

2203 4974 2287 5029 sic
2311 4982 2365 5029 et
2392 4973 2562 5031 Filius
2585 4991 2720 5046 quos
2739 4980 2858 5036 vult
2876 4982 3139 5052 viviﬁcat,
3165 4984 3404 5057 Spiritus
3419 4998 3550 5046 vero
3574 5002 3799 5051 sanctus

2202 5075 2258 5122 et
2283 5069 2384 5124 hoc
2415 5071 2725 5127 testimonio
2754 5074 3083 5145 declaratur,
3107 5095 3218 5151 quo
3238 5081 3439 5139 dicitur
3456 5084 3523 5140 de
3545 5085 3709 5155 Filio,
3739 5095 3801 5145 ut

2201 5176 2303 5216 nos
2330 5160 2551 5219 olferret
2580 5165 2711 5232 Deo,
2740 5169 3087 5239 morti/iratos
3115 5174 3325 5244 quidem
3355 5186 3531 5244 carne,
3560 5179 3797 5251 viviﬁca-

2199 5264 2278 5311 tos
2303 5265 2476 5313 autem
2505 5260 2713 5331 spiritu.
2752 5260 2986 5335 Ideoque
3011 5281 3240 5336 quorum
3266 5282 3375 5325 una
3401 5274 3651 5342 Operatio
3675 5283 3795 5341 est,

2199 5348 2391 5405 horum
2414 5365 2535 5406 esse
2561 5352 2748 5424 dispar
2766 5358 3003 5412 essentia
3024 5358 3110 5415 vel
3132 5362 3438 5417 substantia
3461 5377 3569 5419 non
3594 5366 3791 5436 possit.

2271 5439 2342 5495 In
2370 5458 2474 5513 quo
2502 5453 2554 5498 et
2580 5444 2661 5500 Itis
2689 5448 2780 5518 qui
2819 5448 2876 5504 in
2903 5464 3111 5506 carcere
3138 5462 3322 5521 erant,
3365 5455 3680 5526 spiritaliter
3704 5474 3793 5514 ee-

2198 5532 2346 5587 niens
2373 5534 2697 5604 prtedicavit,
2724 5547 2830 5595 etc.
2872 5539 2973 5607 Qui
3009 5542 3212 5599 nostris
3251 5546 3590 5616 temporibus
3621 5561 3793 5605 carne

2197 5625 2440 5692 veniens,
2464 5628 2567 5683 iter
2586 5629 2713 5685 vitae
2740 5628 2939 5687 mundo
2967 5634 3301 5703 praedicavit,
3325 5634 3443 5709 ipse
3465 5638 3631 5696 etiam
3653 5647 3789 5696 ante

2196 5714 2457 5773 diluvium
2487 5720 2568 5775 eis
2606 5720 2699 5789 qui
2743 5727 2868 5779 tunc
2901 5721 3163 5778 increduli
3204 5734 3365 5781 erant
3397 5735 3454 5782 et
3486 5728 3788 5784 carnaliter

2195 5811 2473 5877 vixerant,
2519 5813 2710 5883 spiritu
2739 5813 2959 5868 veniens
2986 5815 3323 5883 praedicavit.
3364 5818 3484 5889 Ipse
3512 5820 3658 5875 enim
3687 5834 3792 5890 per

2197 5901 2457 5973 Spiritum
2487 5916 2731 5961 sanctum
2760 5916 2878 5961 erat
2910 5906 2966 5961 iu
2996 5905 3128 5975 Noe,
3159 5911 3513 5982 ueterisque,-
3531 5912 3625 5982 qui
3653 5919 3797 5979 tune

2494 6047 2863 6075 *νυ-’νεκρῶν
