4030 6456
209 415 300 474 263

1027 407 1549 474 COLLECTIONES
1585 409 1654 468 IN
1694 405 2078 466 EPISTOLAS
2111 399 2200 465 ΕΤ
2239 403 2652 466 EVANGELIA.

3364 389 3474 454 262

208 540 376 602 fuere,
402 531 624 599 sanctis,
651 534 708 588 ct
731 545 827 604 per
852 546 1040 590 eorum
1067 532 1265 588 bonam
1287 529 1780 594 conversationem,
1808 531 1860 592 Α
1883 527 2048 583 verba
2087 526 2324 582 ﬁdelium
2362 529 2604 598 quotidie
2643 527 2787 584 viam
2823 525 2949 582 vitae
2987 523 3358 590 demonstrat,
3401 523 3472 580 de

207 628 380 701 pravis
408 626 549 684 illius
576 626 676 680 :evi
704 625 1031 689 hominibus,
1062 635 1120 682 ut
1149 630 1217 682 ad
1247 625 1470 681 meliora
1498 630 1784 680 converte-

209 731 408 786 rentur,
430 718 762 790 praedicavit.
799 718 1094 776 Couclusos
1115 735 1346 790 namque
1369 720 1422 774 in
1442 736 1503 774 ca
1513 734 1608 773 rne
1628 718 1778 783 dicit,

207 811 505 869 carnalibus
532 809 820 868 desideriis
845 821 1186 882 aggravatos.
1226 810 1378 866 Unde
1405 812 1472 867 de
1499 811 1603 866 illis
1635 809 1782 864 Scri-

204 914 355 976 ptura
397 901 512 958 ait:
559 902 703 970 quod
742 902 910 956 omnis
951 918 1074 956 caro
1115 912 1420 972 corruperat
1461 902 1597 956 viam
1630 917 1781 956 suam

207 997 352 1068 (Cen.
377 992 476 1065 vt).
510 992 662 1061 Quod
693 1000 872 1048 autem
903 992 1049 1053 dicit,
1081 993 1137 1046 in
1164 1009 1287 1062 quo,
1317 990 1586 1062 signiﬁcat
1612 992 1664 1046 in
1691 1007 1778 1057 eo,

204 1083 336 1157 quod
365 1083 722 1152 praemiserat,
753 1089 811 1136 ut
836 1097 935 1136 nos
964 1081 1185 1137 oll‘erret
1213 1081 1344 1146 Deo,
1376 1082 1519 1152 quod
1547 1089 1602 1137 et
1632 1090 1776 1150 tunc,

203 1178 241 1232 si
273 1174 358 1246 qui
405 1173 472 1228 ad
504 1173 946 1246 praedicationem
977 1173 1229 1238 Domini,
1277 1190 1442 1244 quam
1481 1190 1580 1244 per
1615 1175 1780 1232 vitam

200 1268 424 1324 ﬁlcliutn
459 1266 848 1337 przctendcbat,
876 1267 1100 1322 credere
1121 1266 1439 1332 voluissent,
1469 1283 1563 1323 eos
1586 1267 1781 1323 oﬁ‘erre

198 1364 296 1417 Deo
336 1359 491 1414 Patri
533 1359 823 1430 gaudebat.
871 1358 929 1414 Si
968 1358 1061 1428 qui
1104 1367 1285 1413 autem
1315 1359 1678 1417 detrahebant
1713 1359 1781 1415 de

195 1453 361 1517 lmnis,
392 1460 658 1523 tanquam
689 1451 755 1506 de
783 1450 1246 1514 inalel‘actoribus,
1285 1451 1338 1505 hi
1366 1451 1617 1506 veniente
1643 1451 1781 1506 dilu-

197 1547 275 1598 vio
299 1542 792 1598 confundebantur.
828 1541 963 1597 Nam
992 1554 1046 1597 et
1071 1542 1138 1598 de
1164 1550 1393 1611 utroque
1418 1550 1596 1612 potest
1622 1542 1782 1597 intel-

196 1637 277 1709 ligi
301 1677 314 1701 ,
347 1634 499 1706 quod
531 1635 642 1689 ait:
681 1633 750 1689 In
776 1652 899 1706 quo,
936 1635 990 1689 id
1021 1644 1135 1699 est,
1178 1635 1230 1689 in
1261 1650 1370 1704 quo
1399 1646 1455 1691 et
1481 1636 1560 1692 eis
1595 1636 1687 1705 qui
1725 1636 1779 1690 in

198 1743 344 1783 carne
373 1725 627 1782 conclusi
654 1733 829 1792 erant,
862 1726 1077 1796 spiritu,
1109 1726 1162 1781 id
1193 1735 1309 1791 est,
1342 1728 1660 1797 spiritaliter
1689 1743 1781 1783 ve-

196 1823 342 1876 niens
357 1819 764 1892 prmdicavitmt
777 1820 1155 1889 posteamdcm
1170 1821 1401 1890 przedica
1410 1821 1608 1876 tionem
1626 1837 1778 1878 suam

197 1920 246 1966 et
267 1912 614 1972 credentibus
636 1925 838 1968 corona
860 1911 1052 1976 laudis,
1079 1919 1134 1966 et
1161 1912 1245 1966 his
1266 1912 1359 1983 qui
1382 1911 1436 1967 in
1459 1912 1782 1969 inﬁdelitate

196 2004 582 2074 persisterent,
627 2001 875 2060 confusio
903 2011 1241 2058 nasceretur.
1299 2003 1531 2070 Quidam
1561 2004 1781 2060 codices

197 2095 435 2151 habent:
476 2095 536 2152 ln
575 2111 682 2168 quo
719 2103 775 2150 et
811 2095 898 2154 his
934 2095 1027 2166 qui
1065 2095 1120 2150 in
1158 2100 1323 2162 c'arne
1349 2104 1542 2162 erant,
1583 2097 1780 2166 spiritu

195 2189 414 2244 veniens
442 2189 789 2259 praedicavit,
827 2189 971 2257 quod
1002 2188 1071 2242 ad
1099 2189 1346 2243 eamdem
1375 2203 1665 2260 pravorum
1693 2196 1778 2244 at-

197 2296 298 2350 que
335 2281 741 2337 incredulorum
777 2281 1134 2336 intentionem
1172 2281 1428 2352 respicit,
1471 2282 1564 2351 qui
1601 2282 1780 2338 cordis

193 2373 434 2428 tenebris
461 2373 809 2427 obscuratum
839 2373 1002 2426 habet
1033 2387 1274 2437 sensum,
1306 2373 1501 2428 merito
1529 2373 1697 2428 etiam
1727 2373 1782 2427 in

189 2465 294 2520 hac
333 2464 443 2518 vita
488 2464 541 2516 in
579 2478 799 2522 carcere
832 2462 1070 2518 conclusi
1109 2477 1229 2517 esse
1268 2463 1537 2530 dicuntur,
1581 2463 1636 2518 in
1676 2478 1782 2532 quo

185 2558 447 2613 videlicet
477 2573 734 2622 carcere,
783 2557 837 2610 in
879 2556 1238 2611 interioribus
1279 2556 1456 2610 adhuc
1509 2555 1777 2621 tenebris,

189 2647 292 2703 hoc
331 2655 452 2713 est,
490 2647 736 2704 caecitate
767 2647 998 2724 mentis,
1033 2655 1088 2700 et
1121 2647 1376 2717 operibus
1411 2647 1625 2716 injustis
1657 2662 1781 2716 gra-

191 2750 409 2808 vantur,
456 2741 628 2796 donec
675 2753 840 2794 carne
881 2737 1066 2806 soluti,
1112 2740 1164 2793 in
1208 2740 1455 2794 tenebras
1481 2726 1781 2796 exteriores

193 2836 355 2891 etiam
399 2834 456 2888 in
501 2849 780 2890 carcerem
820 2831 1178 2904 projiciantur
1215 2840 1431 2888 aeterna!
1469 2833 1778 2888 damnatio-

193 2926 294 2992 nis,
335 2926 404 2982 de
445 2940 556 2998 quo
595 2925 856 2981 Dominus
902 2924 958 2979 in
998 2923 1332 2996 Evangelio:
1377 2924 1443 2982 Et
1476 2922 1662 2992 iudex,
1691 2925 1778 2980 in-

192 3023 336 3093 quit,
388 3023 572 3078 tradet
614 3030 666 3080 te
712 3021 992 3088 ministro,
1037 3029 1094 3076 et
1131 3021 1185 3075 in
1229 3035 1506 3076 carcerem
1546 3020 1780 3076 mitteris

193 3113 407 3185 (Matth.
439 3113 521 3186 v).
571 3111 830 3181 Quamvis
874 3112 1040 3176 etiam
1085 3111 1260 3166 sancti
1303 3111 1357 3168 in
1401 3109 1505 3174 hac
1544 3111 1677 3176 vita,
1722 3125 1781 3166 se

1883 619 2082 690 quibus
2119 618 2253 674 dicit
2283 637 2295 672 :

1954 713 2059 780 Qui
2093 712 2353 769 increduli
2389 713 2598 782 fuerant
2624 712 2931 784 aliquando,
2973 709 3336 783 exspectabant
3370 707 3469 764 Dei

1879 806 2213 877 patientiam.
2261 805 2319 861 ln
2361 806 2554 860 diebus
2591 804 2706 860 Noe
2750 819 2874 860 cum
2917 803 3273 864 fabricaretur
3313 814 3462 865 arca,

1881 915 2008 956 nam
2043 908 2096 954 et
2129 899 2245 970 ipsa
2271 899 2369 954 Dei
2400 897 2661 969 patientia
2685 897 3001 968 praedicatio
3031 894 3149 965 ejus
3175 901 3314 960 erat,
3342 907 3466 948 cum

1881 991 1996 1048 Noe
2037 1003 2255 1049 centum
2298 1008 2470 1048 annos
2511 1008 2654 1048 arcae
2697 991 2952 1062 operibus
2997 991 3290 1056 insistens,
3337 988 3468 1058 quid

1881 1087 2082 1142 mundo
2117 1086 2355 1142 futurum
2386 1095 2548 1151 esset,
2588 1083 2891 1155 quotidiani
2929 1083 3113 1153 operis
3147 1082 3468 1138 cxecutionc

1880 1179 2260 1244 monstrabat,
2319 1179 2448 1250 quia
2510 1178 2708 1234 Paulus
2767 1178 2890 1234 ait:
2940 1177 3024 1232 An
3069 1177 3288 1248 ignoras
3340 1176 3468 1246 quia

1880 1271 2142 1341 patientia
2185 1271 2280 1326 Dei
2322 1271 2388 1326 ad
2428 1271 2803 1341 paenitentiam
2843 1279 2896 1326 te
2937 1269 3178 1335 adducit,
3201 1277 3304 1324 etc.
3348 1269 3470 1323 Alia

1880 1365 2172 1422 translatio
2214 1365 2360 1424 hunc
2403 1365 2587 1420 locum
2634 1365 2710 1420 ita
2756 1365 2961 1424 habet:
3013 1361 3263 1418 Christus
3304 1359 3470 1416 semel

1879 1473 1980 1529 pro
2019 1457 2257 1527 peccatis
2298 1458 2501 1514 nostris
2540 1464 2787 1514 mortuus
2825 1463 2933 1522 est,
2971 1453 3151 1525 justus
3192 1467 3292 1524 pro
3332 1452 3472 1523 inju-

1881 1551 2000 1615 stis,
2026 1558 2087 1606 ut
2119 1565 2219 1604 nos
2250 1549 2486 1606 adducat
2521 1551 2588 1605 ad
2626 1549 2818 1614 Deum,
2842 1548 3196 1604 mortilicatos
3220 1545 3466 1614 corpore,

1880 1645 1974 1700 sed
2008 1643 2308 1700 viviﬁcatos
2349 1645 2402 1699 in
2447 1644 2661 1713 spiritu,
2709 1643 2762 1698 in
2805 1658 2913 1712 quo
2954 1641 3146 1711 spiritu
3183 1647 3238 1696 et
3265 1639 3346 1695 eis
3375 1637 3470 1710 qui

1881 1738 1935 1793 in
1977 1753 2141 1793 carne
2184 1745 2342 1793 erant
2380 1737 2715 1808 praedicavit,
2757 1737 2850 1806 qui
2893 1736 3166 1805 quondam
3203 1749 3314 1790 non
3350 1747 3470 1789 cre-

1883 1828 2132 1883 diderant
2154 1828 2210 1882 in
2233 1828 2425 1884 diebus
2457 1828 2584 1894 illis,
2613 1843 2735 1883 cum
2760 1834 3103 1896 exspectaret
3126 1826 3409 1896 patientia.

1809 1898 1856 1958 Β
1955 1917 2023 1972 In
2046 1919 2226 1974 diebus
2245 1918 2384 1984 Noe,
2407 1936 2524 1973 cum
2552 1917 2903 1987 fabricaretur
2921 1935 3069 1983 arca,
3089 1917 3148 1970 in
3166 1933 3270 1988 qua
3291 1916 3468 1987 pauci,

1879 2009 1936 2063 id
1963 2020 2061 2077 est,
2093 2020 2208 2065 octo
2234 2011 2426 2065 animae
2451 2010 2613 2066 salute
2638 2011 2794 2080 facta
2818 2019 2939 2064 sunt
2967 2026 3059 2081 per
3083 2025 3299 2081 aquam,
3323 2008 3466 2078 quod

1880 2111 1930 2156 et
1977 2119 2065 2158 eos
2118 2119 2256 2157 nunc
2305 2101 2495 2157 similis
2549 2102 2736 2171 fornue
2786 2101 2958 2156 salvos
3013 2099 3139 2170 facit
3189 2099 3468 2172 baptisma.

1879 2193 2135 2250 Formam
2165 2193 2420 2264 baptismi
2449 2193 2804 2249 assimilatam
2835 2191 2968 2248 dicit
3001 2207 3175 2257 arcae,
3220 2198 3278 2246 et
3315 2190 3473 2262 aquis

1881 2283 2089 2349 diluvii,
2109 2294 2166 2340 et
2190 2294 2336 2341 recte
2363 2287 2605 2349 omnino,
2631 2285 2774 2354 quod
2799 2294 2855 2340 et
2879 2285 2994 2354 ipsa
3020 2282 3307 2338 fabricatio
3332 2296 3474 2338 arca:

1884 2378 1948 2432 de
1977 2377 2136 2448 lignis
2164 2378 2414 2446 levigatis
2434 2419 2448 2441 ,
2477 2377 2938 2431 constructionem
2972 2376 3151 2446 signat
3178 2373 3436 2430 Ecclesia:
3455 2413 3471 2441 ,

1881 2483 2003 2538 qua:
2039 2466 2100 2521 ﬁt
2128 2467 2195 2522 de
2225 2467 2543 2523 collectione
2573 2467 2877 2521 animarum
2905 2465 3142 2522 ﬁdelium
3170 2481 3267 2535 per
3293 2466 3474 2520 archi-

1883 2564 2055 2612 tectos
2080 2558 2250 2611 verbi.
2289 2557 2356 2612 Et
2383 2558 2526 2626 quod
2554 2566 2817 2625 pereunte
2842 2557 2974 2612 orbe
3005 2564 3139 2622 toto,
3185 2556 3380 2626 pauci,
3421 2555 3476 2612 id

1880 2657 1984 2713 est,
2013 2656 2137 2704 octo
2165 2649 2358 2704 anima:
2385 2648 2548 2704 salvae
2573 2647 2739 2706 facta
2756 2657 2883 2704 sunt
2911 2661 3009 2718 per
3035 2662 3231 2717 aquam
3252 2687 3268 2713 ,
3303 2647 3472 2718 signi-

1881 2741 2008 2796 ﬁcat
2035 2741 2178 2811 quod
2205 2743 2272 2796 ad
2303 2742 2769 2812 comparationem
2795 2742 3137 2811 pereuntium
3164 2741 3473 2810 gentilium,

1879 2833 2212 2901 Iudaeorum,
2232 2835 2635 2900 haereticorum,
2658 2843 2713 2891 et
2735 2834 2996 2890 falsorum
3021 2834 3282 2900 ﬁdelium,
3305 2835 3476 2890 multo

1879 2931 2098 2986 brevior
2134 2939 2218 2986 est
2254 2945 2514 2986 numerus
2555 2929 2878 2988 electorum.
2931 2929 3085 2985 Unde
3133 2928 3201 2985 de
3248 2937 3474 2999 angusta

1878 3034 2035 3094 porta
2075 3032 2131 3079 et
2169 3032 2319 3080 arcta
2349 3023 2438 3078 via
2469 3039 2591 3094 quae
2618 3023 2767 3078 ducit
2811 3023 2879 3077 ad
2915 3022 3086 3076 vitam
3114 3021 3355 3076 dicitur:
3404 3020 3476 3075 Et

1879 3117 2037 3188 pauci
2057 3127 2179 3172 sunt
2205 3117 2296 3188 qui
2321 3117 2590 3170 inveniunt
2614 3132 2730 3170 eam
2753 3112 2969 3187 (Matth.
2996 3114 3115 3184 vn).
3146 3113 3214 3167 Et
3237 3114 3434 3168 iterum
3461 3130 3474 3167 :

193 3203 245 3258 in
286 3219 514 3260 carcere
553 3204 791 3275 positos,
836 3219 961 3264 cum.
1004 3202 1258 3274 gaudium
1300 3217 1549 3273 supernae
1594 3201 1782 3272 patria:
1813 3267 1852 3279 Α
1887 3207 2068 3263 Nolite
2093 3210 2295 3273 timere,
2326 3207 2550 3279 pusillus
2599 3223 2745 3278 grex,
2794 3207 2919 3276 quia
2963 3205 3277 3276 complacuit
3323 3203 3478 3259 Patri

193 3295 393 3364 silium,
439 3267 642 3352 merito
683 3267 1042 3367 proclamant:
1065 3295 1223 3365 juxta
1264 3267 1394 3349 illud
1435 3267 1736 3351 Psalmistaa
1762 3313 1774 3349 :
1807 3267 1853 3330 Ο
1885 3311 2077 3366 vestro,
2109 3301 2236 3354 dare
2265 3267 2409 3355 nobis
2439 3267 2653 3368 regnuin
2863 3297 2987 3368 xu).

195 3387 338 3443 Educ
364 3389 428 3443 de
455 3405 671 3443 carcere
699 3390 956 3454 animum,
983 3387 1052 3444 ad
1079 3386 1434 3457 conﬁtendum
1462 3387 1661 3440 nomini
1690 3395 1779 3440 tuo

197 3479 361 3551 (Psal.
390 3479 568 3553 cm).
622 3480 798 3535 Distat
837 3493 1074 3550 namque
1114 3476 1344 3534 multum
1387 3476 1530 3531 inter
1566 3484 1779 3532 utrum-

195 3588 293 3643 que
333 3589 639 3630 carcerem.
706 3572 990 3644 Siquidem
1033 3575 1248 3645 reprobi
1293 3575 1347 3629 in
1392 3589 1612 3630 carcere
1657 3581 1784 3630 sunt

196 3680 542 3740 peccatorum
584 3678 640 3726 et
682 3670 1022 3741 ignorantiae.
1087 3668 1228 3726 Justi
1270 3684 1399 3726 vero
1454 3669 1507 3724 in
1561 3683 1783 3725 carcere

197 3761 315 3818 licet
360 3763 778 3820 tribulationum
823 3764 1025 3834 positi,
1086 3763 1208 3820 luce
1264 3779 1480 3834 semper
1517 3762 1779 3834 justitite,

197 3855 412 3912 dilatato
456 3857 514 3912 in
557 3856 726 3910 Deum
768 3856 932 3911 corde
979 3855 1265 3921 fruuntur,
1325 3856 1468 3924 quod
1512 3854 1783 3924 signiﬁca-

196 3959 386 4005 verunt
431 3948 665 4020 apostoli
712 3948 910 4004 Paulus
950 3956 1004 4002 et
1044 3947 1207 4013 Silas,
1240 3963 1364 4002 cum
1406 3945 1582 4001 media
1624 3955 1784 4000 nocte

198 4040 246 4094 in
287 4043 447 4096 initio
485 4041 728 4096 carceris
771 4041 1020 4103 horrore,
1045 4041 1212 4095 vincti
1254 4040 1378 4095 licet
1415 4048 1470 4092 et
1503 4037 1780 4108 ﬁagellati,

197 4131 457 4203 hymnum
485 4131 600 4186 Deo
625 4132 798 4186 laudis
844 4132 1118 4188 lzetissima
1151 4146 1282 4187 voce
1320 4132 1610 4186 canebant.
1656 4129 1786 4196 Qui-

201 4224 313 4278 dam
355 4225 506 4279 hunc
550 4220 725 4276 locum
772 4222 842 4276 ita
891 4222 1277 4291 interpretatus
1317 4231 1420 4285 est,
1465 4222 1610 4291 quod
1651 4235 1782 4274 con-

200 4317 519 4370 solationem
565 4312 817 4378 illamde
857 4329 964 4384 qua
1008 4313 1137 4368 dicit
1179 4313 1441 4382 apostolis
1484 4312 1780 4366 Dominus:

201 4406 348 4462 Multi
387 4406 659 4478 propheta:
695 4415 741 4460 et
771 4405 905 4476 justi
949 4406 1220 4476 cupierunt
1253 4404 1425 4460 cidere
1450 4421 1568 4475 qua:
1598 4420 1684 4458 vos
1713 4405 1788 4459 vi-

201 4507 324 4564 detis
358 4517 406 4564 et
447 4523 557 4563 non
591 4506 853 4570 viderunt,
893 4515 942 4560 et
980 4506 1166 4560 audire
1194 4521 1310 4576 qua!
1350 4521 1435 4560 vos
1465 4502 1694 4567 auditis,
1736 4513 1784 4558 et

1958 3391 2084 3446 Non
2104 3392 2280 3446 carnis
2301 3391 2556 3463 depositio
2578 3390 2837 3454 sordium,
2863 3388 2953 3442 sed
2977 3385 3310 3442 conscientia:
3331 3385 3479 3441 bona:

1883 3485 2228 3556 interrogatio
2248 3486 2304 3539 in
2324 3484 2513 3539 Deum.
2554 3483 2655 3539 Ubi
2684 3491 2770 3538 est
2791 3482 2936 3538 enim
2959 3478 3292 3536 conscientia
3313 3479 3474 3544 bona,

1884 3581 1989 3635 nisi
2014 3579 2108 3635 ubi
2135 3588 2219 3636 est
2245 3588 2301 3636 et
2332 3579 2465 3634 ﬁdes
2489 3595 2594 3635 non
2623 3578 2791 3633 ﬁcta?
2819 3577 2986 3634 Docet
3011 3593 3245 3647 namque
3267 3585 3482 3647 aposto-

1884 3673 1968 3730 lus
1999 3673 2229 3737 Paulus,
2269 3673 2413 3744 quod
2443 3673 2564 3742 ﬁnis
2591 3671 2837 3744 prmcepti
2863 3681 2937 3724 est
2969 3670 3204 3724 cltaritas
3234 3670 3296 3724 de
3325 3670 3480 3724 corde

1883 3785 2036 3840 puro,
2066 3775 2114 3821 et
2137 3766 2458 3821 conscientia
2488 3765 2644 3829 bona,
2670 3773 2718 3818 et
2749 3763 2854 3833 fide
2885 3779 2990 3817 non
3018 3762 3144 3832 [icta
3169 3760 3221 3832 (1
3249 3760 3384 3814 Tim.
3414 3762 3474 3831 t).

1886 3858 2040 3927 Quod
2081 3873 2212 3928 ergo
2257 3871 2395 3927 aqua
2441 3856 2628 3911 diluvii
2677 3871 2782 3910 non
2830 3853 3055 3909 salvavit
3097 3862 3249 3907 extra
3293 3867 3477 3906 arcam

1885 3957 2110 4028 positos,
2143 3954 2238 4009 sed
2269 3952 2468 4009 occidit
2501 3951 2620 4010 sine
2643 3949 2827 4014 dublo,
2853 3945 3232 4018 praeﬁgurabat
3262 3961 3478 3999 omnem

1887 4047 2229 4109 hzereticum,
2250 4044 2380 4099 licet
2400 4044 2689 4098 habentem
2713 4039 3052 4110 baptismatis
3076 4045 3477 4093 sacramentum

1887 4141 1941 4196 in
1971 4140 2114 4201 aliis,
2147 4139 2242 4193 Sed
2273 4136 2404 4208 ipsis
2431 4137 2586 4206 aquis
2617 4135 2682 4189 ad
2715 4134 2927 4188 interna
2955 4130 3326 4197 mergendum,
3359 4128 3482 4197 qui:

1887 4234 1990 4288 bus
2025 4247 2150 4286 arca
2179 4230 2494 4286 sublevatur
2519 4229 2585 4282 ad
2611 4227 2829 4283 malum.
2868 4225 2986 4306 Ipse
3014 4237 3228 4294 quoque
3256 4232 3481 4276 octona-

1888 4321 2004 4376 rius
2034 4334 2295 4375 numerus
2322 4318 2626 4372 animarum
2647 4357 2661 4381 ,
2705 4331 2825 4385 qum
2853 4313 3014 4369 salvae
3043 4311 3198 4367 facta:
3228 4320 3354 4366 sunt
3385 4327 3482 4381 per

1889 4430 2120 4485 aquam,
2170 4411 2439 4482 signiﬁcat
2496 4410 2621 4480 quia
2675 4416 2861 4463 sancta
2917 4405 3158 4462 Ecclesia
3200 4405 3254 4459 in
3292 4420 3480 4460 saera-

1889 4513 2131 4561 mentum
2154 4504 2446 4559 Dominicze
2471 4501 2888 4557 resurrectionis
2911 4497 3168 4570 baptismi
3200 4498 3476 4554 lavacrum

203 4615 298 4655 non
340 4601 627 4655 audierunt
655 4598 870 4671 (Matth.
898 4598 1040 4668 xu),
1090 4599 1155 4652 de
1199 4613 1304 4667 qua
1351 4605 1407 4652 et
1455 4596 1776 4651 Psalmista:
1811 4635 1862 4696 D
1886 4599 2150 4670 percipit,
2192 4604 2254 4652 ut
2291 4597 2432 4652 sicut
2469 4595 2586 4667 ipse
2629 4591 2910 4649 resurrexit
2941 4609 2973 4646 a
3002 4591 3224 4646 mortuis
3253 4609 3346 4662 per
3369 4590 3481 4662 glo-

203 4693 533 4766 Defecerunt,
576 4694 771 4764 inquit,
800 4691 940 4747 oculi
969 4692 1070 4746 mei
1099 4692 1154 4745 in
1181 4691 1443 4762 eloquium
1476 4700 1624 4744 tuum
1644 4730 1659 4754 ,
1697 4691 1782 4743 di-

203 4797 364 4843 centes
395 4804 413 4841 :
469 4787 700 4853 Quando
749 4783 1103 4840 eonsolaberis
1153 4800 1234 4838 me
1307 4781 1494 4854 (Psal.
1548 4781 1784 4852 cxvnt)?

206 4877 380 4936 Sancti
415 4882 764 4951 quiescentes
803 4879 858 4932 in
898 4876 1110 4940 inferno
1141 4876 1605 4938 desideraverunt,
1641 4871 1784 4944 quod

207 4975 564 5031 descendente
608 4973 663 5028 in
705 4972 913 5028 inferna
958 4971 1204 5035 Domino,
1250 4971 1416 5024 etiam
1462 4969 1548 5024 his
1589 4969 1680 5038 qui
1728 4969 1783 5026 in

208 5080 418 5122 carcere
463 5072 664 5131 erant,
724 5073 782 5119 et
833 5063 1098 5118 increduli
1129 5064 1412 5132 quondam
1460 5060 1681 5115 fuerunt
1729 5062 1784 5114 in

209 5156 391 5213 diebus
433 5156 591 5222 Noe,
651 5154 953 5211 consolatio
997 5153 1082 5207 vel
1121 5131 1436 5208 .exhortatio
1492 5153 1784 5222 praedicata

208 5247 382 5306 fuerit.
429 5249 562 5307 llaec
602 5249 690 5306 ille
730 5248 951 5305 dixerit.
999 5245 1105 5302 Sed
1137 5246 1402 5302 catholica
1432 5244 1565 5300 ﬁdes
1598 5244 1785 5310 habet,

211 5345 344 5413 quod
387 5341 725 5402 descendens
769 5343 836 5397 ad
881 5338 1092 5396 inferna
1136 5339 1412 5401 Dominus,
1459 5353 1566 5392 non
1611 5338 1786 5392 incre-

212 5439 359 5496 dulos
399 5440 552 5506 inde,
595 5439 693 5496 sed
736 5435 924 5491 ﬁdeles
964 5432 1302 5489 solummodo
1347 5447 1474 5487 suos
1516 5433 1786 5496 educens,

215 5531 274 5583 ad
309 5532 551 5588 cmlestia
589 5545 775 5587 secum
815 5542 978 5600 regna
1019 5525 1356 5596 perduxerit,
1399 5539 1575 5593 neque
1613 5522 1792 5577 exutis

217 5636 438 5694 corpore
470 5623 776 5687 animabus,
821 5627 877 5676 et
919 5617 1217 5675 inferorum
1255 5631 1474 5671 carcere
1499 5614 1791 5679 damnatis,

219 5717 437 5771 salutem
486 5732 647 5786 quam
693 5723 818 5770 ante
861 5719 1094 5768 mortem
1140 5710 1474 5774 dilexerant,
1527 5709 1793 5779 prmdica—

219 5808 387 5870 verit,
434 5809 531 5864 sed
570 5821 791 5864 carcere
833 5805 1100 5862 scelerum
1146 5801 1367 5857 inclusis
1411 5802 1464 5855 in
1512 5802 1614 5854 hac
1652 5800 1793 5866 vita,

223 5898 301 5954 vel
341 5916 438 5976 per
475 5915 536 5956 se
575 5901 786 5975 ipsum,
829 5897 915 5955 vel
959 5911 1059 5970 per
1101 5910 1321 5952 suorum
1365 5892 1638 5964 exempla,
1685 5891 1798 5949 sive

1890 4695 2024 4746 riam
2063 4689 2272 4755 Patris,
2323 4689 2397 4743 ita
2448 4697 2503 4742 et
2549 4703 2650 4742 nos
2696 4687 2980 4755 expurgati
3028 4699 3056 4737 a
3104 4683 3344 4753 peccatis
3386 4700 3482 4754 per

1893 4799 2086 4854 aquam
2121 4780 2580 4854 regenerationis,
2628 4778 2682 4833 in
2727 4778 2957 4832 novitate
2997 4778 3118 4832 vim
3155 4776 3481 4832 ambulemus

1895 4877 2068 4949 (Rom.
2093 4883 2194 4944 vt).
2235 4876 2437 4930 Octava
2470 4888 2703 4943 namque
2730 4871 2865 4931 dies.
2899 4871 3003 4926 hoc
3031 4879 3133 4935 est,
3168 4879 3292 4942 post
3317 4871 3484 4940 septi-

1895 4986 2041 5026 mam
2065 4967 2278 5024 sabbati
2300 4967 2561 5024 Dominns
2583 4982 2610 5019 a
2634 4964 2863 5019 mortuis
2887 4978 3195 5034 resurgens,
3217 4970 3278 5030 et
3301 4977 3484 5017 exem-

1894 5065 2042 5135 plum
2067 5063 2221 5118 nobis
2242 5059 2436 5116 futura.-
2460 5057 2892 5122 rcsurrectionis,
2916 5063 2968 5111 et
2991 5055 3308 5128 mysterium
3332 5069 3483 5109 nova:

1889 5154 2337 5218 conversationis,
2368 5167 2472 5222 qua
2503 5152 2557 5206 in
2585 5151 2748 5206 terris
2773 5149 2965 5220 positi,
3008 5148 3286 5204 caelestem
3316 5145 3482 5198 vitam

1891 5261 2179 5317 ageremus
2206 5244 2478 5308 ostendit,
2521 5259 2685 5312 quam
2726 5242 2890 5298 etiam
2934 5239 3046 5312 ipse
3083 5238 3278 5294 Petrus
3318 5249 3484 5306 cxpo-
3561 5242 3563 5244 '

1892 5340 2071 5395 nendo
2101 5337 2399 5408 subiungit,
2429 5336 2616 5392 dicens
2642 5355 2654 5390 :

1968 5430 2074 5486 Per
2104 5429 2536 5483 resurrectionem
2567 5425 2783 5482 Domini
2810 5425 2939 5479 Iesu
2962 5419 3177 5482 Christi,
3209 5416 3300 5490 qui
3327 5426 3402 5472 est
3429 5415 3483 5473 in

1897 5525 2084 5581 dextra
2114 5523 2230 5578 Dei.
2270 5521 2574 5593 Deglutiens
2604 5530 2839 5580 mortem,
2873 5523 2935 5571 ut
2958 5515 3080 5568 vitae
3109 5519 3325 5566 :eternze
3354 5525 3484 5582 par-

1898 5616 2094 5687 ticipes
2124 5612 2482 5676 cﬁiceremnr,
2513 5610 2788 5682 profectus
2815 5607 2868 5662 in
2900 5604 3117 5659 omium.
3157 5600 3311 5657 Sicut
3340 5601 3486 5656 enim

1899 5709 2016 5778 ipse
2050 5720 2342 5775 resurgens
2375 5719 2402 5757 a
2439 5701 2698 5764 mortuis,
2736 5695 3038 5752 ascendens
3071 5694 3123 5749 in
3155 5693 3351 5750 cmlum
3375 5734 3388 5756 ,
3433 5698 3489 5745 et

1901 5802 2056 5856 sciet
2091 5815 2120 5852 a
2159 5797 2364 5852 dextris
2397 5796 2491 5849 Dci
2515 5835 2528 5857 ,
2576 5793 2655 5846 sic
2693 5789 2854 5844 etiam
2899 5790 3056 5844 nobis
3096 5803 3192 5858 per
3221 5785 3489 5856 baptisma

1902 5892 2046 5947 viam
2077 5888 2287 5954 salutis,
2319 5902 2382 5942 ac
2413 5882 2562 5954 regni
2593 5880 2833 5938 cmlestis
2864 5883 3142 5938 introitum
3188 5887 3372 5949 patere
3410 5872 3493 5927 sia
