4030 6462
541 399 544 402 ’
599 417 708 482 263

1893 410 2243 472 SMARAGDI
2279 405 2569 468 ABBATIS

3769 409 3879 474 964

525 541 546 584 ις
601 537 806 610 gmw“.
861 532 1009 589 Bene
1052 538 1234 586 autem
1273 528 1380 596 ait,
1427 528 1714 600 deglutiens
1742 537 1981 583 mortem.
2033 527 2188 594 Quod
2212 531 2267 590 Α
2361 523 2684 596 Spiritaliter
2708 525 2918 580 veniens
2939 525 3265 596 pradicavit.
3293 524 3487 582 Iisdem
3515 529 3757 597 scilicet,
3781 536 3874 604 qui

599 631 746 687 enim
783 627 1131 699 deglutimus,
1169 625 1380 696 agimus
1409 631 1471 679 ut
1497 623 1699 678 virtute
1736 623 1906 679 nostri
1939 621 2186 692 corporis

599 726 939 788 assumptum
972 730 1240 785 nusquam
1279 721 1490 785 parcat.
1537 713 1604 768 Et
1635 713 1916 784 deglutivit
1953 721 2184 769 mortem

600 811 894 874 Dominus,
941 821 1105 877 quam
1149 821 1439 878 resurgens
1479 821 1507 860 a
1551 805 1780 861 mortuis
1827 806 1903 860 ita
1944 805 2186 860 funditus

599 899 951 970 consumpsit,
1000 907 1062 954 ut
1101 898 1238 954 nihil
1277 904 1468 954 contra
1511 912 1570 952 se
1611 897 1754 952 ultra
1794 911 1892 968 per
1924 905 2185 953 attactum

601 992 831 1063 alicujus
860 992 1224 1063 corruptionis
1252 990 1560 1056 valeret,ac
1588 997 1838 1045 manente
1862 990 2043 1060 specie
2068 988 2184 1045 veri

597 1087 872 1158 corporis,
913 1088 1130 1143 abesset
1168 1099 1393 1157 prorsus
1417 1083 1570 1139 labes
1594 1083 1771 1138 omnis
1796 1083 1988 1154 priscae
2014 1079 2182 1152 fragi-

597 1178 788 1234 litatis.
827 1177 982 1245 Quod
1012 1177 1190 1248 ipsum
1231 1184 1288 1231 et
1329 1175 1486 1232 nobis
1515 1174 1571 1228 in
1600 1173 1707 1230 ﬁne
1733 1173 2071 1245 promittitur
2098 1170 2185 1226 fu-

598 1277 780 1325 turum
806 1310 822 1336 ,
873 1267 1087 1324 dicente
1121 1267 1398 1339 apostolo,
1442 1281 1564 1322 cum
1605 1265 1672 1321 de
1714 1273 1901 1320 nostra
1933 1278 2181 1319 resurre-

595 1363 775 1417 ctione
811 1363 1159 1432 loqueretur:
1194 1360 1338 1416 Tunc
1366 1361 1456 1431 ﬁet
1491 1377 1659 1415 sermo
1688 1360 1778 1431 qui
1807 1363 2034 1429 scriptus
2062 1365 2180 1412 est:

595 1454 853 1527 Absorpta
881 1464 960 1510 est
984 1472 1126 1510 mors
1159 1455 1218 1509 in
1242 1454 1466 1509 uictoria
1497 1452 1549 1526 (ι
1575 1449 1699 1508 Cor.
1725 1451 1838 1523 xv).
1896 1451 2040 1506 Bene
2080 1449 2178 1505 ab-

595 1555 780 1616 sorpta
804 1587 817 1610 ,
871 1548 998 1616 quia
1044 1563 1167 1603 cum
1218 1555 1274 1602 et
1321 1561 1421 1603 nos
1457 1545 1582 1600 vitae
1627 1553 1844 1600 :eternaa
1891 1543 2181 1615 participes

596 1636 857 1692 fuerimus
887 1636 1065 1694 effecti
1086 1678 1101 1703 ,
1149 1639 1224 1693 ita
1253 1637 1511 1692 nimirum
1543 1637 1714 1691 virtus
1749 1634 2048 1704 corporalis
2073 1633 2177 1688 im-

596 1726 979 1793 mortalitatis,
1029 1741 1190 1781 omne
1230 1724 1523 1795 praeterita:
1562 1724 1928 1794 corruptionis
1968 1738 2180 1778 naevum

593 1816 780 1884 tollet,
824 1817 1095 1887 quomodo
1132 1816 1268 1872 solet
1300 1815 1518 1870 ﬂamma
1560 1815 1700 1886 ignis
1741 1815 2042 1870 immissam
2074 1813 2176 1870 sibi

596 1923 752 1980 aquae
781 1917 987 1980 guttam
1013 1908 1224 1964 ardoris
1249 1906 1335 1962 sui
1359 1921 1679 1962 consumere
1702 1906 1926 1962 virtute.

1062 2014 1194 2055 ITEM
1232 2015 1355 2054 ΑΗΔ
1393 2013 1694 2054 EXPOSITIO.

662 2089 901 2146 Christus
939 2090 1095 2146 semel
1139 2108 1232 2162 pro
1277 2091 1500 2161 peccatis
1550 2089 1743 2144 nostris
1790 2097 2029 2144 mortuus
2074 2098 2171 2145 est.

592 2180 766 2237 Semel
793 2189 973 2236 autem
1003 2182 1160 2246 dixit,
1188 2181 1314 2251 quia
1344 2179 1593 2236 Christus
1618 2197 1836 2252 surgens
1881 2199 1914 2236 α
1951 2182 2174 2236 mortuis

582 2276 700 2347 jam
739 2293 844 2330 non
872 2277 1117 2344 moritur,
1153 2285 1201 2331 et
1229 2293 1368 2330 mors
1397 2275 1476 2328 illi
1506 2274 1650 2330 ultra
1685 2292 1789 2331 non
1815 2275 2175 2331 dominabitur

591 2365 769 2438 (Rom.
793 2367 890 2439 Vl).

656 2460 866 2516 Justus.
906 2460 985 2516 llli
1023 2461 1165 2516 enim
1203 2460 1492 2517 Psalmista
1530 2447 1700 2516 dicit:
1733 2457 1924 2514 Justus
1951 2475 2024 2524 es,
2056 2457 2171 2513 Do-

584 2553 763 2618 mine,
816 2563 865 2609 et
917 2563 1113 2608 rect-um
1149 2554 1415 2624 judicium
1456 2563 1604 2607 tuum
1631 2551 1804 2624 (Psal.
1833 2550 2045 2622 cxvm).
2102 2551 2173 2606 Et

584 2643 773 2699 Daniel
795 2645 868 2698 ait
892 2643 990 2699 :Et
1017 2646 1130 2710 tibi,
1153 2645 1394 2709 Domine,
1414 2645 1652 2714 justitia,
1678 2644 1824 2699 nobis
1847 2652 2020 2698 autem
2044 2658 2171 2698 con-

585 2736 726 2806 fusio
755 2735 911 2805 [aciei
938 2735 1099 2806 (Dan.
1127 2738 1228 2809 ιι).

657 2828 765 2882 Pro
794 2828 1023 2898 injustis.
1065 2829 1141 2884 De
1174 2830 1332 2885 nobis
1358 2829 1502 2884 enim
1533 2827 1723 2884 Daniel
1755 2828 1872 2883 ait:
1906 2825 2164 2884 Peccavi-

583 2932 727 2984 mus,
757 2917 954 2987 injuste
981 2918 1210 2988 egimus,
1239 2919 1582 2988 iniquitatem
1608 2918 1836 2974 fecimus
1863 2917 2026 2990 (Dan.
2053 2918 2161 2990 ιιι).

659 3008 725 3064 Ut
768 3026 862 3065 nos
896 3011 1106 3081 offerret
1153 3011 1285 3077 Deo,
1341 3012 1683 3081 mortiﬁcatos
1729 3011 1938 3083 quidem
1984 3029 2160 3078 carne,

581 3098 869 3169 uiviﬁcatos
924 3109 1100 3156 autem
1156 3101 1366 3172 spiritu.
1430 3103 1534 3173 (Ex
1579 3101 1742 3174 Aug.)
1814 3101 2162 3172 Mortiﬁcatos

582 3207 741 3246 carne
767 3193 896 3249 dicit
922 3211 934 3247 :
967 3193 1022 3248 id
1049 3203 1152 3260 est,
1174 3195 1440 3250 desideria
1466 3195 1707 3250 carnalia
1737 3211 1843 3251 non
1870 3195 2154 3262 habentes,

586 3285 654 3338 ad
707 3300 868 3354 quam
910 3285 1381 3342 mortiﬁcationem
1436 3303 1535 3342 nos
1592 3287 1793 3344 Paulus
1840 3289 2159 3345 adhortatur
2187 3271 2230 3333 (ἶ

581 3373 800 3431 dicens:
837 3374 1151 3446 Mortiﬁcate
1191 3379 1422 3433 membra
1456 3391 1651 3447 vestra,
1691 3399 1810 3454 qua:
1845 3391 1967 3437 sunt
2007 3401 2162 3455 super

580 3472 774 3519 terram
797 3506 810 3530 ,
861 3466 1260 3536 fornicationem
1293 3467 1430 3542 (Col.
1460 3471 1549 3542 ιι),
1588 3483 1644 3527 et
1670 3475 1849 3528 omnia
1889 3475 2038 3529 vitia.
2093 3474 2162 3530 Et

581 3551 748 3608 illud:
788 3553 849 3608 Si
877 3556 1066 3626 spiritu
1098 3557 1240 3626 facta
1276 3560 1451 3614 carnis
1489 3562 1951 3631 mortiﬁcaveritis,
1983 3565 2159 3620 vivetis

582 3642 761 3715 (Rom.
789 3645 931 3715 vni).
965 3646 1079 3701 Nisi
1107 3649 1250 3702 enim
1277 3651 1428 3720 prius
1454 3660 1675 3720 peccato
1703 3654 2020 3720 moriamur,
2051 3671 2161 3711 non

579 3746 868 3801 possumus
897 3750 994 3805 per
1015 3735 1285 3806 justitiam
1312 3739 1495 3795 vivere
1523 3739 1652 3797 Deo.
1686 3741 1842 3808 Quod
1870 3751 2052 3799 autem
2080 3744 2164 3800 di-

579 3823 657 3878 cit
678 3824 957 3893 viriﬁcatos
978 3828 1190 3898 spiritu,
1213 3829 1535 3902 intelligitur
1551 3833 1855 3890 viviﬁcatos
1876 3835 1932 3889 in
1957 3836 2158 3904 anima,

580 3915 758 3969 anima
781 3917 945 3983 ‘enim
991 3921 1217 3990 spiritus
1264 3923 1602 3999 intelligitur.
1659 3925 1786 3981 Sive
1817 3928 2160 3985 mortiﬁcatio

580 4007 779 4073 carnis,
809 4018 862 4064 et
889 4010 1181 4069 viviticatio
1209 4015 1451 4084 spiritus,
1482 4016 1538 4070 in
1563 4017 1831 4088 baptismo
1858 4019 1976 4076 ﬁeri
2005 4021 2163 4077 intel-

578 4096 781 4170 ligitur.
824 4100 999 4158 Morte
1023 4104 1168 4159 enim
1197 4103 1400 4161 Christi
1430 4107 1794 4178 baptizamur.
1835 4111 1893 4166 ln
1923 4112 2016 4168 illa
2045 4113 2162 4170 sine

577 4190 739 4246 dubio
771 4200 974 4259 morte,
1007 4209 1111 4263 qua
1140 4205 1364 4266 peccato
1394 4207 1642 4256 mortuus
1673 4209 1757 4257 est
1786 4203 1983 4272 semel,
2017 4213 2076 4261 ut
2108 4212 2163 4261 et

577 4297 676 4338 nos
701 4299 1019 4353 separemur
1045 4302 1075 4342 a
1102 4298 1346 4358 peccato,
1377 4300 1432 4347 et
1459 4293 1703 4351 vivamus
1730 4295 1862 4353 Deo.

648 4373 756 4446 (Ex
785 4374 1050 4450 Cassiod.)
1090 4381 1262 4435 Aliter
1290 4385 1630 4452 mortiﬁcatos
1670 4405 1863 4455 carne,
1907 4405 1976 4446 ne
2013 4391 2161 4447 litte-

577 4480 694 4519 ram
733 4466 869 4538 legis
895 4470 1186 4526 carnaliter
1214 4473 1602 4542 intelligamus.
1645 4477 1944 4548 Viviﬁcatos
1981 4491 2162 4539 autem

575 4557 782 4627 spiritu,
805 4559 859 4614 id
884 4570 985 4626 est,
1009 4562 1366 4630 spiritualiter
1393 4581 1614 4622 sensum
1640 4569 1774 4640 legis
1799 4570 2160 4645 intelligentes

575 4648 840 4704 vivamus.
881 4650 998 4707 Non
1025 4653 1170 4708 enim
1200 4653 1403 4711 idcirco
1428 4673 1528 4714 nos
1551 4657 1800 4718 Christus
1826 4663 2094 4720 abstraxit
2125 4682 2156 4721 a

575 4737 691 4812 lege
719 4743 957 4812 peccati,
1000 4753 1059 4799 ut
1086 4747 1342 4801 vetustati
1368 4747 1564 4805 litterae
1589 4752 1922 4820 serviamus,
1953 4755 2006 4812 id
2041 4764 2154 4825 est,

574 4838 635 4884 ut
673 4833 1141 4891 circumcisionem
1171 4838 1528 4908 recipiamus,
1565 4851 1621 4898 et
1650 4843 1900 4912 sabbata,
1936 4846 2020 4903 vel
2047 4864 2155 4904 cae-

574 4927 688 5010 tera
707 4962 721 4987 ,
759 4939 878 4992 qua:
903 4933 1115 4982 vetusta
1142 4927 1278 5000 legis
1305 4929 1486 4986 littera
1513 4934 1774 4990 continet.
1829 4934 1936 4992 Sed
1965 4945 2025 4992 ut
2053 4937 2158 5010 legi

573 5009 667 5066 Dei
695 5013 748 5067 in
775 5015 995 5084 Spiritus
1013 5020 1254 5077 novitate
1276 5023 1596 5092 serviamus,
1617 5027 1673 5082 id
1693 5035 1798 5095 est,
1819 5044 1886 5084 ex
1904 5009 2158 5088 omnibus

573 5120 693 5194 quae
722 5107 774 5162 in
800 5124 864 5163 ea
891 5112 1087 5183 scripta
1125 5123 1281 5183 sunt,
1323 5118 1622 5189 spiritalem
1651 5134 1902 5191 sensum,
1945 5123 2150 5194 Spiritu

570 5193 822 5263 donante,
854 5201 1152 5271 capiamus.

639 5279 714 5342 De
741 5290 955 5350 Christo
983 5297 1184 5353 dictum
1213 5306 1298 5356 est
1324 5318 1338 5356 :
1371 5301 1727 5374 Mortiﬁcatus
1759 5323 1948 5373 carne,
1977 5308 2148 5378 viviﬁ-

567 5390 716 5436 catus
743 5384 952 5455 spiritu.
984 5387 1074 5446 Sic
1103 5392 1168 5448 de
1194 5393 1414 5450 homine
1441 5397 1547 5454 dici
1572 5407 1753 5469 potest
1779 5419 1791 5454 :
1824 5400 2150 5458 Tabefactus

568 5485 761 5539 carne,
785 5473 1113 5544 justiﬁcatus
1133 5521 1148 5548 ,
1176 5482 1480 5542 viviﬁcatus
1507 5489 1720 5558 spiritu.

635 5559 703 5616 In
727 5581 848 5636 quo.
883 5566 1233 5639 Subauditur,
1265 5575 1318 5629 in
1349 5593 1457 5647 quo
1485 5579 1708 5649 spiritu,
1737 5581 1794 5636 in
1822 5581 1912 5638 illo
1941 5583 2148 5641 scilicet

567 5653 635 5711 de
661 5671 768 5726 quo
799 5662 1047 5729 superius
1076 5665 1243 5721 dicit:
1289 5665 1590 5736 Viviﬁcatos
1616 5681 1790 5725 autem
1818 5673 2031 5743 spiritu.

636 5747 705 5803 Et
741 5750 822 5804 his
849 5753 939 5822 qui
975 5755 1030 5810 in
1068 5773 1274 5812 carcere
1311 5770 1480 5816 erant.
1520 5761 1577 5818 ld
1613 5771 1728 5830 est,
1762 5763 1817 5819 in
1855 5778 2014 5833 arca,
2055 5766 2139 5825 vel

530 5899 534 5904 ,
560 5840 620 5916 in
648 5846 891 5921 corporis
917 5862 1132 5904 carcere
1161 5849 1349 5910 clausi.

2291 617 2606 674 incarnatus
2635 618 2701 673 de
2726 617 2929 689 Spiritu
2959 626 3147 673 sancto
3172 627 3228 673 et
3256 617 3424 674 Maria
3449 621 3683 694 virgine,
3717 628 3874 681 nobis

2287 718 2474 780 postea
2512 710 2734 766 veniens
2769 711 3027 776 visibilis,
3065 711 3398 781 praedicavit.
3440 712 3562 782 Ipse
3598 723 3732 770 tunc
3773 719 3874 773 illis

2287 800 2540 870 spirando
2586 801 2902 872 spiritaliter
2940 801 3286 872 praedicabat.
3336 803 3564 859 Dicebat
3611 807 3765 860 enim
3807 811 3874 864 ad

2285 891 2442 948 Noe:
2475 893 2600 948 Non
2642 894 2963 965 permanebit
3009 896 3224 966 spiritus
3267 912 3414 951 meus
3458 899 3517 952 in
3561 898 3783 955 homine
3823 904 3873 956 in

2285 991 2537 1038 wternum
2556 1025 2570 1050 ,
2601 986 2726 1057 quia
2755 1002 2877 1039 caro
2921 995 3016 1041 est.
3060 987 3128 1042 Et
3169 986 3299 1041 illud
3328 1002 3342 1041 :
3382 987 3576 1044 Delebo
3607 991 3872 1047 hominem

2283 1091 2437 1146 quem
2463 1077 2634 1130 creavi
2663 1094 2696 1130 a
2725 1077 2862 1147 facie
2893 1086 3048 1133 terrae
3070 1118 3085 1146 ,
3123 1078 3187 1132 ab
3222 1079 3430 1135 homine
3454 1097 3620 1152 usque
3649 1084 3721 1138 ad
3755 1088 3870 1139 ani-

2283 1171 2514 1237 mantia,
2565 1188 2598 1225 a
2643 1171 2813 1242 reptili
2860 1188 3022 1243 usque
3066 1173 3136 1228 ad
3177 1173 3412 1229 volucres
3458 1175 3607 1243 caeli,
3658 1180 3871 1247 panitet

2283 1261 2425 1315 enim
2460 1277 2542 1316 me
2580 1261 2764 1331 fecisse
2799 1279 2905 1318 eos.
2947 1263 3082 1320 ltem
3119 1265 3255 1321 dixit
3291 1265 3552 1323 Dominus
3589 1270 3660 1324 ad
3711 1270 3866 1326 Noe:

2283 1346 2438 1405 Finis
2481 1352 2737 1408 universa:
2783 1355 2957 1409 carnis
3003 1356 3139 1410 venit
3183 1373 3360 1412 coram
3401 1374 3504 1414 me.
3541 1359 3767 1431 Repleta
3798 1374 3869 1418 est

2280 1450 2423 1498 terra
2449 1444 2746 1515 iniquitate,
2774 1455 2826 1501 et
2847 1463 2941 1518 ego
2967 1448 3270 1520 disperdam
3298 1467 3386 1506 eos
3415 1469 3533 1506 cum
3559 1463 3726 1510 terra.
3758 1454 3868 1511 Fac

2279 1533 2376 1588 tibi
2399 1550 2579 1589 arcam
2601 1535 2664 1590 de
2689 1535 2844 1603 liquis
2871 1536 3137 1610 levigatis,
3167 1550 3273 1597 etc.
3309 1541 3473 1614 (Gen.
3501 1561 3555 1601 vr
3575 1544 3616 1618 ).

2351 1624 2456 1692 Qui
2489 1627 2747 1682 increduli
2781 1628 2990 1700 fuerant
3015 1630 3323 1704 aliquando,
3354 1637 3731 1707 exspectabant
3755 1640 3863 1695 Do-

2276 1718 2408 1773 mini
2443 1720 2769 1789 patientiam.
2807 1720 2866 1776 ld
2902 1730 3023 1790 est,
3067 1725 3161 1795 qui
3197 1733 3323 1783 ante
3359 1728 3627 1786 increduli
3666 1743 3859 1800 erant,

2279 1813 2562 1870 audientes
2612 1812 2725 1869 Noe
2777 1817 3159 1886 prmdicantem
3187 1859 3202 1886 ,
3254 1835 3320 1875 ea
3373 1837 3494 1892 qua:
3547 1837 3578 1878 a
3635 1823 3862 1883 Domino

2201 1907 2250 1967 B
2277 1903 2521 1971 audiens,
2553 1915 2868 1977 acceperat,
2900 1915 2954 1963 et
2980 1909 3226 1967 videntes
3257 1926 3399 1968 arcte
3426 1912 3695 1971 fabricam
3714 1959 3728 1981 ,
3764 1933 3859 1988 per

2277 2003 2496 2052 centum
2533 2012 2832 2066 annorum,
2861 1997 3184 2071 protendere
3222 2011 3436 2074 tempus
3472 2007 3860 2076 crediderunt,

2275 2101 2657 2164 exspectantes
2683 2093 2897 2152 Domini
2923 2097 3240 2168 patientiam
3260 2139 3276 2168 ,
3309 2108 3365 2156 et
3405 2099 3540 2157 salvi
3571 2100 3705 2160 facti
3741 2115 3864 2161 sunt

2276 2184 2332 2240 in
2364 2201 2511 2242 arca.

2345 2279 2413 2335 In
2437 2297 2542 2352 qua
2566 2282 2750 2352 pauci,
2782 2281 2838 2336 id
2862 2290 2967 2350 est,
2999 2291 3114 2338 octo
3145 2285 3338 2341 anima:
3365 2285 3519 2342 salva:
3541 2285 3707 2357 facta:
3739 2301 3862 2346 sunt

2273 2386 2365 2440 per
2401 2387 2613 2442 aquam.
2652 2371 2709 2427 ld
2750 2380 2834 2428 est
2861 2381 3094 2442 quatuor
3119 2375 3256 2443 viri,
3288 2374 3432 2445 Noe,
3460 2376 3618 2444 Sem,
3649 2378 3857 2447 Cham,

2273 2468 2327 2516 et
2349 2459 2612 2531 Japbeth,
2643 2471 2699 2518 et
2727 2473 2958 2534 quatuor
2984 2481 3184 2523 uxores
3209 2483 3394 2524 eorum
3412 2510 3427 2537 ,
3457 2471 3514 2526 id
3539 2479 3626 2527 est
3645 2513 3661 2539 ,
3693 2473 3861 2528 Puar—

2270 2552 2417 2620 fara,
2449 2554 2655 2621 Parﬂa,
2689 2556 2974 2626 Catafluia,
3001 2559 3176 2616 Fluia.

2341 2647 2449 2720 (Ea:
2476 2648 2634 2721 Isid.)
2672 2649 2784 2706 Noe
2825 2665 2984 2719 vero,
3033 2654 3126 2724 qui
3177 2655 3391 2725 requies
3442 2657 3854 2729 interpretatur,

2268 2737 2540 2795 Christum
2589 2740 2882 2812 significat,
2925 2743 3017 2814 qui
3055 2744 3222 2801 dicit:
3275 2745 3472 2802 Discite
3509 2766 3542 2803 a
3579 2767 3698 2816 me,
3738 2753 3859 2823 quia

2266 2830 2406 2885 mitis
2450 2847 2598 2896 sum,
2641 2841 2689 2886 et
2734 2833 2946 2888 humilis
2991 2835 3181 2904 corde,
3227 2846 3277 2892 et
3322 2839 3593 2896 invenietis
3637 2843 3858 2914 requiem

2265 2924 2540 2979 animabus
2565 2926 2766 2981 vestris.
2811 2925 2968 2983 Solus
3005 2927 3280 2985 invenitur
3307 2929 3488 3001 justus
3524 2933 3640 2992 Noe
3679 2934 3737 2990 in
3775 2935 3858 2991 illa

2263 3025 2455 3088 gente,
2485 3020 2572 3075 cui
2610 3029 2816 3090 septem
2855 3021 3103 3078 homines
3144 3023 3415 3079 donantur
3450 3035 3675 3096 propter
3704 3028 3860 3098 justi-

2265 3109 2392 3164 tiam
2423 3125 2597 3166 suam.
2640 3110 2797 3167 Solus
2840 3111 3020 3183 justus
3060 3121 3147 3169 est
3189 3113 3471 3183 Christus,
3516 3119 3607 3172 cui
3657 3128 3857 3190 septem

2262 3201 2544 3270 Ecclesia,
2573 3212 2796 3276 propter
2821 3205 3228 3275 septemplicem
3258 3207 3510 3279 spiritum
3552 3209 3859 3266 illuminan-

2263 3309 2373 3356 tem
2393 3337 2408 3361 ,
2437 3297 2492 3352 in
2521 3312 2682 3352 unam
2711 3297 3006 3353 Ecclesiam
3025 3339 3040 3366 ,
3070 3298 3224 3369 quasi
3250 3299 3305 3354 in
3329 3316 3492 3356 unam
3521 3316 3709 3359 arcam
3735 3319 3856 3360 con-

2263 3389 2479 3445 dantur.
2510 3389 2662 3458 Quod
2692 3405 2876 3447 arcam
2909 3391 3166 3448 instruxit
3194 3393 3306 3448 Noe
3335 3394 3400 3450 de
3430 3395 3591 3467 lignis
3623 3413 3734 3452 non
3761 3413 3852 3469 pu-

2264 3481 2647 3549 trescentibus,
2677 3481 2975 3538 Ecclesiam
3015 3482 3314 3556 significat,
3361 3501 3480 3556 qua:
3521 3489 3857 3544 construitur

2263 3589 2296 3628 a
2325 3572 2540 3630 Christo
2573 3574 2639 3630 de
2683 3573 2994 3630 hominibus
3035 3575 3091 3630 in
3121 3584 3383 3632 aeternum
3423 3577 3673 3634 victuris.
3719 3580 3853 3635 Area

2262 3665 2408 3719 enim
2445 3663 2743 3720 Ecclesiam
2781 3665 3141 3732 demonstrat,
3173 3683 3295 3738 qute
3333 3676 3488 3724 natat
3515 3669 3571 3724 in
3601 3669 3854 3726 ﬂuctibus

2262 3755 2448 3811 mundi
2493 3755 2671 3827 hujus.
2710 3754 2864 3812 Sicut
2899 3759 3045 3813 enim
3091 3767 3219 3815 tunc
3260 3759 3372 3817 Noe
3421 3775 3544 3816 cum
3594 3764 3714 3819 suis
3758 3780 3854 3835 per

2264 3863 2458 3918 aquam
2487 3857 2543 3906 et
2581 3849 2787 3920 lignum
2827 3851 3066 3907 salvatus
3094 3860 3213 3918 est,
3258 3853 3336 3909 sic
3373 3861 3428 3909 et
3467 3870 3612 3912 nunc
3651 3857 3849 3912 familia

2262 3937 2463 3994 Christi
2489 3954 2587 4010 per
2614 3940 2941 4011 baptismum
2981 3950 3036 3998 et
3073 3943 3251 3999 crucis
3288 3945 3594 4016 passionem
3643 3947 3850 4002 salvan-

2263 4038 2370 4084 tur.
2403 4029 2555 4086 Unde
2579 4039 2637 4088 et
2661 4031 2750 4088 hic
2777 4031 3024 4089 subditur
3054 4051 3068 4089 :

2335 4121 2488 4188 Quod
2524 4131 2574 4178 et
2610 4140 2698 4179 vos
2736 4141 2873 4180 nunc
2911 4125 3096 4181 similis
3134 4126 3320 4197 formce
3366 4126 3537 4184 salvos
3578 4130 3713 4200 facit
3756 4132 3846 4186 ba-

2260 4214 2472 4284 ptisma.
2505 4213 2640 4282 Quia
2671 4215 2812 4272 sicut
2843 4225 2972 4274 tunc
3014 4233 3152 4289 aqua
3197 4235 3294 4276 eos
3331 4220 3423 4290 qui
3454 4221 3511 4277 in
3537 4238 3669 4279 arca
3695 4233 3848 4279 erant

2263 4302 2524 4372 salvavit,
2564 4305 2639 4360 ita
2675 4315 2731 4362 et
2765 4323 2911 4362 nunc
2947 4322 3074 4375 eos,
3113 4309 3206 4379 qui
3245 4309 3298 4364 in
3338 4310 3602 4368 Ecclesia:
3639 4315 3848 4370 unitate

2263 4407 2614 4470 permanent,
2664 4399 2892 4456 delenda
2939 4409 3165 4472 peccata
3202 4403 3500 4474 baptismus
3537 4416 3842 4462 conservat.

2263 4493 2333 4548 Et
2367 4493 2508 4549 sicut
2544 4502 2674 4550 tunc
2711 4494 2805 4564 qui
2840 4502 2997 4550 extra
3029 4509 3212 4551 arcam
3244 4507 3401 4552 erant
3424 4498 3744 4568 perierunt,
3774 4501 3845 4556 ita

2265 4589 2320 4636 et
2345 4595 2518 4646 nunc,
2549 4581 2642 4650 qui
2667 4589 2825 4636 extra
2853 4579 3154 4637 Ecclesiam
3179 4591 3312 4638 sunt
3335 4584 3609 4654 peribunt.

2333 4673 2455 4729 Non
2490 4675 2666 4730 carnis
2702 4674 2954 4745 depositio
2991 4675 3249 4731 sordium.
3288 4676 3348 4732 Id
3374 4685 3488 4746 est,
3518 4693 3627 4734 non
3657 4679 3841 4751 bapti-

2255 4783 2403 4832 sma,
2453 4766 2596 4837 quod
2638 4766 2827 4822 sordes
2869 4767 3087 4839 deponit
3130 4769 3346 4836 carnis,
3391 4770 3488 4827 sed
3532 4771 3679 4840 quod
3728 4789 3843 4827 ma-

2254 4857 2403 4915 culas
2455 4857 2600 4912 lavat
2643 4858 2861 4914 mentis.
2908 4858 3184 4930 Baptisma
3228 4861 3376 4917 enim
3424 4860 3626 4919 ablatio
3669 4864 3842 4920 inter-

2253 4956 2503 5021 pretatur
2529 4949 2616 5004 vel
2645 4949 2858 5006 tinctio.

2333 5038 2437 5095 Sed
2465 5042 2798 5097 conscientia:
2828 5041 2975 5097 bona:
3002 5041 3342 5116 interrogatio
3370 5047 3427 5102 in
3451 5045 3640 5101 Deum.
3671 5046 3844 5104 Inter-

2258 5132 2466 5202 rogatio
2489 5133 2635 5188 cnim
2659 5119 2954 5190 sacerdo'tis
2977 5142 3098 5190 est:
3129 5134 3316 5192 Credis
3345 5137 3400 5192 in
3425 5138 3594 5194 Deum
3621 5137 3843 5196 Patrem

2257 5225 2718 5296 omnipotentem,
2746 5233 2802 5282 et
2829 5225 2885 5281 in
2913 5224 3097 5282 Jesum
3136 5225 3412 5285 Christum
3450 5228 3650 5286 Filium
3690 5231 3840 5302 ejus,

2255 5326 2312 5373 et
2337 5317 2392 5372 in
2423 5317 2685 5388 Spiritum
2710 5318 2993 5374 sanctum?
3030 5318 3331 5390 Responsio
3367 5330 3548 5378 autem
3586 5325 3745 5380 bona:
3784 5333 3842 5382 et

2255 5407 2518 5478 simplicis
2563 5408 2910 5464 conscientia:
2956 5418 3079 5466 est:
3133 5410 3342 5480 Credo,
3390 5429 3510 5485 quae
3555 5417 3843 5487 responsio

2255 5497 2530 5553 hominem
2562 5498 2736 5554 salvat
2760 5540 2775 5567 ,
2805 5506 2860 5555 et
2889 5501 2958 5558 ab
2983 5509 3187 5558 aeterno
3219 5502 3447 5560 interitu
3474 5505 3692 5562 liberat.

2321 5585 2430 5644 Per
2454 5593 2884 5646 resurrectionem
2906 5591 3119 5646 Domini
3146 5595 3312 5648 nostri
3336 5595 3465 5651 Jesu
3491 5593 3723 5665 Christi,
3745 5599 3841 5672 qui

2246 5688 2322 5734 est
2349 5681 2406 5734 in
2431 5681 2645 5737 dextera
2672 5681 2792 5736 Dei.
2831 5681 2902 5738 Ut
2940 5681 3110 5738 illud:
3145 5682 3468 5742 Resurrexit
3494 5702 3527 5742 a
3564 5690 3836 5759 mortuis,

2243 5772 2486 5828 ascendit
2516 5774 2569 5828 in
2597 5773 2824 5839 cazlum,
2852 5774 3004 5831 sedet
3026 5790 3058 5829 a
3084 5775 3330 5833 dextram
3360 5778 3480 5844 Dei,
3510 5795 3635 5850 qua:
3659 5782 3835 5839 sessio

2241 5862 2600 5941 mqualitatem
2629 5866 2912 5938 potestatis
2944 5866 3060 5943 ejus
3088 5882 3209 5925 cum
3238 5868 3398 5928 Patre
3425 5871 3719 5945 significat.
