4030 6450
391 538 730 603 ενλκὰεωυη
769 560 1066 609 ιιλττιιιει,
1106 561 1225 599 cn.
1269 554 1493 597 ULTIIO.

225 654 245 688 ι
282 634 548 691 Undecim
573 637 821 706 discipuli
846 637 1099 690 abierunt
1126 636 1179 688 in
1203 633 1482 689 Galilaeam
1510 629 1566 684 in
1593 644 1745 684 mon-

147 746 170 780 ι
209 737 325 783 tem
353 728 445 782 ubi
475 729 838 783 constituerat
865 727 975 782 illis
999 726 1180 782 Jesus.
1215 725 1284 780 Et
1311 723 1557 778 videntes
1583 736 1708 776 eum
1726 761 1742 787 ,

145 839 170 873 ι
206 821 612 886 adoraverunt,
645 821 866 892 quidam
910 828 1091 875 autem
1123 818 1526 874 dubitaverunt.
1560 817 1628 871 Et
1654 832 1746 872 ac-

146 931 171 964 ι
208 911 411 968 cedens
450 910 641 979 Jesus,
684 911 900 968 locutus
933 918 1018 966 est
1060 910 1196 971 illis.
1228 909 1455 964 dicens:
1487 909 1619 962 Data
1660 912 1748 963 est

147 1024 171 1057 ι
209 1005 347 1060 mihi
389 1005 569 1061 omnis
607 1013 853 1077 potestas
895 1005 951 1059 in
993 1001 1134 1058 coelo
1159 1003 1297 1057 etin
1337 1010 1502 1057 terra.
1542 1001 1747 1056 Euntes

147 1117 171 1151 ι
209 1098 406 1155 docete
431 1114 621 1154 omnes
647 1110 867 1171 gentes,
899 1097 1239 1168 baptizantes
1279 1110 1404 1161 eos,
1435 1096 1491 1150 in
1528 1094 1751 1148 nomine

146 1209 170 1242 ι
206 1191 386 1261 patris
415 1199 471 1246 et
498 1191 594 1245 ﬁlii
624 1200 680 1248 et
705 1192 935 1262 spiritus
965 1191 1171 1253 sancti,
1209 1190 1469 1244 docentes
1512 1202 1608 1242 eos
1633 1201 1749 1242 ser—

149 1299 172 1332 c
210 1296 347 1336 vare
390 1281 572 1336 omnia
613 1296 951 1352 quaecunque
993 1279 1251 1336 mandavi
1289 1278 1465 1334 vobis.
1510 1277 1580 1332 Et
1619 1291 1749 1333 ecce

150 1389 174 1424 ι
212 1385 315 1442 ego
342 1370 622 1426 vobiscum
651 1387 771 1426 sum
797 1371 1052 1426 omnibus
1075 1370 1296 1435 diebus,
1324 1383 1496 1438 usque
1523 1367 1591 1423 ad
1618 1382 1749 1422 con-

152 1481 173 1515 s
212 1464 638 1518 suinmationem
669 1463 874 1518 saeculi.
909 1483 928 1516 ι

225 1551 481 1608 Undecim
511 1553 757 1624 discipuli
785 1554 1027 1608 abierunt
1054 1554 1110 1607 in
1137 1549 1417 1606 Galilaeam
1441 1552 1498 1604 in
1519 1559 1744 1606 montem

148 1646 240 1702 ubi
267 1647 610 1700 constituerat
638 1645 746 1700 illis
771 1645 952 1701 Jesus.
983 1645 1096 1717 (Ex
1126 1642 1386 1714 Hieron.)
1415 1641 1546 1697 Post
1570 1656 1748 1696 resur-

148 1739 452 1794 rectionem
479 1738 626 1793 enim
654 1736 814 1792 Jesus
842 1739 897 1792 in
924 1736 1142 1792 Galiltea
1173 1742 1356 1788 monte
1385 1731 1744 1801 conspicitur,

149 1831 337 1902 ibique
366 1829 647 1895 adoratur,
675 1830 807 1884 licet
837 1830 1058 1901 quidam
1091 1828 1371 1892 dubitent,
1403 1828 1497 1882 sed
1526 1825 1746 1880 dubita-

973 402 1496 487 COLLECTIONES
1534 421 1603 478 1N
1642 418 2023 477 EPISTOLAS
2064 419 2153 476 ET
2193 415 2611 476 EVANGELIA.

1765 539 1821 600 Α
1843 531 1982 589 milis
2018 533 2204 603 farina:
2240 532 2413 588 salvos
2459 531 2583 602 facit
2617 529 2896 601 baptisma.
2931 527 3286 600 Evangelium
3315 527 3392 580 ait
3421 544 3436 582 :

1845 627 2042 683 Docete
2067 644 2246 682 omnes
2269 635 2466 697 gentes,
2492 624 2815 694 baptizantes
2839 637 2926 675 eos
2950 622 3005 674 in
3027 622 3234 675 nomine
3259 618 3440 673 Patris

1846 728 1895 775 et
1924 718 2058 774 Filii
2084 729 2131 773 et
2161 717 2392 789 Spiritus
2418 717 2622 782 sancti;
2649 716 2739 785 qui
2768 713 3048 768 crediderit
3072 723 3122 767 et
3145 713 3440 784 baptizatus

1848 811 2046 882 fuerit,
2076 810 2253 865 salvus
2284 809 2379 864 erit
2411 807 2429 879 (
2454 807 2646 862 Matth.
2675 805 2863 860 ultimo
2888 805 2929 875 ).

2099 940 2410 1002 SABBATO
2445 941 2514 997 IN
2555 938 2833 996 OCTAVA
2866 936 3187 993 PASCHA‘].

2059 1074 2318 1115 EPISTOLA
2356 1071 2516 1113 ΒΕΔΤῘ
2553 1070 2716 1110 PETRI
2741 1068 2953 1119 ΑΡοετ..
2991 1066 3110 1107 CAP.
3157 1067 3219 1108 ll.

1929 1212 1947 1246 ι
1983 1195 2328 1264 Deponentes
2353 1205 2572 1246 omnem
2601 1187 2868 1243 malitiam
2899 1193 2954 1241 et
2978 1199 3197 1241 omnem
3227 1183 3408 1240 dolum
3428 1225 3442 1248 ,

1858 1303 1876 1337 ι
1913 1292 1969 1340 et
1997 1283 2372 1339 simulationes
2394 1280 2736 1344 etinvidias,
2758 1287 2813 1333 et
2829 1292 3021 1333 omnes
3051 1275 3445 1340 detractiones,

1858 1396 1876 1429 ι
1911 1377 2057 1432 sicut
2083 1375 2244 1430 modo
2271 1374 2438 1443 geniti
2467 1372 2725 1438 infantes,
2756 1370 3129 1433 rationabiles,
3159 1369 3277 1423 sine
3301 1366 3444 1432 dolo,

1857 1487 1876 1518 ‹
1913 1467 1998 1522 lac
2025 1466 2427 1536 concupiscite,
2458 1473 2519 1518 ut
2545 1465 2600 1518 in
2630 1477 2697 1518 eo
2723 1462 2985 1518 crescatis
3012 1461 3066 1515 in
3111 1459 3367 1522 salutem,
3401 1458 3448 1513 si

1858 1578 1876 1612 ‹
1912 1567 2099 1614 tamen
2130 1560 2390 1632 gustastis
2429 1558 2690 1628 quoniam
2719 1557 2894 1612 dulcis
2922 1564 3008 1610 est
3051 1555 3347 1620 Dominus,
3379 1551 3451 1606 ad

1856 1668 1875 1702 ι
1912 1665 2074 1720 quem
2122 1649 2446 1704 accedentes
2494 1647 2731 1717 lapidem
2760 1648 2977 1712 vivum,
3021 1647 3092 1700 ab
3134 1643 3450 1700 hominibus

1857 1761 1876 1794 ι
1913 1743 2297 1813 reprobatum,
2329 1756 2361 1794 a
2391 1740 2504 1794 Deo
2545 1749 2728 1794 autem
2757 1739 2989 1793 electum
3031 1745 3086 1792 et
3123 1735 3451 1792 honoriﬁca-

1855 1851 1875 1885 ‹
1913 1843 2057 1899 tum,
2087 1842 2141 1887 et
2181 1833 2283 1902 ipsi
2329 1839 2593 1901 tanquam
2638 1831 2846 1901 lapides
2886 1831 2997 1885 vivi
3046 1828 3451 1900 superaulitica-

151 1924 232 1979 tio
271 1939 462 1979 eorum
503 1932 748 1979 nostram
791 1932 954 1993 auget
997 1923 1156 1978 ﬁdem
1177 1963 1192 1988 ,
1238 1922 1365 1976 dum
1405 1919 1749 1975 manifestius
1775 1908 1824 1968 Β
1859 1944 1878 1976 ι
1914 1925 2048 1980 mini
2076 1925 2131 1979 in
2161 1923 2351 1979 domos
2378 1921 2672 1994 spiritales,
2705 1923 2914 1977 hostias
2943 1921 3311 1991 acceptabiles
3339 1920 3451 1974 Deo

151 2015 456 2070 ostenditur
483 2015 734 2080 Thomas,
775 2021 832 2069 et
873 2013 1012 2069 latus
1055 2013 1244 2070 lancea
1286 2001 1662 2078 vulneratum,
1695 2020 1752 2066 et

153 2122 351 2162 manus
381 2106 517 2162 ﬁxas
541 2108 881 2162 demonstrat
907 2106 1095 2162 clavis.

225 2197 299 2252 Et
341 2198 591 2252 accedens
630 2197 824 2264 Jesus,
868 2197 1073 2252 locutus
1118 2206 1195 2252 est
1235 2196 1455 2251 dicens:
1495 2195 1635 2250 Data
1675 2203 1753 2250 est

153 2289 285 2342 mihi
312 2291 480 2343 omnis
503 2298 754 2360 potestas,
781 2297 886 2344 etc.
920 2289 1054 2342 Data
1078 2297 1162 2344 est
1189 2288 1273 2354 ei,
1302 2287 1396 2356 qui
1425 2287 1588 2358 paulo
1627 2295 1755 2340 ante

150 2383 450 2439 cruciﬁxus
475 2391 588 2448 est,
617 2384 712 2453 qui
740 2382 984 2452 sepultus
1012 2382 1067 2435 in
1100 2380 1345 2448 tumulo,
1380 2379 1475 2447 qui
1507 2385 1757 2431 mortuus

147 2474 435 2545 iacuerat,
467 2476 560 2545 qui
590 2485 782 2545 postea
808 2481 1203 2530 resurrexerat.
1232 2473 1291 2528 In
1321 2471 1461 2527 caelo
1491 2480 1674 2526 autem
1703 2478 1760 2525 et

147 2568 207 2624 in
239 2575 390 2622 terra
420 2574 666 2638 potestas
695 2567 820 2622 data
847 2574 964 2631 est,
997 2576 1058 2620 ut
1081 2565 1173 2635 qui
1202 2574 1362 2619 antea
1392 2563 1657 2635 regnabat
1701 2559 1758 2615 in

149 2661 323 2725 cmlo,
352 2675 452 2730 per
480 2658 644 2714 ﬁdem
672 2658 1014 2714 credentium
1044 2665 1233 2728 regnet
1262 2657 1319 2710 in
1351 2657 1538 2711 terris.

225 2754 431 2809 Euntes
466 2768 590 2823 ergo
629 2751 809 2806 docete
834 2767 1014 2804 omnes
1053 2759 1227 2821 gentes
1249 2790 1264 2815 ,
1293 2749 1620 2819 baptizantes
1667 2764 1756 2802 eos

151 2847 214 2900 in
241 2845 450 2899 nomine
487 2841 672 2898 Patris
699 2850 748 2896 et
772 2840 904 2896 Filii
940 2851 988 2896 et
1019 2839 1247 2912 Spiritus
1275 2841 1468 2895 sancti.
1509 2839 1756 2894 Primum

155 2937 358 2993 docent
387 2950 580 2992 omnes
604 2943 816 3006 gentes,
840 2934 1035 2989 deinde
1057 2934 1247 2989 doctos
1271 2933 1546 3003 intingnnt
1572 2946 1713 3001 aqua
1738 2946 1754 2997 ;

153 3044 271 3084 non
299 3028 444 3084 enim
474 3036 655 3100 potest
684 3027 802 3082 ﬁeri
831 3037 892 3082 ut
916 3042 1114 3096 corpus
1138 3024 1395 3095 baptismi
1422 3024 1649 3094 recipiat
1676 3037 1760 3078 sa-

155 3129 507 3177 cramentum
527 3161 542 3186 ,
572 3118 678 3175 nisi
705 3125 866 3174 antea
897 3118 1076 3172 anima
1121 3116 1246 3172 ﬁdei
1279 3115 1584 3186 susceperit
1612 3113 1758 3169 veri-

157 3219 353 3278 tatem.
391 3211 746 3281 Baptizantur
773 3217 990 3274 autem,
1021 3209 1076 3263 in
1105 3207 1325 3262 nomine
1352 3204 1562 3272 Patris,
1593 3211 1649 3260 et
1675 3203 1762 3259 Fi-

158 3303 249 3370 lii,
282 3311 337 3357 et
365 3295 604 3374 Spiritus
631 3301 840 3368 sancti,
872 3308 934 3355 ut
962 3313 1196 3368 quorum
1226 3303 1312 3351 est
1338 3310 1446 3350 una
1477 3295 1758 3362 divinitas,

161 3395 235 3450 sit
265 3409 373 3448 una
401 3392 635 3464 largitio,
659 3406 972 3461 nomenque
995 3387 1280 3443 Trinitatis
1309 3401 1452 3442 unus
1479 3385 1624 3440 Deus
1654 3392 1758 3440 est.

235 3487 493 3542 Docentes
530 3501 616 3540 eos
664 3499 875 3539 servare
915 3481 1095 3536 omnia
1138 3495 1462 3551 quwcunque
1511 3476 1763 3530 mandavi

161 3577 332 3632 vobis.
373 3575 519 3631 Ordo
558 3575 884 3646 praecipuus.
943 3571 1106 3626 Jubet
1142 3569 1404 3642 apostolis
1437 3579 1498 3623 ut
1524 3569 1762 3640 primum

162 3667 427 3722 docerent
463 3667 750 3721 universas
800 3672 1023 3736 gentes,
1075 3663 1269 3718 deinde
1318 3661 1445 3718 ﬁdei
1493 3663 1765 3733 tingerent

163 3766 513 3814 sacramento
533 3799 548 3824 ,
578 3766 634 3811 et
657 3764 781 3826 post
813 3756 975 3811 ﬁdem
1003 3770 1069 3810 ac
1097 3753 1399 3825 baptisma,
1431 3767 1553 3822 quas
1580 3759 1764 3806 essent

165 3849 510 3906 observanda
539 3849 918 3920 przeciperent.
951 3846 1032 3902 Ac
1058 3863 1127 3902 ne
1168 3855 1424 3917 putemus
1465 3845 1603 3899 levia
1643 3859 1764 3900 esse

165 3958 289 4012 quae
325 3940 639 4011 jusserunt,
684 3948 741 3995 et
777 3955 951 4008 pauca
997 3939 1187 3993 addit:
1219 3937 1414 3992 Omnia
1442 3952 1766 4007 quwcunque

166 4025 420 4088 mandavi
449 4031 624 4097 vobis,
668 4040 732 4086 ut
759 4031 854 4100 qui
889 4029 1240 4095 crediderint,
1278 4030 1369 4099 qui
1400 4029 1457 4082 in
1498 4027 1767 4083 Trinitate

167 4123 377 4179 fuerint
408 4122 690 4191 baptizati,
719 4122 902 4175 omnia
931 4121 1133 4175 faciant
1160 4136 1281 4190 qua:
1309 4129 1580 4190 prrccepta
1615 4126 1762 4174 sunt.

241 4215 384 4269 Ecce
424 4229 516 4283 ego
557 4211 819 4265 vobiscum
862 4227 980 4264 sum
1019 4209 1261 4263 omnibus
1299 4208 1482 4262 diebus
1509 4225 1672 4280 usque
1697 4209 1767 4262 ad

172 4304 682 4361 consummationem
723 4300 928 4356 swculi.
969 4299 1074 4366 Qui
1111 4312 1284 4368 usque
1323 4297 1392 4352 ad
1418 4313 1768 4353 consumma-

172 4400 382 4454 tionem
425 4394 609 4452 steculi
653 4409 776 4449 cum
817 4392 1097 4462 discipulis
1141 4391 1258 4446 suis
1288 4406 1346 4446 se
1376 4390 1618 4446 futurum
1649 4405 1771 4446 esse

171 4489 478 4562 promittit,
524 4497 580 4543 et
625 4487 745 4542 illos
788 4480 1026 4542 ostendit
1073 4499 1289 4555 semper
1331 4497 1453 4540 esse
1496 4483 1767 4551 victuros,

1861 2036 1879 2068 ι
1914 2033 2013 2088 per
2038 2015 2225 2072 Jesum
2252 2015 2550 2071 Christum.
2583 2014 2816 2085 Propter
2841 2015 2988 2084 quod
3027 2015 3273 2069 continet
3305 2012 3453 2067 Scri-

1863 2129 1880 2160 ‹
1914 2119 2118 2180 ptura:
2165 2110 2306 2165 Ecce
2345 2125 2547 2180 ponam
2590 2109 2646 2163 in
2687 2107 2819 2162 Sion
2864 2108 3096 2179 lapidem
3141 2122 3451 2172 summum,

1861 2218 1882 2251 ‹
1918 2205 2267 2271 angularem,
2319 2200 2588 2266 electum,
2651 2201 2988 2269 pretiosum,
3033 2206 3090 2253 et
3138 2198 3317 2254 omnis
3361 2198 3456 2266 qui

1863 2312 1882 2345 ‹
1916 2294 2208 2348 crediderit
2249 2295 2305 2347 in
2349 2309 2472 2347 eum
2514 2309 2622 2348 non
2666 2293 3050 2348 confundetur.
3081 2292 3250 2348 Vobis
3290 2293 3458 2362 igitur

1867 2402 1884 2435 ‹
1922 2385 2098 2438 honor
2143 2384 2522 2448 credentibus,
2555 2398 2662 2437 non
2709 2383 3059 2437 credentibus
3105 2391 3290 2437 autem
3317 2382 3458 2451 lapis

1867 2495 1886 2527 ‹
1921 2491 2088 2546 quem
2128 2477 2557 2546 reprobaverunt
2600 2474 2962 2538 aediﬁcantes,
3008 2475 3101 2528 hic
3142 2473 3321 2529 factus
3375 2480 3461 2528 est

1866 2589 1885 2620 ‹
1919 2570 1974 2624 in
2027 2578 2188 2638 caput
2235 2567 2452 2638 anguli,
2508 2575 2564 2622 et
2601 2566 2740 2637 lapis
2787 2566 3141 2632 oll‘ensionis,
3194 2573 3250 2620 et
3303 2573 3459 2635 petra

1868 2679 1886 2712 ‹
1922 2659 2202 2725 scandali,
2249 2659 2336 2715 his
2382 2659 2474 2729 qui
2519 2657 2800 2714 ollendunt
2845 2658 3043 2722 verbo,
3087 2672 3188 2712 nec
3227 2657 3460 2714 credunt

1867 2770 1886 2805 ‹
1922 2752 1976 2806 in
2003 2765 2112 2822 quo
2146 2758 2202 2806 et
2239 2750 2401 2820 positi
2436 2757 2582 2804 sunt.
2627 2749 2734 2806 Vos
2767 2757 2950 2805 autem
2988 2763 3160 2820 genus
3184 2748 3419 2805 electum

1867 2863 1886 2897 ι
1927 2843 2109 2916 regale
2150 2843 2550 2910 sacerdotium,
2577 2857 2710 2914 gens
2745 2852 2964 2906 sancta,
3000 2840 3234 2912 populus
3272 2841 3446 2911 aequi.

1867 2956 1886 2991 ι
1923 2937 2171 3002 sitionis,
2226 2946 2287 2990 ut
2324 2936 2558 2992 virtutes
2603 2936 2941 2991 annuntietis
2975 2935 3095 3005 ejus
3140 2933 3232 3004 qui
3277 2934 3345 2989 de
3386 2943 3463 2988 te-

1868 3048 1888 3081 (
1921 3029 2111 3085 nebris
2134 3044 2232 3084 vos
2258 3030 2477 3084 vocavit
2505 3030 2560 3084 in
2587 3028 2912 3084 admirabile
2937 3027 3118 3083 lumen
3145 3042 3304 3082 suum
3323 3067 3340 3094 ,
3367 3028 3462 3098 qui

1869 3135 1890 3170 ι
1924 3117 2220 3188 aliquando
2249 3133 2357 3173 non
2386 3117 2618 3188 populus
2636 3158 2651 3183 ,
2681 3133 2829 3173 nunc
2858 3126 3040 3172 autem
3071 3115 3302 3187 populus
3328 3116 3460 3180 Dei,

1870 3228 1890 3262 ι
1926 3210 2021 3281 qui
2046 3225 2154 3266 non
2180 3210 2459 3266 consecuti
2486 3209 2948 3275 misericordiam,
2979 3223 3123 3263 nunc
3150 3218 3332 3265 autem
3357 3207 3461 3264 mi-

1871 3317 1893 3352 ι
1925 3301 2283 3356 sericordiam
2314 3301 2615 3355 consecuti.
2649 3319 2671 3354 ι

1938 3391 2265 3462 Deponentes
2295 3407 2500 3444 omnem
2535 3389 2794 3444 malitiam
2835 3398 2882 3444 et
2925 3406 3130 3445 omnem
3167 3389 3383 3457 dolum,
3413 3398 3467 3448 et

1866 3481 2233 3537 simulationes
2252 3523 2267 3546 ,
2299 3491 2348 3535 et
2386 3481 2644 3548 invidias,
2675 3490 2726 3535 et
2761 3497 2937 3536 omnes
2972 3480 3325 3536 detractiones
3344 3522 3359 3547 ,
3389 3484 3466 3538 si-

1868 3582 1953 3627 cut
1985 3571 2138 3626 modo
2167 3573 2329 3643 geniti
2358 3572 2618 3643 infantes,
2652 3572 3026 3638 rationabiles,
3055 3573 3168 3626 sine
3196 3571 3350 3640 dolo,
3381 3573 3466 3629 lac

1867 3665 2248 3736 concupiscite,
2277 3673 2385 3721 etc.
2424 3665 2549 3739 (Ex
2577 3665 2786 3739 Beda.)
2826 3665 2928 3734 Qui
2971 3667 3147 3722 renati
3185 3669 3351 3736 estis,
3389 3669 3467 3724 in-

1867 3758 2016 3828 quit,
2065 3772 2260 3828 nuper,
2305 3767 2359 3812 et
2408 3757 2504 3812 ﬁlii
2550 3757 2647 3813 Dei
2677 3774 2778 3829 per
2804 3759 3076 3830 baptisma
3116 3759 3280 3827 facti,
3331 3762 3468 3818 tales

1868 3851 2035 3906 modo
2061 3860 2238 3906 estote
2263 3865 2359 3921 per
2387 3850 2626 3906 studium
2653 3851 2811 3905 bonzc
2835 3853 3269 3909 conversationis
3287 3894 3304 3922 ,
3331 3870 3470 3925 qua-

1873 3941 1952 3996 les
1975 3953 2104 3997 sunt
2133 3957 2326 3997 recens
2353 3940 2483 3996 editi
2514 3940 2780 4008 infantes,
2807 3957 2907 4013 per
2943 3952 3194 3998 naturam
3235 3944 3470 4000 innoxia:

1869 4037 2080 4101 aetatis,
2109 4035 2285 4106 ignari
2313 4034 2533 4089 malitia:
2571 4042 2626 4088 et
2660 4035 2839 4090 omnis
2875 4035 3020 4101 doli,
3061 4035 3354 4100 simulare,
3391 4036 3470 4090 in-

1871 4127 2090 4191 videre,
2117 4126 2437 4190 detrahere,
2465 4125 2694 4194 aliisque
2731 4124 3040 4195 hujusmodi
3079 4125 3230 4179 vitiis
3263 4126 3470 4180 manci-

1870 4221 1992 4292 pari
2017 4218 2345 4274 omnimodis
2371 4219 2704 4287 ignorantes.
2731 4216 2834 4284 Qui
2855 4218 2996 4271 sicut
3021 4217 3106 4272 lac
3132 4218 3186 4271 in
3206 4225 3470 4274 aeternum

1873 4309 2198 4368 naturaliter
2235 4308 2582 4373 desiderant,
2620 4315 2682 4362 ut
2715 4309 2783 4362 ad
2820 4306 3048 4363 salutem
3095 4323 3344 4364 crescere
3391 4319 3471 4365 at-

1873 4417 1979 4473 que
2014 4402 2078 4454 ad
2117 4415 2313 4470 panem
2353 4399 2744 4454 comedendum
2787 4399 3076 4470 pervenire
3113 4399 3346 4455 valeant.
3390 4401 3470 4458 Ita

1874 4501 1928 4548 et
1953 4509 2051 4549 vos
2081 4491 2348 4562 simplicia
2384 4490 2692 4546 rudimenta
2730 4491 2888 4556 ﬁdei,
2914 4492 3094 4563 primo
3119 4492 3186 4546 de
3211 4492 3472 4550 Ecclesia:

172 4593 231 4638 ει
251 4599 313 4638 δε
338 4597 614 4653 nunquam
640 4597 672 4636 ³
695 4581 1045 4636 ονθάθηῑίδυε
1069 4595 1436 4636 recessurum
1464 4578 1566 4646 Olli
1590 4588 1770 4634 autem
1796 4623 1850 4684 Β
1877 4587 2072 4642 matris
2098 4585 2358 4640 uberibus
2387 4584 2616 4654 quaerite
2634 4626 2648 4650 ,
2675 4586 2780 4640 hoc
2803 4592 2916 4650 est,
2952 4583 3021 4640 de
3056 4585 3344 4656 utriusque
3369 4587 3475 4644 Te-

173 4690 352 4745 usque
399 4674 466 4730 ad
506 4674 1032 4729 consummationem
1080 4673 1268 4728 mundi
1310 4673 1395 4728 sui
1423 4673 1771 4743 praesentiam

173 4766 488 4839 pollicetur,
518 4781 625 4821 non
658 4766 872 4838 ignorat
899 4781 1025 4823 eum
1044 4764 1210 4831 diem,
1243 4765 1299 4820 in
1328 4780 1435 4836 qua
1464 4765 1551 4820 die
1579 4780 1638 4820 se
1668 4765 1774 4820 scit

174 4861 428 4915 futurum
457 4875 582 4914 cum
610 4861 891 4931 apostolis.

252 4955 273 5026 (
298 4952 385 5008 Ea:
410 4951 600 5025 Chrys.
629 4956 646 5026 )
689 4955 970 5023 Quomodo
998 4956 1132 5011 dixit
1160 4974 1172 5009 :
1221 4955 1357 5008 Ecce
1385 4969 1477 5024 ego
1509 4951 1772 5006 vobiscum

174 5064 300 5103 sum
337 5063 500 5119 usque
536 5047 605 5101 ad
639 5049 1142 5103 consummationem
1177 5045 1381 5102 surculi.
1426 5045 1494 5100 Et
1530 5045 1768 5098 iterum:

180 5139 318 5195 Herc
343 5149 495 5205 sunt,
528 5139 730 5210 inquit,
762 5141 918 5195 verba
949 5155 1062 5192 mea
1082 5179 1096 5205 ,
1127 5154 1246 5192 cum
1291 5137 1464 5191 adhuc
1491 5150 1654 5189 essent
1682 5150 1772 5186 vo-

182 5234 386 5287 biscum
408 5274 422 5298 ,
455 5233 560 5288 hoc
587 5242 700 5298 est,
730 5250 853 5289 cum
897 5232 1076 5287 adhuc
1115 5229 1363 5286 mortalis
1393 5242 1602 5294 essem,
1634 5226 1776 5281 sicut

181 5335 242 5382 et
268 5340 388 5380 vos.
420 5322 554 5381 Cum
587 5327 693 5382 illis
720 5328 864 5382 enim
891 5335 1012 5381 erat
1038 5324 1327 5394 prtesentia
1355 5321 1634 5390 corporis,
1667 5333 1774 5374 non

183 5433 311 5472 cum
345 5415 455 5470 illis
481 5426 600 5472 erat
627 5417 939 5472 conditione
970 5415 1350 5473 mortalitatis.
1379 5422 1436 5468 et
1474 5414 1634 5468 modo
1678 5426 1777 5466 no-

181 5510 404 5566 biscum
434 5519 518 5564 est
545 5525 646 5579 per
671 5512 1016 5582 praesentiam
1046 5509 1378 5580 majestatis,
1409 5506 1775 5576 et_nobiscum

183 5616 298 5658 non
328 5608 416 5655 est
441 5603 732 5671 praesentia
757 5604 1027 5674 corporis.

829 5713 1150 5755 CONCORDIA.

258 5785 498 5844 Istat-um
519 5789 747 5846 duarum
770 5792 826 5846 in
857 5796 1206 5847 sacrosancto
1228 5787 1553 5860 baptismate
1572 5786 1635 5843 ﬁt
1655 5801 1785 5844 con-

187 5882 383 5941 cordia
422 5881 739 5944 lectionum.
777 5885 1071 5958 Apostolus
1108 5884 1255 5942 enim
1297 5883 1470 5943 dicit:
1501 5881 1573 5939 Et
1601 5898 1690 5940 vos
1714 5883 1791 5940 si-

600 5978 883 6045 PATROL.
931 5978 1063 6043 Cll.

1880 4676 2135 4734 stamenti
2169 4675 2514 4740 doctoribus,
2554 4677 2648 4748 qui
2685 4675 2868 4730 divina
2915 4676 3161 4746 eloquia,
3208 4678 3295 4734 vel
3341 4679 3476 4736 scri-

1878 4785 2040 4842 psere
2059 4811 2072 4836 ,
2099 4769 2187 4824 vel
2219 4769 2385 4823 etiam
2408 4769 2531 4822 viva
2558 4783 2692 4823 voce
2717 4767 2870 4823 vobis
2895 4771 3191 4838 praedicant
3212 4813 3226 4837 ,
3251 4782 3310 4827 ut
3334 4774 3473 4830 bene

1880 4862 2171 4927 discendo,
2200 4860 2531 4930 perveniatis
2579 4859 2646 4914 ad
2672 4859 3022 4916 refectionem
3049 4862 3208 4931 panis
3234 4865 3343 4918 vivi
3379 4867 3471 4936 qni

1882 4957 1948 5012 de
1987 4956 2128 5012 cmlo
2164 4954 2473 5020 descendit,
2500 4953 2606 5008 hoc
2629 4961 2746 5019 est,
2778 4968 2876 5025 per
2911 4965 3255 5011 sacramenta
3290 4957 3474 5014 Domi-

1881 5050 2018 5104 nicze
2054 5045 2475 5112 incarnationis,
2514 5045 2713 5116 quibus
2756 5047 2928 5100 renati
2966 5048 3128 5114 estis,
3178 5057 3233 5104 et
3276 5051 3474 5120 quibus

1881 5139 2196 5205 nutrimini,
2232 5138 2562 5208 perveniatis
2605 5139 2672 5193 ad
2709 5140 3223 5211 contemplationem
3275 5142 3469 5196 divina:

1882 5231 2188 5300 maiestatis
2234 5248 2247 5283 :
2295 5229 2680 5295 Rationabiles,
2724 5231 2935 5302 inquit,
2974 5243 3021 5286 et
3062 5235 3175 5287 sine
3214 5231 3335 5285 dolo
3389 5231 3471 5285 Iac

1884 5328 2265 5397 concupiscite,
2294 5334 2350 5378 ut
2381 5325 2435 5379 in
2474 5342 2532 5380 eo
2577 5328 2823 5381 crescetis
2862 5329 2916 5381 in
2955 5327 3177 5380 salutem
3219 5324 3291 5397 (I
3323 5324 3468 5379 I’ctr.

1884 5419 1984 5492 ιι).
2035 5419 2314 5488 Prrccepto
2361 5417 2778 5487 concupiscendi
2820 5419 2902 5472 lac
2949 5417 3131 5481 verbi,
3173 5417 3341 5486 tangit
3379 5433 3474 5472 eos

1886 5511 1975 5580 qui
2005 5509 2071 5564 ad
2098 5509 2392 5563 audiendas
2420 5508 2682 5563 lectiones
2708 5524 2892 5563 sacras
2930 5505 3086 5559 inviti
3115 5513 3169 5558 et
3206 5505 3472 5564 fastidiosi

1887 5601 2206 5666 adveniunt,
2236 5599 2408 5670 ignari
2440 5599 2582 5654 illius
2605 5600 2725 5654 sitis
2761 5608 2816 5652 et
2852 5596 3049 5651 csurici
3070 5635 3085 5660 ,
3115 5595 3180 5649 de
3217 5613 3322 5666 qua
3361 5598 3469 5651 Do-

1887 5697 2068 5751 minus
2111 5696 2226 5750 ait:
2280 5694 2431 5750 Beati
2476 5696 2564 5766 qui
2609 5694 2846 5748 esuriunt
2894 5700 2941 5744 et
2982 5689 3166 5744 sitiunt
3203 5691 3470 5763 justitiam

1889 5787 2127 5861 (Matth.
2164 5804 2195 5842 v
2219 5787 2260 5861 ).
2297 5786 2531 5856 Ideoque
2579 5783 2784 5838 tardius
2829 5783 2896 5837 ad
2936 5781 3240 5853 perfectum
3284 5783 3478 5840 salutis

1889 5881 2287 5943 incrementum
2311 5879 2691 5954 pervenientes
2707 5918 2723 5946 ,
2751 5891 2860 5948 quo
2881 5877 3096 5948 possint
3130 5877 3304 5936 solido
3324 5872 3475 5932 verbi

2999 5970 3044 6036 9
