4030 6454
534 354 646 429 υτ

1842 308 2201 393 sMARAGISi
2235 331 2530 391 ABBATIS

3727 330 3851 397 268

544 475 667 535 cibo
701 468 857 541 reﬁci
877 512 893 538 ,
924 468 981 527 id
1012 470 1131 535 est,
1170 472 1374 531 arcana
1400 456 1753 537 cognoscere
1793 457 2011 525 divina,
2052 458 2136 516 vel
2167 465 2222 541 Α
2243 455 2532 514 aedilicium
2564 461 2780 528 portat,
2819 461 2875 513 et
2908 455 3027 529 ipse
3051 470 3083 513 a
3108 454 3328 514 nemine
3352 462 3630 531 portatur.
3656 454 3863 514 Domi-

542 564 753 638 majora
793 565 973 620 lacere
1007 561 1169 616 bona.

620 642 682 717 Si
722 670 897 715 tamen
939 654 1193 727 gustastis
1234 651 1485 722 quoniam
1531 645 1703 703 dulcis
1743 651 1819 701 est
1856 643 2132 700 Dominus.

546 750 694 821 Hoc,
720 751 922 823 inquit,
950 754 1140 819 pacto,
1165 744 1390 801 dimissa
1425 749 1590 814 atque
1627 739 1922 796 emundata
1956 737 2139 793 cordis

544 844 714 902 vestri
746 840 949 897 malitia
975 847 1033 894 et
1057 835 1320 907 spurcitia
1338 876 1354 899 ,
1388 830 1689 905 spiritalem
1718 827 1924 886 Christi
1950 827 2142 882 alimo-

546 938 696 995 niam
728 930 1130 1003 cooeupiscite,
1165 928 1211 987 si
1247 928 1444 985 divina
1479 923 1783 985 dulcedinis
1822 929 2025 991 quanta
2060 918 2140 987 sit

546 1029 841 1101 multitudo
876 1026 1086 1103 sapitis.
1126 1020 1264 1081 Nam
1298 1020 1394 1095 qui
1432 1019 1571 1077 nihil
1597 1018 1665 1075 de
1690 1030 1935 1089 superna.
1964 1011 2144 1070 suavi-

546 1132 661 1182 tate
696 1129 881 1196 gustat
912 1120 1131 1184 animo,
1170 1132 1275 1172 non
1315 1122 1401 1169 est
1435 1112 1668 1175 mirum,
1707 1108 1751 1165 si
1788 1111 1935 1165 hunc
1969 1114 2142 1162 terre-

464 1252 475 1273 .
547 1219 757 1278 utribus
790 1214 1063 1272 illecebris
1087 1208 1375 1269 sordidare
1413 1220 1520 1262 non
1556 1206 1745 1261 evitat.
1774 1201 1922 1258 Bene
1958 1207 2143 1255 autem

545 1310 835 1370 Psalmista
861 1315 1081 1379 gustare
1110 1308 1326 1367 monet,
1361 1314 1523 1370 quam
1552 1296 1727 1354 dulcis
1758 1294 1831 1350 sit
1878 1292 2145 1348 Dominus

548 1401 725 1479 (Psal.
754 1396 972 1471 xum),
1001 1398 1130 1468 quia
1157 1404 1287 1451 sunt
1310 1386 1554 1450 nonnulli
1588 1389 1683 1460 qui
1724 1402 1831 1455 non
1860 1386 1916 1442 id
1942 1385 2007 1479 de
2031 1382 2145 1438 Deo

467 1538 482 1549 .
548 1478 826 1563 sentiunt,
857 1489 1004 1563 quod
1028 1487 1184 1545 dulce
1210 1487 1264 1543 in
1291 1485 1455 1542 terris
1485 1484 1691 1554 sapiat,
1729 1478 1826 1536 sed
1865 1478 2011 1549 quod
2042 1491 2143 1532 ex-

549 1600 770 1647 cussum
795 1583 1038 1641 exterius
1063 1588 1240 1638 sonet.
1269 1577 1374 1647 Qui
1398 1576 1523 1634 etsi
1550 1580 1765 1633 secreta
1793 1571 2041 1645 quaedam
2066 1569 2148 1624 in-

2242 565 2345 606 nus
2370 559 2453 605 est
2486 548 2738 609 Christus
2754 593 2771 614 ,
2800 551 2946 606 unde
2971 559 3025 604 et
3049 551 3185 622 lapis
3209 567 3240 606 a
3266 553 3530 623 propheta
3563 555 3859 622 pretiosus

2242 651 2490 708 vocatur,
2515 642 2569 697 in
2611 640 2963 698 fundamento
2985 642 3260 709 fundatus.
3292 641 3861 719 Superwdiﬁeamini,

2244 736 2449 807 inquit,
2478 737 2659 790 domos
2686 734 2969 806 spiritales.
3001 733 3078 790 Ita
3108 734 3233 790 illos
3270 734 3387 791 ﬁeri
3412 736 3605 791 domos
3631 737 3860 806 spirita-

2245 828 2323 886 les
2350 829 2504 899 dicit,
2529 843 2654 885 cum
2679 828 2751 884 sit
2770 844 2877 887 una
2901 828 3094 885 domus
3113 827 3314 885 Christi
3343 827 3397 882 in
3419 827 3632 901 angelis
3652 827 3861 891 electis

2244 929 2301 977 et
2324 921 2638 977 hominibus
2662 920 2886 977 colleCta
2907 963 2923 987 ,
2950 921 3243 999 quomodo,
3270 936 3394 978 cum
3420 922 3492 978 sit
3517 936 3627 976 una
3662 921 3861 979 Eccle-

2245 1014 2328 1070 sia
2351 1013 2639 1080 catholica,
2657 1021 2771 1069 toto
2794 1012 2927 1069 orbe
2949 1012 3164 1076 dill'usa,
3191 1028 3335 1084 serpe
3356 1012 3639 1084 pluraliter
3662 1012 3860 1087 appel-

2243 1108 2427 1164 lantur
2450 1109 2741 1172 Ecclesia,
2768 1115 2993 1179 propter
3016 1103 3316 1166 multifaria
3354 1105 3565 1161 scilicet
3600 1104 3860 1162 ﬁdelium

2247 1200 2654 1266 conventicula,
2682 1199 2852 1259 variis
2876 1198 3154 1261 tribubus,
3183 1194 3397 1271 populis
3414 1236 3430 1261 ,
3458 1204 3515 1252 et
3539 1194 3750 1267 linguis
3777 1195 3858 1252 di-

2247 1301 2467 1357 screta:
2504 1307 2612 1347 una
2647 1288 2864 1353 dicitur,
2902 1289 3051 1347 sicut
3081 1288 3135 1342 in
3157 1286 3481 1358 Apocalypsi
3514 1284 3751 1342 Joannis
3777 1286 3861 1343 di-

2247 1386 2391 1443 citur
2415 1403 2430 1440 :
2461 1384 2585 1457 Ipse
2607 1400 2700 1454 ego
2724 1380 2882 1438 Iesus
2911 1379 3031 1436 misi
3055 1378 3302 1451 angelum
3331 1395 3537 1441 meum,
3564 1376 3858 1447 testiﬁcari

2247 1477 2391 1534 vobis
2414 1478 2470 1532 in
2508 1473 2784 1537 Ecclesiis.
2821 1473 2943 1533 Nec.
2966 1470 3405 1547 praetereundum
3442 1470 3588 1541 quod
3621 1470 3857 1541 quidam

2250 1572 2468 1629 codices
2500 1570 2703 1631 habent
2736 1582 2968 1627 numero
3001 1562 3302 1639 singulari:
3331 1560 3857 1635 Supercediﬁcamini

548 1678 845 1754 telligendo
888 1674 1228 1749 percipiunt,
1279 1684 1469 1727 eorum
1518 1666 1861 1725 dulcedinem
1908 1658 2151 1736 experiri
2250 1665 2449 1720 domus.
2480 1660 2757 1754 spiritalis.
2783 1659 2910 1754 ‘Alii
2951 1672 3204 1754 rursum:
3250 1653 3623 1754 Ediﬁcamini
3662 1654 3724 1708 in
3764 1653 3858 1754 do-

547 1786 659 1829 non
672 1746 947 1842 vpossun—t.
988 1767 1058 1823 Et
1096 1767 1143 1823 si
1184 1769 1484 1829 noverunt,
1520 1759 1794 1834 quomodo
1834 1766 1962 1815 sunt
2001 1756 2149 1827 igno-
2253 1774 2397 1813 mum
2427 1753 2749 1829 spiritalem,
2780 1752 2839 1809 in
2864 1766 2974 1824 quo
3007 1749 3265 1807 nimirum
3307 1747 3490 1811 unitas
3524 1746 3642 1819 ipsa
3678 1746 3865 1803 totius

548 1871 712 1931 rant,
736 1871 797 1920 ut
821 1862 966 1930 dixi,
994 1860 1267 1933 quomodo
1295 1860 1532 1930 sapiunt.
1564 1856 1633 1912 Et
1659 1856 1915 1928 quoniam
1945 1854 2001 1917 in
2030 1854 2147 1925 ipso
2174 1849 2231 1921 Β
2252 1862 2454 1923 sancite
2491 1852 2752 1917 Ecclesiae
2789 1850 2969 1922 aptius
3008 1847 3442 1905 commendatur.
3484 1844 3623 1905 Cum
3665 1851 3869 1905 autem.

549 1952 795 2019 Pssimo,
826 1952 894 2025 de
913 1966 1023 2026 quo
1046 1952 1191 2009 hunc
1215 1949 1545 2008 versiculum
1574 1936 1871 2017 assumpsit
1898 1946 2152 2017 praemis-
2251 1947 2511 2012 dixisset,
2560 1940 3081 2016 superrediiieamini
3122 1939 3314 2009 domos
3361 1935 3681 2017 spiritales,
3735 1936 3863 1997 sive

551 2063 673 2106 sum
718 2053 805 2106 est
841 2067 855 2102 :
884 2045 1128 2102 Accedite
1153 2043 1224 2099 ad
1271 2060 1419 2111 eum,
1451 2049 1501 2099 et
1544 2039 1948 2108 illuminumini,
1998 2046 2151 2095 recte
2251 2042 2446 2100 domus
2471 2039 2763 2111 Spiritalis,
2790 2036 2985 2093 addit:

552 2140 751 2198 licatus
779 2138 974 2196 Petrus
999 2135 1223 2203 subdit,
1252 2134 1481 2192 dicens:
2325 2133 2695 2193 Sacerdotium
2745 2138 3019 2196 sanctum..
3054 2124 3115 2191 id
3157 2130 3277 2193 est,
3318 2122 3687 2187 sacerdotium
3727 2135 3865 2181 sun-

626 2229 712 2287 Ad
739 2246 891 2304 quem
921 2228 1226 2285 accedentes
1251 2226 1481 2299 lapidem
1528 2224 1721 2290 vivum,
1755 2222 1821 2278 ab
1849 2221 2151 2285 hominibus
2252 2236 2402 2295 ctum
2441 2242 2541 2283 vos
2571 2224 2703 2297 ipsi,
2732 2223 3030 2291 existentes
3055 2232 3219 2289 super
3246 2216 3653 2277 fundamentum
3699 2213 3865 2273 ωλι-ἱε-

554 2326 764 2399 quidem
793 2324 1146 2395 reprobatum,
1179 2339 1211 2376 α
1235 2320 1345 2375 Deo
1368 2329 1545 2375 autent
1573 2317 1794 2373 electum
1818 2326 1865 2372 et
1887 2315 2149 2385 honoriﬁ-
2253 2320 2344 2381 sti.
2373 2317 2602 2381 Omnem
2641 2331 2773 2401 ergo
2818 2313 3148 2381 Ecclesium,
3194 2308 3553 2377 sacerdotium
3595 2314 3871 2373 sanetum,

555 2408 753 2475 comm.
783 2414 850 2473 Et
875 2418 979 2472 hoc
1000 2415 1068 2472 de
1093 2414 1269 2486 lapide
1304 2413 1676 2479 testimonium
1706 2410 1875 2477 sumit
1899 2424 1963 2465 ex
1992 2408 2149 2465 Psal-
2254 2414 2527 2486 appellat,
2548 2411 2692 2482 quod
2716 2410 2832 2475 sola
2874 2410 3067 2473 domus
3107 2407 3295 2471 Aaron
3334 2406 3389 2467 in
3420 2404 3538 2479 lege
3572 2417 3786 2461 nomen
3810 2410 3873 2462 et.

555 2516 680 2577 mo,
712 2504 803 2566 ubi
829 2509 1091 2581 scriptum
1121 2516 1206 2564 est
1231 2526 1244 2561 :
1284 2504 1539 2577 Lapidem
1565 2519 1718 2575 quem
1747 2503 2152 2574 reprobaverunl
2253 2508 2489 2573 qmcinm
2524 2505 2732 2570 habuit.
2773 2504 2917 2570 Quia,
2946 2501 3203 2563 nimirum
3228 2514 3419 2565 omnes
3442 2496 3643 2559 summi
3670 2511 3867 2555 sacer-

556 2600 917 2673 aediﬁcantes,
960 2600 1044 2654 hic
1086 2598 1258 2669 factus
1298 2606 1374 2651 est
1422 2597 1476 2649 in
1522 2604 1679 2673 caput
1728 2590 1911 2665 anguli
1953 2590 2149 2665 (Psal.

555 2672 761 2762 cxvii).
803 2691 955 2758 Quod
998 2704 1067 2745 ne
1105 2690 1229 2758 quis
1251 2685 1478 2742 Judaiso
1505 2672 1667 2741 sensu
1703 2692 1921 2756 putaret
1948 2686 2014 2740 de
2041 2699 2155 2738 ma-

555 2782 732 2841 teriali
771 2780 947 2851 lapide
972 2795 1002 2835 a
1028 2779 1292 2849 propheta
1332 2786 1636 2843 cantatum,
1684 2776 1777 2846 qui
1820 2776 1873 2830 in
1917 2773 2155 2829 aediﬁca-

557 2876 710 2931 tione
749 2883 983 2929 terrente
1025 2869 1320 2956 cujuslibet
1361 2868 1587 2934 domus,
1635 2878 1825 2925 contra
1872 2868 2153 2924 hominum

560 2964 970 3037 dispositionem
1018 2954 1204 3018 diuino
1247 2960 1453 3031 judicio
1494 2974 1599 3016 non
1640 2968 1976 3030 poneretur,
2021 2975 2153 3016 con-

559 3055 705 3113 sulte
736 3054 914 3119 addit,
946 3052 1129 3108 virum
1156 3070 1170 3107 :
1202 3051 1285 3107 Ad
1314 3068 1467 3124 quem
1500 3051 1835 3117 accedentes,
1868 3038 2155 3123 inquiens,

2255 2602 2398 2657 dotis
2424 2600 2671 2659 membra
2695 2612 2883 2661 sumus
2900 2637 2917 2663 ι
2944 2593 3124 2659 cuncti
3162 2591 3283 2655 oleo
3316 2588 3529 2657 histilia
3553 2588 3875 2661 signantur.

2255 2692 2529 2759 universis
2554 2691 2810 2763 conmittit
2834 2690 2975 2761 quod
3002 2687 3206 2755 subdit.

2329 2785 2537 2857 (Mem
2561 2782 2831 2855 spiritales
2853 2781 3053 2847 hostias
3080 2795 3174 2855 per
3196 2776 3391 2839 Iesum
3410 2773 3707 2837 Christum.
3741 2773 3869 2846 δρῖ.

2256 2877 2454 2943 rjtaltist
2479 2860 2672 2939 autem
2696 2873 2905 2939 hostias
2945 2885 3115 2941 opera
3151 2875 3340 2929 nostra
3359 2908 3381 2935 ,
3412 2865 3775 2936 ,eltbemosynte
3810 2872 3869 2929 et

2256 2964 2453 3044 Pisces.
2471 2968 2746 3035 dicuntur,
2763 2966 2833 3029 ad
2855 2963 3260 3031 distinctionem
3289 2960 3599 3027 carnalium
3621 2958 3869 3031 intellng

2258 3061 2626 3133 νίεισίωπυηι
2658 3058 2819 3130 Οιιοά
2840 3065 3022 3117 autem
3053 3056 3105 3117 in
3134 3053 3483 3121 conclusione
3511 3052 3745 3119 dicitur,
3770 3066 3869 3123 pe:

560 3144 789 3220 lapidem
830 3146 1036 3207 cirum,
1082 3150 1143 3200 ut
1174 3145 1239 3200 de
1270 3142 1491 3211 Christo
1534 3142 1836 3216 signiﬁcet,
1874 3144 1966 3214 qui
2008 3153 2157 3199 recte
2199 3221 2227 3225 _
2258 3150 2446 3219 “sum
2476 3152 2791 3217 Christum,
2819 3150 2885 3213 ad
2915 3156 3114 3209 cuncta
3142 3161 3264 3225 (μω
3307 3143 3652 3216 manserat
3696 3142 3871 3212 νωιίῆ

557 3239 696 3310 lapis
730 3238 1033 3312 appellatus
1070 3244 1182 3301 est,
1213 3236 1305 3307 qui
1341 3230 1395 3291 in
1433 3248 1601 3303 carne
1633 3236 1890 3301 veniens,
1925 3234 2158 3291 aadilica-
2184 3221 2376 3306 (inet.
2405 3242 2675 3319 ρωωξειη
2704 3261 2803 3316 βρι-
2831 3243 3004 3317 ipsius
3044 3221 3316 3317 gratiam,
3358 3246 3414 3297 et
3452 3234 3871 3309 Supermdiiica-

559 3334 697 3390 tioni
731 3343 933 3391 sanctae
960 3334 1245 3400 Ecclesize,
1285 3344 1392 3402 quo
1421 3333 1562 3388 hanc
1602 3331 1990 3399 conﬁrmaret,
2036 3347 2159 3391 sese
2262 3360 2386 3401 mur
2421 3343 2476 3400 in
2524 3341 2614 3401 ωο
2664 3354 2827 3410 super
2872 3336 3205 3399 architectos
3251 3332 3562 3405 saniem.
3602 3330 3711 3389 hoc
3746 3336 3875 3397 εει.

561 3425 808 3483 inserere
858 3427 1116 3497 dignatus
1141 3436 1244 3482 est.
1277 3424 1447 3480 Vivus
1479 3428 1660 3483 autem
1711 3426 1802 3496 qui
1846 3426 2028 3483 dicere
2064 3440 2161 3496 po-
2262 3434 2545 3493 ministros
2598 3429 2735 3489 Novi
2787 3426 3169 3495 Testamenti,
3211 3432 3267 3483 et
3318 3422 3512 3485 domus
3561 3419 3867 3493 spiritalis

559 3518 702 3575 iuit:
734 3517 848 3588 Ego
895 3535 1013 3573 sum
1053 3520 1137 3581 via
1158 3559 1175 3585 ,
1201 3519 1390 3575 veritas
1417 3527 1465 3572 et
1496 3517 1600 3574 vita
1633 3514 1838 3590 (Joan.
1867 3535 1959 3574 xw
1983 3518 2024 3591 ).
2056 3518 2162 3589 Qui
2262 3524 2534 3584 emcimur
2564 3538 2665 3597 per
2693 3521 2947 3594 spiritum
2975 3518 3125 3595 ejus,
3157 3523 3351 3573 contra
3380 3513 3616 3591 pluvias,
3647 3523 3875 3578 ventos,

560 3611 632 3668 ab
668 3610 981 3667 hominibus
1014 3610 1339 3682 reprobatus
1378 3620 1500 3675 est,
1552 3627 1676 3669 cum
1723 3613 2008 3668 dicerent:
2044 3611 2160 3668 Nos
2264 3616 2487 3675 ﬂumina
2533 3614 2892 3677 tentationum
2939 3608 3177 3673 muniti,
3218 3616 3273 3664 et
3322 3603 3630 3663 sacerdotio
3671 3610 3871 3661 sancto

561 3716 670 3758 non
705 3701 957 3759 habemus
998 3720 1206 3774 regem,
1251 3701 1353 3758 nisi
1392 3699 1655 3767 Cresae»:
1694 3701 1888 3773 (Joan.
1920 3705 2068 3777 tux).
2113 3705 2163 3767 Α

560 3794 893 3854 Deo‘autem
934 3788 1171 3863 electus,
1212 3811 1336 3852 eum
1374 3796 1491 3867 ipse
1532 3796 1648 3851 ait:
1690 3786 1800 3869 Ego
1827 3808 2002 3854 autem
2037 3815 2163 3854 con-

563 3889 780 3946 stitutus
812 3902 931 3945 sum
968 3904 1061 3943 rex
1096 3889 1161 3944 ab
1189 3906 1282 3956 eo,
1309 3897 1414 3945 etc.
1446 3885 1642 3962 (Psal.
1668 3906 1705 3944 ιι
1732 3888 1773 3960 ).
1814 3888 1879 3943 Ει
1903 3890 2167 3949 honoriﬁ-

565 3989 721 4039 Catus
755 3991 869 4051 est,
908 3979 1165 4053 quoniam
1201 3984 1325 4065 post
1361 3989 1592 4038 mortem
1630 3981 1813 4037 crucis
1840 3979 1984 4037 Deus
2011 3980 2164 4039 illum

564 4075 814 4141 exultavit
852 4087 901 4133 et
936 4074 1149 4135 donavit
1178 4068 1259 4131 illi
1290 4092 1477 4143 nomen
1516 4073 1658 4157 quod
1713 4085 1789 4131 est
1827 4090 1985 4147 super
2013 4092 2173 4139 omne,

564 4185 786 4237 nomen,
821 4178 930 4227 etc.
962 4165 1185 4245 (Philip.
1215 4168 1303 4242 ιι).

637 4257 708 4313 Et
747 4258 848 4333 ipsi
889 4270 1139 4331 tauquam
1182 4258 1384 4331 lapides
1427 4256 1525 4323 vivi
1568 4255 2069 4331 supermdi'ﬁcamini
2108 4255 2166 4313 in

567 4349 754 4405 domos
789 4350 1073 4421 spiritales.
1107 4349 1629 4425 Supertediﬁcamiui
1650 4393 1665 4423 ,
1695 4349 1815 4407 illos
1846 4350 2007 4419 dicit,
2037 4351 2164 4422 quia

569 4445 687 4499 sine
710 4443 941 4505 Domino
964 4442 1095 4499 Jesu
1122 4441 1368 4509 Christo,
1403 4443 1582 4515 lapide
1609 4444 1821 4501 scilicet
1838 4445 1991 4509 vivo,
2020 4443 2165 4505 nulla

570 4534 831 4607 spiritalis
854 4533 1142 4592 :edilicatio
1167 4545 1312 4591 stare
1335 4544 1535 4606 potest.
1563 4535 1994 4601 Fundamentum
2017 4538 2160 4599 enim

2263 3712 2627 3786 participare,
2662 3718 2720 3766 et
2754 3708 2880 3765 boni
2919 3705 3153 3778 aliquid,
3184 3701 3519 3775 acceptabile
3553 3700 3665 3758 Deo
3701 3712 3865 3770 gere-

2265 3821 2327 3865 re
2345 3847 2363 3872 ,
2390 3819 2499 3862 non
2528 3802 2629 3858 nisi
2659 3816 2758 3874 per
2788 3800 2967 3871 ipsum
2995 3796 3259 3865 valemus.
3291 3793 3446 3855 Sicut
3473 3793 3619 3850 enim
3646 3791 3873 3864 palmes

2264 3914 2375 3955 non
2402 3902 2582 3968 potest
2610 3891 2751 3949 ferre
2781 3890 3014 3949 fructum
3043 3904 3072 3943 a
3100 3888 3395 3960 semetipso
3416 3927 3431 3948 ,
3460 3884 3568 3941 nisi
3597 3884 3879 3939 manserit

2266 3990 2325 4047 in
2347 3989 2489 4052 vite.
2514 3987 2596 4049 sic
2622 4000 2724 4042 nec
2748 3999 2846 4043 vos
2863 4024 2878 4051 ,
2908 3982 3087 4057 inquit
3104 4022 3120 4049 ,
3146 3982 3249 4038 nisi
3277 3982 3331 4041 in
3358 3995 3445 4049 me
3474 3977 3813 4033 nianseritis.

2342 4080 2569 4151 Propter
2608 4078 2749 4150 quod
2793 4077 3023 4137 continet
3069 4072 3345 4145 Scriptura
3393 4088 3411 4127 :
3461 4070 3594 4127 Esse
3622 4084 3769 4138 pono
3811 4070 3875 4127 in

2266 4173 2398 4235 Sion
2434 4173 2669 4244 lapidem
2703 4186 3002 4236 «mm,
3039 4167 3380 4239 nudarent,
3409 4173 3514 4223 etc.
3560 4164 3671 4225 Hoc
3700 4162 3868 4220 testi-

2266 4268 2511 4329 monium
2550 4268 2621 4327 de
2658 4265 2799 4327 Isaia
2826 4262 2977 4335 ponit
3006 4260 3025 4328 (
3043 4260 3159 4324 ha.
3185 4257 3393 4329 avni)
3433 4256 3500 4317 ad
3528 4254 3873 4313 conﬁrman-

2267 4364 2397 4419 dum
2450 4362 2556 4418 hoe
2613 4357 2760 4430 quod
2810 4356 3170 4427 protruserunt,
3218 4353 3286 4411 ad
3329 4365 3491 4422 quem
3541 4347 3875 4405 accedentes

2265 4456 2501 4527 lapidem
2559 4454 2783 4517 vivum,
2835 4457 3091 4509 aetnaeos
3143 4456 3200 4509 et
3252 4443 3526 4507 alilrmans
3570 4440 3873 4503 Dominum

2270 4549 2597 4609 salvatorem
2654 4554 2878 4616 propter
2931 4540 3245 4598 ﬁrmitatem
3298 4552 3488 4604 suam,
3542 4534 3785 4605 lapidem
3833 4550 3877 4595 ι

572 4587 718 4684 aliud
746 4643 904 4685 nemo
931 4637 1108 4700 potest
1137 4587 1562 4699 ponererprzetcr
1590 4630 1796 4700 ipsum,
1824 4629 1977 4701 cujus
2002 4630 2166 4701 parti-
2192 4587 2553 4713 3;;me
2589 4587 2894 4702 rogaret
2926 4635 3071 4705 quod
3111 4633 3354 4693 addidit:

571 4719 862 4792 eipatione,
891 4718 1076 4777 lidcles
1108 4719 1313 4789 lapides
1351 4720 1459 4774 vivi
1487 4719 1809 4785 eliiciuntur,
1838 4722 1931 4791 qui
1956 4736 2054 4793 per
2078 4721 2164 4778 in-

573 4811 887 4869 ﬁdelitatem
911 4812 1116 4885 lapides
1139 4814 1337 4869 mortui
1360 4813 1600 4881 luerunt,
1623 4815 1743 4871 duri
1767 4814 1978 4871 scilicet
2013 4824 2068 4870 et
2091 4815 2167 4871 in-

577 4908 885 4973 sensibiles,
907 4909 1107 4981 quibus
1132 4910 1329 4965 merito
1351 4910 1626 4967 diceretur
1649 4928 1662 4964 :
1689 4910 1941 4980 Auferum
1968 4928 2000 4966 a
2028 4910 2166 4966 vobis

577 5020 670 5061 cor
702 5002 1003 5075 lapideum,
1037 5013 1082 5058 et
1122 5003 1258 5058 dabo
1298 5002 1437 5059 vobis
1474 5019 1570 5059 cor
1612 5020 1882 5059 corneum.
1917 5000 2023 5059 Sed
2049 5011 2168 5059 tan-

577 5109 741 5168 quam
770 5093 977 5167 lapides
1002 5094 1138 5156 viri,
1167 5094 1234 5149 ad
1260 5093 1542 5165 spirituale
1567 5092 1858 5149 :edilicium
1886 5101 2168 5163 aptantur,

574 5186 668 5261 qui
714 5201 814 5258 per
857 5185 1243 5242 discretionem
1295 5185 1494 5240 eruditi
1546 5183 1821 5250 doctoris,
1874 5184 2173 5254 amputatis

529 5306 539 5337 -.
576 5279 998 5353 cogitationibus
1030 5276 1345 5352 superﬂuis,
1385 5280 1533 5337 velut
1569 5280 1680 5336 ictu
1717 5279 2061 5353 quadrautur
2093 5293 2172 5336 se-

531 5387 545 5408 ‘
576 5372 746 5447 curis.
780 5372 850 5429 Et
872 5372 1014 5430 sicut
1036 5373 1259 5430 ordines
1283 5373 1519 5447 lapidum
1556 5373 1608 5429 in
1635 5371 1844 5446 pariete
1877 5380 2171 5444 portantur

581 5446 674 5522 alii
716 5467 788 5523 ab
828 5465 981 5532 aliis,
1010 5465 1097 5522 ita
1122 5446 1414 5540 portantur
1455 5466 1641 5524 ﬁdeles
1680 5468 1881 5540 quique
1910 5484 1941 5523 a
1964 5480 2172 5539 praece-

583 5557 836 5615 dentibus
861 5559 915 5614 in
944 5558 1185 5617 Ecclesia
1205 5556 1391 5629 justis.
1418 5558 1644 5619 Portant
1671 5569 1728 5616 et
1755 5560 1857 5632 ipsi
1883 5568 2179 5632 sequentes

583 5667 684 5729 per
726 5651 1034 5709 doctrinam
1076 5662 1133 5709 et
1176 5652 1554 5719 tolerantiam,
1596 5666 1769 5723 usque
1810 5652 1881 5711 ad
1923 5651 2177 5719 ultimum

580 5745 806 5823 iustum.
834 5746 1087 5818 Quicum
1113 5762 1145 5803 a
1168 5748 1442 5821 prioribus
1466 5756 1736 5821 portetur,
1761 5762 1925 5821 quem
1951 5757 2178 5823 portare

590 5838 787 5913 delicat
805 5840 927 5927 ipse
945 5850 1266 5919 mentm
1287 5857 1399 5913 non
1420 5843 1665 5915 habebit.
1687 5843 1795 5921 0μὶ
1811 5853 1997 5915 autem
2011 5859 2180 5923 0mm

2341 4729 2413 4795 Et
2459 4729 2629 4784 omnis
2673 4728 2765 4798 qui
2812 4726 2978 4793 credit
3023 4727 3079 4783 in
3123 4740 3279 4791 eum,
3321 4730 3427 4779 etc.
3479 4722 3706 4793 Propter
3756 4721 3875 4782 hoc

2270 4822 2412 4896 quod
2450 4823 2701 4879 dixerat:
2746 4820 2815 4875 Et
2846 4837 2933 4876 vos
2982 4829 3234 4891 tanquam
3279 4816 3483 4887 lapides
3530 4817 3629 4872 risi
3676 4831 3871 4884 super-

2272 4914 2636 4985 wdiﬁcamini.
2678 4914 2913 4971 Pulchre
2951 4921 3136 4971 autem
3175 4910 3427 4971 convenit
3464 4909 3592 4965 huic
3625 4909 3871 4979 prophe-

2272 5006 2364 5062 tiae
2395 5005 2639 5076 Apostoli
2676 5020 2878 5072 sermo,
2906 5019 3016 5077 quo
3049 5003 3248 5067 dicitur
3276 5020 3290 5058 :
3325 5000 3639 5063 Accedent“
3673 5000 3744 5055 ad
3784 5000 3876 5056 lo-

2270 5098 2447 5171 pidem
2492 5099 2697 5166 uirum,
2749 5097 2837 5154 vel
2879 5097 3166 5154 credentes
3205 5098 3262 5151 in
3307 5111 3375 5155 eo
3421 5109 3529 5151 non
3573 5091 3875 5161 confundi.

2273 5190 2423 5248 illius
2452 5190 2645 5263 psalmi
2681 5188 2976 5253 versiculo,
3013 5189 3069 5244 in
3104 5202 3212 5261 quo
3258 5204 3383 5255 eum
3423 5187 3625 5249 dictum
3673 5196 3827 5245 esset
3853 5204 3877 5244 :

2274 5282 2519 5339 Accedite
2546 5283 2616 5339 ad
2643 5298 2794 5350 eum,
2825 5290 2875 5339 et
2904 5281 3314 5350 illuminamini,
3346 5281 3604 5340 continuo
3640 5281 3881 5352 80'le

2275 5386 2424 5434 ctum
2459 5386 2584 5435 est:
2625 5376 2692 5439 Et
2732 5375 2908 5442 uultus
2941 5378 3098 5435 uestri
3137 5395 3244 5437 nos
3279 5378 3597 5436 erubesceret.
3650 5374 3751 5432 Cui
3799 5377 3883 5433 εἰς

2277 5467 2408 5527 mile
2435 5476 2521 5526 est
2547 5469 2690 5539 quod
2717 5466 2956 5527 Joannes
2986 5470 3064 5528 ait
3090 5488 3104 5526 :
3139 5469 3211 5526 Et
3241 5487 3411 5535 nunc,
3440 5469 3631 5541 ﬁlioli,
3658 5478 3881 5527 om

2274 5565 2333 5620 in
2359 5581 2441 5632 eo,
2467 5573 2525 5619 ut
2550 5581 2669 5619 cum
2693 5568 3031 5638 apparuerit,
3057 5567 3349 5629 habeamus
3369 5567 3657 5638 Muciam,
3680 5576 3735 5622 et
3758 5582 3885 5624 nos

2277 5657 2671 5730 confundamur
2694 5658 2760 5714 ab
2789 5675 2849 5715 eo
2875 5659 2932 5714 in
2959 5660 3187 5717 adversus
3210 5660 3328 5729 ejus
3359 5661 3379 5734 (
3403 5659 3467 5715 11
3489 5659 3657 5716 Joan.
3687 5677 3729 5717 tt
3751 5658 3798 5733 ).

2355 5751 2514 5817 Vobis
2548 5752 2712 5825 igitur
2741 5753 2911 5815 honor
2944 5753 3297 5815 erodentibus.
3340 5754 3438 5815 illo
3770 5755 3879 5810 ho-

2276 5847 3877 5923 wistucomfuum-bmhdrmntu.

3910 5648 3937 5681 ,ἃ
