4030 6452
1046 353 1568 416 COLLECTIONES
1594 352 1667 410 IN
1702 348 2082 411 EPISTOLAS
2120 350 2211 411 ET
2247 351 2664 410 EVANGELIA.

3379 356 3487 415 I70

219 489 321 551 ,αι
350 486 494 544 sicut
520 482 635 554 ipso
662 478 776 537 ait:
812 476 872 535 Si
897 475 1014 550 quis
1051 474 1180 529 mihi
1206 471 1615 537 ministraverit,
1643 468 1807 525 hono-
1832 468 1886 540 Α
1909 467 2171 538 sanguine
2214 466 2388 523 nostri
2430 464 2828 537 Redemptoris,
2872 466 3014 540 quod
3050 474 3172 527 erat
3212 474 3488 543 quondam

220 580 456 653 riﬁcabit
483 568 602 631 eum
634 573 791 627 Pater
818 584 962 625 meus
990 566 1183 637 (Joan.
1218 580 1315 620 xm
1340 564 1380 636 ).

302 674 430 733 Non
458 666 786 729 credentibus
817 672 1025 725 autem,
1054 658 1188 731 lapis
1215 672 1367 728 quem
1405 652 1807 725 reprabaverunt

224 768 571 836 tl'diﬁcantcs.
612 761 684 818 Ut
717 760 857 819 sicut
890 755 1038 813 illum
1079 753 1500 827 reprohaverunt
1528 764 1651 805 cum
1679 747 1811 805 mdi-

224 863 459 917 iicarent
505 862 660 910 actus
701 866 861 914 suos,
908 848 1151 903 nolentes
1194 859 1317 898 eum
1359 845 1413 897 in
1457 840 1810 899 fundamento

225 951 416 1011 cordis
448 947 529 1003 sui
564 958 801 1019 mttere,
834 942 907 998 ita
943 949 998 1001 et
1033 939 1137 1009 ipsi
1167 937 1524 1008 reprehentur
1554 934 1624 989 ab
1656 948 1722 989 eo
1754 932 1810 986 in

227 1045 467 1109 adventu
494 1040 635 1111 ejus,
666 1036 885 1093 nolente
914 1033 1006 1089 illo
1033 1040 1160 1087 tunc
1196 1044 1292 1087 ens
1335 1028 1428 1098 qui
1467 1041 1525 1082 se
1556 1026 1814 1099 reproba-

223 1140 426 1191 verunt
456 1131 512 1189 in
532 1126 890 1187 adiﬁcatione
914 1124 1162 1196 accipere
1186 1122 1380 1177 deum
1405 1134 1517 1176 sua
1533 1158 1550 1187 ,
1578 1132 1700 1189 quae
1725 1123 1813 1175 est

226 1228 284 1283 in
311 1225 489 1282 caelis.
520 1221 588 1279 Et
612 1223 728 1277 haec
752 1218 1035 1283 distinctio
1054 1215 1277 1272 honoris
1299 1212 1635 1271 credentium
1655 1251 1671 1277 ,
1703 1225 1812 1267 non

227 1314 567 1377 credentium
612 1319 791 1375 autem
838 1306 1146 1381 reprobatio
1191 1306 1472 1378 hucusque
1512 1302 1807 1375 pertingit;

227 1410 363 1469 hinc
390 1408 521 1469 item
551 1405 619 1465 de
644 1402 990 1465 credentibus
1018 1396 1219 1459 infert:

303 1499 410 1555 His
446 1498 621 1569 factus
649 1504 726 1555 est
753 1496 811 1549 in
837 1501 1003 1565 caput
1020 1488 1224 1561 angsdi.
1262 1487 1400 1557 Quia
1422 1486 1707 1552 videlicet,
1737 1484 1814 1543 si.

229 1600 326 1654 cut
358 1591 503 1662 lepis
534 1586 813 1659 angularia
840 1585 976 1643 duos
999 1580 1240 1654 parietes
1258 1578 1571 1649 coniungit,
1594 1577 1670 1633 ita
1700 1575 1812 1632 Duc

229 1686 416 1745 minus
441 1682 751 1741 Judaorum
786 1676 999 1748 plebem
1034 1675 1093 1735 in
1119 1689 1227 1733 una
1254 1672 1359 1731 sibi
1386 1671 1646 1731 meietate
1685 1668 1819 1735 ﬁdei

228 1786 287 1843 et
312 1776 552 1848 gentium
581 1771 881 1842 copulavit.
908 1784 973 1829 ae
1000 1782 1128 1823 mox
1156 1766 1224 1823 de
1251 1764 1558 1823 intidebbus
1580 1761 1775 1825 addit:

1906 558 2136 632 populus
2161 558 2322 613 Israel
2350 557 2661 627 redemptus
2690 558 2952 630 sanguine
2982 560 3103 632 agni
3134 561 3200 616 de
3223 561 3484 638 :Egypto.

1914 650 2065 721 Unde
2095 659 2151 706 et
2176 650 2229 704 in
2260 650 2506 722 sequenti
2533 665 2751 721 quoque
2780 650 3046 707 versiculo
3071 653 3314 725 mysticzo
3337 667 3488 716 vete-

1910 746 1989 802 ris
2016 747 2332 822 recordatur
2373 744 2634 808 historiae,
2683 754 2737 799 et
2782 745 2921 800 hanc
2967 761 3105 803 novo
3150 746 3246 804 Dei
3293 750 3491 825 populo

1910 837 2269 908 spiritualiter
2297 837 2454 893 docet
2480 834 2811 904 implendum
2839 836 3026 893 dicens
3051 856 3064 892 :
3124 874 3127 879 ‹

1985 929 2052 989 Ut
2096 933 2308 989 virtutes
2332 930 2653 987 annuntietis
2675 929 2791 1000 ejus
2817 930 2907 1002 qui
2933 930 2997 985 de
3020 934 3245 991 tenebris
3282 952 3370 992 vos
3397 952 3492 994 vo-

1910 1025 2048 1082 cavit
2076 1025 2132 1079 in
2156 1023 2467 1078 admirabile
2506 1021 2682 1077 lumen
2725 1037 2900 1101 suum.
2951 1019 3104 1078 Sicut
3141 1026 3284 1081 enim
3311 1027 3367 1083 hi
3395 1027 3492 1098 qui

1910 1115 1980 1173 de
2027 1114 2347 1189 Egyptiaca
2394 1114 2655 1171 servitute
2697 1112 2913 1170 liberati
2967 1123 3094 1170 sunt
3135 1130 3233 1185 per
3279 1118 3489 1193 Mosen,

1911 1222 2133 1265 carmen
2172 1206 2501 1278 triumphale
2534 1213 2657 1277 post
2700 1206 2988 1261 transitum
3023 1207 3190 1262 maris
3232 1207 3404 1266 Rubri
3432 1218 3492 1267 et

1911 1300 2221 1361 demersum
2248 1298 2549 1355 Pharaonis
2580 1299 2881 1357 exercitum
2911 1300 3140 1356 Domino
3166 1311 3489 1371 cantarunt,

1830 1429 1834 1432 .
1911 1390 1989 1446 ira
2012 1391 2061 1447 ei
2089 1406 2195 1449 nos
2214 1397 2427 1461 oportet
2452 1401 2577 1463 post
2603 1400 2880 1463 acceptam
2909 1392 2963 1448 in
2991 1386 3260 1464 baptismo
3301 1398 3493 1453 remis-

1912 1483 2120 1538 sionem
2142 1491 2512 1553 peccatorum,
2545 1483 2735 1553 diguas
2762 1482 3045 1540 beneﬁciis
3068 1485 3381 1557 ccelestibus
3408 1502 3495 1545 re-

1911 1575 2149 1647 pendere
2189 1578 2413 1651 gratias.
2484 1574 2621 1633 Nam
2664 1578 2810 1646 quod
2852 1576 3112 1651 tEgyptii.
3162 1594 3270 1637 non
3317 1580 3493 1645 solum

1912 1666 2040 1740 quia
2088 1665 2347 1739 populum
2390 1664 2486 1721 Dei
2534 1664 2864 1741 atlligehaut,
2913 1683 3102 1725 verum
3143 1669 3332 1736 etiam,
3362 1671 3497 1741 quia;

1913 1739 2151 1823 tenebrat
2209 1756 2296 1813 vel
2346 1755 2725 1813 tribulationes
2783 1739 3214 1828 interpretantur
3239 1800 3255 1827 ,
3308 1739 3494 1833 aperte

301 1866 371 1921 Et
396 1865 532 1936 lapis
557 1862 880 1934 offensionis,
905 1868 953 1915 et
976 1868 1129 1931 petra
1148 1855 1409 1915 scanduli.
1437 1854 1577 1911 Hinc
1594 1863 1648 1911 et
1670 1853 1811 1913 Patr-
1835 1853 1891 1920 ι
1909 1848 2291 1925 persequentia
2316 1863 2418 1911 nos
2442 1856 2699 1921 peccata,
2741 1849 2837 1909 sed
2863 1849 2919 1909 in
2948 1849 3270 1920 baptismate
3294 1852 3501 1925 εἰδυίας

230 1958 357 2017 lus:
407 1956 554 2022 Non,
602 1954 807 2025 inquit,
856 1951 1255 2023 pmdiaavimus
1292 1945 1559 2004 Christum
1594 1944 1808 2016 cruciﬁ-

229 2070 399 2120 xum,
445 2050 653 2113 Judais
694 2046 905 2119 quidem
945 2042 1298 2110 scandalum,
1347 2042 1586 2114 gentibus
1633 2048 1818 2103 autem

229 2142 512 2209 stultitiam
538 2140 624 2211 (Η
648 2137 771 2195 Car.
798 2137 874 2209 ι).

303 2233 404 2297 His
430 2234 525 2306 qui
549 2232 821 2304 ciendum
844 2230 907 2286 iu
929 2227 1083 2285 verba
1101 2267 1116 2290 ,
1147 2241 1245 2285 nec
1266 2222 1516 2288 credunt,
1547 2222 1605 2283 in
1628 2237 1732 2294 quo
1759 2228 1817 2285 et

224 2328 385 2400 positi
412 2336 555 2387 sunt.
584 2323 874 2389 (luendum
897 2335 1029 2390 ergo
1053 2318 1239 2390 quieo
1269 2318 1387 2386 ipso
1411 2314 1561 2387 quod
1585 2314 1821 2369 verbum

226 2419 332 2475 Dei
363 2419 552 2473 audire
580 2431 673 2471 eos
702 2413 1001 2482 contingit,
1032 2409 1315 2473 oﬂ'enduut
1348 2408 1531 2462 animo
1556 2406 1684 2461 dum
1710 2419 1811 2460 non

224 2510 359 2571 lunt
390 2509 611 2569 credere
642 2507 789 2578 quod
810 2504 1065 2568 audiunt,
1093 2515 1325 2572 quorum
1347 2498 1631 2561 stultitiam
1650 2513 1812 2569 exag-

227 2604 475 2675 gerando
502 2599 760 2669 subiecit,
788 2613 889 2653 nee
912 2595 1144 2655 credunt
1172 2594 1226 2648 in
1256 2608 1366 2663 quo
1392 2601 1448 2648 et
1472 2591 1634 2662 positi
1662 2599 1808 2647 sunt.

227 2693 335 2764 Qui
377 2694 430 2749 in
470 2692 573 2750 hoc
605 2688 804 2760 positi,
839 2686 892 2742 id
926 2692 1044 2751 est,
1084 2684 1138 2738 iu
1176 2683 1281 2738 hoc
1306 2696 1404 2752 per
1431 2691 1679 2739 naturam
1709 2681 1809 2737 ho-

227 2786 413 2847 mines
439 2781 566 2843 l‘acti
595 2787 755 2843 sunt,
782 2785 842 2835 ut
865 2776 1091 2834 credant
1120 2773 1258 2839 Deo,
1294 2779 1351 2829 et
1382 2771 1500 2841 ejus
1531 2772 1814 2842 obtempe-

229 2888 357 2933 rent
384 2876 645 2932 voluntati
663 2915 679 2940 ,
712 2871 1001 2933 Salomone
1028 2872 1344 2932 attestante,
1375 2865 1468 2934 qui
1498 2865 1613 2919 ait:
1642 2863 1812 2925 Deum

230 2971 358 3025 time
389 2977 439 3024 et
475 2966 727 3025 mandata
760 2964 879 3035 ejus
911 2961 1125 3017 observa
1148 2999 1164 3025 ,
1206 2957 1304 3011 hoc
1344 2965 1422 3015 est
1465 2955 1605 3011 enim
1643 2955 1813 3017 omnis

230 3061 388 3117 homo
417 3058 631 3131 (Eccle.
658 3055 769 3127 sit)
789 3096 806 3121 ,
836 3054 891 3117 in
920 3053 1023 3108 hoc
1049 3047 1373 3107 naturaliter
1399 3045 1575 3103 factus
1602 3054 1686 3102 est
1714 3047 1821 3105 bow

229 3166 353 3216 m0.
403 3157 465 3211 ut
511 3149 681 3207 Deum
726 3148 957 3211 timens,
990 3142 1109 3212 ejus
1141 3139 1412 3196 mandatis
1455 3138 1809 3207 obseeundat.

1909 1948 2037 1997 cant
2073 1939 2272 1995 deleta.
2306 1939 2583 1999 Lnberatio
2611 1955 2826 2015 quoque
2861 1939 3094 2021 filiorum
3123 1942 3309 2010 Israel,
3343 1951 3400 2000 et
3426 1945 3499 2005 ad

1907 2032 2232 2109 promissam
2256 2032 2384 2089 olim
2415 2033 2647 2105 patriam
2679 2034 2982 2105 perductio,
3014 2035 3264 2107 congruit
3289 2046 3492 2107 myste-

1909 2122 1992 2179 rio
2031 2132 2230 2185 nostrai
2269 2122 2678 2193 redemptionis,
2728 2138 2827 2201 per
2863 2140 3026 2197 quam
3074 2125 3141 2179 ad
3191 2124 3365 2183 lucem
3406 2145 3497 2185 su-

1907 2226 2090 2282 pernae
2127 2212 2427 2270 mansionis
2454 2213 2763 2270 illustrante
2788 2230 2910 2281 nos,
2942 2231 3009 2271 ac
3033 2217 3261 2275 ducente
3291 2217 3498 2283 Christi

1910 2304 2085 2374 gratia
2109 2305 2401 2368 tendlmus,
2425 2307 2580 2377 cujus
2603 2306 2777 2361 lucem
2801 2308 3013 2377 gratiae,
3041 2308 3206 2367 etiam
3228 2310 3314 2367 ill)
3335 2311 3496 2373 nubis

1911 2404 1970 2451 et
2016 2396 2157 2466 ignis
2203 2397 2455 2455 columna
2504 2382 2850 2465 monstravit,
2895 2416 3015 2470 qua:
3053 2417 3148 2458 eos
3180 2403 3236 2459 in
3265 2413 3379 2461 toto
3410 2404 3498 2465 iti-

1910 2502 2047 2544 nere
2090 2486 2183 2542 illo
2220 2503 2255 2544 a
2292 2489 2530 2544 tenebris
2571 2488 2816 2545 delenJit
2862 2492 3120 2555 noctium,
3159 2501 3216 2549 et
3257 2496 3323 2553 ad
3374 2510 3498 2566 pror

1911 2585 2113 2647 missas
2139 2584 2329 2655 patria:
2354 2584 2509 2643 sedes
2537 2583 2888 2643 inenarrabili
2918 2584 3056 2641 calle
3077 2587 3350 2657 perduxit.

1985 2673 2091 2742 Qui
2137 2674 2424 2747 aliquando
2464 2691 2567 2731 non
2615 2674 2859 2751 populus,
2903 2693 3041 2733 nunc
3070 2687 3245 2733 autem
3271 2679 3496 2751 populus

1910 2764 2034 2831 Dei,
2073 2768 2163 2837 qui
2200 2784 2305 2822 non
2345 2769 2609 2822 consecuti
2654 2767 3091 2830 misericordiam,
3132 2785 3272 2825 nunc
3318 2781 3496 2829 autem

1910 2857 2329 2933 miscricordiam
2359 2859 2642 2914 consecuti.
2681 2857 2886 2914 lndicat
2917 2867 3103 2930 aperte
3125 2876 3223 2937 per
3249 2861 3349 2921 bos
3378 2879 3499 2921 ver-

1913 2947 2134 3016 siculos,
2158 2950 2302 3019 quod
2332 2951 2417 3007 his
2442 2951 2535 3023 qui
2561 2950 2629 3007 de
2653 2951 2904 3022 gentibus
2932 2952 2999 3031 ad
3026 2950 3185 3007 tidem
3211 2963 3499 3021 venerant,

1914 3040 2054 3111 hanc
2079 3041 2298 3111 scripsit
2322 3042 2638 3112 Epistulam,
2662 3042 2754 3112 qui
2778 3042 3049 3113 quondam
3075 3043 3292 3100 alienati
3317 3060 3348 3101 a
3371 3060 3501 3105 con-

1913 3134 2222 3199 versatione
2255 3134 2437 3206 populi
2483 3133 2599 3200 Dei,
2645 3143 2773 3189 tunc
2819 3149 2917 3202 per
2962 3136 3192 3206 gratiam
3237 3136 3362 3193 ﬁdei
3404 3153 3511 3211 pos.

230 3208 465 3313 ῥυίλιδέη
491 3241 706 3301 codices
728 3208 965 3301 habent}
995 3208 1054 3295 ιξι
1077 3248 1184 3303 quo
1208 3239 1266 3287 et
1288 3230 1453 3301 positi
1480 3237 1639 3293 sunt,
1668 3208 1884 3299 quod-Ci
1913 3223 2040 3292 pulo
2074 3231 2201 3278 sunt
2239 3222 2357 3292 ejus
2394 3224 2553 3291 uniti,
2602 3232 2659 3279 et
2704 3224 3139 3279 misericordiam
3180 3242 3341 3296 quam
3378 3208 3502 3300 spe-

230 3333 551 3405 intelligitur
586 3332 740 3401 juxta
782 3330 888 3385 hoc
930 3326 1075 3398 quod
1124 3323 1325 3381 Paulus
1368 3322 1437 3381 de
1478 3320 1710 3381 Domino
1737 3322 1823 3377 lo.

232 3441 407 3499 quens
436 3425 550 3483 ait:
577 3423 649 3479 In
681 3424 796 3497 ipso
832 3421 970 3483 enim
1002 3418 1225 3477 vivimus
1257 3422 1314 3475 et
1340 3429 1607 3475 moveatur
1639 3422 1693 3485 et
1724 3430 1817 3477 su-

230 3535 352 3579 mas
378 3515 397 3589 (
419 3515 537 3572 Act.
568 3529 679 3577 xvii
704 3514 744 3583 ).

317 3606 420 3664 Vos
451 3617 626 3663 autem
647 3621 808 3677 genus
829 3602 1067 3671 electum,
1092 3601 1265 3674 regale
1286 3599 1662 3671 sacerdotium,
1690 3612 1830 3669 gens

232 3710 442 3764 sancta,
464 3696 685 3768 populus
712 3694 1090 3768 acquisitionis.
1124 3693 1238 3753 Hoc
1259 3701 1342 3749 est
1374 3690 1550 3753 laudis
1578 3691 1821 3749 testimoa

232 3795 387 3851 nium
427 3789 696 3861 quondam
737 3787 960 3857 antiquo
995 3785 1089 3839 Dei
1133 3784 1328 3856 popqu
1366 3797 1465 3852 per
1506 3780 1689 3837 Mosen
1725 3781 1820 3836 da-

235 3896 375 3954 tum,
402 3884 544 3955 quod
569 3897 713 3938 nunc
742 3890 886 3937 recte
912 3880 1161 3953 gentibus
1183 3879 1274 3935 dat
1302 3877 1579 3948 apostolus
1601 3875 1817 3947 Petrus,

231 3980 328 4053 qui
385 3975 634 4032 videlicet
679 3973 734 4029 in
784 3971 1060 4029 Christum
1110 3971 1490 4034 crediderunt,
1549 3969 1643 4039 qui
1673 3968 1821 4022 velut

232 4072 376 4144 lapis
424 4067 699 4140 angularis
739 4082 881 4128 eam,
929 4079 1091 4135 quam
1130 4063 1294 4118 lsrael
1334 4063 1388 4119 in
1431 4077 1488 4116 se
1534 4062 1815 4125 habuerat,

234 4165 470 4224 salutem
502 4168 690 4230 gentes
719 4157 995 4219 adunavit,
1036 4171 1172 4225 quos
1210 4172 1370 4227 genus
1409 4152 1629 4208 electum
1660 4161 1821 4207 vocat

233 4263 463 4333 propter
492 4251 649 4306 ﬁdem
691 4258 749 4305 ut
784 4247 1075 4317 distinguat
1106 4245 1172 4299 ab
1221 4245 1300 4299 eis
1340 4244 1431 4314 qui
1481 4245 1711 4314 lapidem
1742 4243 1821 4297 vi-

237 4364 371 4405 vum
399 4342 737 4416 reprobando
770 4339 894 4396 facti
927 4349 1053 4394 sunt
1083 4338 1181 4409 ipsi
1230 4336 1465 4409 reprobi.
1501 4334 1693 4405 Regale
1720 4350 1819 4390 au-

146 4482 159 4487 -
238 4448 353 4497 tem
397 4433 769 4496 sacerdotium,
810 4430 900 4501 qui
934 4429 1076 4484 illius
1103 4427 1317 4500 corpori
1361 4435 1486 4482 sunt
1532 4426 1687 4491 uniti,
1727 4425 1821 4496 qui

238 4546 340 4599 rex
370 4542 613 4589 summus
643 4532 697 4580 et
726 4522 981 4577 sacerdos
1012 4536 1172 4576 verus
1202 4528 1303 4587 est,
1335 4534 1557 4592 regnum
1585 4518 1696 4577 suis
1727 4517 1821 4573 tri-

235 4624 433 4683 buens,
466 4629 522 4672 ut
552 4633 644 4672 res
672 4624 728 4670 et
756 4612 1003 4686 pontifex,
1028 4627 1215 4666 eorum
1244 4620 1465 4681 peccata
1490 4610 1570 4664 sui
1602 4608 1823 4681 sangui-

239 4715 332 4771 nis
356 4712 527 4768 bostia
560 4708 841 4764 mundans.
882 4702 1079 4775 Regale
1116 4702 1476 4767 sacerdotium
1514 4716 1606 4756 eos
1642 4700 1818 4755 nomi-

238 4818 362 4869 nat,
387 4813 439 4863 et
468 4811 525 4871 ut
556 4814 777 4871 regnum
807 4804 1027 4867 sperare
1048 4803 1388 4866 perpetuum,
1416 4802 1469 4849 et
1496 4793 1699 4853 hostias
1728 4792 1822 4855 im-

240 4893 526 4958 maculata:
566 4887 989 4953 conversationis
1021 4885 1373 4955 Deoasemper
1408 4882 1602 4941 oﬂ'erre
1633 4882 1823 4939 memi-

239 4987 446 5051 nerint.
475 4980 613 5039 Gens
651 4995 865 5052 quoque
905 4987 1088 5033 sancta
1120 4985 1176 5030 et
1202 4973 1424 5047 papulas
1459 4972 1822 5045 acquisitionis

239 5087 531 5143 vocantur,
557 5076 710 5148 juxta
739 5074 791 5128 id
812 5073 957 5144 quod
987 5069 1264 5143 apostolus
1292 5067 1487 5123 Paulus
1527 5067 1823 5138 prophetiae

239 5186 525 5244 exponens
563 5166 907 5229 sententiam,
942 5163 1171 5231 dicentis
1198 5181 1211 5215 :
1235 5161 1423 5219 Justus
1471 5169 1645 5214 autem
1680 5174 1824 5217 meus

241 5283 314 5323 ex
355 5266 461 5336 ﬁde
511 5263 631 5317 vivit
686 5257 919 5331 (Babae.
954 5255 1056 5329 _ll).
1106 5254 1261 5323 Quod
1306 5254 1351 5308 si
1396 5250 1715 5307 subtraxerit
1749 5266 1826 5319 se,

241 5373 357 5421 non
404 5352 625 5426 placebit
662 5352 854 5407 animo:
901 5364 1048 5405 mete.
1091 5344 1199 5401 Nos
1248 5353 1447 5407 autem,
1487 5341 1680 5412 inquit,
1725 5356 1839 5411 non,

240 5465 430 5508 sumus
463 5444 833 5503 subtractionis
859 5442 916 5496 in
943 5439 1308 5511 perditionem,
1355 5435 1446 5491 sed
1485 5434 1610 5505 ﬁdei
1643 5435 1699 5488 in
1740 5426 1840 5489 ac-l

242 5540 583 5615 quisitionem
614 5536 825 5591 animat.
870 5528 1026 5606 (IIeb.
1083 5529 1164 5601 x),
1195 5537 1252 5584 et
1306 5528 1361 5583 in
1415 5526 1639 5582 Actibus
1689 5524 1830 5595 Apoe-

222 5624 547 5701 ‘stolorum:
583 5627 685 5684 Vos
717 5625 950 5697 Spiritus
977 5631 1189 5677 sanctus
1234 5618 1406 5691 posuit
1450 5619 1716 5687 episcopos
1756 5632 1834 5679 re-

246 5742 370 5801 gere
397 5720 690 5782 Ecclesium
711 5717 942 5787 Domini,
970 5730 1129 5788 quam
1154 5711 1430 5797 acquisivit
1458 5709 1711 5779 sanguine
1736 5722 1831 5762 suo

250 5792 391 5899 διεδ.
427 5815 543 5883 ul.
579 5812 812 5891 Populus
843 5824 972 5895 ergo
1012 5792 1538 5885 acquisitionis'facti
1566 5815 1751 5859 sumus
1776 5800 1833 5865 in

1918 3314 2087 3377 rando
2110 3329 2219 3369 non
2247 3323 2508 3370 noverant
2541 3313 2741 3385 adepti.
2784 3314 3031 3369 Assumit
3074 3322 3252 3370 autem
3298 3330 3393 3372 eos
3423 3318 3502 3383 de

1916 3403 2183 3475 propheta
2220 3403 2379 3472 Osee,
2409 3404 2500 3478 qui
2526 3402 2593 3459 de
2622 3403 2907 3459 vocatione
2928 3404 3170 3477 gentium
3192 3406 3500 3475 praecinens

1919 3495 2033 3557 ait:
2066 3495 2303 3561 Vocabo,
2354 3496 2547 3566 inquit,
2601 3510 2709 3552 non
2756 3495 2967 3567 plebem
3010 3511 3226 3564 meam,
3283 3496 3499 3570 plebem

1920 3600 2121 3650 meam,
2169 3594 2223 3641 et
2256 3602 2361 3641 non
2398 3585 2824 3643 misericordiam
2852 3596 3221 3653 consecutam,
3244 3588 3363 3658 jam
3390 3588 3498 3645 mi-

1920 3678 2271 3743 sericordiam
2303 3688 2672 3747 consecutam,
2703 3688 2758 3743 et
2783 3678 2890 3735 erit
2917 3678 2971 3735 in
3002 3679 3139 3746 loco,
3173 3681 3264 3736 ubi
3293 3681 3498 3739 dictum

1922 3779 2004 3825 est
2025 3771 2105 3826 eis
2128 3786 2143 3825 :
2173 3771 2290 3827 Non
2317 3772 2472 3844 plebs
2498 3788 2619 3830 mea
2643 3788 2762 3845 vos,
2810 3772 2884 3835 ibi
2915 3773 3255 3837 vocabuntur
3277 3773 3374 3831 lilii
3401 3774 3502 3833 Dei

1922 3862 2031 3918 vivi
2056 3862 2231 3937 (Osca:
2259 3861 2346 3936 ιι).

2479 3971 2604 4013 ALIA
2638 3968 2941 4015 εῐνοειτῐο.

1993 4043 2318 4115 Deponentes
2348 4061 2551 4099 omnem
2576 4044 2853 4098 malitiam.
2886 4042 3123 4099 Dicendo
3147 4058 3362 4101 omnem
3392 4061 3502 4103 ma.

1922 4132 2115 4198 lltiam,
2171 4144 2491 4191 cunctorum
2532 4134 2824 4195 criminum
2877 4141 3129 4200 matrem,
3177 4149 3286 4190 uno
3336 4137 3503 4194 verbo

1925 4224 2207 4279 conclusit.

1995 4312 2063 4366 Et
2090 4330 2293 4368 omnem
2339 4312 2540 4369 dolum.
2570 4312 2829 4382 Quamvis
2864 4310 3020 4370 dolus
3049 4314 3283 4371 maxime
3312 4316 3381 4373 ad
3406 4318 3503 4375 de-

1927 4404 2230 4475 cipiendum
2285 4406 2552 4477 pertineat
2603 4405 2931 4476 proximum,
2982 4405 3069 4461 ille
3112 4415 3289 4462 tamen
3342 4424 3507 4479 omne,

1926 4513 1957 4553 a
1993 4512 2050 4553 se
2093 4496 2275 4553 dolum
2325 4498 2567 4568 deponit,
2617 4497 2707 4567 qui
2752 4512 2810 4552 se
2849 4498 3117 4553 veraciter
3158 4508 3504 4570 peccaturent

1844 4561 2225 4667 BIcognoscit,
2268 4600 2324 4649 et
2364 4561 2505 4665 quod
2555 4561 2751 4646 retinet
2780 4588 2961 4656 corde,
2992 4590 3095 4644 hoc
3130 4561 3419 4659 confitetur
3450 4562 3517 4663 et,

1925 4700 2040 4740 οπο.

1998 4774 2068 4829 Et
2111 4772 2519 4829 simulationem.
2580 4770 2887 4839 Simulatio,
2947 4787 3066 4844 qua:
3119 4772 3226 4830 alio
3287 4777 3515 4839 nomine

1928 4876 2153 4923 Vocatur
2188 4866 2354 4931 ﬁctio,
2386 4874 2469 4921 est
2506 4867 2559 4921 in
2588 4865 2827 4933 homine,
2857 4868 3071 4939 quando
3103 4867 3247 4923 aliud
3292 4871 3422 4943 tegit
3451 4872 3508 4941 in

1930 4961 2112 5027 corde,
2138 4959 2281 5016 aliud
2307 4968 2571 5017 monstrat
2592 4960 2644 5014 in
2668 4973 2853 5031 opere,
2881 4959 3020 5015 bona
3051 4961 3289 5017 ostendit
3314 4978 3503 5036 super-

1930 5053 2072 5118 ﬁcie,
2104 5059 2158 5109 et
2187 5050 2326 5107 mala
2357 5060 2503 5106 tenet
2527 5051 2580 5106 in
2612 5059 2848 5122 pectore.

2012 5144 2082 5200 Et
2144 5145 2416 5199 invidiam.
2475 5142 2666 5209 invidit
2709 5140 2955 5199 diabolus
3000 5141 3131 5200 Adae
3186 5142 3508 5200 beatitudini

1932 5228 1989 5293 et
2031 5236 2292 5299 felicitati,
2343 5243 2401 5293 et
2441 5234 2562 5291 ideo
2608 5250 2835 5311 peccare
2883 5235 2959 5291 illi
3002 5236 3192 5301 suasit,
3223 5244 3279 5290 et
3306 5236 3386 5291 sic
3410 5251 3520 5307 per-

1934 5331 2191 5388 invidiam
2246 5328 2446 5397 diaboli
2502 5345 2651 5393 mors
2708 5330 2763 5395 in
2827 5330 3015 5387 orbem
3080 5339 3350 5391 terrarum
3422 5331 3512 5391 int.

1933 5420 2137 5475 troivit.

1999 5512 2071 5567 Et
2119 5528 2297 5587 omnes
2341 5511 2703 5581 detractiones.
2744 5511 3021 5577 Detractio
3067 5517 3122 5565 et
3166 5509 3509 5584 blasphemis

1930 5598 2036 5675 est,
2079 5614 2135 5665 et
2168 5606 2464 5679 suspiciosa
2492 5604 2856 5676 reprehensio,
2895 5611 2950 5663 et
2983 5602 3246 5663 malorum
3277 5620 3507 5677 operum

1931 5700 2283 5765 existimatio,
2333 5707 2389 5753 et
2431 5698 2607 5754 omnis
2655 5695 2875 5751 omnino
2917 5704 3180 5752 venenata
3212 5705 3269 5753 et
3308 5700 3508 5757 absens

1935 5794 1999 5859 de
2029 5794 2196 5847 fratre
2223 5791 2441 5847 locutio.
2476 5789 2648 5844 Aliter
2674 5805 2685 5841 :
2720 5783 2922 5842 Malitia
2952 5786 3056 5844 hoc
3080 5788 3136 5845 in
3164 5788 3284 5846 loco
3310 5787 3513 5865 intellig
