4030 6452
562 356 660 413 271

1841 355 1976 411 SMA
1989 357 2195 414 RAGDI
2233 358 2525 415 ABBATIS

3722 373 3838 432 273

561 455 708 548 gitur
757 471 997 545 gentium
1045 485 1376 544 paganorum
1407 491 1421 537 ;
1477 472 1635 530 dolus
1683 473 1860 544 gentis
1923 472 2138 529 Judaeo-
2168 477 2220 539 Α
2246 493 2394 530 nemo
2419 484 2582 547 potest
2601 493 2811 549 ponere,
2839 487 3030 549 praeter
3050 480 3107 534 id
3126 483 3266 551 quod
3294 484 3524 554 positum
3552 497 3650 555 est,
3683 495 3834 560 quod

558 589 716 638 rum;
774 571 1150 627 simulationes
1204 570 1622 634 hmreticorum;
1686 569 1886 624 invidia
1939 569 2143 639 princi-
2242 578 2318 624 est
2344 565 2581 624 Christus
2601 571 2777 627 Jesus.

555 679 687 735 pum
727 661 1074 727 Iudaeorum;
1127 661 1491 718 detractiones
1530 662 1832 718 scribarum
1862 669 1917 717 et
1946 662 2140 717 Phari-

668 770 808 810 rum.

668 770 808 810 rum.

555 770 775 900 saigicut
803 843 958 897 modo
997 843 1160 914 geniti
1202 841 1455 910 infantes.
1487 840 1569 897 Ad
1592 841 1897 912 exemplum
1927 843 2138 899 scilicet

551 935 697 991 illius
737 934 946 1005 parvuli
978 977 992 999 ,
1019 935 1084 990 de
1114 951 1222 1005 quo
1243 935 1505 990 Dominus
1531 934 1606 989 ait
1637 953 1649 988 :
1685 932 1810 988 Nisi
1833 935 1951 1006 quis
1976 934 2136 1004 fuerit

549 1037 606 1081 ut
657 1027 908 1098 parvulus
957 1028 1064 1092 hic,
1109 1044 1214 1081 non
1247 1026 1464 1082 intrabit
1511 1027 1566 1082 in
1609 1043 1827 1097 regnum
1887 1025 2136 1082 caelorum

550 1117 769 1188 (Matth.
813 1117 990 1191 XVIII).
1041 1117 1110 1172 Et
1161 1119 1228 1174 de
1277 1117 1475 1187 quibus
1530 1115 1842 1172 ait:Sinite
1885 1115 2134 1187 parvulos

548 1208 718 1262 venire
767 1208 837 1262 ad
882 1226 986 1274 me,
1038 1208 1224 1263 talium
1279 1217 1355 1264 est
1401 1208 1538 1263 enim
1590 1224 1807 1276 regnum
1859 1206 2126 1262 caelorum.

547 1296 702 1352 Hanc
757 1299 899 1354 enim
954 1307 1240 1364 sanctam,
1299 1314 1490 1370 puram
1544 1307 1599 1354 et
1648 1298 1989 1354 innocentem
2041 1298 2129 1352 in-

545 1387 804 1456 fantiam,
843 1407 943 1461 per
978 1391 1234 1465 baptismi
1269 1392 1525 1464 gratiam,
1567 1399 1716 1447 casta
1756 1399 1932 1448 mater
1960 1391 2132 1463 gignit

544 1478 806 1538 Ecclesia.
1118 1507 1121 1511 ·

617 1570 976 1628 Rationabiles
1024 1575 1136 1630 sine
1177 1575 1319 1630 dolo.
1370 1575 1428 1632 Id
1467 1584 1572 1641 est,
1618 1590 1781 1632 sensu
1829 1571 2128 1632 rationabi-

543 1660 622 1718 les
647 1671 701 1718 et
727 1665 866 1730 veri,
895 1674 949 1721 et
982 1666 1102 1721 sine
1143 1667 1266 1722 dolo
1306 1667 1554 1733 fallaciae,
1592 1675 1769 1724 estote
1800 1676 1862 1722 ut
1890 1664 2122 1738 parvuli.

610 1755 718 1812 Lac
742 1760 1110 1828 concupiscite.
1139 1759 1253 1817 Hoc
1278 1769 1386 1827 est,
1414 1763 1564 1835 larga
1590 1763 1755 1818 ubera
1788 1771 2006 1819 aeternae
2030 1776 2122 1819 sa-

2313 658 2382 714 In
2411 661 2567 716 domo
2595 662 2880 732 spirituali.
2918 662 3124 721 Domus
3145 667 3446 738 spiritualis
3469 671 3720 732 Ecclesia
3743 687 3831 736 est

2232 747 2503 821 justorum
2541 753 2610 809 de
2651 753 2930 826 lapidibus,
2961 757 3102 814 vivis
3136 767 3192 816 et
3228 760 3516 822 animabus
3552 767 3829 828 aediﬁcata

2237 851 2572 900 sanctorum.

2307 933 2378 987 Et
2405 935 2756 991 sacerdotium
2789 947 3049 994 sanctum.
3081 939 3140 997 Id
3166 950 3275 1009 est,
3304 958 3415 1000 non
3442 945 3585 1003 sicut
3605 945 3829 1008 Veteris

2235 1022 2567 1082 Testamenti
2632 1030 2926 1086 secundum
2961 1031 3142 1088 Aaron
3182 1037 3545 1094 sacerdotium
3577 1043 3822 1110 carnale,

2235 1115 2330 1170 sed
2355 1119 2650 1173 secundum
2681 1121 2881 1177 Christi
2911 1124 3423 1197 sanctiﬁcationem,
3451 1133 3824 1190 sacerdotium

2231 1209 2443 1264 studete
2476 1226 2596 1267 esse
2626 1221 2874 1269 sanctum
2905 1221 2960 1270 et
2985 1216 3288 1286 spirituale.

2250 1345 2254 1348 .
2304 1299 2510 1371 Oﬂ'erre
2533 1304 2833 1374 spirituales
2859 1307 3076 1364 hostias.
3110 1307 3435 1381 Spirituales
3452 1313 3648 1373 hostia!
3670 1329 3818 1385 sunt,

2229 1392 2504 1448 orationes
2533 1403 2868 1451 sanctorum.
2898 1397 3196 1470 Dirigatur,
3228 1402 3305 1457 ait
3327 1402 3601 1471 Psalmus,
3647 1411 3820 1465 oratio

2228 1499 2368 1548 mea,
2389 1484 2524 1538 sicut
2545 1485 2813 1540 incensum
2837 1487 2890 1542 in
2913 1500 3190 1560 conspectu
3212 1499 3321 1547 tuo.
3349 1493 3476 1550 Sive
3501 1497 3819 1566 spirituales

2227 1570 2420 1628 hostiae
2473 1581 2629 1640 sunt,
2688 1589 2916 1646 corpora
2962 1594 3097 1649 pura
3148 1581 3439 1652 iustorum.
3489 1585 3571 1643 De
3617 1589 3819 1657 quibus

2227 1661 2428 1720 Paulus
2471 1665 2548 1720 ait
2576 1680 2592 1719 :
2623 1665 2850 1724 Obsecro
2879 1687 2968 1726 vos
3003 1688 3098 1742 per
3135 1673 3553 1732 misericordiam
3591 1677 3711 1746 Dei,
3761 1691 3820 1735 ut

2225 1757 2508 1813 exhibeatis
2536 1776 2756 1831 corpora
2780 1771 2950 1818 vestra
2983 1765 3208 1820 hostium
3231 1768 3505 1837 viventem,
3546 1784 3817 1841 sanctam,

537 1849 754 1920 pientiae
793 1853 988 1923 sugite,
1038 1862 1094 1908 et
1122 1854 1540 1926 Evangeliorum
1565 1865 1622 1914 et
1644 1857 2008 1930 apostolorum
2034 1856 2128 1913 do-
2151 1837 2201 1899 Β
2227 1848 2338 1905 ὒεο
2360 1849 2649 1921 Flammam
2673 1853 2850 1924 (Rom-
2876 1855 3002 1929 1"1)-

537 1947 768 2002 ctrinam
789 1950 1236 2020 concupiscentes
1267 1951 1504 2022 implete.

607 2041 677 2097 Ut
696 2042 752 2097 in
775 2061 834 2098 eo
865 2046 1110 2100 crescatis
1138 2047 1195 2102 in
1224 2046 1468 2102 salutem.
1507 2046 1564 2102 Id
1605 2053 1712 2112 est,
1754 2045 1889 2102 Novi
1917 2061 1981 2103 ac
2008 2047 2119 2103 Ve-

534 2135 667 2190 teris
708 2135 1042 2194 Testamenti
1084 2140 1309 2210 verbum
1360 2140 1644 2196 sinceriter
1689 2141 1907 2207 sumite,
1950 2147 2012 2195 ut
2050 2139 2118 2212 ad

532 2240 653 2282 eum
676 2243 870 2298 panem
893 2229 985 2300 qui
1010 2230 1076 2286 de
1096 2231 1238 2288 coelo
1256 2231 1536 2286 descendit
1563 2231 1847 2303 pervenire
1865 2231 2116 2298 valeatis,

531 2327 841 2376 crescentes
863 2321 917 2376 in
944 2321 1196 2378 salutem.

601 2409 867 2476 Quoniam
914 2412 1083 2469 dulcis
1131 2420 1206 2469 est
1237 2416 1516 2471 Dominus.
1552 2415 1653 2487 (Ex
1683 2415 1955 2488 Cassiod.)
2005 2416 2116 2473 Gu-

528 2508 646 2558 stus
671 2504 774 2559 iste
799 2521 907 2560 non
933 2507 1171 2575 pertinet
1191 2508 1255 2561 ad
1280 2507 1393 2562 oris
1412 2507 1674 2578 palatum,
1707 2509 1803 2563 sed
1828 2509 1896 2564 ad
1919 2509 2114 2566 anima:

526 2597 910 2654 suavissimum
939 2615 1180 2655 sensum.
1213 2601 1398 2656 Dulcis
1432 2602 1578 2657 enim
1606 2610 1692 2656 est
1717 2602 1818 2665 eis,
1849 2603 1942 2670 qui
1969 2603 2114 2658 bona

525 2687 697 2756 ipsius
737 2688 1094 2758 spiritualiter
1124 2692 1478 2755 imbiberant,
1522 2699 1578 2748 et
1609 2693 1818 2748 devotis
1858 2693 2112 2752 sensibus

445 2779 449 2783 ’
525 2776 592 2832 de
624 2777 796 2846 ipsius
829 2793 1055 2834 munere
1079 2789 1454 2849 gustaverunt.

591 2867 674 2922 Ad
696 2883 846 2937 quem
873 2869 1171 2924 accedentes
1199 2870 1425 2942 lapidem
1449 2873 1642 2927 vivum.
1671 2873 1772 2928 Hic
1795 2873 1934 2944 lapis
1959 2873 2110 2930 Chri-

525 2967 642 3014 stus
680 2959 1021 3028 intelligitur,
1065 2961 1133 3016 de
1175 2977 1284 3033 quo
1325 2962 1518 3018 Daniel
1565 2965 1680 3018 ait:
1727 2963 1848 3018 Vidi
1877 2964 2107 3036 lapidem

523 3051 809 3104 abscissum
839 3052 903 3105 de
930 3060 1105 3107 monte
1147 3055 1260 3107 sine
1299 3054 1561 3120 manibus,
1617 3057 1707 3126 qui
1754 3072 1959 3110 omnem
1996 3064 2106 3110 ter-

2294 1942 2649 2014 Acceptabiles
2693 1947 2804 2002 Deo
2844 1965 2938 2020 per
2974 1948 3160 2005 Iesum
3195 1950 3483 2009 Christum.
3515 1954 3705 2028 Populi
3734 1959 3818 2016 Is-

2223 2035 2359 2102 rael,
2387 2039 2635 2094 carnales
2657 2041 2864 2096 hostias
2893 2059 2992 2113 per
3012 2043 3198 2116 plures
3224 2045 3522 2103 oﬂ'erebant
3551 2053 3816 2108 sacerdo-

2222 2133 2327 2194 tes,
2352 2143 2454 2184 nos
2476 2140 2657 2186 autem
2682 2133 2955 2204 spiritales
2975 2150 3075 2206 per
3097 2153 3263 2193 unum
3286 2141 3596 2210 pontiﬁcem
3620 2141 3815 2203 Iesum

2220 2214 2500 2275 Christum
2540 2237 2730 2277 verum
2757 2233 2812 2279 et
2839 2233 3102 2282 aeternum
3133 2229 3413 2287 offerimus
3440 2234 3815 2304 sacerdotem,

2217 2309 2305 2364 cui
2330 2311 2534 2367 dictum
2561 2320 2644 2369 est
2667 2333 2680 2369 :
2711 2315 2790 2371 Tu
2810 2334 2864 2372 es
2884 2320 3128 2376 sacerdos
3149 2322 3208 2376 in
3232 2329 3480 2378 a'ternum
3509 2329 3816 2385 secundum

2217 2401 2452 2456 ordinem
2475 2403 2854 2463 Melchisedech
2885 2407 3058 2481 (Psal.
3085 2411 3197 2482 cx).

2289 2491 2514 2565 Propter
2545 2499 2686 2568 quod
2726 2503 2955 2557 continet
2997 2505 3292 2576 Scriptura.
3345 2507 3472 2566 Hac
3502 2512 3648 2567 enim
3683 2530 3811 2586 qua:

2213 2595 2516 2658 sequuntur
2538 2588 2690 2648 Isaia:
2720 2594 2962 2651 continet
2987 2598 3289 2668 prophetia.
3316 2599 3468 2672 (Cap.
3489 2605 3708 2674 xxvm.)

2284 2677 2422 2734 Ecce
2457 2696 2592 2750 pono
2636 2682 2692 2737 in
2742 2682 2872 2740 Sion
2912 2686 3140 2757 lapidem
3182 2707 3464 2747 summum.
3503 2692 3636 2750 Sion
3677 2711 3800 2766 quae

2212 2770 2609 2842 interpretatur
2652 2777 2890 2846 specula,
2933 2780 3001 2835 de
3021 2789 3253 2854 utroque
3279 2786 3478 2856 populo
3501 2803 3810 2863 congrega-

2210 2868 2324 2916 tam
2354 2863 2626 2933 signiﬁcat
2650 2866 2974 2936 Ecclesiam,
2998 2872 3086 2927 cui
3113 2873 3248 2944 lapis
3277 2873 3436 2932 Iesus
3465 2877 3722 2935 Christus
3749 2891 3808 2936 et

2210 2950 2268 3006 in
2313 2951 2662 3012 fundamento
2692 2959 2936 3028 ponitur,
2963 2971 3185 3034 propter
3217 2964 3342 3021 ﬁdei
3372 2967 3805 3034 inchoationem.

2209 3049 2266 3096 et
2293 3042 2347 3097 in
2393 3045 2591 3115 angulo
2617 3056 2841 3119 propter
2883 3051 3089 3108 unitam
3135 3055 3418 3128 utriusque
3444 3060 3628 3130 populi
3657 3077 3807 3132 ,ωη-

524 3158 638 3197 ram
679 3142 904 3214 implevit
938 3144 1100 3216 (Dan.
1127 3145 1206 3218 ιι).
1238 3144 1307 3202 Et
1334 3146 1584 3204 Psalmus
1617 3165 1629 3202 :
1661 3147 1911 3218 Lapidem
1951 3165 2104 3220 quem

2231 3134 2580 3202 unctionem,
2641 3146 2697 3194 et
2750 3141 2807 3195 in
2861 3144 3215 3212 summitate,
3270 3129 3801 3220 propteriomnium

522 3237 929 3306 reprobauerunt
950 3215 1297 3307 rwdiﬁcantes,
1340 3239 1424 3292 hic
1460 3239 1633 3308 factus
1656 3249 1731 3294 est
1751 3241 1806 3293 in
1829 3249 1984 3311 caput
2010 3257 2107 3295 an-

2225 3231 2478 3290 bonorum
2499 3245 2726 3300 operum
2758 3233 3168 3303 perfectionem.
3199 3215 3322 3309 Ipse
3349 3215 3489 3295 enim
3510 3251 3588 3297 est
3616 3266 3649 3299 α
3672 3254 3724 3298 et
3739 3268 3798 3311 es,

519 3327 651 3396 guli,
683 3328 774 3398 qui
804 3328 960 3385 vivus
986 3330 1203 3396 dicitur,
1231 3332 1322 3403 qui
1355 3333 1513 3388 tertia
1553 3333 1641 3388 die
1671 3334 1993 3399 resurrexit,
2024 3335 2106 3390 vi-

519 3421 951 3486 vusamortuis,
1002 3423 1093 3493 qui
1133 3422 1246 3493 jam
1295 3439 1401 3479 non
1448 3425 1702 3491 moritur,
1748 3433 1806 3482 et
1852 3442 2001 3482 mors
2024 3426 2104 3483 illi

518 3509 659 3563 ultra
699 3527 808 3566 non
849 3511 1237 3568 dominabitur.
1281 3514 1363 3570 Ad
1400 3530 1582 3585 quem,
1628 3517 1807 3572 omnis
1833 3519 1924 3589 qui
1954 3527 2105 3576 recte

519 3599 694 3653 credit
714 3609 771 3654 et
791 3600 938 3670 juste
965 3602 1120 3668 vivit,
1157 3603 1389 3659 accedit.

591 3687 666 3741 Ab
706 3689 1003 3745 hominibus
1033 3693 1242 3762 quidem
1271 3695 1622 3764 reprobatum.
1650 3697 1695 3751 Α
1723 3695 1924 3754 Judaeis
1951 3699 2104 3756 scili-

518 3788 626 3844 cet,
655 3781 745 3851 qui
780 3783 1154 3840 clamaverunt
1180 3785 1354 3841 Pilato
1379 3805 1392 3840 :
1420 3787 1587 3856 Tolle,
1619 3791 1864 3862 cruciﬁge
1894 3793 2055 3849 talem
2082 3813 2095 3850 :

520 3871 634 3927 Nos
663 3890 764 3929 non
791 3875 1039 3932 habemus
1071 3895 1261 3949 regem,
1304 3880 1408 3934 nisi
1437 3879 1700 3937 Cwsarem
1742 3883 1925 3955 (Joan.
1955 3888 2093 3960 xu).

2205 3319 2405 3388 primus
2433 3329 2484 3374 et
2515 3322 2850 3390 novissimus,
2882 3325 3090 3382 initium
3120 3337 3170 3384 et
3194 3329 3318 3399 ﬁnis
3355 3331 3542 3403 (Apoc.
3575 3334 3639 3405 1).

2278 3421 2462 3477 Omnis
2491 3424 2580 3494 qui
2613 3425 2778 3480 credit
2811 3426 2869 3482 in
2897 3445 3038 3494 eum,
3090 3445 3197 3485 non
3241 3432 3615 3502 confundetur.
3655 3435 3803 3508 Spes

2203 3517 2384 3567 autem
2413 3513 2678 3570 bonorum
2710 3531 2820 3572 non
2867 3518 3250 3588 confundetur,
3298 3524 3426 3594 quia
3458 3527 3603 3596 quod
3633 3531 3802 3586 modo

2201 3600 2436 3659 ﬁdeliter
2464 3611 2520 3659 et
2569 3605 2802 3664 ﬁrmiter
2838 3610 3088 3676 credunt,
3131 3612 3186 3668 in
3227 3623 3488 3672 aeternum
3521 3621 3806 3678 veraciter

2211 3694 2545 3764 accipientes
2571 3711 2695 3752 cum
2725 3700 2923 3769 gaudio
2955 3701 3296 3759 obtinebunt.
3387 3707 3402 3716 ‘

2286 3805 2440 3863 Vobis
2480 3809 2644 3879 igitur
2682 3812 2852 3867 honor
2879 3816 3227 3872 credentibus.
3256 3818 3492 3878 Grandis
3517 3825 3659 3879 enim
3693 3826 3803 3882 ho-

2199 3912 2302 3951 nor
2332 3899 2684 3956 credentibus
2710 3902 2764 3957 in
2793 3903 3069 3961 Christum
3111 3909 3363 3978 donatur,
3411 3921 3474 3968 ut
3500 3914 3608 3969 sint
3633 3915 3799 3971 vide—

586 3963 629 4016 Α
680 3963 788 4018 Deo
833 3976 1008 4022 autem
1052 3968 1291 4025 electum.
1344 3969 1497 4027 Sicut
1543 3973 1686 4029 Deus
1725 3985 1900 4046 pater,
1937 3980 2004 4036 de
2032 3997 2098 4037 eo
2197 3990 2325 4046 licet
2375 3991 2575 4048 fratres
2611 3994 2827 4051 Domini
2873 3997 3000 4055 Jesu
3028 4000 3230 4057 Christi
3257 4011 3312 4059 et
3345 3963 3441 4060 ﬁlii
3492 4005 3664 4062 Patris
3711 4009 3802 4064 al-

512 4070 611 4126 per
659 4055 851 4112 Isaiam
903 4060 1020 4115 ait:
1053 4059 1191 4115 Ecce
1232 4079 1409 4118 servus
1464 4082 1631 4132 meus,
1683 4067 1874 4124 electus
1927 4087 2092 4139 meus,

2225 4081 2415 4137 issimi.
2469 4084 2539 4139 Ut
2580 4087 2690 4141 sint
2726 4088 2970 4146 hmredes
3001 4092 3098 4148 Dei
3131 4095 3321 4166 patris,
3354 4098 3662 4155 coheredes
3693 4117 3802 4156 au-

513 4148 668 4218 (Isai.
719 4151 874 4224 Lxu).
925 4151 992 4208 Et
1028 4155 1082 4210 in
1112 4155 1446 4227 Evangelio:
1480 4157 1584 4214 Hic
1609 4171 1687 4214 est
1732 4160 1910 4217 Filius
1947 4179 2093 4219 meus

2225 4190 2307 4230 em
2336 4174 2565 4232 Christi.
2599 4179 2854 4248 Grandis,
2885 4148 3335 4255 inquam,rhonor
3362 4199 3445 4244 est
3473 4191 3570 4257 eis,
3602 4200 3661 4245 ut
3683 4192 3800 4247 ful-

511 4242 734 4298 dilectus
763 4244 978 4314 (Matth.
1003 4246 1161 4319 xvn).
2196 4277 2360 4340 geant
2381 4269 2523 4326 sicut
2553 4273 2633 4329 sol
2655 4273 2708 4328 in
2735 4242 2902 4345 regno
2927 4242 3126 4341 Patris,
3155 4286 3210 4333 et
3230 4280 3453 4336 sedeant
3472 4242 3633 4352 super
3652 4283 3799 4340 duo-

585 4334 654 4387 Ει
700 4335 1126 4404 honori/500mm-
1175 4339 1578 4400 Honoriﬁcatlls
1607 4355 1691 4400 εει
1719 4343 1979 4403 Dominus
2001 4363 2096 4404 n0-
2195 4334 2370 4414 decim
2417 4362 2644 4418 thronos
2687 4334 2998 4434 iudicantes
3043 4368 3326 4426 duodecim
3374 4334 3562 4428 tribusr
3588 4373 3791 4431 Israel.

511 4434 624 4480 ster
651 4425 810 4482 Jesus
837 4427 1086 4487 Christus
1115 4433 1288 4503 gloria
1317 4438 1754 4502 resurrectionis,
1801 4447 1857 4493 et
1900 4441 1952 4494 in
1985 4455 2095 4498 cos-
2194 4449 2430 4507 Grandis
2462 4453 2638 4509 honor
2665 4425 2751 4510 (ζει
2784 4455 2882 4523 eis,
2907 4457 3104 4528 quibus
3141 4459 3284 4516 ﬁlius
3313 4462 3407 4517 Dei
3436 4464 3600 4518 dicit:
3627 4463 3794 4522 Sicut

508 4516 622 4571 lum
667 4518 1004 4574 ascenSioniS
1043 4520 1097 4574 in
1139 4522 1360 4578 dextera
1399 4525 1568 4594 patris
1602 4526 1864 4593 δεδείοηθ,
1895 4537 1952 4584 εί
1975 4544 2094 4584 01η·
2114 4565 2171 4628 D
2195 4543 2380 4598 dilexit
2401 4562 2484 4601 me
2510 4543 2694 4612 Pater,
2717 4558 2766 4603 et
2790 4567 2884 4621 ego
2895 4550 3058 4606 dilexi
3076 4569 3185 4620 vos,
3207 4565 3412 4611 manete
3428 4558 3484 4612 in
3504 4557 3795 4619 dilectione

507 4608 656 4662 nium
681 4616 1010 4678 potestatum
1048 4614 1387 4683 acceptione,
1417 4616 1560 4671 sicut
1587 4616 1678 4672 ille
1700 4618 1778 4672 ait
1803 4637 1816 4672 :
1847 4619 1987 4675 Data
2013 4629 2088 4677 est

2225 4652 2333 4691 nea.
2353 4637 2424 4692 Et
2444 4655 2530 4694 vos
2547 4641 2704 4695 amici
2725 4641 2829 4697 mei
2836 4644 2982 4710 estis,
3007 4653 3056 4700 et
3067 4645 3186 4716 jam
3209 4663 3314 4702 non
3338 4649 3456 4703 dico
3470 4667 3557 4706 vos
3577 4669 3786 4721 servos,

505 4700 635 4754 mihi
675 4703 841 4756 omnis
877 4713 1100 4774 potestas
1134 4706 1191 4760 in
1226 4707 1353 4763 caelo
1377 4718 1424 4763 et
1447 4709 1502 4764 in
1532 4719 1672 4765 terra
1695 4711 1910 4784 (Matth.
1941 4716 2086 4790 ult.).

2225 4727 2289 4782 ed
2303 4729 2499 4784 amicos
2516 4729 2697 4799 (Joan.
2713 4734 2824 4804 XIV)
2835 4774 2848 4788 .
2867 4700 3100 4793 Grandis
3123 4700 3785 4812 honor-estquibus'ditﬁt;

506 4789 642 4858 Quia
663 4792 844 4848 datum
868 4804 941 4849 est
965 4795 1044 4850 illi
1067 4814 1251 4853 nomen
1271 4801 1410 4870 quod
1431 4810 1507 4856 est
1539 4821 1696 4875 super
1716 4822 1866 4861 omne
1881 4789 2088 4878 nomen,
2198 4789 2559 4892 Quodcunque
2573 4789 2824 4892 petieritis
2847 4823 3064 4883 Patrem
3085 4830 3141 4884 in
3163 4834 3372 4886 nomine
3392 4789 3507 4889 nico
3525 4835 3669 4890 dabit
3690 4854 3792 4893 oo-

504 4883 634 4936 utin
657 4884 866 4938 nomine
896 4886 1010 4956 ejus
1031 4905 1182 4942 omne
1203 4906 1337 4960 genu
1361 4893 1625 4961 ﬂectatur,
1652 4895 1954 4965 caelestium,
1987 4909 2090 4955 ter-
2197 4883 2273 4961 bis
2293 4883 2635 4982 (leam-xvi).
2664 4912 2730 4968 Et
2748 4915 2979 4971 iterum:
3014 4915 3210 4975 Videbo
3232 4939 3319 4977 vos
3347 4933 3395 4977 et
3423 4924 3668 4995 gaudebit
3683 4943 3790 4981 cor

505 4975 748 5028 τεετνίιιηι
774 4984 823 5030 ετ
857 4977 1203 5047 inﬁmorum.
1236 4989 1284 5034 ϐε
1333 4984 1501 5037 omnis
1544 4983 1727 5056 lingua
1775 4989 2090 5057 conﬁteatur
2194 4975 2446 5067 uestrum,
2468 5013 2517 5056 et
2540 5005 2794 5075 gaudium
2821 5017 3045 5065 vestrum
3067 5028 3217 5068 nemo
3239 5013 3385 5069 tollet
3411 4975 3450 5071 (ἕ
3465 5018 3626 5075 vobis.
3647 5019 3789 5089 Qui-

508 5064 626 5089 ....‘_
659 5062 906 5089 n-...:..--_
939 5065 1078 5089 1-----
1110 5067 1172 5089 ιη
1195 5071 1284 5089 ηοκ.
1377 5073 1390 5085 ο
1493 5073 1505 5089 ι
1576 5074 1589 5088 ο
1719 5087 1726 5089 _
1766 5077 1802 5089 -ι
1843 5081 1854 5089 .
1891 5077 1927 5089 -ι
2023 5083 2037 5089 -

500 5064 626 5135 quia
649 5062 906 5122 Dominus
925 5065 1080 5124 Iesus
1108 5067 1347 5126 Christus
1371 5073 1425 5128 in
1452 5073 1622 5145 gloria
1652 5087 1728 5131 est
1756 5077 1854 5132 Dei
1881 5077 2082 5139 Patris.

575 5157 644 5212 Et
683 5159 784 5229 ipsi
820 5167 1068 5234 tanquam
1107 5163 1305 5236 lapides
1351 5167 1470 5222 vivi.
1528 5168 1727 5240 Utpote
1773 5171 1828 5226 iu
1868 5171 2085 5231 Christo

502 5247 679 5321 lapide
709 5251 835 5309 vivo
865 5256 1167 5312 resuscitati
1197 5267 1252 5314 et
1275 5259 1534 5316 viviﬁcati
1562 5278 1575 5315 :
1609 5258 1801 5320 Potens
1835 5275 1909 5320 est
1944 5268 2084 5322 enim

502 5338 666 5408 Deus,
709 5344 788 5401 ait
821 5346 1200 5420 Evangelium,
1248 5351 1314 5405 de
1362 5351 1623 5422 lapidibus
1671 5355 1788 5409 istis
1828 5358 2082 5413 suscitare

499 5431 638 5500 ﬁlios
672 5437 899 5496 Abrahce
927 5440 1141 5513 (Matth.
1167 5441 1272 5513 ιη).

571 5522 1098 5599 διιρενωάὶιὸεαιπίηἱ.
1122 5531 1181 5588 Id
1206 5542 1308 5600 est,
1335 5549 1499 5605 super
1517 5536 1928 5596 fundamentum
1953 5556 2079 5612 apo-

504 5612 848 5670 stolorumet
874 5620 1278 5689 prophetarum,
1316 5625 1458 5693 quod
1497 5634 1580 5681 est
1608 5626 1857 5684 Christus
1894 5629 2073 5698 Iesus,

502 5701 569 5754 dc
617 5717 726 5773 quo
771 5707 847 5761 ait
891 5709 1220 5779 Apostolus:
1259 5714 1424 5780 Quasi
1469 5719 1675 5788 sapiens
1731 5722 2068 5788 architectus,

503 5790 895 5867 fundamentum
924 5807 1094 5875 posui.
1153 5807 1218 5862 Et
1272 5807 1411 5864 Idem
1437 5826 1447 5862 :
1475 5807 1900 5868 Fundamentum
1925 5815 2072 5870 aliud

2189 5089 2291 5145 bus
2343 5091 2511 5147 dicit:
2544 5093 2665 5164 Ipse
2711 5099 2849 5152 enim
2893 5098 3058 5156 Pater
3091 5114 3233 5158 amat
3281 5123 3390 5171 vos,
3420 5111 3545 5180 quia
3577 5128 3664 5166 vos
3693 5131 3785 5170 me

2187 5186 2392 5241 amatis
2409 5197 2456 5240 et
2493 5188 2725 5246 creditis.
2773 5191 3007 5250 Grandis
3042 5196 3232 5253 honor
3265 5208 3351 5255 est
3376 5202 3475 5268 eis,
3518 5219 3617 5274 pro
3653 5208 3784 5277 qui-

2185 5274 2287 5330 bus
2309 5287 2516 5347 patrem
2541 5279 2684 5335 ﬁlius
2703 5296 2937 5340 exorans
2963 5284 3040 5341 ait
3066 5303 3079 5342 :
3109 5285 3274 5344 Pater
3293 5301 3492 5358 sancte,
3514 5274 3780 5354 serva-eos

2185 5363 2239 5416 in
2266 5367 2471 5421 nomine
2493 5379 2584 5422 tuo
2608 5386 2738 5441 quos
2777 5373 2970 5429 dedisti
3007 5375 3159 5443 mihi,
3203 5388 3260 5432 ut
3305 5382 3412 5436 sint
3442 5400 3604 5441 unum
3631 5387 3777 5443 sicut

2185 5461 2235 5506 et
2262 5471 2354 5509 nos
2376 5457 2557 5526 (Joan.
2583 5461 2737 5533 xvu).
2771 5462 2837 5517 Et
2860 5464 2990 5520 item
3015 5480 3029 5521 :
3053 5467 3239 5540 Et'ego
3263 5471 3578 5539 claritatem,
3607 5494 3776 5548 quam

2187 5543 2376 5600 dedisti
2411 5549 2540 5603 mihi
2561 5551 2681 5607 dedi
2704 5555 2800 5621 eis,
2849 5565 2906 5611 ut
2929 5557 3033 5612 sint
3059 5574 3223 5615 unum
3249 5562 3386 5617 sicut
3406 5575 3452 5618 et
3479 5582 3572 5622 nos
3600 5543 3815 5635 unum.

2184 5653 2384 5695 sumus.
2412 5641 2525 5714 Ego
2551 5645 2603 5699 in
2633 5646 2707 5700 eis
2735 5657 2782 5701 et
2812 5659 2868 5702 tu
2909 5651 2964 5704 in
3003 5667 3104 5716 me,
3139 5662 3188 5707 et
3217 5667 3495 5725 cognoscat
3531 5662 3770 5720 mundus

2183 5729 2306 5799 quia
2341 5740 2398 5785 tu
2422 5749 2504 5786 me
2529 5736 2740 5801 misisti,
2778 5748 2825 5792 et
2867 5739 3098 5796 dilexisti
3146 5759 3256 5808 eos,
3287 5746 3423 5802 sicut
3446 5758 3497 5803 et
3525 5766 3608 5804 me
3629 5751 3766 5808 dile-

2181 5819 2323 5872 misti.
2373 5821 2605 5880 Grandis
2649 5824 2820 5882 honor
2863 5836 2947 5885 est
2994 5833 3357 5899 credentibus,
3414 5852 3513 5908 pro
3558 5841 3762 5909 quibus
