4030 6452
230 345 348 404 275

1065 343 1592 426 COLLECTIONES
1629 345 1698 402 IN
1739 341 2122 406 EPISTOLAS
2161 342 2254 401 ET
2291 340 2714 401 EVANGELIA.

3383 345 3388 350 ’
3405 343 3515 403 174

231 463 370 522 dicit
381 479 408 518 -ε
438 454 627 530 Pater,
651 477 782 535 quos
809 457 1000 518 dedisti
1028 464 1181 530 mihi,
1207 463 1324 520 volo
1352 472 1411 518 ut
1441 461 1532 518 ubi
1559 479 1677 517 sum
1700 479 1816 534 ego,
1848 466 1903 526 Α
1924 460 2073 516 enim
2095 466 2154 515 et
2186 455 2410 514 Slmeon
2439 457 2552 513 ait:
2589 456 2729 524 Quia
2758 455 3000 512 viderunt
3043 457 3186 512 oculi
3221 457 3325 514 mei
3359 459 3513 516 sal»

227 567 284 614 et
306 557 388 613 illi
415 558 523 612 sint
545 572 772 625 mecum,
803 563 861 610 ut
890 553 1100 612 videant
1123 554 1420 611 claritatem
1447 570 1640 622 meam,
1665 570 1826 626 quam

227 647 426 704 dedisti
453 647 604 702 mihi.

305 740 433 796 Non
465 740 793 797 credentibus
828 750 1025 806 autem,
1060 740 1196 813 lapis
1226 758 1380 813 quem
1415 740 1821 814 reprobaverunt

225 831 684 906 testiﬁcantes.(Ex
695 833 1083 906 Cassiod.)Soli
1102 834 1158 890 in
1169 843 1286 890 toto
1299 831 1680 890 mundoJudasi
1696 839 1824 888 tunc

224 925 562 983 adiﬁcantes
575 941 696 984 esse
713 927 1060 993 videbantur,
1075 928 1203 998 quia
1219 928 1344 983 dum
1356 933 1566 984 αξιοι-ω
1578 924 1825 981 nationes

225 1020 391 1079 idolis
414 1020 823 1089 sacriﬁcabant,
860 1021 936 1077 illi
965 1022 1064 1078 soli
1088 1023 1257 1078 Deum
1284 1021 1558 1087 colebant,
1579 1019 1676 1077 sed
1695 1016 1824 1075 ﬁdei

224 1125 344 1168 suae
368 1111 635 1168 fabricam
662 1113 886 1168 minime
914 1101 1263 1184 perfecerunt
1290 1154 1305 1168 .
1341 1112 1612 1181 Quoniam
1643 1111 1823 1183 ipsum

222 1205 323 1274 qui
361 1210 480 1259 erat
517 1203 654 1274 lapis
691 1202 1043 1274 fortissimus,
1090 1204 1388 1277 angularis,
1417 1219 1574 1260 more
1599 1205 1822 1260 demen-

223 1295 367 1352 tium
411 1303 878 1367 contempserunt.
909 1294 1014 1362 Qui
1039 1294 1217 1352 factus
1261 1311 1384 1353 esse
1420 1296 1478 1351 in
1512 1303 1680 1368 caput
1725 1311 1823 1351 an-

220 1385 335 1457 guli
381 1385 601 1452 dicitur,
647 1386 778 1458 quia
827 1387 1260 1444 circumcisionis
1297 1396 1353 1443 et
1383 1387 1628 1459 gentium
1653 1401 1824 1457 popu-

222 1477 338 1533 lum
367 1478 663 1549 copulavit.
689 1478 934 1551 Angulus
957 1479 1104 1535 enim
1134 1495 1201 1535 ex
1227 1478 1419 1536 Gram
1448 1494 1701 1534 sermone
1727 1479 1822 1535 de-

221 1568 436 1625 scendit
455 1570 654 1642 ιιγόνυ,
685 1571 830 1640 quod
855 1569 1050 1626 Latine
1076 1570 1276 1626 dicitur
1294 1587 1457 1642 genu,
1489 1571 1593 1626 hoc
1615 1569 1818 1626 inﬂexu

220 1660 463 1729 speciem
505 1660 710 1732 anguli,
752 1660 1021 1717 conformi
1066 1662 1330 1732 qualitate
1390 1662 1652 1729 restituit,
1707 1663 1821 1719 sive

220 1754 362 1826 lapis
405 1754 683 1826 angularis
723 1754 974 1812 Christus
1014 1754 1235 1820 dicitur,
1268 1763 1495 1826 propter
1517 1754 1819 1825 copulatio-

1926 561 2040 608 tare
2063 558 2232 616 tuum,
2257 549 2397 623 quod
2423 549 2627 621 parasti
2652 557 2774 604 ante
2811 549 3000 621 faciem
3032 550 3265 605 omnium
3293 550 3514 623 populo-

1925 662 2064 701 rum.
2122 641 2325 699 Lumen
2376 643 2446 699 ad
2489 641 2855 699 revelationem
2902 643 3156 716 gentium,
3195 652 3246 698 et
3287 642 3514 715 gloriam

1922 737 2087 810 plebis
2106 747 2212 793 tua:
2239 734 2431 803 Israel,
2459 744 2566 792 etc.
2600 734 2754 809 (Luc.
2777 736 2894 808 xx).
2922 735 2993 792 Et
3014 736 3129 807 ipse
3149 734 3415 792 Dominus
3445 736 3515 793 de

1925 845 1986 886 se
2028 830 2144 885 ait:
2176 828 2291 901 Ego
2337 844 2456 885 sum
2488 827 2584 883 lure
2622 827 2828 882 mundi.
2871 826 2940 883 Et
2986 825 3224 884 Joannes
3261 827 3331 883 de
3379 825 3513 882 illo:

1923 919 2060 977 Erat
2087 919 2181 975 lus:
2198 937 2342 987 vera,
2363 936 2481 992 qua:
2501 918 2772 975 illuminat
2793 935 3001 976 omnem
3026 921 3291 977 hominem
3311 920 3518 977 venien-

1922 1024 2026 1073 tem
2053 1017 2109 1071 in
2129 1016 2269 1071 hunc
2298 1014 2553 1071 mundum
2577 1014 2758 1088 (Joan.
2788 1013 2853 1087 ι).

1995 1107 2100 1175 Qui
2145 1106 2432 1180 aliquando
2466 1124 2571 1163 non
2609 1106 2856 1179 populus,
2895 1123 3036 1163 nunc
3074 1118 3251 1163 autem
3290 1106 3517 1180 populus

1920 1200 2042 1256 Dei.
2072 1200 2150 1257 De
2181 1200 2382 1272 p0pulo
2410 1199 2541 1257 dicit
2567 1201 2832 1274 gentium,
2865 1199 2956 1271 qui
2982 1209 3145 1256 antea
3167 1200 3290 1256 sine
3316 1199 3438 1272 lege
3461 1208 3520 1256 et

1920 1291 2202 1363 prophetis
2240 1299 2296 1347 et
2328 1307 2581 1349 sermone
2608 1292 2701 1348 vix
2728 1300 2850 1349 erat
2872 1291 3110 1347 Domini.
3140 1289 3221 1347 De
3245 1305 3354 1360 quo
3379 1297 3435 1346 et
3459 1290 3520 1345 in

1920 1383 2140 1439 Psalmo
2196 1384 2314 1456 ipse
2364 1383 2626 1440 Dominus
2678 1384 2861 1440 dicit:
2907 1381 3146 1454 Populus
3199 1398 3355 1454 quem
3407 1398 3517 1437 non

1920 1477 2159 1546 cognovi,
2203 1476 2258 1531 id
2281 1484 2383 1543 est,
2410 1477 2477 1533 ad
2506 1491 2668 1547 quem
2705 1493 2816 1533 non
2856 1476 3002 1542 veni,
3052 1476 3352 1548 prophetas
3401 1488 3514 1530 non

1919 1567 2064 1630 misi,
2099 1569 2331 1634 servivit,
2359 1568 2414 1623 id
2435 1577 2543 1635 est,
2567 1569 2822 1636 credidit,
2849 1571 2979 1625 mihi
3003 1567 3180 1641 (I’sal.
3205 1571 3364 1640 xvii).
3393 1567 3522 1637 Qui-

1920 1674 2136 1731 cunque
2159 1661 2305 1716 enim
2327 1662 2504 1718 credit
2524 1671 2582 1716 et
2609 1663 2800 1727 servit,
2822 1661 2967 1733 quod
2993 1662 3198 1718 factum
3223 1670 3310 1718 est
3336 1677 3369 1718 a
3391 1675 3523 1733 gen-

1919 1751 2088 1819 tibus,
2123 1767 2244 1823 quae
2273 1769 2383 1809 non
2416 1752 2635 1809 fuerant
2673 1769 2706 1810 a
2743 1752 2963 1812 Christo
2996 1752 3292 1812 carnaliter
3330 1752 3514 1824 inqui-

219 1861 347 1902 nem
391 1846 627 1904 duorum
665 1854 1140 1912 testamentorum,
1190 1846 1280 1902 vel
1305 1846 1435 1916 quia
1459 1855 1680 1902 terrena
1711 1861 1822 1903 cce-
1849 1846 1897 1906 B
1926 1843 2066 1899 sitae.

217 1937 474 2008 lestibus,
498 1947 553 1995 et
573 1939 818 1996 cmlestia
840 1939 1074 1994 terrenis
1099 1937 1394 2008 pacificans
1415 1936 1709 2008 copulavit.

290 2031 363 2088 Et
397 2031 534 2104 lapis
561 2032 868 2104 o/fensionis
895 2040 943 2086 et
967 2041 1117 2102 petra
1155 2029 1416 2097 scandali,
1444 2030 1527 2084 his
1549 2030 1639 2102 qui
1661 2029 1824 2099 offen-

221 2123 357 2178 dunt
393 2125 452 2178 in
486 2125 636 2180 verbo
679 2141 773 2179 nec
809 2123 1054 2178 credunt.
1095 2123 1191 2178 His
1216 2123 1311 2193 qui
1340 2137 1450 2178 non
1478 2122 1712 2177 credunt
1739 2121 1824 2176 in-

224 2217 604 2272 carnationem
645 2215 863 2272 Domini
911 2214 1085 2270 nostri
1135 2213 1267 2270 Jesu
1319 2212 1546 2280 Christi,
1601 2211 1689 2268 vel
1729 2212 1824 2282 qui

223 2306 568 2364 divinitatem
607 2308 663 2363 in
699 2322 768 2364 eo
813 2321 934 2363 esse
977 2322 1086 2361 non
1137 2306 1388 2371 credunt,
1444 2305 1540 2360 sed
1585 2304 1823 2360 amicum

217 2397 663 2468 publicanorum,
693 2405 750 2452 et
776 2397 889 2450 vini
929 2403 1241 2466 potatorem
1284 2407 1438 2449 more
1483 2393 1822 2460 Judaeorum,

213 2497 279 2552 et
308 2503 506 2559 purum
535 2503 660 2544 eum
689 2487 967 2542 hominem
1013 2485 1457 2556 blasphemantes
1497 2499 1620 2540 esse
1669 2484 1824 2539 dixe-

214 2588 354 2634 runt
407 2579 623 2650 (Matth.
652 2579 754 2643 ιι).
791 2577 902 2632 Illis
940 2579 995 2633 in
1038 2577 1396 2632 oll‘ensionem
1430 2585 1488 2633 et
1511 2577 1565 2632 in
1592 2576 1823 2633 scanda-

215 2668 337 2726 lum
372 2668 549 2724 l'actus
583 2677 668 2724 est
700 2666 970 2723 Christus.
1002 2666 1359 2724 Oll'enderunt
1383 2667 1530 2723 enim
1560 2667 1616 2722 in
1641 2666 1816 2734 illum,

217 2769 286 2816 et
306 2775 414 2816 non
441 2760 729 2816 credentes
749 2759 1055 2830 perierunt.

294 2849 365 2907 In
391 2868 496 2924 quo
517 2861 567 2908 et
595 2851 752 2923 positi
794 2860 938 2906 sunt.
987 2850 1049 2906 In
1095 2849 1314 2906 Christo
1363 2849 1512 2906 enim
1563 2850 1820 2906 dicuntur

218 2947 471 3004 homines
510 2945 697 3017 positi,
745 2945 873 3016 quia
907 2960 1004 3015 per
1045 2944 1228 3015 ipsum
1272 2943 1399 3000 facti
1442 2953 1589 3000 sunt.
1625 2946 1818 3000 Omnia

216 3039 359 3094 enim
389 3054 484 3108 per
509 3037 682 3107 ipsum
719 3036 863 3107 facta
894 3045 1040 3103 sunt,
1088 3046 1138 3091 et
1181 3037 1293 3090 sine
1336 3037 1448 3107 ipso
1492 3038 1693 3106 factum
1740 3046 1818 3092 est

219 3127 354 3184 nihil
375 3126 558 3200 (Joan.
585 3127 652 3200 ι),
681 3128 738 3182 in
783 3127 902 3199 ipso
931 3127 1079 3184 enim
1111 3142 1319 3193 sumus,
1351 3127 1584 3185 vivimus
1613 3137 1671 3184 et
1699 3143 1815 3184 mo—

216 3236 429 3277 vemur.

300 3310 403 3367 Vos
425 3321 600 3368 autem
625 3330 789 3384 genus
811 3313 1049 3369 electum.
1077 3312 1198 3383 Ipse
1225 3313 1374 3368 enim
1395 3314 1660 3369 Dominus
1686 3329 1811 3385 apo-

216 3402 376 3459 stolis
399 3403 476 3459 ait
501 3421 515 3458 :
547 3402 674 3459 Non
707 3421 799 3460 vos
829 3421 912 3459 me
939 3405 1189 3476 elegistis,
1213 3405 1304 3459 sed
1331 3421 1424 3476 ego
1456 3404 1588 3476 elegi
1618 3423 1726 3472 vos,
1753 3414 1811 3463 et

216 3496 348 3551 item
375 3512 390 3549 :
417 3493 532 3566 Ego
581 3493 712 3567 elegi
754 3513 844 3551 vos
878 3496 944 3551 de
989 3497 1210 3562 mundo,
1251 3506 1524 3568 propterea
1566 3497 1677 3551 odit
1725 3515 1812 3554 vos

211 3587 446 3643 mundus
499 3584 683 3658 (Joan.
747 3592 885 3661 xw).
944 3588 1134 3644 Potest
1174 3597 1357 3644 autem
1408 3597 1466 3644 et
1509 3588 1810 3645 secundum

211 3681 492 3737 Abraham
549 3697 718 3752 genus
766 3697 888 3739 esse
940 3683 1200 3748 electum,
1253 3680 1486 3752 populus
1541 3682 1806 3752 gentium.

211 3774 450 3830 Abrahae
469 3773 618 3828 enim
639 3773 847 3831 dictum
868 3781 953 3831 est
978 3792 992 3830 :
1021 3773 1092 3830 In
1111 3775 1306 3830 semine
1327 3783 1418 3828 tuo
1441 3773 1813 3831 benedicentur

214 3885 396 3925 οιηηεε
422 3880 618 3941 gentes.

283 3957 483 4032 Regale
529 3960 902 4016 sacerdotium.
963 3960 1136 4016 Nemo
1189 3967 1506 4017 sanctorum
1557 3969 1665 4028 est,
1715 3961 1809 4033 qui

211 4050 573 4122 spiritualiter
603 4052 892 4108 sacerdotii
923 4050 1100 4108 oliicio
1123 4060 1330 4119 careat,
1355 4068 1481 4109 cum
1521 4053 1595 4109 sit
1631 4068 1806 4108 mem-

212 4141 374 4196 brum
424 4141 640 4206 aeterni,
689 4142 889 4196 summi
941 4142 1286 4213 coelestisque
1333 4143 1665 4213 sacerdotis,
1715 4145 1810 4216 qui

209 4247 271 4288 se
314 4231 596 4288 offerendo
636 4232 779 4302 patri
803 4234 925 4304 ,‘pro
968 4234 1126 4289 nobis
1163 4249 1263 4290 suo
1300 4251 1403 4291 nos
1426 4238 1645 4307 corpori
1675 4238 1809 4292 adu-

210 4324 384 4380 navit.

278 4414 420 4470 Gens
440 4424 644 4472 sancta.
666 4416 750 4474 Ad
771 4418 1241 4490 comparationem
1263 4419 1441 4490 gentis
1470 4417 1804 4488 Iudaeorum,

1998 1933 2103 2001 Qui
2133 1938 2395 1992 consecuti
2433 1937 2872 1993 misericordiam.
2901 1935 2960 1994 Id
2984 1945 3088 2003 est,
3120 1945 3249 1995 ante
3276 1937 3521 1994 vocatio-

1926 2041 2056 2082 nem
2085 2034 2140 2082 et
2166 2027 2518 2097 baptismum.

1999 2116 2160 2172 Nunc
2186 2128 2364 2173 autem
2388 2119 2808 2174 misericordiam
2835 2121 3124 2176 consecuti.
3161 2119 3520 2185 Subauditur,

1924 2210 2058 2265 estis
2082 2200 2518 2275 miSericordiam
2551 2209 2657 2267 ﬁde
2686 2211 2942 2282 baptismi
2969 2220 3025 2267 et
3047 2224 3402 2283 peccatorum
3434 2226 3522 2268 ve-

1925 2300 2073 2355 niam
2093 2303 2397 2368 consecuti,
2429 2303 2674 2372 insuper,
2699 2311 2754 2359 et
2784 2303 2935 2358 illum
2966 2305 3054 2360 cui
3082 2303 3370 2361 Psalmista
3399 2303 3478 2360 ait
3502 2322 3517 2359 :

1926 2391 2069 2447 Deus
2097 2409 2245 2450 meus
2282 2395 2648 2449 misericordia
2677 2412 2793 2450 mea
2816 2393 2992 2467 (Psal.
3025 2397 3202 2467 LVIII).

2279 2520 2621 2561 EVANGELIUX
2649 2520 2886 2571 JOANNIS,
2916 2521 3037 2562 CAP.
3067 2524 3158 2563 XI.

2003 2614 2023 2648 ‹
2055 2593 2174 2652 Una
2205 2595 2419 2652 sabbati
2451 2595 2620 2651 Maria
2650 2595 2968 2669 Magdalene
2995 2599 3147 2653 venit
3186 2614 3369 2666 mane,
3395 2615 3521 2656 cum

1929 2705 1949 2740 ι
1976 2686 2154 2742 adhuc
2194 2689 2433 2743 tenebrae
2479 2696 2666 2743 essent
2707 2689 2776 2744 ad
2822 2698 3256 2757 monumentum,
3307 2700 3364 2748 et
3387 2691 3524 2749 vidit

1928 2797 1947 2831 ‹
1975 2779 2210 2850 lapidem
2249 2780 2518 2837 sublatum
2552 2797 2583 2836 a
2617 2790 2991 2838 monumento.
3020 2781 3276 2839 Cucurrit
3301 2798 3434 2855 ergo
3464 2773 3521 2840 et

1928 2889 1948 2922 ‹
1975 2873 2125 2927 venit
2167 2871 2236 2927 ad
2287 2870 2565 2929 Simonem
2614 2872 2834 2930 Petrum
2865 2883 2923 2931 et
2952 2876 3021 2932 ad
3059 2876 3227 2933 alium
3280 2877 3520 2948 discipu-

1926 2982 1946 3017 ι
1975 2964 2085 3020 lum
2135 2980 2298 3036 quem
2341 2966 2600 3038 diligebat
2626 2966 2806 3035 Jesus,
2839 2977 2895 3024 et
2932 2969 3065 3026 dicit
3105 2970 3185 3025 cis
3211 2987 3224 3024 :
3253 2968 3521 3024 Tulerunt

1927 3075 1946 3108 ι
1976 3046 2265 3113 Dominum
2293 3058 2362 3113 de
2388 3071 2764 3127 monumento,
2799 3071 2856 3116 et
2883 3062 3072 3118 nescio
3096 3062 3187 3117 ubi
3216 3068 3522 3133 posuerunt

1925 3163 1946 3198 ς
1975 3161 2121 3202 eum.
2151 3147 2334 3204 Exivit
2360 3164 2493 3221 ergo
2521 3149 2718 3209 Petrus
2745 3160 2801 3208 et
2832 3153 2922 3210 ille
2948 3153 3088 3210 alius
3115 3153 3434 3225 discipulus,
3461 3162 3519 3209 et

1923 3255 1943 3289 ε
1971 3247 2239 3294 venerunt
2266 3241 2334 3295 ad
2364 3253 2795 3298 monumentum.
2835 3244 3146 3300 Currebant
3181 3255 3368 3301 autem
3403 3246 3515 3302 duo

1923 3347 1942 3381 ι
1971 3329 2158 3398 simul,
2205 3339 2260 3386 et
2300 3331 2391 3387 ille
2437 3333 2576 3389 alius
2616 3335 2914 3404 discipulus
2953 3339 3313 3407 praecucurrit
3351 3338 3523 3394 citius

1920 3437 1940 3472 ι
1969 3419 2155 3487 Petro,
2177 3430 2234 3478 et
2256 3423 2407 3477 venit
2428 3423 2638 3494 primus
2657 3425 2726 3480 ad
2752 3435 3183 3483 monumentum.
3215 3427 3284 3483 Et
3309 3442 3434 3483 eum
3454 3443 3523 3486 so

1920 3511 2308 3579 «inclinasset,
2355 3513 2491 3569 vidit
2547 3515 2867 3573 linteamina
2924 3517 3131 3588 posita,
3179 3535 3289 3575 non
3328 3528 3522 3598 tamen

1919 3620 1938 3654 ι
1967 3602 2230 3659 introivit.
2273 3601 2430 3660 Venit
2465 3619 2594 3678 ergo
2623 3605 2812 3664 Simon
2838 3607 3036 3665 Petrus
3071 3624 3307 3680 sequens
3353 3625 3518 3679 eum,

1921 3713 1940 3748 ι
1969 3705 2024 3752 et
2070 3697 2319 3754 introivit
2354 3698 2413 3754 in
2461 3711 2897 3770 monumentum,
2926 3712 2983 3760 et
3009 3703 3147 3760 vidit
3193 3703 3513 3762 linteamina

1919 3807 1938 3840 ι
1966 3789 2162 3859 posita,
2203 3798 2260 3845 et
2296 3789 2573 3848 sudarium
2613 3795 2758 3864 quod
2788 3793 2968 3851 fuerat
2996 3809 3161 3866 super
3189 3803 3355 3868 caput
3394 3795 3525 3866 eius

1918 3900 1937 3934 ε
1966 3898 2073 3938 non
2120 3899 2244 3939 cum
2283 3883 2693 3943 linteaminibus
2735 3889 2975 3959 positum
3000 3930 3016 3956 ,
3061 3889 3157 3946 sed
3210 3891 3518 3960 separatim

1917 3993 1936 4028 ι
1966 3976 2267 4033 involutum
2291 3979 2345 4034 in
2375 3995 2545 4037 unum
2571 3981 2770 4039 locum.
2813 3983 2968 4042 Tunc
3012 4000 3144 4058 ergo
3174 3985 3427 4042 introivit
3450 3992 3518 4041 et

1917 4087 1936 4120 ‹
1963 4069 2052 4126 ille
2105 4071 2404 4143 discipulus
2435 4075 2528 4144 qui
2567 4085 2794 4132 venerat
2821 4077 3034 4148 primus
3076 4078 3142 4134 ad
3181 4092 3520 4133 monumen—

1917 4179 1936 4212 ‹
1970 4170 2104 4229 tum,
2149 4172 2206 4219 et
2238 4165 2376 4220 vidit
2399 4174 2456 4222 et
2490 4168 2742 4223 credidit.
2780 4167 3030 4225 Nondum
3077 4170 3225 4224 enim
3262 4169 3524 4228 sciebant

1917 4270 1936 4304 ι
1965 4253 2329 4326 Scripturam,
2359 4258 2488 4328 quia
2523 4260 2814 4330 oportebat
2843 4275 2968 4316 eum
2998 4277 3030 4317 a
3060 4262 3293 4319 mortuis
3321 4275 3510 4318 resurt

1917 4362 1935 4394 ι
1964 4359 2112 4416 gere.
2141 4365 2161 4398 ι

1982 4433 2104 4490 Una
2146 4438 2353 4494 sabbati
2387 4439 2568 4496 Maria
2609 4440 2926 4514 Magdalene
2973 4448 3114 4502 venit
3157 4465 3334 4516 mane,
3380 4464 3514 4506 cur:

617 4506 1139 4617 Foﬁyploﬂlzop‘flus
1189 4509 1558 4617 Chris‘ianl‘si
1610 4511 1702 4617 qui
1743 4512 1798 4567 in
1822 4545 1877 4609 D
1907 4533 2082 4588 adhuc
2104 4535 2328 4591 tenebra:
2351 4547 2542 4604 essent,
2577 4538 2648 4593 ad
2674 4505 3096 4607 monumentum,
3140 4553 3190 4599 et
3213 4505 3342 4600 vidit
3369 4545 3519 4617 lapii‘

205 4599 478 4671 baptismo
502 4599 706 4658 Christi
735 4602 1127 4668 sanctiﬁcatur,
1162 4619 1298 4674 gens
1325 4613 1516 4660 sancta
1545 4614 1795 4671 vocatur,

206 4685 274 4745 de
300 4689 498 4760 quibus
522 4701 579 4747 et
610 4692 874 4750 Dominus
895 4695 970 4750 ait
992 4710 1092 4766 pro
1112 4695 1192 4751 eis
1217 4713 1230 4749 :
1255 4693 1372 4766 Ego
1396 4695 1672 4766 sancti/ica
1717 4713 1800 4752 me

202 4783 401 4852 ipsum,
426 4793 484 4839 ut
508 4786 615 4840 sint
641 4787 743 4858 ipsi
771 4786 1090 4857 sanctiﬁcati
1110 4788 1168 4842 in
1189 4789 1423 4843 veritate.

275 4874 516 4946 Populus
543 4877 927 4949 acquisitionis.
956 4877 1110 4935 Sicut
1136 4880 1282 4936 enim
1307 4879 1375 4935 de
1403 4879 1640 4953 Egypto
1667 4883 1800 4938 edu-

201 4977 329 5024 ctus
357 4969 588 5040 populus
615 4985 717 5041 per
743 4971 951 5039 Mosen,
990 4973 1293 5044 acquisitus
1331 4982 1418 5030 est
1463 4975 1594 5044 Deo,
1642 4977 1721 5033 sic
1744 4985 1801 5032 et

201 5060 438 5130 populus
479 5059 823 5118 Christianus
866 5065 1107 5135 pretioso
1155 5066 1420 5137 sanguine
1465 5065 1670 5123 Christi
1710 5085 1798 5125 re—

203 5153 459 5222 demptus
483 5161 586 5221 est,
609 5155 675 5210 de
700 5155 930 5228 caligine
957 5165 1012 5213 et
1033 5156 1371 5215 inﬁdelitatis
1399 5161 1636 5218 tenebris
1663 5161 1798 5219 libe-

201 5252 378 5310 ratus,
409 5246 653 5315 quotidie
674 5247 977 5319 acquiritur
1001 5250 1132 5306 Deo.

275 5333 348 5390 Ut
393 5337 608 5394 virtutes
658 5341 980 5396 annuntietis
1023 5343 1159 5413 ejus,
1206 5345 1298 5417 qui
1344 5344 1410 5400 de
1452 5347 1677 5404 tenebris
1703 5364 1793 5404 vos

200 5428 401 5483 vocavit
446 5429 503 5484 in
533 5430 848 5486 admirabile
888 5433 1064 5488 lumen
1105 5453 1280 5492 suum.
1339 5437 1412 5495 Ut
1459 5440 1795 5497 annuntietis

197 5520 433 5576 virtutes
455 5525 792 5593 operationis
820 5523 1048 5592 Christi,
1077 5529 1170 5597 qui
1195 5545 1292 5585 vos
1313 5529 1381 5586 de
1407 5532 1651 5588 tenebris
1676 5531 1795 5589 inti-

202 5608 446 5667 delitatis
477 5615 545 5669 ad
587 5613 768 5682 ﬁdem,
809 5624 864 5671 et
901 5618 968 5674 dc
1005 5617 1322 5690 ignorantia:
1349 5621 1580 5693 caligine
1607 5625 1676 5680 ad
1703 5640 1796 5681 ve-

202 5714 326 5754 ram
351 5704 699 5775 sapientiam,
716 5725 836 5778 quae
855 5709 1107 5766 Christus
1135 5720 1241 5778 est,
1266 5714 1560 5769 revocavit.
1586 5715 1664 5772 De
1687 5732 1796 5788 quo

197 5795 263 5850 et
294 5791 523 5854 subdit:
555 5795 626 5856 In
661 5800 972 5863 admirabile
1007 5801 1186 5864 lumen
1228 5821 1404 5862 suum.
1452 5804 1529 5864 De
1575 5807 1795 5871 Christo

1899 4623 2018 4678 dem
2037 4624 2304 4681 sublatum
2325 4645 2359 4682 a
2375 4641 2730 4696 monumento,
2745 4638 2802 4686 et
2828 4631 2928 4686 rel.
2963 4632 3065 4705 (Ex
3077 4632 3332 4706 August.)
3348 4635 3512 4693 Sicut

1902 4714 1957 4769 in
2003 4715 2272 4787 principio
2317 4718 2516 4774 mulier
2541 4728 2734 4776 auctor
2761 4720 2936 4792 culpae
2956 4723 3077 4780 viro
3107 4723 3232 4791 fuit,
3260 4727 3347 4782 vir
3372 4744 3516 4785 exe—

1901 4816 2064 4864 cutor
2083 4809 2314 4875 erroris,
2360 4811 2434 4865 ita
2464 4827 2630 4878 nunc,
2682 4829 2804 4884 quae
2847 4815 3001 4885 prius
3043 4827 3276 4876 mortem
3314 4831 3517 4893 gusta-

1899 4904 2074 4964 verat,
2120 4900 2576 4956 resurrectionem
2618 4903 2771 4972 prior
2807 4905 2964 4961 vidit.
3021 4907 3091 4962 Et
3135 4924 3204 4965 ne
3248 4913 3511 4982 perpetui:

1903 4995 2091 5044 reatus
2132 4990 2274 5060 apud
2315 4990 2464 5046 viros
2493 4993 2845 5064 opprobrium
2875 4998 3193 5066 sustineret,
3226 5017 3343 5072 quae
3372 5003 3509 5058 cul-

1903 5095 2028 5149 pam
2071 5080 2192 5136 viro
2232 5081 2621 5150 transfuderat,
2671 5085 2966 5144 transfudit
2998 5098 3054 5146 et
3080 5091 3334 5162 gratiam.
3375 5092 3508 5148 Una:

1902 5170 2115 5226 sabbati
2158 5171 2308 5238 dicit,
2360 5189 2526 5245 quam
2562 5167 2678 5247 jam
2721 5178 2865 5235 diem
2904 5179 3240 5240 Dominicam
3272 5192 3508 5254 propter

1899 5367 2062 5458 quem
2081 5353 2370 5458 Mattheus
2393 5357 2541 5416 solus
2562 5360 2619 5417 in
2639 5360 3002 5436 Evangelistis
3022 5366 3260 5436 primum
3277 5365 3504 5427 sabbati

1898 5454 2220 5501 nominavit.
3497 5467 3502 5476 '

1969 5531 2214 5591 Cucurrit
2237 5555 2378 5611 ergo,
2411 5549 2460 5596 et
2492 5544 2630 5598 venit
2662 5546 2734 5600 ad
2764 5545 3034 5603 Simonem
3067 5545 3293 5608 Petrum
3330 5560 3389 5612 et
3422 5551 3505 5616 ad

1900 5625 2066 5683 alium
2095 5629 2431 5704 discipulum,
2475 5654 2628 5708 quem
2651 5637 2902 5710 diligebat
2929 5637 3110 5709 Iesus,
3141 5654 3196 5702 et
3221 5647 3355 5706 dicit
3376 5654 3454 5709 ei;
3476 5672 3503 5711 ,-

1903 5718 2156 5778 Tulerunt
2183 5723 2468 5782 Dominum
2499 5744 2672 5782 meum
2715 5729 2780 5783 de
2817 5745 3180 5805 monumento,
3221 5750 3275 5796 et
3319 5745 3500 5800 nescio

1899 5813 1990 5869 ubi
2008 5828 2293 5888 posuerunt
2313 5835 2451 5878 eum.
2477 5819 2679 5881 Amore
2701 5820 2870 5881 nimio
2897 5824 3136 5899 turbata,
3167 5832 3302 5896 dum
3329 5850 3518 5950 Μ

3552 4977 3611 5256 l

3546 5253 3584 5277 ἡ

1901 5259 2114 5319 Domini
2163 5267 2622 5324 resurrectionem
2672 5286 2792 5327 mos
2840 5273 3190 5332 Christianus
3236 5275 3505 5345 appellat,
