4030 6456
1831 332 2184 395 SMARAGDI
2215 337 2392 394 ΑΒΒΑ
2399 337 2508 396 TIS

3702 341 3816 402 276

529 453 801 525 qusivit,
830 453 956 511 non
992 446 1214 510 invenit.
1252 451 1510 510 Cucurrit
1535 451 1815 526 discipulis
1840 456 2112 521 nuntiare,
2142 458 2196 519 Α
2218 472 2376 528 super
2412 463 2569 527 caput
2605 455 2762 521 Iesu,
2812 471 2916 512 non
2955 469 3071 512 cum
3112 455 3505 512 linteaminibus
3541 456 3814 530 positum,

527 558 591 603 ut
617 557 715 603 aut
743 561 927 604 secum
951 554 1280 618 qum-orent,
1323 555 1417 602 aut
1456 556 1642 604 secum
1686 548 1935 604 dolerent
1975 548 2118 603 abla-

521 649 645 695 tum
671 637 981 704 Dominum,
1013 652 1175 709 quem
1199 640 1492 696 Dominum
1527 641 1813 696 nominare
1849 655 1957 695 non
2001 653 2118 694 me-

529 734 656 799 tuit,
686 731 814 789 dum
843 746 1040 804 corpus
1067 729 1215 789 illius
1251 732 1624 790 tantummodo
1653 741 1923 804 quareret
1947 733 2002 787 in
2025 743 2116 788 so-

509 827 739 898 pulcro.
1879 829 1886 836 ‘

595 920 778 974 Esioit
808 930 929 991 ergo
959 913 1148 974 Pam
1177 928 1229 974 et
1253 918 1348 972 ille
1367 918 1509 973 alius
1532 917 1843 989 ωσι-ἔραται,
1881 926 1933 970 et
1967 931 2118 972 uerio-

527 1022 649 1067 runt
679 1013 749 1067 ad
789 1024 1204 1068 monumentum.
1257 1012 1554 1070 Currebam
1592 1022 1766 1066 autem
1797 1013 1902 1066 duo
1932 1010 2116 1080 siml,

521 1101 573 1160 et
609 1119 734 1160 ecce
771 1105 912 1158 alius
957 1104 1248 1174 discipulus
1287 1104 1634 1175 prtrcucurrit
1678 1105 1836 1158 citius
1871 1098 2031 1157 Petro
2067 1111 2118 1156 et

521 1197 661 1251 uetuit
696 1198 897 1266 primus
943 1197 1013 1248 tul
1060 1207 1474 1250 monumentum.
1528 1195 1873 1252 Adv-eruenda
1926 1189 2017 1249 hic
2059 1201 2119 1248 et

523 1287 957 1343 commdanda
995 1287 1397 1356 recapitulatio,
1430 1287 1700 1355 quomodo
1744 1286 1978 1340 reditum
2009 1291 2114 1351 est,

521 1379 595 1434 ad
620 1380 673 1434 id
703 1380 847 1448 quod
874 1379 1056 1434 fuerat
1085 1380 1533 1450 praetermissum,
1563 1388 1620 1435 et
1653 1389 1907 1448 tauquam
1940 1378 1984 1433 si
2015 1380 2118 1433 hoc

525 1481 848 1542 sequeretur
875 1471 1186 1540 aﬁjiinctum
1217 1480 1320 1526 est.
1352 1471 1487 1527 Cum
1518 1473 1660 1526 enim
1704 1471 1817 1540 jam
1862 1467 2114 1537 dixisset,

527 1572 802 1620 venerunt
830 1565 895 1618 ad
928 1571 1360 1630 monumentum,
1393 1579 1678 1635 regressus
1701 1575 1804 1626 est,
1844 1573 1906 1619 ut
1933 1577 2118 1617 narra-

523 1667 611 1715 ret
634 1659 905 1729 quomodo
937 1667 1222 1723 venerunt,
1271 1667 1433 1728 tque
1473 1658 1591 1713 ait:
1619 1654 1912 1711 Currebam
1939 1664 2116 1709 autem

525 1751 632 1806 duo
671 1749 856 1815 simul,
899 1760 1008 1806 etc.
1057 1749 1159 1806 Ubi
1203 1750 1446 1804 ostendit
1487 1749 1632 1819 quod
1671 1761 2016 1817 praecurrens
2046 1744 2115 1799 ad

2217 557 2326 602 etc.
2365 548 2474 615 (Ex
2497 548 2696 619 Greg.)
2721 547 2859 616 Quid
2889 555 2974 603 est
3009 549 3154 620 quod
3179 549 3458 604 sudarium
3487 552 3684 621 capitis
3706 554 3817 609 Do-

2219 642 2350 696 mini
2381 658 2504 697 cum
2536 643 2944 698 linteaminibus
2966 659 3070 698 non
3103 643 3376 699 invenitur
3401 645 3456 697 in
3483 655 3818 701 monumen-

2218 741 2276 786 to
2297 773 2311 797 ,
2344 734 2450 788 nisi
2475 734 2604 803 quia
2645 742 2943 790 attestante
2983 732 3150 788 Paulo
3171 777 3184 798 ,
3218 740 3381 804 caput
3417 733 3624 790 Christi
3670 735 3817 796 Deus

2216 836 2337 890 est,
2391 837 2446 882 et
2495 827 2797 882 divinitatis
2845 825 3417 896 incomprehensibilia
3462 837 3816 887 sacramenta

2209 920 2286 973 ab
2311 921 2638 975 inﬁrmitatis
2666 929 2863 975 nostrae
2885 919 3194 990 cognitione
3216 917 3451 986 disjttnta
3476 925 3636 984 sunt,
3667 920 3816 989 ejus-

2205 1021 2325 1082 -ηιιε
2371 1013 2615 1080 putentia
2681 1020 2948 1066 creatura:
3001 1011 3341 1066 transcendit
3399 1017 3679 1064 naturam.
3747 1011 3816 1068 Et

2216 1105 2514 1158 natandum
2559 1105 2703 1173 quod
2751 1118 2855 1157 non
2909 1102 3085 1157 solum
3125 1103 3418 1171 separatim
3445 1143 3459 1168 ,
3505 1103 3602 1157 sed
3641 1103 3815 1158 etiam

2211 1198 2516 1252 involutum
2571 1197 2802 1252 inveniri
2849 1197 3069 1250 dicitur.
3122 1193 3370 1249 Linteum
3416 1195 3618 1265 quippe
3661 1195 3814 1266 quod

2211 1290 2531 1356 involvitur,
2556 1293 2675 1362 ejus
2696 1304 2797 1346 nec
2823 1289 3036 1346 initium
3066 1303 3166 1343 nec
3189 1287 3311 1342 ﬁnis
3333 1287 3615 1358 aspicitur.
3646 1287 3818 1344 Recte

2219 1401 2348 1458 ergo
2372 1386 2649 1441 sudarium
2675 1386 2872 1456 capitis
2901 1384 3198 1440 involutum
3233 1385 3510 1437 inventum
3537 1391 3624 1437 est
3645 1423 3658 1444 ,
3686 1383 3816 1452 quia

2219 1478 2488 1534 celsitudo
2533 1477 2862 1537 Divinitatis.
2896 1492 2999 1531 nec
3047 1475 3214 1546 ccepit
3271 1489 3429 1537 esse,
3477 1487 3581 1528 nec
3629 1473 3814 1528 desiit.

2213 1571 2365 1626 Bene
2394 1579 2574 1626 autem
2605 1570 2841 1625 dicitur:
2878 1567 2946 1623 In
2975 1583 3139 1622 unum
3182 1567 3353 1622 locum
3374 1609 3388 1631 ,
3421 1567 3546 1637 quia
3583 1567 3638 1620 in
3677 1567 3820 1622 scis-

2219 1679 2346 1719 sura
2375 1662 2637 1716 mentium
2673 1661 2814 1716 Deus
2842 1673 2950 1715 non
2979 1667 3082 1715 est.
3117 1656 3263 1713 Deus
3291 1657 3490 1728 quippe
3518 1659 3571 1711 in
3604 1657 3820 1713 unitate

2219 1763 2335 1819 est,
2370 1761 2426 1808 et
2455 1753 2527 1808 illi
2559 1751 2675 1822 ejus
2703 1753 2904 1806 habere
2929 1749 3158 1823 gratiam
3199 1759 3504 1813 merentur,
3535 1749 3628 1819 qui
3656 1764 3719 1803 se
3749 1748 3818 1804 ab

523 1851 935 1898 monumentum
953 1844 1103 1914 prior
1123 1843 1336 1898 venerit
1351 1841 1440 1896 ille
1460 1841 1599 1896 alius
1620 1839 1934 1910 discipulus,
1951 1852 2113 1907 quem

2226 1849 2453 1904 invicem
2483 1862 2582 1917 per
2607 1857 2878 1902 sectarum
2906 1847 3164 1902 scandala
3193 1861 3301 1900 non
3329 1844 3594 1899 dividunt.
3625 1843 3820 1899 Potest

521 1932 766 2006 seipsum
789 1934 1075 2007 signiﬁcat.
1103 1929 1200 1990 sed
1224 1944 1485 2004 tauquam
1505 1935 1573 1990 de
1585 1927 1713 2000 alio,
1738 1945 1890 1987 more
1911 1938 2114 1986 sanctae

525 2023 843 2097 Scripturae,
867 2035 1064 2082 cuncta
1088 2034 1297 2080 narrat.

593 2115 664 2171 Et
693 2135 814 2171 cum
838 2133 893 2171 se
920 2116 1254 2181 inclinasset,
1285 2115 1417 2171 vidit
1445 2116 1753 2170 linteamina
1779 2115 1952 2186 posita
1969 2153 1982 2175 ,
2010 2128 2116 2166 non

523 2220 700 2265 tamen
734 2211 986 2265 introivit.
1029 2210 1183 2277 Quod
1222 2225 1354 2265 vero
1397 2209 1568 2264 Maria
1617 2207 1927 2279 Magdalene
1966 2205 2120 2260 venit

525 2303 593 2357 ad
629 2311 1041 2357 monumentum
1080 2315 1202 2356 cum
1241 2301 1417 2356 adhuc
1443 2300 1683 2355 tenebra:
1712 2305 1894 2353 essent
1916 2339 1931 2362 ,
1958 2296 2117 2365 juxta

523 2389 811 2448 historiam
867 2401 1125 2447 narratur
1175 2393 1344 2456 hora,
1396 2392 1547 2461 juxta
1599 2388 1936 2444 intellectum
1985 2400 2118 2440 vero

523 2485 814 2557 mysticum
835 2526 850 2551 ,
882 2484 1213 2555 requirentis
1249 2484 1493 2555 signatur
1528 2481 1905 2552 intelligentia.
1948 2478 2118 2532 Maria

522 2577 669 2634 enim
711 2586 990 2632 auctorem
1033 2575 1299 2639 omnium,
1335 2589 1502 2642 quem
1527 2585 1692 2627 carne
1731 2571 1943 2625 viderat
1971 2583 2119 2622 mor-

520 2679 700 2734 tuum,
723 2670 998 2740 quaerebat
1024 2669 1080 2722 in
1106 2674 1552 2729 monumento,et
1571 2663 1697 2734 quia
1725 2662 1868 2716 hunc
1893 2659 2118 2714 minime

523 2761 764 2825 invenit,
815 2759 1054 2815 furatum
1090 2758 1344 2816 credidit.
1383 2757 1576 2812 Adhuc
1604 2769 1738 2825 ergo
1771 2761 1929 2806 erant
1968 2760 2119 2806 tene-

521 2854 670 2918 brae,
712 2868 835 2907 cum
872 2853 1023 2908 venit
1058 2853 1125 2908 ad
1158 2857 1591 2907 monumentum.
1631 2847 1886 2904 Cucurrit
1931 2845 2115 2910 citius,

519 2945 803 3017 discipulis
848 2946 1152 3012 nuntiavit,
1195 2947 1290 3001 sed
1336 2945 1413 3000 illi
1460 2960 1572 3014 pra:
1611 2943 1826 2998 caeteris
1861 2954 2119 2997 cucurre-

519 3052 680 3105 runt,
707 3043 800 3111 qui
829 3057 941 3112 prae
969 3042 1188 3097 ueteris
1212 3046 1568 3102 amaverunt,
1601 3035 1886 3100 videlicet,
1920 3035 2116 3090 Petrus

519 3142 578 3189 et
615 3132 872 3189 Joannes.
917 3134 1221 3189 Currebam
1247 3141 1429 3187 autem
1452 3132 1565 3186 duo
1590 3130 1788 3194 simul,
1818 3128 1915 3184 sed
1945 3126 2112 3182 Joan-
2146 3191 2152 3200 _

517 3241 621 3282 nes
650 3226 1010 3296 prtecucurri-t
1033 3225 1198 3282 Petro
1225 3224 1405 3282 citius.
1438 3223 1599 3278 Venit
1638 3222 1792 3293 prior
1827 3222 1896 3278 ad
1921 3235 2119 3276 monu-
2143 3193 2191 3262 Ε

517 3328 766 3374 mentum
783 3359 798 3384 ,
831 3326 888 3373 et
914 3317 1122 3388 ingredi
1151 3333 1259 3372 non
1285 3314 1656 3388 praesumpsit.

599 3410 753 3467 Venit
779 3427 902 3482 ergo
934 3409 1122 3466 Simon
1149 3407 1340 3464 Petrus
1363 3424 1587 3479 sequens
1612 3423 1732 3461 cum
1753 3446 1769 3472 ,
1800 3414 1851 3460 et
1879 3404 2116 3460 introivit

518 3506 580 3562 in
614 3515 1029 3560 monumentum.
1067 3504 1174 3559 Iste
1209 3519 1340 3558 vero
1371 3517 1570 3557 cur.~.us
1605 3502 1835 3556 duorum
1871 3502 2114 3571 discipu-

520 3593 699 3651 lorum
744 3611 999 3665 magnum
1042 3595 1207 3649 habet
1249 3595 1592 3664 mysterium.
1630 3592 1780 3659 Quid
1822 3593 1967 3647 enim
2017 3606 2117 3660 per

521 3683 822 3752 Joannem,
857 3687 949 3755 qui
990 3686 1141 3754 prior
1170 3685 1322 3740 venit
1355 3686 1424 3739 ad
1457 3694 1870 3739 monumentum
1908 3689 1966 3738 et
2005 3698 2114 3737 non

521 3779 776 3847 intravit,
816 3779 920 3834 nisi
953 3794 1229 3850 synagoga
1265 3777 1645 3848 signiﬁcatur?
1691 3776 1829 3843 Quid
1873 3791 1972 3846 per
2015 3774 2116 3830 Pe-

522 3885 704 3941 trum,
735 3875 839 3931 nisi
869 3874 1110 3930 Ecclesia
1141 3889 1207 3928 ex
1237 3873 1492 3943 gentibus
1517 3880 1849 3942 congregata
1887 3870 2115 3924 demon-

521 3977 751 4034 stratur,
782 3984 902 4039 qua:
931 3967 1201 4039 posterius
1232 3974 1421 4022 vocata
1450 3975 1506 4021 ct
1531 3965 1684 4036 prior
1711 3963 1978 4018 intravit?
2007 3962 2116 4016 Cu-

522 4071 814 4118 currerunt
841 4061 989 4116 enim
1029 4060 1235 4130 pariter
1278 4057 1555 4130 gentilitas
1585 4065 1643 4110 et
1677 4067 1951 4126 synagoga
1972 4093 1986 4117 ,
2015 4065 2114 4122 per

519 4153 683 4224 huius
711 4155 892 4211 saeculi
923 4154 1319 4214 successiones,
1353 4152 1446 4206 sed
1475 4166 1582 4206 non
1609 4148 1729 4219 pari
1753 4145 2113 4216 intelligentia

526 4249 842 4306 veniebant.
881 4248 1042 4303 Venit
1077 4261 1348 4318 synagoga
1380 4245 1530 4316 prior
1560 4243 1627 4298 ad
1665 4249 2075 4296 monumentum
2095 4276 2112 4302 ,

521 4349 621 4405 sed
658 4349 880 4402 minime
918 4347 1176 4407 intravit,
1229 4345 1354 4412 quia
1407 4342 1538 4412 legis
1571 4341 1816 4410 quaedam
1853 4337 2111 4392 mandata

520 4448 796 4513 prceptt,
843 4435 1162 4507 prophetia
1207 4435 1274 4488 de
1323 4432 1700 4487 incarnatione
1747 4445 1812 4484 ac
1857 4429 2112 4498 passione

525 4533 812 4590 Dominica
850 4527 1092 4590 audivit,
1135 4524 1232 4580 sed
1264 4525 1491 4578 credere
1523 4522 1578 4575 iu
1610 4530 1882 4575 mortuum
1911 4518 2104 4573 noluit.

525 4626 674 4682 Vidit
709 4623 854 4678 enim
887 4619 1124 4675 Joannes
1160 4615 1338 4686 posita
1386 4611 1706 4667 linteamina
1727 4647 1742 4674 ,
1783 4626 1889 4664 non
1925 4619 2110 4664 tamen

522 4715 807 4779 introivit,
839 4712 970 4783 quia
995 4709 1249 4766 videlicet
1279 4719 1551 4778 synagoga
1591 4713 1650 4758 et
1687 4703 1978 4771 scripturn
2019 4717 2110 4755 sa-

523 4822 633 4865 cra:
661 4814 1000 4863 sacramenta
1029 4801 1308 4872 cognovit,
1338 4809 1393 4854 et
1421 4809 1599 4852 tamen
1633 4796 1791 4851 ﬁdem
1822 4794 2114 4850 Dominicis

522 4899 796 4972 passionis
823 4895 1096 4953 credendo
1123 4896 1330 4948 intrare
1356 4891 1592 4955 distulit,
1623 4905 1782 4960 quem
1809 4889 1900 4943 diu
1932 4888 2117 4957 longe-

526 5009 635 5065 que
671 4990 1043 5062 propbetavit,
1082 4995 1405 5058 prtesentem
1443 4985 1579 5039 vidit
1615 4993 1668 5038 et
1703 4982 1911 5044 renuit,
1943 4979 2118 5033 homi-

522 5100 653 5142 nem
678 5097 798 5138 esse
834 5082 1114 5152 despexit,
1154 5079 1322 5134 Deum
1365 5092 1528 5154 carne
1575 5073 1861 5129 mortalem
1908 5071 2114 5126 factum

525 5176 751 5232 credere
790 5174 983 5230 uoluit.
1031 5172 1171 5240 Quid
1208 5185 1338 5242 ergo
1378 5176 1496 5233 cst,
1543 5166 1650 5221 nisi
1693 5164 1818 5234 quia
1859 5171 1916 5218 et
1953 5162 2118 5216 citius

524 5270 798 5336 cucurrit,
828 5277 884 5324 et
907 5278 1092 5324 tamen
1123 5275 1249 5321 ante
1289 5270 1698 5319 monumentum
1726 5274 1897 5314 vacua
1939 5257 2109 5313 stetit.
2170 5317 2178 5326 α

509 5361 686 5420 Venit
739 5371 924 5418 autem
969 5360 1160 5416 Simon
1213 5356 1412 5412 Petrus
1459 5357 1798 5423 subsequens
1847 5367 2005 5416 eum,
2057 5358 2115 5406 et

524 5456 768 5512 introivit
818 5456 874 5510 in
926 5459 1368 5513 monumentum,
1419 5448 1544 5516 quia
1598 5453 1782 5500 secuta
1839 5443 2113 5514 posterior

524 5548 770 5605 Ecclesia
815 5550 1096 5621 gentium,
1141 5536 1501 5600 mediatorem
1549 5540 1644 5595 Dei
1690 5548 1746 5594 et
1794 5539 2108 5603 hominum,

525 5642 803 5699 hominem
831 5642 1108 5698 Christum
1136 5637 1354 5702 Jesum,
1386 5644 1440 5691 et
1468 5634 1720 5705 cognovit
1757 5647 1924 5688 carne
1967 5645 2088 5687 mor

524 5745 710 5801 tuum,
742 5745 798 5790 et
823 5735 1095 5791 viventem
1119 5730 1352 5788 credidit
1379 5728 1568 5782 Deum.
1601 5724 1890 5795 Sequitur:

593 5831 674 5893 Et
859 5829 1171 5892 linteamina
1192 5827 1387 5906 posita,
1403 5833 1452 5884 et
1471 5819 1748 5884 sudarium
1771 5819 1912 5899 quod
1943 5820 2115 5897 fuerat

2221 1956 2436 2011 quoque
2465 1953 2563 2010 per
2587 1939 2866 1995 sudarium
2886 1983 2900 2005 ,
2932 1937 3345 2008 passio-Christi
3386 1935 3599 1992 Domini
3640 1934 3823 1990 nostri

2221 2032 2517 2108 designari,
2577 2032 2732 2102 cujus
2773 2032 3048 2103 passionis
3105 2037 3448 2085 sacramenta
3507 2027 3822 2083 inﬁdelibus

2221 2134 2348 2180 sunt
2377 2124 2617 2179 involuta
2639 2165 2653 2190 ,
2681 2124 2807 2194 quia
2837 2139 2996 2195 quem
3025 2121 3281 2178 videbant
3308 2136 3472 2177 carne
3498 2119 3820 2186 mortalem,

2220 2215 2391 2270 Deum
2431 2231 2552 2272 esse
2597 2215 2957 2271 immortalem
3003 2231 3112 2270 non
3155 2213 3469 2270 credebant.
3513 2211 3823 2267 Sudarium

2219 2323 2380 2378 ergo,
2414 2308 2558 2378 quod
2589 2323 2752 2378 super
2782 2317 2941 2377 caput
2974 2309 3092 2378 ejus
3129 2305 3333 2369 fuerat,
3379 2321 3617 2361 seorsum
3663 2304 3824 2361 inve~

2209 2401 2368 2456 'nitur
2391 2443 2404 2466 ,
2447 2402 2575 2472 quia
2597 2397 2721 2471 ipsa
2753 2401 2936 2472 passio
2968 2398 3351 2470 Redemptoris
3382 2398 3551 2453 nostri
3589 2395 3761 2468 longe
3787 2407 3824 2452 ι

2217 2493 2472 2562 passione
2517 2502 2703 2548 nostra
2749 2491 2993 2562 sejuncta
3022 2499 3137 2557 est,
3169 2505 3331 2560 quam
3363 2490 3479 2562 ipse
3507 2489 3626 2545 sine
3656 2488 3820 2558 culpa

2219 2585 2461 2656 pertulit.
2513 2585 2667 2652 Quod
2713 2600 2813 2640 nos
2861 2584 3020 2656 culpa
3073 2583 3401 2648 toleramus,
3453 2583 3573 2651 ipse
3622 2587 3821 2650 sponte

2215 2678 2382 2732 morti
2427 2679 2788 2733 succumbere
2833 2677 3048 2743 voluit,
3097 2674 3166 2731 ad
3211 2691 3378 2746 quam
3421 2689 3522 2730 nos
3565 2672 3822 2728 venimus

2220 2768 2396 2822 inviti.
2433 2767 2694 2838 Sequitur
2717 2787 2729 2822 :

2295 2857 2440 2913 Tunc
2468 2875 2589 2928 ergo
2617 2858 2852 2914 introivit
2881 2865 2930 2912 et
2969 2855 3058 2912 ille
3101 2855 3427 2927 discipulus,
3469 2853 3562 2926 qui
3599 2863 3819 2909 venerat

2217 2949 2365 3022 prius
2407 2948 2477 3003 ad
2519 2961 2938 3004 monumentum.
2971 2947 3265 3018 Postquam
3309 2946 3533 3002 intravit
3582 2943 3815 3011 Petrus,

2219 3041 2495 3112 ingressus
2543 3048 2628 3096 est
2680 3051 2736 3095 et
2786 3038 3074 3094 Joannes:
3115 3038 3386 3108 posterior
3437 3037 3668 3091 intravit
3721 3035 3817 3104 qui

2219 3136 2371 3205 prior
2411 3143 2655 3190 venerat.
2703 3132 2898 3188 Notum
2939 3142 3024 3187 est
3075 3131 3220 3202 quod
3262 3133 3316 3185 in
3356 3129 3462 3184 ﬁne
3505 3127 3697 3183 mundi
3748 3126 3819 3181 ad

2222 3229 2609 3298 Redemptoris
2655 3225 2814 3280 ﬁdem
2863 3225 3028 3280 etiam
3076 3222 3261 3278 Judrea
3303 3221 3596 3292 colligitur,
3644 3215 3816 3273 Paulo

2221 3328 2512 3375 attestante
2539 3317 2630 3388 qui
2661 3317 2739 3371 ait
2766 3335 2778 3369 :
2813 3315 2988 3369 Donec
3011 3313 3282 3386 plenitudo
3310 3311 3540 3381 gentium
3563 3311 3817 3375 intraret,

2219 3423 2266 3469 et
2294 3411 2367 3467 sic
2397 3412 2564 3465 omnis
2595 3408 2768 3463 Israel
2797 3407 2973 3462 salvus
3003 3406 3150 3475 fieret
3179 3401 3373 3475 (Rom.
3400 3401 3510 3474 ιι).

2291 3505 2358 3559 Et
2401 3503 2530 3557 vidit
2573 3511 2619 3556 et
2661 3500 2903 3556 credidit.
2927 3498 3068 3566 Quid
3092 3511 3224 3566 ergo
3263 3495 3417 3561 vidit,
3456 3501 3513 3548 et
3553 3491 3686 3561 quid
3715 3503 3821 3546 ore

2217 3596 2491 3652 credidit?
2531 3593 2676 3648 Vidit
2716 3592 3031 3647 linteamina
3071 3588 3246 3659 posita
3282 3594 3340 3642 et
3387 3584 3619 3640 credidit
3663 3581 3819 3652 quod

2217 3688 2414 3742 mulier
2444 3686 2658 3741 dixerat
2686 3686 2752 3739 de
2785 3691 3140 3739 monumento
3171 3679 3457 3734 Dominum
3489 3676 3656 3730 fuisse
3683 3674 3821 3729 sub-

2216 3779 2403 3835 latum.
2449 3779 2640 3834 Adhuc
2683 3778 2921 3832 tenebrtr.
2951 3781 3108 3828 erant
3136 3774 3190 3826 in
3221 3778 3594 3834 monumento,
3622 3763 3675 3822 id
3703 3773 3816 3833 est,

2216 3872 2269 3926 in
2302 3871 2572 3926 mentibus
2603 3869 2821 3922 illorum
2844 3909 2858 3931 ,
2893 3867 3013 3920 ideo
3044 3865 3307 3933 sequitur.

2285 3967 2356 4022 Et
2389 3968 2523 4022 dixit
2549 3983 2568 4021 :
2602 3965 2854 4020 Nondum
2885 3963 3025 4018 enim
3049 3961 3283 4015 sciebant
3316 3953 3651 4026 Scriptura,
3675 3953 3820 4023 quia

2215 4069 2472 4131 Oporteret
2518 4075 2636 4113 eum
2685 4075 2716 4111 a
2765 4057 2988 4110 mortuis
3037 4069 3324 4123 resurgere.
3368 4049 3633 4103 Abiorum
3675 4051 3823 4115 ergo

2215 4152 2412 4207 iterum
2445 4149 2690 4220 discipuli
2719 4149 2786 4202 ad
2816 4146 3170 4216 semetipsos,
3213 4143 3266 4196 id
3307 4148 3422 4204 est,
3459 4137 3548 4192 ubi
3595 4133 3825 4189 habita-

2213 4245 2374 4309 bant,
2408 4251 2464 4297 et
2493 4241 2634 4297 unde
2662 4240 2728 4295 ad
2754 4244 3164 4294 monumentum
3192 4236 3584 4288 cucurrerunt:

2856 4363 3176 4405 CONCORDIA.

2283 4455 2352 4510 Et
2381 4455 2437 4509 in
2467 4451 2663 4524 lapidis
2691 4449 2909 4504 nomine
2930 4489 2944 4512 ,
2976 4455 3031 4500 et
3061 4447 3114 4499 in
3147 4444 3376 4498 duorum
3405 4433 3816 4511 signiﬁcatione

2136 4560 2190 4624 D
2215 4523 2570 4618 populorum,
2609 4543 2833 4596 istarum
2867 4541 3095 4592 duarum
3138 4549 3376 4605 congrua
3418 4533 3478 4585 ﬁt
3518 4523 3821 4624 concordia

2215 4617 2527 4697 lectionum.
2555 4636 2621 4690 Et
2641 4638 2694 4690 in
2717 4632 2960 4704 angulari
2982 4630 3160 4700 lapide
3185 4623 3479 4682 secundum
3505 4617 3821 4691 apostolum

2219 4743 2448 4802 uterque
2489 4729 2716 4800 populus
2745 4727 3050 4797 copulatur,
3082 4733 3136 4779 et
3164 4723 3216 4776 in
3260 4717 3470 4776 duobus
3499 4708 3815 4783 Apostolis,

2218 4823 2515 4880 secundum
2557 4817 2907 4888 Evangeliuni
2946 4815 3160 4884 utrique
3203 4811 3382 4883 populi
3409 4808 3816 4877 designantur:

2217 4918 2455 4974 Joannes
2484 4915 2630 4970 enim
2667 4910 3006 4977 Judacorum,
3039 4907 3235 4964 Petrus
3270 4905 3529 4979 populum
3559 4897 3823 4971 gentium

2222 5009 2502 5080 ﬁgurabat.

2410 5119 2730 5174 DOMIMCA
2761 5119 2830 5174 [Ν
2867 5118 3143 5178 OCTAVA
3179 5115 3485 5177 PASCILE.

2300 5255 2560 5297 EPISTULA
2590 5256 2753 5295 PRIMA
2783 5256 2942 5296 sum
2973 5257 3189 5298 JOANNIS
3219 5259 3506 5313 arosrou,
3534 5253 3661 5300 CAP.
3687 5255 3724 5302 ν

2303 5371 2325 5404 ε
2359 5352 2534 5408 Omne
2555 5353 2698 5422 quod
2713 5362 2898 5408 natum
2921 5365 3092 5410 estex
3115 5353 3245 5421 Deo,
3261 5357 3724 5414 vincitmundum.
3749 5351 3838 5420 Et

2235 5464 2256 5500 t
2289 5446 2408 5502 haec
2434 5457 2518 5501 cst
2547 5449 2771 5503 victoria
2802 5464 2922 5518 qua:
2953 5451 3122 5505 vincit
3153 5451 3411 5507 mundum
3441 5451 3574 5508 ﬁdes
3605 5464 3828 5514 nostra.

2232 5557 2253 5593 ‹
2289 5540 2423 5607 Quis
2465 5552 2549 5594 cst
2577 5550 2755 5596 autem
2787 5542 2877 5610 qui
2911 5542 3077 5598 vincit
3107 5544 3367 5598 mundum
3396 5587 3410 5608 ,
3443 5544 3546 5599 nisi
3576 5547 3667 5615 qui
3700 5562 3832 5602 cre-

2233 5645 2252 5682 ‹
2287 5631 2390 5695 dit,
2436 5633 2689 5700 quoniam
2723 5631 2878 5688 Jesus
2901 5643 2984 5688 est
3014 5633 3178 5688 Filius
3213 5633 3326 5690 Dei.
3364 5635 3462 5692 llic
3493 5646 3574 5690 est
3599 5637 3694 5705 qui
3725 5653 3831 5693 ve-

2232 5743 2249 5777 ι
2285 5725 2365 5779 nit
2387 5740 2484 5795 per
2503 5741 2696 5796 aquam
2720 5729 2774 5782 et
2798 5729 3112 5798 sanguinem
3137 5727 3388 5784 Christus
3409 5727 3586 5785 Jesus.
3615 5729 3732 5783 Non
3759 5730 3824 5785 in

2229 5833 2250 5871 t
2283 5832 2425 5891 aqua
2451 5817 2628 5876 solum
2646 5859 2663 5891 ,
2691 5820 2786 5879 sed
2810 5820 2867 5878 iu
2897 5835 3039 5894 aqua
3070 5828 3126 5879 et
3153 5822 3438 5896 sanguine.
3485 5821 3555 5881 Et
3583 5821 3821 5896 spiritus
