4030 6486
505 343 616 400 279

1821 338 2176 398 SMARAGDI
2213 342 2505 399 ABBATIS

3640 300 3643 302 ’
3689 342 3818 407 asa

509 454 627 525 Ego
670 451 928 517 baptisavi
966 465 1056 504 vos
1103 449 1159 503 in
1204 466 1377 522 aqua,
1407 451 1496 505 ille
1524 468 1643 506 vero
1682 438 1968 523 bapiizabit
2005 468 2096 506 vos
2124 458 2178 516 Α
2209 470 2228 504 ‹
2266 453 2432 508 ritum
2476 461 2757 523 sanctum;
2799 454 3055 526 quorum’
3074 456 3400 515 remiseritis
3441 468 3675 530 peccata
3716 476 3820 518 re-

513 543 715 615 Spiritu
739 550 942 598 sancto.
976 539 1147 608 Majus
1175 549 1260 595 est
1288 543 1480 610 patris,
1512 544 1656 612 quod
1686 544 1939 613 spiritum
1969 559 2099 598 san-

507 646 654 692 ctum
684 637 740 692 in
769 651 925 702 eum,
957 648 1066 704 quo
1107 646 1325 704 semper
1367 644 1488 690 erat
1520 637 1712 706 plenus
1732 677 1748 703 ,
1779 638 1946 693 etiam
1972 638 2103 693 visi-

505 729 692 785 biliter
719 727 888 784 misit.
1379 734 1392 750 ‘

581 822 687 888 Qui
729 820 893 875 credit
932 821 989 873 in
1027 816 1229 873 Filium
1268 818 1389 886 Dei,
1431 819 1583 874 habet
1624 822 1979 875 testimonium
2003 820 2101 875 Dei

502 917 556 969 in
586 931 656 968 se.
705 912 806 979 Qui
846 912 924 966 ita
965 911 1137 966 credit
1177 912 1232 965 in
1275 910 1447 965 ﬁlium
1474 911 1571 966 Dei
1602 920 1663 965 ut
1687 921 1944 967 exerceat
1973 925 2099 982 ope-

504 1006 677 1061 rando
707 1005 851 1073 quod
891 1004 1098 1069 credit,
1145 1005 1310 1058 habet
1360 1003 1727 1059 testimonium
1774 1004 1871 1060 Dei
1916 1006 1969 1059 in
2019 1021 2096 1061 se.

502 1097 635 1152 lllud
665 1097 855 1166 utique
883 1095 1029 1166 quod
1073 1097 1186 1165 ipse
1227 1111 1443 1165 quoque
1488 1098 1543 1150 in
1584 1096 1820 1151 ﬁliorum
1860 1097 1958 1150 Dei
2000 1112 2100 1150 nu-

503 1204 659 1243 mero
707 1187 836 1256 jure
883 1195 1247 1257 computetur.
1297 1187 1421 1255 Ipso
1464 1186 1626 1241 unico
1676 1186 1775 1241 Dei
1831 1185 1972 1252 ﬁlio,
2019 1187 2099 1242 sic

504 1282 620 1338 suis
651 1280 900 1336 ﬁdelibus
930 1278 1221 1350 pollicente
1247 1298 1258 1332 :
1295 1277 1355 1334 Si
1382 1281 1500 1349 quis
1529 1278 1658 1334 mihi
1684 1280 2096 1347 ministraverit,

505 1369 879 1439 honoriﬁcabit
909 1386 1029 1423 eum
1060 1368 1224 1423 Pater
1250 1386 1416 1424 meus.
1450 1369 1604 1436 Quod
1645 1371 1691 1424 si
1732 1371 1827 1426 Dei
1854 1371 2100 1426 testimo-

501 1462 652 1516 nium
691 1460 894 1516 habere
932 1460 1229 1524 merueris,
1277 1462 1322 1515 si
1367 1461 1536 1514 Deum
1587 1469 1780 1516 testem
1825 1470 1930 1515 tuae
1972 1460 2095 1515 ﬁdei

502 1553 823 1610 intemerate
862 1553 1194 1624 possederis,
1239 1553 1368 1623 quid
1411 1562 1466 1607 te
1508 1553 1789 1608 hominum
1835 1552 2094 1618 infamia,

501 1653 598 1699 aut
624 1644 932 1714 persecutio
957 1643 1148 1698 laedit?
1188 1641 1247 1697 Si
1275 1642 1425 1698 enim
1451 1641 1596 1697 Deus
1623 1657 1723 1712 pro
1753 1642 1911 1698 nobis
1929 1683 1944 1708 ,
1973 1641 2097 1711 quis

499 1745 691 1793 contra
734 1752 834 1792 nos
853 1737 874 1790 ?

1072 1843 1196 1882 ALIA
1225 1841 1527 1883 EXPOSITIO.

577 1917 751 1973 Omne
797 1917 941 1986 quod
991 1925 1177 1970 natum
1225 1925 1310 1972 est
1358 1931 1424 1973 ex
1474 1917 1614 1982 Deo,
1663 1916 1718 1972 id
1761 1925 1885 1983 est,
1934 1931 2103 1988 genus

503 2008 739 2064 electum
782 2016 838 2064 et
878 2008 1191 2078 spirituale,
1234 2008 1290 2062 in
1315 2007 1444 2076 ﬁde,
1487 2023 1594 2079 qua
1632 2008 1807 2063 credit
1848 2007 2102 2077 quoniam

499 2101 661 2159 Jesus
697 2111 784 2159 est
821 2100 965 2157 ﬁlius
995 2102 1124 2168 Dei,
1155 2102 1329 2158 vincit
1368 2103 1650 2157 mundum.
1695 2102 1849 2157 Illum
1879 2102 2098 2171 utique,

497 2196 590 2264 qui
634 2194 690 2248 in
732 2192 970 2263 maligno
1011 2193 1223 2263 positus
1267 2201 1381 2259 est,
1433 2193 1500 2247 de
1542 2208 1652 2262 quo
1692 2193 1767 2247 ait
1811 2193 2098 2248 salvator:

500 2283 769 2339 Conﬁdite
791 2325 804 2349 ,
839 2285 967 2354 quia
1009 2299 1110 2356 ego
1137 2285 1244 2340 vici
1288 2284 1569 2339 mundum.
1603 2283 1706 2339 Hic
1733 2291 1843 2363 est,
1878 2285 1972 2353 qui
2000 2299 2096 2339 ve-

500 2377 580 2432 nit
628 2392 727 2447 per
773 2391 973 2446 aquam
1013 2386 1069 2430 et
1111 2376 1432 2448 sanguinem
1469 2375 1630 2431 Jesus
1671 2375 1943 2431 Christus.
1991 2376 2100 2432 Per

500 2482 700 2536 aquam
741 2466 998 2536 baptismi
1036 2473 1092 2520 et
1118 2466 1437 2536 sanguinem
1465 2465 1748 2536 martyrii,
1774 2465 1913 2520 dans
1940 2465 2100 2521 nobis

501 2559 556 2613 in
587 2558 672 2612 his
701 2559 913 2614 duabus
940 2558 1103 2612 rebus
1132 2558 1442 2628 exemplum
1460 2598 1474 2621 ,
1506 2566 1568 2612 ut
1608 2573 1903 2626 sequamur
1926 2559 2098 2614 vesti-

497 2650 585 2720 gia
613 2648 750 2718 ejus.
783 2648 1018 2718 Spiritus
1043 2657 1129 2702 est
1152 2649 1247 2718 qui
1279 2649 1621 2713 testiﬁcatur,
1655 2649 1911 2718 quoniam
1939 2649 2099 2706 Iesus

496 2742 702 2796 veritas
727 2748 830 2796 est.
863 2739 1102 2809 Spiritus
1129 2741 1318 2809 utique
1346 2751 1601 2804 sanctus,
1632 2741 1726 2810 qui
1771 2756 1933 2811 super
1971 2757 2097 2797 eum

498 2832 555 2886 in
585 2832 768 2903 specie
797 2831 1077 2887 descendit
1103 2830 1386 2888 columba.
1419 2829 1556 2884 Nam
1585 2839 1642 2886 et
1669 2831 1784 2901 ipse
1811 2832 1877 2886 de
1906 2847 1963 2887 se
1993 2832 2098 2887 Do-

500 2924 684 2979 minus
724 2922 840 2976 ait:
887 2921 1002 2992 Ego
1031 2938 1150 2976 sum
1180 2921 1298 2986 via,
1330 2922 1528 2975 veritas
1570 2929 1619 2975 et
1662 2922 1789 2974 vita.
1839 2919 1965 2976 Sive
2007 2922 2098 2977 hic

497 3014 761 3072 dicendus
803 3013 1028 3084 spiritus
1071 3019 1190 3079 est,
1239 3013 1332 3082 qui
1406 3011 1730 3068 testiﬁcatur
1772 3012 1897 3081 quia
1939 3010 2099 3068 Jesus

498 3113 584 3161 est
615 3103 817 3159 veritas
839 3143 854 3169 ,
887 3102 940 3157 id
972 3110 1089 3169 est,
1135 3117 1299 3158 verus
1340 3104 1537 3170 homo,
1569 3104 1657 3158 cui
1687 3111 2009 3172 utrumque,
2042 3103 2098 3158 id

2213 563 2232 596 ι
2271 546 2564 600 mittuntur
2587 546 2686 611 eis,
2709 553 2766 602 et
2793 562 3027 616 quorum
3055 550 3394 604 retinueritis
3417 559 3628 605 retenta
3654 561 3812 608 sunt.

2212 654 2231 688 ι
2265 636 2502 692 Thomas
2529 644 2708 691 autem
2741 653 2883 693 unus
2911 654 2978 693 ex
3004 639 3290 695 duodecim
3316 682 3330 707 ,
3361 642 3455 710 qui
3485 642 3691 697 dicitur
3715 643 3820 699 Di-

2209 745 2229 779 ‹
2265 728 2488 800 dymus,
2523 745 2631 784 non
2663 739 2781 784 erat
2812 746 2938 785 cum
2972 731 3054 786 eis
3079 733 3300 801 quando
3333 732 3685 789 vcnitJesus.
3719 737 3816 791 Di-

2209 836 2228 868 ‹
2264 828 2461 873 xerunt
2501 835 2630 891 ergo
2672 822 2723 876 ei
2761 821 2850 876 alii
2881 823 3129 893 discipuli
3159 843 3171 876 :
3204 824 3451 879 Vidimus
3483 825 3809 881 Dominum.

2209 929 2228 963 ι
2265 911 2356 966 llle
2387 921 2567 968 autem
2598 915 2735 969 dixit
2762 916 2843 970 eis
2873 935 2886 970 :
2918 914 3032 971 Nisi
3062 915 3251 972 videro
3295 916 3349 970 in
3391 917 3648 972 manibus
3690 916 3815 986 ejus

2209 1021 2228 1054 (
2267 1004 2500 1059 ﬁxuram
2542 1006 2857 1073 clavorum,
2902 1016 2956 1062 ct
3002 1008 3215 1061 mittam
3259 1008 3488 1078 digitum
3531 1026 3719 1066 meum
3751 1011 3814 1068 in

2208 1112 2227 1146 ‹
2263 1094 2442 1151 locum
2473 1096 2753 1152 clavorum
2775 1140 2789 1164 ,
2823 1106 2878 1153 et
2905 1099 3121 1153 mittam
3152 1114 3376 1153 manum
3407 1113 3587 1154 meam
3627 1101 3686 1154 in
3734 1101 3815 1157 la-

2207 1203 2226 1236 c
2262 1191 2351 1240 tus
2375 1184 2529 1256 ejus,
2574 1203 2682 1241 non
2725 1187 2964 1241 credam.
3009 1187 3080 1242 Et
3119 1195 3244 1257 post
3281 1187 3396 1242 dies
3436 1196 3562 1243 octo
3605 1190 3811 1246 iterum

2205 1293 2225 1328 ι
2264 1284 2420 1330 erant
2449 1265 2695 1347 discipuli
2725 1278 2842 1347 ejus
2870 1278 3033 1345 intus,
3062 1287 3119 1332 et
3145 1276 3383 1333 Thomas
3411 1293 3536 1334 cum
3567 1281 3669 1335 eis.
3700 1279 3813 1337 Ve-

2208 1383 2228 1417 (
2261 1365 2344 1420 nit
2374 1364 2534 1422 Jesus
2557 1368 2739 1437 januis
2770 1369 2969 1423 clausis
2989 1410 3004 1434 ,
3037 1376 3092 1424 et
3123 1369 3277 1423 stetit
3305 1370 3363 1423 in
3392 1371 3574 1425 medio
3595 1412 3611 1436 ,
3642 1380 3700 1427 et
3728 1373 3813 1427 di-

2206 1474 2226 1507 ι
2266 1457 2384 1510 xit:
2415 1456 2526 1511 Pax
2553 1458 2727 1514 vobis.
2760 1460 2963 1514 Deinde
3007 1460 3138 1515 dicit
3179 1461 3400 1516 Thomas
3435 1480 3448 1516 :
3494 1462 3643 1517 lnfer
3670 1464 3815 1536 digi-

2206 1565 2225 1599 (
2261 1556 2377 1602 tum
2408 1556 2562 1602 tuum
2593 1550 2730 1616 huc,
2763 1558 2819 1605 et
2845 1551 2970 1607 vide
2999 1567 3194 1607 manus
3220 1566 3374 1608 meas
3395 1594 3410 1620 ,
3438 1563 3496 1609 et
3525 1554 3660 1610 aﬁ'er
3689 1571 3808 1610 ma—

2207 1659 2226 1692 ‹
2262 1658 2393 1696 num
2434 1651 2618 1709 tuam,
2661 1653 2717 1700 et
2752 1646 2907 1700 mitte
2948 1647 3003 1700 in
3042 1647 3185 1702 latus
3214 1663 3430 1715 meum,
3461 1658 3518 1703 et
3545 1651 3656 1705 noli
3683 1667 3812 1709 esse

2206 1751 2226 1785 ‹
2265 1734 2610 1801 incredulus,
2641 1736 2737 1791 sed
2776 1736 2971 1792 ﬁdelis.
3017 1737 3319 1808 Respondit
3359 1739 3596 1796 Thomas
3635 1752 3694 1796 et
3722 1744 3811 1798 di-

2123 1825 2175 1887 B
2208 1843 2228 1876 ‹
2263 1827 2345 1881 xit
2371 1827 2421 1882 ei
2453 1845 2465 1881 :
2498 1827 2762 1883 Dominus
2789 1844 2944 1884 meus
2972 1837 3028 1884 et
3056 1830 3201 1884 Deus
3245 1845 3421 1886 meus.
3466 1833 3609 1887 Dicit
3645 1835 3698 1889 ei
3726 1833 3813 1892 Je-

2208 1937 2229 1972 ‹
2264 1934 2356 1975 sus
2386 1938 2398 1974 :
2440 1919 2579 1987 Quia
2624 1921 2808 1976 vidisti
2848 1937 2936 1976 me
2959 1962 2975 1988 ,
3009 1921 3216 1976 Thoma
3239 1963 3256 1989 ,
3298 1924 3578 1979 credidisti
3607 1944 3622 1992 ;
3655 1926 3811 1983 beati

2209 2027 2229 2062 ι
2265 2010 2360 2080 qui
2390 2025 2498 2065 non
2529 2011 2783 2067 viderunt
2813 2021 2868 2065 et
2896 2012 3262 2068 crediderunt.
3296 2013 3464 2069 Multa
3503 2017 3726 2085 quidem
3756 2026 3814 2072 et

2209 2117 2228 2152 ‹
2265 2099 2372 2154 alia
2412 2101 2564 2172 signa
2604 2100 2736 2156 fecit
2771 2099 2930 2157 Jesus
2969 2102 3024 2156 in
3067 2111 3366 2174 conSpectu
3409 2106 3808 2177 discipulorum

2208 2207 2227 2242 ι
2265 2202 2484 2245 suorum
2507 2231 2522 2255 ,
2555 2206 2676 2261 quae
2702 2206 2810 2246 non
2840 2201 2967 2246 sunt
2993 2193 3197 2264 scripta
3230 2194 3285 2248 in
3318 2194 3457 2251 libro
3487 2198 3607 2252 hoc.
3661 2197 3802 2255 [hec

2208 2300 2226 2335 ι
2264 2290 2444 2336 autem
2499 2283 2703 2353 scripta
2755 2291 2904 2350 sunt,
2952 2291 3013 2339 ut
3062 2285 3302 2342 credatis
3332 2288 3455 2357 quia
3501 2287 3662 2344 Jesus
3715 2299 3812 2346 est

2207 2392 2227 2425 ι
2263 2372 2513 2428 Christus
2562 2373 2702 2430 ﬁlius
2751 2375 2892 2441 Dei,
2942 2382 2997 2431 et
3037 2383 3099 2430 ut
3141 2377 3428 2434 credentes
3471 2380 3646 2434 vitam
3698 2381 3808 2436 ha-

2209 2484 2227 2516 (
2265 2465 2443 2520 beatis
2474 2465 2531 2519 in
2560 2466 2781 2520 nomine
2809 2465 2948 2534 ejus.
2987 2487 3004 2519 ι

2272 2557 2405 2613 Cum
2443 2569 2574 2614 esset
2612 2576 2730 2614 sero
2769 2560 2854 2613 die
2889 2559 3002 2623 illo,
3035 2577 3142 2614 una
3171 2561 3545 2629 sabbatorum,
3571 2571 3622 2616 et
3659 2563 3807 2632 fores

2201 2659 2371 2705 essent
2407 2650 2604 2705 clausa:
2630 2650 2719 2704 ubi
2744 2661 2897 2706 erant
2933 2650 3180 2722 discipuli
3236 2654 3539 2723 congregati
3583 2663 3803 2725 propter

2201 2750 2396 2795 metum
2429 2740 2743 2794 Judteorum
2765 2781 2780 2804 ,
2820 2742 2959 2795 venit
2997 2737 3155 2796 Iesus
3187 2752 3236 2796 et
3269 2743 3410 2796 stetit
3437 2743 3494 2796 in
3519 2743 3693 2796 medio
3718 2760 3806 2798 eo—

2201 2849 2350 2899 rum,
2383 2841 2439 2886 et
2470 2831 2568 2887 rel.
2605 2831 2724 2903 (Ex
2751 2831 2950 2904 Greg.)
2979 2828 3119 2900 Quid
3160 2834 3359 2888 mirum
3403 2835 3450 2889 si
3497 2834 3699 2890 clausis
3722 2836 3809 2907 ja-

2199 2922 2326 2977 nuis
2376 2931 2503 2993 post
2546 2923 3007 2979 resurrectionem
3059 2940 3243 2990 suam,
3290 2925 3345 2980 in
3388 2937 3656 2982 aeternum
3690 2927 3806 2996 jam

2199 3015 2468 3082 victurus,
2497 3016 2740 3082 intravit,
2767 3017 2860 3086 qui
2890 3017 3190 3073 moriturus
3217 3018 3587 3084 veniens,non
3615 3028 3807 3089 aperto

2203 3113 2362 3162 utero
2391 3107 2619 3178 virginis
2647 3107 2857 3163 exivit?
2887 3107 2994 3164 Sed
3022 3111 3150 3180 quia
3178 3111 3246 3164 ad
3275 3111 3405 3166 illud
3431 3126 3632 3182 corpus
3663 3113 3806 3182 quod

438 3205 448 3215 '
500 3206 588 3253 est
631 3211 773 3268 aqua
820 3203 877 3250 et
915 3195 1170 3264 sanguis,
1219 3195 1593 3250 testimonium
1638 3210 1767 3250 vere
1808 3195 2097 3265 perhibent
2123 3190 2169 3253 C
2203 3198 2374 3254 videri
2407 3207 2624 3268 poterat
2668 3198 2804 3254 ﬁdes
2849 3200 3177 3256 intuentium
3201 3201 3519 3267 dubitabat,
3564 3204 3804 3258 ostendit

498 3287 702 3343 carnis.
743 3287 811 3342 Et
840 3301 948 3342 non
978 3287 1150 3342 solum
1178 3286 1295 3342 haec
1315 3329 1330 3353 ,
1361 3288 1454 3342 sed
1483 3296 1540 3342 et
1571 3287 1799 3359 Spiritus
1825 3288 2097 3356 hominis,

499 3388 595 3459 qui
627 3388 684 3442 in
727 3403 794 3443 eo
834 3396 949 3452 est,
985 3388 1052 3444 de
1079 3403 1187 3458 quo
1217 3387 1273 3441 in
1299 3385 1595 3457 Evangelio
1623 3387 1796 3441 dicit:
1830 3384 2098 3440 Inclinato

495 3481 668 3553 capite
688 3523 703 3548 ,
733 3482 906 3537 emisit
936 3483 1200 3551 spiritum.
1235 3479 1605 3545 Testiﬁcatur,
1639 3480 1692 3534 id
1721 3488 1838 3544 est,
1870 3480 2099 3535 demon-

495 3578 635 3625 strat
678 3572 827 3642 quod
879 3569 1043 3627 Jesus
1080 3572 1284 3626 veritas
1321 3578 1436 3638 est,
1470 3571 1524 3625 id
1555 3577 1671 3636 est,
1703 3585 1865 3626 verus
1896 3572 2093 3639 homo,

497 3673 565 3714 ex
600 3661 784 3714 anima
814 3669 1074 3715 constans
1103 3667 1156 3716 et
1184 3675 1434 3729 corpore.
1462 3659 1769 3730 Utrumque
1806 3660 1951 3715 enim
1974 3675 2094 3717 sus-

495 3754 676 3824 cepit,
708 3762 770 3808 ut
794 3761 1090 3823 utrumque
1119 3754 1432 3809 redimeret.

571 3842 712 3909 Quia
765 3854 868 3900 tres
916 3855 1037 3900 sunt
1083 3848 1174 3917 qui
1220 3847 1576 3901 testimonium
1619 3847 1780 3912 dant,
1823 3846 2088 3918 Spiritus,

495 3954 668 4008 aqua,
710 3945 760 3992 et
796 3939 1031 4008 sanguis.
1073 3937 1132 3993 ld
1165 3948 1280 4005 est,
1313 3939 1539 4010 spiritus
1565 3947 1788 3994 sanctus
1809 3981 1824 4006 ,
1855 3947 1910 3994 et
1937 3946 2092 4008 pater

493 4029 589 4098 qui
615 4027 750 4084 dicit
776 4047 788 4082 :
823 4027 911 4083 Me
939 4029 1329 4101 dereliquerunt
1373 4030 1572 4100 fontem
1622 4048 1772 4102 aqua:
1799 4031 1925 4084 vivae
1952 4029 2086 4102 (Jer.

497 4122 578 4192 ιι)
613 4140 625 4174 :
661 4129 717 4176 et
759 4122 1013 4193 sanguis,
1063 4122 1116 4177 id
1156 4130 1273 4188 est,
1316 4121 1604 4189 Christus,
1647 4139 1812 4178 verus
1854 4123 1998 4178 Deus
2033 4132 2090 4179 et

492 4217 675 4271 homo.
721 4214 952 4286 Sanguis
991 4215 1136 4270 enim
1170 4215 1492 4285 intelligitur
1533 4216 1737 4271 homo:
1771 4214 1839 4269 Et
1868 4214 1923 4268 bi
1951 4224 2083 4282 tres,

492 4308 702 4379 inquit,
731 4325 896 4362 unum
926 4317 1082 4373 sunt,
1125 4308 1179 4362 id
1207 4315 1321 4375 est,
1353 4307 1518 4362 Pater
1546 4315 1603 4362 et
1629 4306 1801 4362 Filius
1831 4314 1885 4361 et
1916 4304 2087 4377 Spiri-

492 4406 582 4453 tus
631 4406 872 4453 sanctus.
927 4397 1047 4452 Non
1093 4399 1239 4452 enim
1287 4399 1600 4453 humanitas
1649 4398 1863 4452 Domini
1911 4395 2085 4451 nostri

489 4490 621 4547 Jesu
657 4491 864 4546 Christi
903 4491 960 4545 in
1000 4490 1246 4544 trinitate
1283 4488 1427 4544 facta
1467 4497 1553 4544 est
1587 4489 1958 4558 quaternitas,
1989 4486 2085 4541 sed

492 4599 710 4656 semper
735 4592 1020 4655 permanet
1045 4583 1327 4638 individua
1357 4583 1594 4639 trinitas.
1626 4583 1839 4638 Aliter:

564 4676 962 4732 Testimonium
991 4675 1244 4746 perhibet
1273 4675 1466 4731 salutis
1494 4676 1746 4732 humanze
1771 4718 1785 4742 ,
1818 4691 1959 4746 aqua
1989 4676 2085 4732 ba-

488 4766 675 4838 ptismi
695 4803 712 4833 ,
736 4766 956 4838 sanguis
983 4765 1256 4837 martyrii,
1279 4773 1335 4820 et
1360 4766 1605 4837 acceptio
1630 4767 1852 4838 spiritus
1876 4766 2082 4834 sancti,

490 4873 602 4931 quo
629 4867 924 4931 operante,
956 4873 1022 4915 eo
1051 4861 1290 4916 humano
1318 4859 1504 4932 generi
1534 4859 1854 4931 mysterium
1894 4857 2088 4914 salutis

489 4949 779 5007 conﬁcitur
805 4966 994 5006 unum.

763 5059 1104 5100 EVANGELIUI
1140 5059 1386 5111 JOANNIS,
1427 5059 1546 5100 CAP.
1588 5059 1813 5100 υιτιιιο.

567 5156 588 5192 ‹
621 5136 759 5194 Cum
808 5152 933 5192 sero
978 5144 1124 5192 esset
1165 5136 1252 5191 die
1301 5136 1417 5202 illo,
1457 5152 1568 5190 una
1615 5137 1983 5202 sabbatorum,
2032 5142 2088 5190 et

496 5250 516 5286 ι
551 5231 700 5288 fores
724 5237 910 5288 essent
936 5230 1134 5286 clausa:
1162 5229 1254 5283 ubi
1281 5235 1441 5285 erant
1484 5226 1736 5295 discipuli
1765 5225 2082 5297 congregati

494 5345 514 5382 ι
548 5331 773 5397 propter
798 5334 1000 5380 metum
1031 5323 1339 5378 Judaorum
1358 5364 1372 5389 ,
1403 5321 1550 5377 venit
1577 5319 1735 5376 Jesus
1765 5329 1820 5374 et
1848 5320 1998 5374 stetit
2029 5319 2085 5375 in

496 5437 514 5471 ι
552 5419 754 5486 medio,
785 5426 841 5473 et
869 5418 1003 5473 dicit
1027 5417 1107 5472 eis
1135 5435 1148 5470 :
1181 5415 1296 5470 Pax
1325 5414 1500 5469 vobis.
1535 5413 1601 5467 Et
1627 5428 1752 5467 cum
1778 5413 1884 5467 hoc
1914 5412 2082 5467 dixis-

498 5531 516 5563 ι
553 5522 668 5577 set,
695 5512 933 5567 ostendit
969 5511 1048 5566 eis
1080 5524 1274 5564 manus
1303 5516 1358 5562 et
1389 5507 1550 5560 latus.
1584 5504 1766 5559 Gavisi
1799 5513 1925 5558 sunt
1951 5519 2081 5574 ergo

497 5623 514 5655 ι
555 5604 803 5675 discipuli
833 5605 949 5659 viso
978 5604 1224 5657 Domino.
1256 5599 1404 5653 Dixit
1429 5613 1558 5668 ergo
1588 5598 1666 5652 eis
1698 5597 1894 5650 iterum
1922 5617 1933 5650 :
1969 5595 2080 5649 Pax

497 5717 514 5749 ι
553 5697 725 5751 vobis.
759 5695 912 5752 Sicut
937 5695 1083 5750 misit
1111 5710 1197 5749 me
1224 5701 1397 5763 pater,
1429 5699 1486 5745 et
1513 5705 1612 5760 ego
1637 5689 1794 5743 mitto
1823 5704 1936 5742 vos.
1970 5687 2082 5742 Hoc

501 5805 518 5840 ι
555 5803 680 5845 cum
703 5788 967 5855 dixisset,
993 5786 1282 5852 iusutllavit
1307 5793 1363 5842 et
1392 5783 1528 5845 dixit
1553 5783 1632 5846 eis
1661 5800 1672 5838 :
1702 5780 1946 5854 Accipite
1972 5781 2081 5854 spi-

2110 4550 2164 4610 D

2203 3289 2283 3345 eis
2303 3290 2556 3360 protinus
2576 3306 2771 3346 manus
2794 3299 2850 3346 et
2871 3291 3032 3347 latus.
3058 3291 3390 3362 Palpandam
3412 3309 3633 3348 carnem
3660 3307 3805 3364 pne-

2201 3380 2349 3448 buit,
2393 3397 2558 3451 quam
2600 3383 2802 3438 clausis
2838 3381 3017 3450 ianuis
3061 3384 3380 3438 introduxit.
3431 3385 3613 3440 Clavis
3654 3386 3804 3441 enim

2199 3485 2395 3526 manus
2435 3471 2660 3539 ﬁxerat,
2699 3472 2886 3527 lancea
2926 3473 3070 3528 latus
3105 3473 3224 3544 ejus
3254 3483 3562 3544 aperuerat.
3607 3473 3688 3530 Ibi
3732 3476 3801 3530 ad

2199 3563 2568 3619 dubitantium
2599 3567 2765 3621 corda
2798 3567 3038 3621 sananda
3079 3565 3368 3622 vulnerum
3410 3578 3538 3623 sunt
3574 3577 3798 3624 servata

2196 3656 2462 3726 vestigia,
2512 3673 2620 3727 qua
2662 3658 2719 3712 in
2763 3672 2824 3712 re
2865 3657 2972 3712 duo
3016 3657 3187 3724 mira,
3231 3666 3288 3713 et
3321 3659 3476 3728 juxta
3508 3659 3798 3716 humanam

2196 3748 2467 3803 rationem
2510 3747 2614 3802 sibi
2661 3747 2818 3802 valde
2863 3750 3140 3804 contraria
3181 3751 3451 3815 ostendit,
3492 3751 3622 3805 dum
3665 3758 3790 3823 post

2196 3839 2655 3894 resurrectionem
2699 3852 2898 3909 corpus
2945 3855 3102 3894 sumn
3151 3849 3207 3896 et
3250 3841 3696 3911 incorruptibile,
3745 3851 3795 3896 et

2194 3937 2375 3984 tamen
2405 3928 2677 3998 palpabile
2704 3926 3135 3995 demonstravit,
3164 3944 3290 3983 nam
3315 3938 3372 3983 et
3395 3931 3673 4000 corrumpi
3702 3945 3789 3986 ne-

2191 4039 2349 4081 cesse
2374 4032 2457 4080 cst
2485 4024 2630 4095 quod
2661 4023 2936 4095 palpatur,
2968 4033 3024 4080 et
3061 4023 3270 4096 palpari
3301 4039 3410 4078 non
3440 4032 3627 4094 potest
3656 4023 3797 4094 quod

2193 4133 2302 4172 non
2329 4117 2721 4187 corrumpitur,
2752 4115 2847 4172 sed
2876 4116 3017 4170 miro
3049 4117 3209 4170 modo
3230 4123 3395 4184 atque
3421 4112 3795 4170 inaestimabili

2191 4210 2504 4278 redemptor
2531 4217 2739 4275 noster,
2769 4217 2824 4263 et
2851 4206 3264 4277 incorruptibile
3286 4214 3410 4277 post
3439 4205 3795 4261 resurrectio-

2190 4317 2334 4369 nem,
2367 4309 2422 4356 et
2459 4300 2728 4372 palpabile
2767 4315 2964 4369 corpus
3004 4299 3283 4364 exhibuit,
3325 4307 3384 4352 ut
3438 4297 3796 4352 monstrando

2189 4393 2602 4465 incorruptibile
2643 4393 2898 4470 invitaret
2927 4391 2994 4445 ad
3017 4392 3299 4462 praemium
3318 4432 3334 4457 ,
3362 4391 3657 4462 praebendo
3683 4390 3800 4462 pal-

2189 4485 2369 4557 pabile
2419 4484 2684 4541 formaret
2735 4484 2803 4538 ad
2871 4483 3050 4538 ﬁdem.
3118 4483 3186 4538 Et
3225 4482 3699 4552 incorruptibilem
3739 4497 3801 4538 se

2191 4595 2321 4651 ergo
2363 4587 2421 4634 et
2461 4577 2788 4650 palpabilcm
2827 4576 3256 4643 demonstravit,
3285 4584 3346 4630 ut
3384 4574 3632 4646 profecto
3671 4589 3797 4631 esse

2191 4679 2318 4743 post
2369 4670 2824 4727 resurrectionem
2879 4669 3196 4724 ostenderet
3237 4682 3439 4739 corpus
3483 4683 3680 4734 suum,
3733 4674 3793 4722 et

2190 4760 2436 4831 ejusdem
2465 4768 2674 4814 natura:
2703 4767 2758 4813 et
2786 4759 3010 4814 alterius
3037 4759 3241 4830 gloriae.

2271 4852 2413 4907 Dicit
2452 4854 2526 4907 eis
2550 4869 2568 4906 :
2597 4849 2718 4905 Pax
2753 4852 2920 4906 vobis.
2955 4851 3158 4908 Pacem
3199 4851 3493 4920 offerebat,
3534 4851 3628 4921 qui
3669 4865 3797 4920 pro-

2188 4956 2312 5022 pter
2355 4963 2546 5018 pacem
2602 4947 2787 5012 venit,
2840 4955 2895 5001 et
2939 4948 3135 5017 quibus
3184 4957 3311 5003 ante
3360 4948 3538 5004 dixit:
3589 4945 3794 5003 Pacem

2190 5054 2369 5094 meam
2401 5038 2648 5108 relinquo
2674 5038 2854 5104 vobis,
2887 5054 3079 5110 pacem
3108 5055 3284 5094 meam
3316 5039 3384 5094 do
3414 5039 3592 5103 vobis,
3626 5037 3795 5094 modo

2189 5132 2322 5188 dicit
2353 5151 2366 5187 :
2402 5131 2524 5187 Pax
2548 5132 2712 5187 vobis.
2745 5132 2919 5199 Quam
2946 5148 3134 5203 pacem
3161 5142 3422 5189 nascente
3448 5132 3669 5188 Christo
3698 5146 3795 5187 an-

2188 5225 2292 5297 geli
2320 5225 2754 5295 prmdicaverunt
2776 5223 3001 5279 mundo.
3805 5285 3818 5301 ι

2260 5317 2329 5370 Et
2357 5318 2455 5370 hoc
2485 5333 2606 5370 cum
2645 5315 2896 5380 dixisset,
2929 5315 3154 5370 ostendit
3189 5317 3262 5370 eis
3305 5333 3493 5370 manus
3533 5327 3583 5370 et
3621 5315 3785 5370 latus.
3817 5317 3824 5324 ’

2187 5405 2365 5462 Gavisi
2405 5416 2526 5460 sunt
2566 5423 2689 5476 ergo
2725 5405 2974 5476 discipuli
3018 5407 3128 5460 viso
3176 5406 3421 5460 Domino.
3454 5407 3555 5478 (Ex
3591 5405 3789 5478 Beda.)

2187 5495 2384 5550 Parum
2415 5495 2516 5549 fuit
2541 5495 2712 5550 oculis
2738 5509 2797 5550 se
2822 5496 3113 5551 videndum
3143 5496 3409 5567 prrcbere,
3435 5496 3480 5551 si
3509 5511 3616 5550 non
3645 5509 3790 5566 prm-

2188 5588 2339 5642 beret
2364 5587 2528 5642 etiam
2559 5589 2812 5644 manibus
2840 5588 3310 5644 contrectandum.
3356 5588 3460 5655 Qui
3499 5589 3630 5642 dum
3670 5586 3790 5658 pal-

2188 5684 2365 5754 panda
2425 5683 2703 5754 discipulis
2763 5700 2888 5740 ossa
2950 5700 3282 5755 carnemque
3353 5693 3784 5755 praemonstrat,

2190 5783 2375 5850 aperte
2392 5785 2595 5840 statum
2608 5793 2750 5868 verte
2770 5777 3210 5848 resvrrectiouis,
3229 5792 3352 5850 quae
3373 5777 3506 5838 etin
3527 5793 3588 5838 se
3611 5777 3782 5850 facta,

2937 5959 2944 5973 ι
3017 5946 3051 5974 ’ὃ
