  <div class='ocr_page' id='page_1' title='image "/cluster/home/n/w/nwhite01/storage/ocr_20150623/102/hvd.32044015466808/146.png"; bbox 0 0 4030 6452; ppageno 0'>
   <div class='ocr_carea' id='block_1_1' title="bbox 221 331 329 391">
    <p class='ocr_par' dir='ltr' id='par_1_1' title="bbox 221 331 329 391">
     <span class='ocr_line' id='line_1_1' title="bbox 221 331 329 391; baseline -0.019 0"><span class='ocrx_word' id='word_1_1' title='bbox 221 331 329 391; x_wconf 71' lang='grc'><strong>281</strong></span> 
     </span>
    </p>
   </div>
   <div class='ocr_carea' id='block_1_2' title="bbox 1055 323 2702 398">
    <p class='ocr_par' dir='ltr' id='par_1_2' title="bbox 1055 323 2702 398">
     <span class='ocr_line' id='line_1_2' title="bbox 1055 323 2702 398; baseline 0.005 -12"><span class='ocrx_word' id='word_1_2' title='bbox 1055 323 1574 388; x_wconf 80' lang='lat' dir='ltr'><strong>COLLECTIONES</strong></span> <span class='ocrx_word' id='word_1_3' title='bbox 1609 329 1679 386; x_wconf 86' lang='lat' dir='ltr'><strong>IN</strong></span> <span class='ocrx_word' id='word_1_4' title='bbox 1714 325 2096 389; x_wconf 82' lang='lat' dir='ltr'><strong>EPISTOLAS</strong></span> <span class='ocrx_word' id='word_1_5' title='bbox 2133 325 2224 389; x_wconf 84' lang='lat' dir='ltr'><strong>ET</strong></span> <span class='ocrx_word' id='word_1_6' title='bbox 2260 333 2702 398; x_wconf 61' lang='lat' dir='ltr'><strong>EVANGELIAJ</strong></span> 
     </span>
    </p>
   </div>
   <div class='ocr_carea' id='block_1_3' title="bbox 3381 333 3499 400">
    <p class='ocr_par' dir='ltr' id='par_1_3' title="bbox 3381 333 3499 400">
     <span class='ocr_line' id='line_1_3' title="bbox 3381 333 3499 400; baseline 0.025 -3"><span class='ocrx_word' id='word_1_7' title='bbox 3381 333 3499 400; x_wconf 55' lang='grc' dir='ltr'><strong>’ξεί</strong></span> 
     </span>
    </p>
   </div>
   <div class='ocr_carea' id='block_1_4' title="bbox 219 410 3502 524">
    <p class='ocr_par' dir='ltr' id='par_1_4' title="bbox 219 410 3502 524">
     <span class='ocr_line' id='line_1_4' title="bbox 219 410 3502 524; baseline 0.004 -23"><span class='ocrx_word' id='word_1_8' title='bbox 219 453 279 501; x_wconf 89' lang='grc' dir='ltr'><strong>ει</strong></span> <span class='ocrx_word' id='word_1_9' title='bbox 307 410 549 500; x_wconf 60' lang='grc' dir='ltr'><strong>ἱὸήοὴὶε</strong></span> <span class='ocrx_word' id='word_1_10' title='bbox 568 449 654 498; x_wconf 90' lang='lat' dir='ltr'><strong>est</strong></span> <span class='ocrx_word' id='word_1_11' title='bbox 673 441 851 498; x_wconf 83' lang='lat' dir='ltr'><strong>futura</strong></span> <span class='ocrx_word' id='word_1_12' title='bbox 873 441 1176 514; x_wconf 89' lang='lat' dir='ltr'><strong>signiﬁcat,</strong></span> <span class='ocrx_word' id='word_1_13' title='bbox 1197 445 1325 514; x_wconf 86' lang='lat' dir='ltr'><strong>quia</strong></span> <span class='ocrx_word' id='word_1_14' title='bbox 1349 459 1454 499; x_wconf 94' lang='lat' dir='ltr'><strong>non</strong></span> <span class='ocrx_word' id='word_1_15' title='bbox 1480 444 1620 499; x_wconf 81' lang='lat' dir='ltr'><strong>sicut</strong></span> <span class='ocrx_word' id='word_1_16' title='bbox 1639 443 1806 515; x_wconf 83' lang='lat' dir='ltr'><strong>Euty-</strong></span> <span class='ocrx_word' id='word_1_17' title='bbox 1834 447 1887 506; x_wconf 88' lang='grc' dir='ltr'><strong>Α</strong></span> <span class='ocrx_word' id='word_1_18' title='bbox 1911 452 2034 514; x_wconf 92' lang='lat' dir='ltr'><strong>post</strong></span> <span class='ocrx_word' id='word_1_19' title='bbox 2061 447 2514 503; x_wconf 75' lang='lat' dir='ltr'><strong>resurrectionem</strong></span> <span class='ocrx_word' id='word_1_20' title='bbox 2539 447 2751 505; x_wconf 87' lang='lat' dir='ltr'><strong>Domini</strong></span> <span class='ocrx_word' id='word_1_21' title='bbox 2784 456 3035 520; x_wconf 89' lang='lat' dir='ltr'><strong>patenter</strong></span> <span class='ocrx_word' id='word_1_22' title='bbox 3057 461 3403 524; x_wconf 87' lang='lat' dir='ltr'><strong>acceperunt,</strong></span> <span class='ocrx_word' id='word_1_23' title='bbox 3437 455 3502 513; x_wconf 81' lang='lat' dir='ltr'><strong>u&#39;t</strong></span> 
     </span>
    </p>
   </div>
   <div class='ocr_carea' id='block_1_5' title="bbox 221 535 1807 607">
    <p class='ocr_par' dir='ltr' id='par_1_5' title="bbox 221 535 1807 607">
     <span class='ocr_line' id='line_1_5' title="bbox 221 535 1807 607; baseline -0.004 -11"><span class='ocrx_word' id='word_1_24' title='bbox 221 539 386 596; x_wconf 85' lang='lat' dir='ltr'><strong>chius</strong></span> <span class='ocrx_word' id='word_1_25' title='bbox 413 536 1029 606; x_wconf 67' lang='lat' dir='ltr'><strong>Constantinopolitanae</strong></span> <span class='ocrx_word' id='word_1_26' title='bbox 1055 535 1206 591; x_wconf 85' lang='lat' dir='ltr'><strong>urbis</strong></span> <span class='ocrx_word' id='word_1_27' title='bbox 1240 536 1524 607; x_wconf 86' lang='lat' dir='ltr'><strong>episcopus</strong></span> <span class='ocrx_word' id='word_1_28' title='bbox 1554 535 1770 607; x_wconf 73' lang='lat' dir='ltr'><strong>scripsit</strong></span> <span class='ocrx_word' id='word_1_29' title='bbox 1795 554 1807 590; x_wconf 92' lang='lat'><strong>:</strong></span> 
     </span>
    </p>
   </div>
   <div class='ocr_carea' id='block_1_6' title="bbox 227 628 1813 703">
    <p class='ocr_par' dir='ltr' id='par_1_6' title="bbox 227 628 1813 703">
     <span class='ocr_line' id='line_1_6' title="bbox 227 628 1813 703; baseline -0.003 -17"><span class='ocrx_word' id='word_1_30' title='bbox 227 631 474 703; x_wconf 65' lang='lat' dir='ltr'><strong>«Corpus</strong></span> <span class='ocrx_word' id='word_1_31' title='bbox 496 640 743 693; x_wconf 86' lang='lat' dir='ltr'><strong>nostrum</strong></span> <span class='ocrx_word' id='word_1_32' title='bbox 764 631 816 684; x_wconf 90' lang='lat' dir='ltr'><strong>in</strong></span> <span class='ocrx_word' id='word_1_33' title='bbox 842 629 931 683; x_wconf 89' lang='lat' dir='ltr'><strong>illa</strong></span> <span class='ocrx_word' id='word_1_34' title='bbox 955 629 1366 684; x_wconf 82' lang='lat' dir='ltr'><strong>resurrectionis</strong></span> <span class='ocrx_word' id='word_1_35' title='bbox 1389 628 1560 700; x_wconf 84' lang='lat' dir='ltr'><strong>gloria</strong></span> <span class='ocrx_word' id='word_1_36' title='bbox 1580 628 1687 683; x_wconf 88' lang='lat' dir='ltr'><strong>erit</strong></span> <span class='ocrx_word' id='word_1_37' title='bbox 1714 628 1813 682; x_wconf 92' lang='lat' dir='ltr'><strong>im-</strong></span> 
     </span>
    </p>
   </div>
   <div class='ocr_carea' id='block_1_7' title="bbox 145 720 1809 795">
    <p class='ocr_par' dir='ltr' id='par_1_7' title="bbox 145 720 1809 795">
     <span class='ocr_line' id='line_1_7' title="bbox 145 720 1809 795; baseline -0.005 -13"><span class='ocrx_word' id='word_1_38' title='bbox 145 781 148 783; x_wconf 66' lang='lat'><strong>,</strong></span> <span class='ocrx_word' id='word_1_39' title='bbox 218 722 492 795; x_wconf 75' lang='lat' dir='ltr'><strong>palpabile</strong></span> <span class='ocrx_word' id='word_1_40' title='bbox 512 764 526 789; x_wconf 91' lang='lat'><strong>,</strong></span> <span class='ocrx_word' id='word_1_41' title='bbox 557 721 734 776; x_wconf 91' lang='lat' dir='ltr'><strong>ventis</strong></span> <span class='ocrx_word' id='word_1_42' title='bbox 758 736 991 792; x_wconf 88' lang='lat' dir='ltr'><strong>aereque</strong></span> <span class='ocrx_word' id='word_1_43' title='bbox 1020 720 1288 776; x_wconf 84' lang='lat' dir='ltr'><strong>subtilius.</strong></span> <span class='ocrx_word' id='word_1_44' title='bbox 1322 720 1380 775; x_wconf 89' lang='lat' dir='ltr'><strong>In</strong></span> <span class='ocrx_word' id='word_1_45' title='bbox 1410 720 1499 774; x_wconf 91' lang='lat' dir='ltr'><strong>illa</strong></span> <span class='ocrx_word' id='word_1_46' title='bbox 1528 720 1672 774; x_wconf 93' lang='lat' dir='ltr'><strong>enim</strong></span> <span class='ocrx_word' id='word_1_47' title='bbox 1721 735 1809 774; x_wconf 91' lang='lat' dir='ltr'><strong>re-</strong></span> 
     </span>
    </p>
   </div>
   <div class='ocr_carea' id='block_1_8' title="bbox 216 813 1808 886">
    <p class='ocr_par' dir='ltr' id='par_1_8' title="bbox 216 813 1808 886">
     <span class='ocr_line' id='line_1_8' title="bbox 216 813 1808 886; baseline -0.004 -14"><span class='ocrx_word' id='word_1_48' title='bbox 216 815 580 872; x_wconf 84' lang='lat' dir='ltr'><strong>surrectionis</strong></span> <span class='ocrx_word' id='word_1_49' title='bbox 593 815 762 886; x_wconf 91' lang='lat' dir='ltr'><strong>gloria</strong></span> <span class='ocrx_word' id='word_1_50' title='bbox 778 815 886 870; x_wconf 91' lang='lat' dir='ltr'><strong>erit</strong></span> <span class='ocrx_word' id='word_1_51' title='bbox 899 830 1098 884; x_wconf 90' lang='lat' dir='ltr'><strong>corpus</strong></span> <span class='ocrx_word' id='word_1_52' title='bbox 1116 823 1362 877; x_wconf 89' lang='lat' dir='ltr'><strong>nostrum</strong></span> <span class='ocrx_word' id='word_1_53' title='bbox 1382 813 1579 869; x_wconf 88' lang='lat' dir='ltr'><strong>subtile</strong></span> <span class='ocrx_word' id='word_1_54' title='bbox 1593 813 1808 882; x_wconf 87' lang='lat' dir='ltr'><strong>quidem</strong></span> 
     </span>
    </p>
   </div>
   <div class='ocr_carea' id='block_1_9' title="bbox 218 907 1810 982">
    <p class='ocr_par' dir='ltr' id='par_1_9' title="bbox 218 907 1810 982">
     <span class='ocr_line' id='line_1_9' title="bbox 218 907 1810 982; baseline -0.002 -17"><span class='ocrx_word' id='word_1_55' title='bbox 218 926 326 982; x_wconf 90' lang='lat' dir='ltr'><strong>per</strong></span> <span class='ocrx_word' id='word_1_56' title='bbox 368 909 619 965; x_wconf 86' lang='lat' dir='ltr'><strong>effectum</strong></span> <span class='ocrx_word' id='word_1_57' title='bbox 666 908 965 979; x_wconf 89' lang='lat' dir='ltr'><strong>spiritualis</strong></span> <span class='ocrx_word' id='word_1_58' title='bbox 1006 909 1290 978; x_wconf 63' lang='lat' dir='ltr'><strong>potentias,</strong></span> <span class='ocrx_word' id='word_1_59' title='bbox 1338 907 1432 963; x_wconf 89' lang='lat' dir='ltr'><strong>sed</strong></span> <span class='ocrx_word' id='word_1_60' title='bbox 1463 916 1518 963; x_wconf 93' lang='lat' dir='ltr'><strong>et</strong></span> <span class='ocrx_word' id='word_1_61' title='bbox 1543 907 1810 979; x_wconf 83' lang='lat' dir='ltr'><strong>palpabile</strong></span> 
     </span>
    </p>
   </div>
   <div class='ocr_carea' id='block_1_10' title="bbox 215 996 1807 1070">
    <p class='ocr_par' dir='ltr' id='par_1_10' title="bbox 215 996 1807 1070">
     <span class='ocr_line' id='line_1_10' title="bbox 215 996 1807 1070; baseline -0.001 -17"><span class='ocrx_word' id='word_1_62' title='bbox 215 1015 319 1070; x_wconf 87' lang='lat' dir='ltr'><strong>per</strong></span> <span class='ocrx_word' id='word_1_63' title='bbox 345 999 631 1054; x_wconf 79' lang='lat' dir='ltr'><strong>veritatem</strong></span> <span class='ocrx_word' id='word_1_64' title='bbox 660 1008 888 1053; x_wconf 67' lang='lat' dir='ltr'><strong>naturae.</strong></span> <span class='ocrx_word' id='word_1_65' title='bbox 920 1018 939 1050; x_wconf 72' lang='grc' dir='ltr'><strong>ι</strong></span> <span class='ocrx_word' id='word_1_66' title='bbox 970 996 1154 1068; x_wconf 87' lang='lat' dir='ltr'><strong>Neque</strong></span> <span class='ocrx_word' id='word_1_67' title='bbox 1185 998 1311 1054; x_wconf 91' lang='lat' dir='ltr'><strong>huic</strong></span> <span class='ocrx_word' id='word_1_68' title='bbox 1337 997 1624 1053; x_wconf 88' lang='lat' dir='ltr'><strong>assertioni</strong></span> <span class='ocrx_word' id='word_1_69' title='bbox 1651 1005 1807 1068; x_wconf 86' lang='lat' dir='ltr'><strong>pute-</strong></span> 
     </span>
    </p>
   </div>
   <div class='ocr_carea' id='block_1_11' title="bbox 218 1087 1810 1160">
    <p class='ocr_par' dir='ltr' id='par_1_11' title="bbox 218 1087 1810 1160">
     <span class='ocr_line' id='line_1_11' title="bbox 218 1087 1810 1160; baseline 0.001 -18"><span class='ocrx_word' id='word_1_70' title='bbox 218 1096 312 1142; x_wconf 86' lang='lat' dir='ltr'><strong>tur</strong></span> <span class='ocrx_word' id='word_1_71' title='bbox 334 1087 581 1158; x_wconf 81' lang='lat' dir='ltr'><strong>Apostoli</strong></span> <span class='ocrx_word' id='word_1_72' title='bbox 607 1103 790 1144; x_wconf 90' lang='lat' dir='ltr'><strong>sermo</strong></span> <span class='ocrx_word' id='word_1_73' title='bbox 819 1103 1154 1160; x_wconf 88' lang='lat' dir='ltr'><strong>repugnare,</strong></span> <span class='ocrx_word' id='word_1_74' title='bbox 1184 1090 1311 1159; x_wconf 88' lang='lat' dir='ltr'><strong>quia</strong></span> <span class='ocrx_word' id='word_1_75' title='bbox 1338 1104 1467 1143; x_wconf 90' lang='lat' dir='ltr'><strong>caro</strong></span> <span class='ocrx_word' id='word_1_76' title='bbox 1503 1096 1558 1143; x_wconf 88' lang='lat' dir='ltr'><strong>et</strong></span> <span class='ocrx_word' id='word_1_77' title='bbox 1591 1088 1810 1160; x_wconf 86' lang='lat' dir='ltr'><strong>sanguis</strong></span> 
     </span>
    </p>
   </div>
   <div class='ocr_carea' id='block_1_12' title="bbox 216 1177 1808 1249">
    <p class='ocr_par' dir='ltr' id='par_1_12' title="bbox 216 1177 1808 1249">
     <span class='ocr_line' id='line_1_12' title="bbox 216 1177 1808 1249; baseline 0 -17"><span class='ocrx_word' id='word_1_78' title='bbox 216 1177 584 1246; x_wconf 74' lang='lat' dir='ltr'><strong>regnumDei</strong></span> <span class='ocrx_word' id='word_1_79' title='bbox 626 1193 734 1233; x_wconf 90' lang='lat' dir='ltr'><strong>non</strong></span> <span class='ocrx_word' id='word_1_80' title='bbox 774 1179 1147 1249; x_wconf 88' lang='lat' dir='ltr'><strong>possidebunt.</strong></span> <span class='ocrx_word' id='word_1_81' title='bbox 1190 1179 1306 1234; x_wconf 83' lang='lat' dir='ltr'><strong>Hoc</strong></span> <span class='ocrx_word' id='word_1_82' title='bbox 1341 1180 1486 1234; x_wconf 90' lang='lat' dir='ltr'><strong>enim</strong></span> <span class='ocrx_word' id='word_1_83' title='bbox 1522 1179 1641 1234; x_wconf 92' lang='lat' dir='ltr'><strong>loco</strong></span> <span class='ocrx_word' id='word_1_84' title='bbox 1666 1179 1808 1249; x_wconf 84' lang='lat' dir='ltr'><strong>Apo-</strong></span> 
     </span>
    </p>
   </div>
   <div class='ocr_carea' id='block_1_13' title="bbox 215 1275 1808 1347">
    <p class='ocr_par' dir='ltr' id='par_1_13' title="bbox 215 1275 1808 1347">
     <span class='ocr_line' id='line_1_13' title="bbox 215 1275 1808 1347; baseline -0.001 -17"><span class='ocrx_word' id='word_1_85' title='bbox 215 1275 389 1331; x_wconf 89' lang='lat' dir='ltr'><strong>stolus</strong></span> <span class='ocrx_word' id='word_1_86' title='bbox 414 1276 596 1332; x_wconf 88' lang='lat' dir='ltr'><strong>carnis</strong></span> <span class='ocrx_word' id='word_1_87' title='bbox 623 1284 678 1330; x_wconf 91' lang='lat' dir='ltr'><strong>et</strong></span> <span class='ocrx_word' id='word_1_88' title='bbox 701 1277 980 1347; x_wconf 85' lang='lat' dir='ltr'><strong>sanguinis</strong></span> <span class='ocrx_word' id='word_1_89' title='bbox 1020 1277 1237 1332; x_wconf 89' lang='lat' dir='ltr'><strong>nomine</strong></span> <span class='ocrx_word' id='word_1_90' title='bbox 1257 1317 1272 1342; x_wconf 95' lang='lat'><strong>,</strong></span> <span class='ocrx_word' id='word_1_91' title='bbox 1301 1293 1408 1331; x_wconf 92' lang='lat' dir='ltr'><strong>non</strong></span> <span class='ocrx_word' id='word_1_92' title='bbox 1448 1275 1808 1331; x_wconf 86' lang='lat' dir='ltr'><strong>substantiam</strong></span> 
     </span>
    </p>
   </div>
   <div class='ocr_carea' id='block_1_14' title="bbox 215 1365 1808 1438">
    <p class='ocr_par' dir='ltr' id='par_1_14' title="bbox 215 1365 1808 1438">
     <span class='ocr_line' id='line_1_14' title="bbox 215 1365 1808 1438; baseline 0 -19"><span class='ocrx_word' id='word_1_93' title='bbox 215 1366 333 1421; x_wconf 87' lang='lat' dir='ltr'><strong>veri</strong></span> <span class='ocrx_word' id='word_1_94' title='bbox 357 1367 637 1437; x_wconf 91' lang='lat' dir='ltr'><strong>corporis,</strong></span> <span class='ocrx_word' id='word_1_95' title='bbox 681 1368 775 1422; x_wconf 90' lang='lat' dir='ltr'><strong>sed</strong></span> <span class='ocrx_word' id='word_1_96' title='bbox 816 1369 1221 1438; x_wconf 88' lang='lat' dir='ltr'><strong>corruptionem</strong></span> <span class='ocrx_word' id='word_1_97' title='bbox 1260 1367 1607 1423; x_wconf 86' lang='lat' dir='ltr'><strong>mortalitatis</strong></span> <span class='ocrx_word' id='word_1_98' title='bbox 1643 1365 1808 1437; x_wconf 89' lang='lat' dir='ltr'><strong>signi-</strong></span> 
     </span>
    </p>
   </div>
   <div class='ocr_carea' id='block_1_15' title="bbox 214 1457 1807 1530">
    <p class='ocr_par' dir='ltr' id='par_1_15' title="bbox 214 1457 1807 1530">
     <span class='ocr_line' id='line_1_15' title="bbox 214 1457 1807 1530; baseline 0.003 -18"><span class='ocrx_word' id='word_1_99' title='bbox 214 1457 365 1524; x_wconf 91' lang='lat' dir='ltr'><strong>ﬁcat,</strong></span> <span class='ocrx_word' id='word_1_100' title='bbox 394 1459 534 1513; x_wconf 89' lang='lat' dir='ltr'><strong>sicut</strong></span> <span class='ocrx_word' id='word_1_101' title='bbox 561 1459 676 1530; x_wconf 92' lang='lat' dir='ltr'><strong>ipse</strong></span> <span class='ocrx_word' id='word_1_102' title='bbox 698 1469 1098 1530; x_wconf 86' lang='lat' dir='ltr'><strong>consequenter</strong></span> <span class='ocrx_word' id='word_1_103' title='bbox 1122 1461 1412 1530; x_wconf 85' lang='lat' dir='ltr'><strong>exposuit,</strong></span> <span class='ocrx_word' id='word_1_104' title='bbox 1441 1460 1665 1516; x_wconf 88' lang='lat' dir='ltr'><strong>dicens:</strong></span> <span class='ocrx_word' id='word_1_105' title='bbox 1695 1459 1807 1516; x_wconf 87' lang='lat' dir='ltr'><strong>Ne-</strong></span> 
     </span>
    </p>
   </div>
   <div class='ocr_carea' id='block_1_16' title="bbox 210 1551 1373 1624">
    <p class='ocr_par' dir='ltr' id='par_1_16' title="bbox 210 1551 1373 1624">
     <span class='ocr_line' id='line_1_16' title="bbox 210 1551 1373 1624; baseline 0.002 -21"><span class='ocrx_word' id='word_1_106' title='bbox 210 1567 314 1620; x_wconf 85' lang='lat' dir='ltr'><strong>que</strong></span> <span class='ocrx_word' id='word_1_107' title='bbox 351 1551 617 1621; x_wconf 77' lang='lat' dir='ltr'><strong>corruptio</strong></span> <span class='ocrx_word' id='word_1_108' title='bbox 643 1552 1053 1622; x_wconf 87' lang='lat' dir='ltr'><strong>incorruptelam</strong></span> <span class='ocrx_word' id='word_1_109' title='bbox 1075 1553 1373 1624; x_wconf 78' lang='lat' dir='ltr'><strong>possidebit.</strong></span> 
     </span>
    </p>
   </div>
   <div class='ocr_carea' id='block_1_17' title="bbox 285 1642 1802 1716">
    <p class='ocr_par' dir='ltr' id='par_1_17' title="bbox 285 1642 1802 1716">
     <span class='ocr_line' id='line_1_17' title="bbox 285 1642 1802 1716; baseline 0.001 -18"><span class='ocrx_word' id='word_1_110' title='bbox 285 1642 427 1698; x_wconf 89' lang='lat' dir='ltr'><strong>Dicit</strong></span> <span class='ocrx_word' id='word_1_111' title='bbox 456 1659 578 1713; x_wconf 86' lang='lat' dir='ltr'><strong>ergo</strong></span> <span class='ocrx_word' id='word_1_112' title='bbox 603 1645 678 1698; x_wconf 87' lang='lat' dir='ltr'><strong>eis</strong></span> <span class='ocrx_word' id='word_1_113' title='bbox 703 1645 890 1698; x_wconf 81' lang='lat' dir='ltr'><strong>iterum</strong></span> <span class='ocrx_word' id='word_1_114' title='bbox 915 1659 934 1697; x_wconf 91' lang='lat'><strong><em>:</em></strong></span> <span class='ocrx_word' id='word_1_115' title='bbox 967 1642 1088 1699; x_wconf 87' lang='lat' dir='ltr'><strong>Pax</strong></span> <span class='ocrx_word' id='word_1_116' title='bbox 1126 1646 1287 1700; x_wconf 83' lang='lat' dir='ltr'><strong>vobis.</strong></span> <span class='ocrx_word' id='word_1_117' title='bbox 1335 1645 1435 1715; x_wconf 90' lang='lat' dir='ltr'><strong>(Ex</strong></span> <span class='ocrx_word' id='word_1_118' title='bbox 1467 1643 1654 1716; x_wconf 89' lang='lat' dir='ltr'><strong>Greg.)</strong></span> <span class='ocrx_word' id='word_1_119' title='bbox 1693 1644 1802 1699; x_wconf 88' lang='lat' dir='ltr'><strong>Ite-</strong></span> 
     </span>
    </p>
   </div>
   <div class='ocr_carea' id='block_1_18' title="bbox 211 1735 1802 1805">
    <p class='ocr_par' dir='ltr' id='par_1_18' title="bbox 211 1735 1802 1805">
     <span class='ocr_line' id='line_1_18' title="bbox 211 1735 1802 1805; baseline 0.003 -18"><span class='ocrx_word' id='word_1_120' title='bbox 211 1735 356 1789; x_wconf 88' lang='lat' dir='ltr'><strong>ratio</strong></span> <span class='ocrx_word' id='word_1_121' title='bbox 411 1735 680 1790; x_wconf 86' lang='lat' dir='ltr'><strong>sermonis</strong></span> <span class='ocrx_word' id='word_1_122' title='bbox 727 1735 1068 1792; x_wconf 91' lang='lat' dir='ltr'><strong>conﬁrmatio</strong></span> <span class='ocrx_word' id='word_1_123' title='bbox 1107 1745 1208 1792; x_wconf 92' lang='lat' dir='ltr'><strong>est.</strong></span> <span class='ocrx_word' id='word_1_124' title='bbox 1261 1736 1415 1805; x_wconf 89' lang='lat' dir='ltr'><strong>Quod</strong></span> <span class='ocrx_word' id='word_1_125' title='bbox 1449 1745 1632 1791; x_wconf 89' lang='lat' dir='ltr'><strong>autem</strong></span> <span class='ocrx_word' id='word_1_126' title='bbox 1671 1737 1802 1792; x_wconf 91' lang='lat' dir='ltr'><strong>dicit</strong></span> 
     </span>
    </p>
   </div>
   <div class='ocr_carea' id='block_1_19' title="bbox 1905 538 3182 616">
    <p class='ocr_par' dir='ltr' id='par_1_19' title="bbox 1905 538 3182 616">
     <span class='ocr_line' id='line_1_19' title="bbox 1905 538 3182 616; baseline 0.008 -24"><span class='ocrx_word' id='word_1_127' title='bbox 1905 538 2170 608; x_wconf 87' lang='lat' dir='ltr'><strong>prodesse</strong></span> <span class='ocrx_word' id='word_1_128' title='bbox 2195 556 2303 595; x_wconf 91' lang='lat' dir='ltr'><strong>non</strong></span> <span class='ocrx_word' id='word_1_129' title='bbox 2338 542 2525 610; x_wconf 89' lang='lat' dir='ltr'><strong>paucis</strong></span> <span class='ocrx_word' id='word_1_130' title='bbox 2555 543 2649 598; x_wconf 91' lang='lat' dir='ltr'><strong>sed</strong></span> <span class='ocrx_word' id='word_1_131' title='bbox 2676 543 2919 614; x_wconf 87' lang='lat' dir='ltr'><strong>pluribus</strong></span> <span class='ocrx_word' id='word_1_132' title='bbox 2941 553 3182 616; x_wconf 85' lang='lat' dir='ltr'><strong>possent.</strong></span> 
     </span>
    </p>
   </div>
   <div class='ocr_carea' id='block_1_20' title="bbox 1985 630 3503 716">
    <p class='ocr_par' dir='ltr' id='par_1_20' title="bbox 1985 630 3503 716">
     <span class='ocr_line' id='line_1_20' title="bbox 1985 630 3503 716; baseline 0.009 -31"><span class='ocrx_word' id='word_1_133' title='bbox 1985 630 2210 686; x_wconf 78' lang='lat' dir='ltr'><strong>Thomas</strong></span> <span class='ocrx_word' id='word_1_134' title='bbox 2239 644 2412 688; x_wconf 90' lang='lat' dir='ltr'><strong>autem</strong></span> <span class='ocrx_word' id='word_1_135' title='bbox 2435 651 2572 691; x_wconf 86' lang='lat' dir='ltr'><strong>unus</strong></span> <span class='ocrx_word' id='word_1_136' title='bbox 2599 636 2664 692; x_wconf 91' lang='lat' dir='ltr'><strong>de</strong></span> <span class='ocrx_word' id='word_1_137' title='bbox 2683 637 2978 706; x_wconf 87' lang='lat' dir='ltr'><strong>duodecim,</strong></span> <span class='ocrx_word' id='word_1_138' title='bbox 3008 639 3099 710; x_wconf 83' lang='lat' dir='ltr'><strong>qui</strong></span> <span class='ocrx_word' id='word_1_139' title='bbox 3120 639 3314 696; x_wconf 88' lang='lat' dir='ltr'><strong>dicitur</strong></span> <span class='ocrx_word' id='word_1_140' title='bbox 3332 641 3503 716; x_wconf 74' lang='lat' dir='ltr'><strong>Didy-</strong></span> 
     </span>
    </p>
   </div>
   <div class='ocr_carea' id='block_1_21' title="bbox 1911 727 3502 804">
    <p class='ocr_par' dir='ltr' id='par_1_21' title="bbox 1911 727 3502 804">
     <span class='ocr_line' id='line_1_21' title="bbox 1911 727 3502 804; baseline 0.009 -28"><span class='ocrx_word' id='word_1_141' title='bbox 1911 739 2048 790; x_wconf 87' lang='lat' dir='ltr'><strong>mus,</strong></span> <span class='ocrx_word' id='word_1_142' title='bbox 2079 742 2181 779; x_wconf 89' lang='lat' dir='ltr'><strong>non</strong></span> <span class='ocrx_word' id='word_1_143' title='bbox 2207 735 2340 792; x_wconf 85' lang='lat' dir='ltr'><strong>erat,</strong></span> <span class='ocrx_word' id='word_1_144' title='bbox 2384 737 2488 783; x_wconf 90' lang='lat' dir='ltr'><strong>etc.</strong></span> <span class='ocrx_word' id='word_1_145' title='bbox 2523 728 2625 800; x_wconf 82' lang='lat' dir='ltr'><strong>(Ex</strong></span> <span class='ocrx_word' id='word_1_146' title='bbox 2650 727 2840 803; x_wconf 89' lang='lat' dir='ltr'><strong>Greg.)</strong></span> <span class='ocrx_word' id='word_1_147' title='bbox 2887 729 2995 787; x_wconf 86' lang='lat' dir='ltr'><strong>Iste</strong></span> <span class='ocrx_word' id='word_1_148' title='bbox 3037 746 3178 786; x_wconf 87' lang='lat' dir='ltr'><strong>unus</strong></span> <span class='ocrx_word' id='word_1_149' title='bbox 3205 731 3502 804; x_wconf 88' lang='lat' dir='ltr'><strong>discipulus</strong></span> 
     </span>
    </p>
   </div>
   <div class='ocr_carea' id='block_1_22' title="bbox 1912 819 3501 891">
    <p class='ocr_par' dir='ltr' id='par_1_22' title="bbox 1912 819 3501 891">
     <span class='ocr_line' id='line_1_22' title="bbox 1912 819 3501 891; baseline 0.004 -16"><span class='ocrx_word' id='word_1_150' title='bbox 1912 819 2102 882; x_wconf 83' lang='lat' dir='ltr'><strong>defuit,</strong></span> <span class='ocrx_word' id='word_1_151' title='bbox 2131 835 2405 886; x_wconf 84' lang='lat' dir='ltr'><strong>reversus,</strong></span> <span class='ocrx_word' id='word_1_152' title='bbox 2452 821 2596 890; x_wconf 88' lang='lat' dir='ltr'><strong>quod</strong></span> <span class='ocrx_word' id='word_1_153' title='bbox 2627 831 2838 891; x_wconf 89' lang='lat' dir='ltr'><strong>gestum</strong></span> <span class='ocrx_word' id='word_1_154' title='bbox 2882 830 2991 888; x_wconf 90' lang='lat' dir='ltr'><strong>est,</strong></span> <span class='ocrx_word' id='word_1_155' title='bbox 3026 823 3269 890; x_wconf 80' lang='lat' dir='ltr'><strong>audivit,</strong></span> <span class='ocrx_word' id='word_1_156' title='bbox 3318 825 3501 881; x_wconf 89' lang='lat' dir='ltr'><strong>audita</strong></span> 
     </span>
    </p>
   </div>
   <div class='ocr_carea' id='block_1_23' title="bbox 1909 909 3503 982">
    <p class='ocr_par' dir='ltr' id='par_1_23' title="bbox 1909 909 3503 982">
     <span class='ocr_line' id='line_1_23' title="bbox 1909 909 3503 982; baseline 0.005 -18"><span class='ocrx_word' id='word_1_157' title='bbox 1909 911 2132 966; x_wconf 90' lang='lat' dir='ltr'><strong>credere</strong></span> <span class='ocrx_word' id='word_1_158' title='bbox 2163 911 2362 967; x_wconf 90' lang='lat' dir='ltr'><strong>renuit.</strong></span> <span class='ocrx_word' id='word_1_159' title='bbox 2402 909 2562 966; x_wconf 84' lang='lat' dir='ltr'><strong>Venit</strong></span> <span class='ocrx_word' id='word_1_160' title='bbox 2593 912 2788 969; x_wconf 85' lang='lat' dir='ltr'><strong>iterum</strong></span> <span class='ocrx_word' id='word_1_161' title='bbox 2819 913 3103 982; x_wconf 89' lang='lat' dir='ltr'><strong>Dominus,</strong></span> <span class='ocrx_word' id='word_1_162' title='bbox 3146 924 3203 971; x_wconf 88' lang='lat' dir='ltr'><strong>et</strong></span> <span class='ocrx_word' id='word_1_163' title='bbox 3241 931 3348 972; x_wconf 88' lang='lat' dir='ltr'><strong>non</strong></span> <span class='ocrx_word' id='word_1_164' title='bbox 3383 930 3503 972; x_wconf 89' lang='lat' dir='ltr'><strong>cre-</strong></span> 
     </span>
    </p>
   </div>
   <div class='ocr_carea' id='block_1_24' title="bbox 1909 1001 3502 1075">
    <p class='ocr_par' dir='ltr' id='par_1_24' title="bbox 1909 1001 3502 1075">
     <span class='ocr_line' id='line_1_24' title="bbox 1909 1001 3502 1075; baseline 0.007 -21"><span class='ocrx_word' id='word_1_165' title='bbox 1909 1001 2056 1056; x_wconf 89' lang='lat' dir='ltr'><strong>denti</strong></span> <span class='ocrx_word' id='word_1_166' title='bbox 2106 1003 2398 1073; x_wconf 89' lang='lat' dir='ltr'><strong>discipulo,</strong></span> <span class='ocrx_word' id='word_1_167' title='bbox 2443 1003 2588 1060; x_wconf 90' lang='lat' dir='ltr'><strong>latus</strong></span> <span class='ocrx_word' id='word_1_168' title='bbox 2633 1004 2963 1075; x_wconf 88' lang='lat' dir='ltr'><strong>palpaudum</strong></span> <span class='ocrx_word' id='word_1_169' title='bbox 3003 1007 3254 1074; x_wconf 69' lang='lat' dir='ltr'><strong>praebuit,</strong></span> <span class='ocrx_word' id='word_1_170' title='bbox 3306 1018 3502 1066; x_wconf 79' lang='lat' dir='ltr'><strong>manus</strong></span> 
     </span>
    </p>
   </div>
   <div class='ocr_carea' id='block_1_25' title="bbox 1906 1094 3503 1166">
    <p class='ocr_par' dir='ltr' id='par_1_25' title="bbox 1906 1094 3503 1166">
     <span class='ocr_line' id='line_1_25' title="bbox 1906 1094 3503 1166; baseline 0.008 -20"><span class='ocrx_word' id='word_1_171' title='bbox 1906 1094 2164 1158; x_wconf 89' lang='lat' dir='ltr'><strong>ostendit,</strong></span> <span class='ocrx_word' id='word_1_172' title='bbox 2201 1104 2258 1149; x_wconf 94' lang='lat' dir='ltr'><strong>et</strong></span> <span class='ocrx_word' id='word_1_173' title='bbox 2284 1104 2500 1152; x_wconf 86' lang='lat' dir='ltr'><strong>ostensa</strong></span> <span class='ocrx_word' id='word_1_174' title='bbox 2530 1113 2751 1153; x_wconf 91' lang='lat' dir='ltr'><strong>suorum</strong></span> <span class='ocrx_word' id='word_1_175' title='bbox 2795 1097 3081 1154; x_wconf 83' lang='lat' dir='ltr'><strong>vulnerum</strong></span> <span class='ocrx_word' id='word_1_176' title='bbox 3112 1099 3385 1166; x_wconf 88' lang='lat' dir='ltr'><strong>cicatrice,</strong></span> <span class='ocrx_word' id='word_1_177' title='bbox 3418 1103 3503 1158; x_wconf 89' lang='lat' dir='ltr'><strong>in-</strong></span> 
     </span>
    </p>
   </div>
   <div class='ocr_carea' id='block_1_26' title="bbox 1907 1184 3504 1260">
    <p class='ocr_par' dir='ltr' id='par_1_26' title="bbox 1907 1184 3504 1260">
     <span class='ocr_line' id='line_1_26' title="bbox 1907 1184 3504 1260; baseline 0.008 -20"><span class='ocrx_word' id='word_1_178' title='bbox 1907 1184 2186 1244; x_wconf 91' lang='lat' dir='ltr'><strong>ﬁdelitatis</strong></span> <span class='ocrx_word' id='word_1_179' title='bbox 2214 1189 2358 1245; x_wconf 92' lang='lat' dir='ltr'><strong>illius</strong></span> <span class='ocrx_word' id='word_1_180' title='bbox 2383 1191 2579 1248; x_wconf 87' lang='lat' dir='ltr'><strong>vulnus</strong></span> <span class='ocrx_word' id='word_1_181' title='bbox 2613 1193 2843 1249; x_wconf 88' lang='lat' dir='ltr'><strong>sanavit.</strong></span> <span class='ocrx_word' id='word_1_182' title='bbox 2878 1192 3038 1260; x_wconf 88' lang='lat' dir='ltr'><strong>Quid,</strong></span> <span class='ocrx_word' id='word_1_183' title='bbox 3070 1191 3271 1249; x_wconf 85' lang='lat' dir='ltr'><strong>fratres</strong></span> <span class='ocrx_word' id='word_1_184' title='bbox 3292 1196 3504 1252; x_wconf 86' lang='lat' dir='ltr'><strong>charis-</strong></span> 
     </span>
    </p>
   </div>
   <div class='ocr_carea' id='block_1_27' title="bbox 1906 1276 3501 1354">
    <p class='ocr_par' dir='ltr' id='par_1_27' title="bbox 1906 1276 3501 1354">
     <span class='ocr_line' id='line_1_27' title="bbox 1906 1276 3501 1354; baseline 0.008 -24"><span class='ocrx_word' id='word_1_185' title='bbox 1906 1276 2048 1343; x_wconf 90' lang='lat' dir='ltr'><strong>simi,</strong></span> <span class='ocrx_word' id='word_1_186' title='bbox 2087 1279 2216 1349; x_wconf 91' lang='lat' dir='ltr'><strong>quid</strong></span> <span class='ocrx_word' id='word_1_187' title='bbox 2259 1280 2403 1336; x_wconf 91' lang='lat' dir='ltr'><strong>inter</strong></span> <span class='ocrx_word' id='word_1_188' title='bbox 2436 1283 2552 1338; x_wconf 64' lang='lat' dir='ltr'><strong>haec</strong></span> <span class='ocrx_word' id='word_1_189' title='bbox 2583 1281 3056 1338; x_wconf 86' lang='lat' dir='ltr'><strong>animadvertitis?</strong></span> <span class='ocrx_word' id='word_1_190' title='bbox 3080 1281 3335 1354; x_wconf 83' lang='lat' dir='ltr'><strong>Nunquid</strong></span> <span class='ocrx_word' id='word_1_191' title='bbox 3370 1300 3501 1342; x_wconf 87' lang='lat' dir='ltr'><strong>casu</strong></span> 
     </span>
    </p>
   </div>
   <div class='ocr_carea' id='block_1_28' title="bbox 1905 1373 3500 1446">
    <p class='ocr_par' dir='ltr' id='par_1_28' title="bbox 1905 1373 3500 1446">
     <span class='ocr_line' id='line_1_28' title="bbox 1905 1373 3500 1446; baseline 0.006 -22"><span class='ocrx_word' id='word_1_192' title='bbox 1905 1380 2116 1442; x_wconf 89' lang='lat' dir='ltr'><strong>gestum</strong></span> <span class='ocrx_word' id='word_1_193' title='bbox 2165 1373 2446 1442; x_wconf 89' lang='lat' dir='ltr'><strong>creditur,</strong></span> <span class='ocrx_word' id='word_1_194' title='bbox 2507 1376 2831 1433; x_wconf 82' lang='lat' dir='ltr'><strong>ut-‘electus</strong></span> <span class='ocrx_word' id='word_1_195' title='bbox 2886 1375 2975 1433; x_wconf 86' lang='lat' dir='ltr'><strong>ille</strong></span> <span class='ocrx_word' id='word_1_196' title='bbox 3025 1376 3320 1446; x_wconf 91' lang='lat' dir='ltr'><strong>discipulus</strong></span> <span class='ocrx_word' id='word_1_197' title='bbox 3367 1386 3500 1434; x_wconf 86' lang='lat' dir='ltr'><strong>tunc</strong></span> 
     </span>
    </p>
   </div>
   <div class='ocr_carea' id='block_1_29' title="bbox 1905 1462 3499 1535">
    <p class='ocr_par' dir='ltr' id='par_1_29' title="bbox 1905 1462 3499 1535">
     <span class='ocr_line' id='line_1_29' title="bbox 1905 1462 3499 1535; baseline 0.004 -18"><span class='ocrx_word' id='word_1_198' title='bbox 1905 1462 2140 1530; x_wconf 89' lang='lat' dir='ltr'><strong>deesset,</strong></span> <span class='ocrx_word' id='word_1_199' title='bbox 2181 1475 2308 1535; x_wconf 91' lang='lat' dir='ltr'><strong>post</strong></span> <span class='ocrx_word' id='word_1_200' title='bbox 2346 1469 2462 1523; x_wconf 74' lang='lat' dir='ltr'><strong>haec</strong></span> <span class='ocrx_word' id='word_1_201' title='bbox 2489 1469 2715 1525; x_wconf 91' lang='lat' dir='ltr'><strong>veniens</strong></span> <span class='ocrx_word' id='word_1_202' title='bbox 2751 1469 2988 1534; x_wconf 89' lang='lat' dir='ltr'><strong>audiret,</strong></span> <span class='ocrx_word' id='word_1_203' title='bbox 3029 1469 3256 1525; x_wconf 89' lang='lat' dir='ltr'><strong>audiens</strong></span> <span class='ocrx_word' id='word_1_204' title='bbox 3280 1467 3499 1524; x_wconf 88' lang='lat' dir='ltr'><strong>dubita-</strong></span> 
     </span>
    </p>
   </div>
   <div class='ocr_carea' id='block_1_30' title="bbox 1904 1554 3500 1629">
    <p class='ocr_par' dir='ltr' id='par_1_30' title="bbox 1904 1554 3500 1629">
     <span class='ocr_line' id='line_1_30' title="bbox 1904 1554 3500 1629; baseline 0.006 -22"><span class='ocrx_word' id='word_1_205' title='bbox 1904 1562 2010 1618; x_wconf 90' lang='lat' dir='ltr'><strong>ret,</strong></span> <span class='ocrx_word' id='word_1_206' title='bbox 2041 1554 2292 1610; x_wconf 88' lang='lat' dir='ltr'><strong>dubitans</strong></span> <span class='ocrx_word' id='word_1_207' title='bbox 2321 1557 2587 1627; x_wconf 86' lang='lat' dir='ltr'><strong>palparet,</strong></span> <span class='ocrx_word' id='word_1_208' title='bbox 2631 1559 2857 1629; x_wconf 90' lang='lat' dir='ltr'><strong>palpans</strong></span> <span class='ocrx_word' id='word_1_209' title='bbox 2899 1559 3192 1615; x_wconf 86' lang='lat' dir='ltr'><strong>crederet?</strong></span> <span class='ocrx_word' id='word_1_210' title='bbox 3243 1558 3361 1614; x_wconf 86' lang='lat' dir='ltr'><strong>Non</strong></span> <span class='ocrx_word' id='word_1_211' title='bbox 3392 1559 3500 1616; x_wconf 89' lang='lat' dir='ltr'><strong>hoc</strong></span> 
     </span>
    </p>
   </div>
   <div class='ocr_carea' id='block_1_31' title="bbox 1903 1647 3502 1722">
    <p class='ocr_par' dir='ltr' id='par_1_31' title="bbox 1903 1647 3502 1722">
     <span class='ocr_line' id='line_1_31' title="bbox 1903 1647 3502 1722; baseline 0.004 -22"><span class='ocrx_word' id='word_1_212' title='bbox 1903 1661 2054 1712; x_wconf 90' lang='lat' dir='ltr'><strong>casu,</strong></span> <span class='ocrx_word' id='word_1_213' title='bbox 2087 1647 2179 1703; x_wconf 89' lang='lat' dir='ltr'><strong>sed</strong></span> <span class='ocrx_word' id='word_1_214' title='bbox 2196 1648 2378 1703; x_wconf 90' lang='lat' dir='ltr'><strong>divina</strong></span> <span class='ocrx_word' id='word_1_215' title='bbox 2403 1650 2804 1720; x_wconf 89' lang='lat' dir='ltr'><strong>dispensatione</strong></span> <span class='ocrx_word' id='word_1_216' title='bbox 2832 1658 3044 1721; x_wconf 90' lang='lat' dir='ltr'><strong>gestum</strong></span> <span class='ocrx_word' id='word_1_217' title='bbox 3072 1657 3174 1706; x_wconf 90' lang='lat' dir='ltr'><strong>est.</strong></span> <span class='ocrx_word' id='word_1_218' title='bbox 3202 1650 3326 1722; x_wconf 84' lang='lat' dir='ltr'><strong>Egit</strong></span> <span class='ocrx_word' id='word_1_219' title='bbox 3348 1665 3502 1706; x_wconf 90' lang='lat' dir='ltr'><strong>nam-</strong></span> 
     </span>
    </p>
   </div>
   <div class='ocr_carea' id='block_1_32' title="bbox 1902 1740 3496 1812">
    <p class='ocr_par' dir='ltr' id='par_1_32' title="bbox 1902 1740 3496 1812">
     <span class='ocr_line' id='line_1_32' title="bbox 1902 1740 3496 1812; baseline 0.003 -20"><span class='ocrx_word' id='word_1_220' title='bbox 1902 1753 2007 1807; x_wconf 92' lang='lat' dir='ltr'><strong>que</strong></span> <span class='ocrx_word' id='word_1_221' title='bbox 2033 1740 2173 1794; x_wconf 91' lang='lat' dir='ltr'><strong>miro</strong></span> <span class='ocrx_word' id='word_1_222' title='bbox 2193 1740 2352 1796; x_wconf 90' lang='lat' dir='ltr'><strong>modo</strong></span> <span class='ocrx_word' id='word_1_223' title='bbox 2390 1756 2625 1811; x_wconf 90' lang='lat' dir='ltr'><strong>superna</strong></span> <span class='ocrx_word' id='word_1_224' title='bbox 2651 1741 2960 1808; x_wconf 86' lang='lat' dir='ltr'><strong>clementia,</strong></span> <span class='ocrx_word' id='word_1_225' title='bbox 2985 1749 3046 1796; x_wconf 91' lang='lat' dir='ltr'><strong>ut</strong></span> <span class='ocrx_word' id='word_1_226' title='bbox 3071 1741 3368 1812; x_wconf 89' lang='lat' dir='ltr'><strong>discipulus</strong></span> <span class='ocrx_word' id='word_1_227' title='bbox 3399 1742 3496 1797; x_wconf 93' lang='lat' dir='ltr'><strong>du-</strong></span> 
     </span>
    </p>
   </div>
   <div class='ocr_carea' id='block_1_33' title="bbox 210 1821 3500 1904">
    <p class='ocr_par' dir='ltr' id='par_1_33' title="bbox 210 1821 3500 1904">
     <span class='ocr_line' id='line_1_33' title="bbox 210 1821 3500 1904; baseline 0.003 -24"><span class='ocrx_word' id='word_1_228' title='bbox 210 1827 449 1882; x_wconf 86' lang='lat' dir='ltr'><strong>secundo</strong></span> <span class='ocrx_word' id='word_1_229' title='bbox 476 1846 488 1880; x_wconf 90' lang='lat'>:</span> <span class='ocrx_word' id='word_1_230' title='bbox 524 1826 643 1881; x_wconf 89' lang='lat' dir='ltr'><strong>Pax</strong></span> <span class='ocrx_word' id='word_1_231' title='bbox 665 1828 827 1891; x_wconf 78' lang='lat' dir='ltr'><strong>vobis,</strong></span> <span class='ocrx_word' id='word_1_232' title='bbox 867 1829 1107 1885; x_wconf 88' lang='lat' dir='ltr'><strong>ostendit</strong></span> <span class='ocrx_word' id='word_1_233' title='bbox 1129 1828 1409 1899; x_wconf 89' lang='lat' dir='ltr'><strong>paciﬁcata</strong></span> <span class='ocrx_word' id='word_1_234' title='bbox 1446 1843 1565 1884; x_wconf 90' lang='lat' dir='ltr'><strong>esse</strong></span> <span class='ocrx_word' id='word_1_235' title='bbox 1590 1843 1710 1897; x_wconf 66' lang='lat' dir='ltr'><strong>qum</strong></span> <span class='ocrx_word' id='word_1_236' title='bbox 1747 1829 1802 1884; x_wconf 89' lang='lat' dir='ltr'><strong>in</strong></span> <span class='ocrx_word' id='word_1_237' title='bbox 1831 1821 1878 1880; x_wconf 90' lang='grc' dir='ltr'><strong>Β</strong></span> <span class='ocrx_word' id='word_1_238' title='bbox 1905 1831 2106 1897; x_wconf 90' lang='lat' dir='ltr'><strong>bitans,</strong></span> <span class='ocrx_word' id='word_1_239' title='bbox 2137 1833 2266 1887; x_wconf 91' lang='lat' dir='ltr'><strong>dum</strong></span> <span class='ocrx_word' id='word_1_240' title='bbox 2294 1833 2539 1904; x_wconf 85' lang='lat' dir='ltr'><strong>magistri</strong></span> <span class='ocrx_word' id='word_1_241' title='bbox 2567 1834 2650 1890; x_wconf 90' lang='lat' dir='ltr'><strong>sui</strong></span> <span class='ocrx_word' id='word_1_242' title='bbox 2679 1833 2901 1889; x_wconf 76' lang='lat' dir='ltr'><strong>vulnera</strong></span> <span class='ocrx_word' id='word_1_243' title='bbox 2932 1835 3180 1904; x_wconf 92' lang='lat' dir='ltr'><strong>palparet</strong></span> <span class='ocrx_word' id='word_1_244' title='bbox 3208 1837 3409 1902; x_wconf 90' lang='lat' dir='ltr'><strong>carnis,</strong></span> <span class='ocrx_word' id='word_1_245' title='bbox 3441 1835 3500 1891; x_wconf 90' lang='lat' dir='ltr'><strong>in</strong></span> 
     </span>
    </p>
   </div>
   <div class='ocr_carea' id='block_1_34' title="bbox 208 1917 1692 1992">
    <p class='ocr_par' dir='ltr' id='par_1_34' title="bbox 208 1917 1692 1992">
     <span class='ocr_line' id='line_1_34' title="bbox 208 1917 1692 1992; baseline 0.001 -20"><span class='ocrx_word' id='word_1_246' title='bbox 208 1917 365 1973; x_wconf 71' lang='lat' dir='ltr'><strong>cmlis</strong></span> <span class='ocrx_word' id='word_1_247' title='bbox 387 1926 515 1973; x_wconf 91' lang='lat' dir='ltr'><strong>sunt</strong></span> <span class='ocrx_word' id='word_1_248' title='bbox 547 1926 601 1974; x_wconf 91' lang='lat' dir='ltr'><strong>et</strong></span> <span class='ocrx_word' id='word_1_249' title='bbox 625 1935 744 1989; x_wconf 83' lang='lat' dir='ltr'><strong>quae</strong></span> <span class='ocrx_word' id='word_1_250' title='bbox 773 1920 829 1974; x_wconf 92' lang='lat' dir='ltr'><strong>in</strong></span> <span class='ocrx_word' id='word_1_251' title='bbox 861 1921 1020 1975; x_wconf 89' lang='lat' dir='ltr'><strong>terris</strong></span> <span class='ocrx_word' id='word_1_252' title='bbox 1047 1938 1145 1992; x_wconf 93' lang='lat' dir='ltr'><strong>per</strong></span> <span class='ocrx_word' id='word_1_253' title='bbox 1167 1921 1485 1992; x_wconf 89' lang='lat' dir='ltr'><strong>sanguinem</strong></span> <span class='ocrx_word' id='word_1_254' title='bbox 1515 1937 1692 1975; x_wconf 91' lang='lat' dir='ltr'><strong>suum.</strong></span> 
     </span>
    </p>
   </div>
   <div class='ocr_carea' id='block_1_35' title="bbox 284 2007 1801 2082">
    <p class='ocr_par' dir='ltr' id='par_1_35' title="bbox 284 2007 1801 2082">
     <span class='ocr_line' id='line_1_35' title="bbox 284 2007 1801 2082; baseline 0.004 -20"><span class='ocrx_word' id='word_1_255' title='bbox 284 2007 433 2063; x_wconf 83' lang='lat' dir='ltr'><strong>Sicut</strong></span> <span class='ocrx_word' id='word_1_256' title='bbox 464 2011 606 2064; x_wconf 88' lang='lat' dir='ltr'><strong>misit</strong></span> <span class='ocrx_word' id='word_1_257' title='bbox 629 2027 711 2065; x_wconf 89' lang='lat' dir='ltr'><strong>me</strong></span> <span class='ocrx_word' id='word_1_258' title='bbox 746 2009 910 2065; x_wconf 88' lang='lat' dir='ltr'><strong>Pater</strong></span> <span class='ocrx_word' id='word_1_259' title='bbox 943 2020 992 2065; x_wconf 91' lang='lat' dir='ltr'><strong>et</strong></span> <span class='ocrx_word' id='word_1_260' title='bbox 1017 2028 1109 2082; x_wconf 86' lang='lat' dir='ltr'><strong>ego</strong></span> <span class='ocrx_word' id='word_1_261' title='bbox 1137 2013 1284 2066; x_wconf 87' lang='lat' dir='ltr'><strong>mitto</strong></span> <span class='ocrx_word' id='word_1_262' title='bbox 1307 2029 1413 2067; x_wconf 86' lang='lat' dir='ltr'><strong>vos.</strong></span> <span class='ocrx_word' id='word_1_263' title='bbox 1447 2012 1610 2068; x_wconf 87' lang='lat' dir='ltr'><strong>Pater</strong></span> <span class='ocrx_word' id='word_1_264' title='bbox 1633 2012 1801 2068; x_wconf 93' lang='lat' dir='ltr'><strong>ﬁlium</strong></span> 
     </span>
    </p>
   </div>
   <div class='ocr_carea' id='block_1_36' title="bbox 208 2097 1802 2172">
    <p class='ocr_par' dir='ltr' id='par_1_36' title="bbox 208 2097 1802 2172">
     <span class='ocr_line' id='line_1_36' title="bbox 208 2097 1802 2172; baseline 0.004 -21"><span class='ocrx_word' id='word_1_265' title='bbox 208 2097 394 2165; x_wconf 89' lang='lat' dir='ltr'><strong>misit,</strong></span> <span class='ocrx_word' id='word_1_266' title='bbox 444 2101 536 2171; x_wconf 91' lang='lat' dir='ltr'><strong>qui</strong></span> <span class='ocrx_word' id='word_1_267' title='bbox 584 2100 730 2155; x_wconf 89' lang='lat' dir='ltr'><strong>hunc</strong></span> <span class='ocrx_word' id='word_1_268' title='bbox 765 2115 862 2170; x_wconf 92' lang='lat' dir='ltr'><strong>pro</strong></span> <span class='ocrx_word' id='word_1_269' title='bbox 895 2102 1266 2172; x_wconf 86' lang='lat' dir='ltr'><strong>redemptione</strong></span> <span class='ocrx_word' id='word_1_270' title='bbox 1323 2104 1536 2171; x_wconf 84' lang='lat' dir='ltr'><strong>generis</strong></span> <span class='ocrx_word' id='word_1_271' title='bbox 1579 2103 1802 2158; x_wconf 90' lang='lat' dir='ltr'><strong>humani</strong></span> 
     </span>
    </p>
   </div>
   <div class='ocr_carea' id='block_1_37' title="bbox 207 2188 1803 2261">
    <p class='ocr_par' dir='ltr' id='par_1_37' title="bbox 207 2188 1803 2261">
     <span class='ocr_line' id='line_1_37' title="bbox 207 2188 1803 2261; baseline 0.005 -19"><span class='ocrx_word' id='word_1_272' title='bbox 207 2188 480 2246; x_wconf 89' lang='lat' dir='ltr'><strong>incarnari</strong></span> <span class='ocrx_word' id='word_1_273' title='bbox 507 2194 811 2248; x_wconf 90' lang='lat' dir='ltr'><strong>constituit.</strong></span> <span class='ocrx_word' id='word_1_274' title='bbox 863 2192 1033 2261; x_wconf 84' lang='lat' dir='ltr'><strong>Quem</strong></span> <span class='ocrx_word' id='word_1_275' title='bbox 1064 2194 1349 2260; x_wconf 84' lang='lat' dir='ltr'><strong>videlicet,</strong></span> <span class='ocrx_word' id='word_1_276' title='bbox 1401 2196 1454 2249; x_wconf 93' lang='lat' dir='ltr'><strong>in</strong></span> <span class='ocrx_word' id='word_1_277' title='bbox 1483 2195 1684 2249; x_wconf 91' lang='lat' dir='ltr'><strong>mundo</strong></span> <span class='ocrx_word' id='word_1_278' title='bbox 1710 2209 1803 2250; x_wconf 72' lang='grc' dir='ltr'><strong>νε-</strong></span> 
     </span>
    </p>
   </div>
   <div class='ocr_carea' id='block_1_38' title="bbox 204 2279 1798 2352">
    <p class='ocr_par' dir='ltr' id='par_1_38' title="bbox 204 2279 1798 2352">
     <span class='ocr_line' id='line_1_38' title="bbox 204 2279 1798 2352; baseline 0.004 -20"><span class='ocrx_word' id='word_1_279' title='bbox 204 2279 326 2335; x_wconf 90' lang='lat' dir='ltr'><strong>nire</strong></span> <span class='ocrx_word' id='word_1_280' title='bbox 356 2281 422 2335; x_wconf 89' lang='lat' dir='ltr'><strong>ad</strong></span> <span class='ocrx_word' id='word_1_281' title='bbox 452 2283 762 2352; x_wconf 89' lang='lat' dir='ltr'><strong>passionem</strong></span> <span class='ocrx_word' id='word_1_282' title='bbox 789 2284 979 2348; x_wconf 87' lang='lat' dir='ltr'><strong>voluit,</strong></span> <span class='ocrx_word' id='word_1_283' title='bbox 1017 2285 1112 2340; x_wconf 90' lang='lat' dir='ltr'><strong>sed</strong></span> <span class='ocrx_word' id='word_1_284' title='bbox 1161 2293 1345 2338; x_wconf 87' lang='lat' dir='ltr'><strong>tamen</strong></span> <span class='ocrx_word' id='word_1_285' title='bbox 1385 2285 1590 2338; x_wconf 90' lang='lat' dir='ltr'><strong>amavit</strong></span> <span class='ocrx_word' id='word_1_286' title='bbox 1630 2283 1798 2338; x_wconf 91' lang='lat' dir='ltr'><strong>ﬁlium</strong></span> 
     </span>
    </p>
   </div>
   <div class='ocr_carea' id='block_1_39' title="bbox 202 2373 1802 2442">
    <p class='ocr_par' dir='ltr' id='par_1_39' title="bbox 202 2373 1802 2442">
     <span class='ocr_line' id='line_1_39' title="bbox 202 2373 1802 2442; baseline 0.003 -18"><span class='ocrx_word' id='word_1_287' title='bbox 202 2385 368 2440; x_wconf 89' lang='lat' dir='ltr'><strong>quem</strong></span> <span class='ocrx_word' id='word_1_288' title='bbox 410 2373 479 2426; x_wconf 88' lang='lat' dir='ltr'><strong>ad</strong></span> <span class='ocrx_word' id='word_1_289' title='bbox 523 2374 833 2440; x_wconf 89' lang='lat' dir='ltr'><strong>passionem</strong></span> <span class='ocrx_word' id='word_1_290' title='bbox 874 2374 1041 2428; x_wconf 86' lang='lat' dir='ltr'><strong>misit.</strong></span> <span class='ocrx_word' id='word_1_291' title='bbox 1095 2374 1310 2428; x_wconf 89' lang='lat' dir='ltr'><strong>Electos</strong></span> <span class='ocrx_word' id='word_1_292' title='bbox 1354 2389 1484 2428; x_wconf 89' lang='lat' dir='ltr'><strong>vero</strong></span> <span class='ocrx_word' id='word_1_293' title='bbox 1529 2373 1802 2442; x_wconf 86' lang='lat' dir='ltr'><strong>apostolos</strong></span> 
     </span>
    </p>
   </div>
   <div class='ocr_carea' id='block_1_40' title="bbox 198 2461 1804 2534">
    <p class='ocr_par' dir='ltr' id='par_1_40' title="bbox 198 2461 1804 2534">
     <span class='ocr_line' id='line_1_40' title="bbox 198 2461 1804 2534; baseline 0.004 -19"><span class='ocrx_word' id='word_1_294' title='bbox 198 2461 468 2516; x_wconf 91' lang='lat' dir='ltr'><strong>Dominus</strong></span> <span class='ocrx_word' id='word_1_295' title='bbox 496 2478 604 2517; x_wconf 94' lang='lat' dir='ltr'><strong>non</strong></span> <span class='ocrx_word' id='word_1_296' title='bbox 643 2463 712 2518; x_wconf 91' lang='lat' dir='ltr'><strong>ad</strong></span> <span class='ocrx_word' id='word_1_297' title='bbox 740 2463 926 2518; x_wconf 91' lang='lat' dir='ltr'><strong>mundi</strong></span> <span class='ocrx_word' id='word_1_298' title='bbox 956 2465 1170 2533; x_wconf 85' lang='lat' dir='ltr'><strong>gaudia,</strong></span> <span class='ocrx_word' id='word_1_299' title='bbox 1204 2466 1322 2530; x_wconf 90' lang='lat' dir='ltr'><strong>sed,</strong></span> <span class='ocrx_word' id='word_1_300' title='bbox 1353 2465 1496 2519; x_wconf 86' lang='lat' dir='ltr'><strong>sicut</strong></span> <span class='ocrx_word' id='word_1_301' title='bbox 1521 2465 1635 2534; x_wconf 90' lang='lat' dir='ltr'><strong>ipse</strong></span> <span class='ocrx_word' id='word_1_302' title='bbox 1673 2465 1804 2521; x_wconf 88' lang='lat' dir='ltr'><strong>mis-</strong></span> 
     </span>
    </p>
   </div>
   <div class='ocr_carea' id='block_1_41' title="bbox 197 2555 1801 2628">
    <p class='ocr_par' dir='ltr' id='par_1_41' title="bbox 197 2555 1801 2628">
     <span class='ocr_line' id='line_1_41' title="bbox 197 2555 1801 2628; baseline 0.002 -19"><span class='ocrx_word' id='word_1_303' title='bbox 197 2571 297 2610; x_wconf 88' lang='lat' dir='ltr'><strong>sus</strong></span> <span class='ocrx_word' id='word_1_304' title='bbox 319 2564 404 2610; x_wconf 89' lang='lat' dir='ltr'><strong>est</strong></span> <span class='ocrx_word' id='word_1_305' title='bbox 433 2556 501 2609; x_wconf 90' lang='lat' dir='ltr'><strong>ad</strong></span> <span class='ocrx_word' id='word_1_306' title='bbox 527 2556 828 2624; x_wconf 86' lang='lat' dir='ltr'><strong>passiones,</strong></span> <span class='ocrx_word' id='word_1_307' title='bbox 871 2558 924 2610; x_wconf 91' lang='lat' dir='ltr'><strong>in</strong></span> <span class='ocrx_word' id='word_1_308' title='bbox 959 2555 1215 2611; x_wconf 90' lang='lat' dir='ltr'><strong>mundum</strong></span> <span class='ocrx_word' id='word_1_309' title='bbox 1247 2557 1434 2611; x_wconf 90' lang='lat' dir='ltr'><strong>mittit.</strong></span> <span class='ocrx_word' id='word_1_310' title='bbox 1487 2555 1640 2612; x_wconf 91' lang='lat' dir='ltr'><strong>Sicut</strong></span> <span class='ocrx_word' id='word_1_311' title='bbox 1670 2571 1801 2628; x_wconf 86' lang='lat' dir='ltr'><strong>ergo</strong></span> 
     </span>
    </p>
   </div>
   <div class='ocr_carea' id='block_1_42' title="bbox 197 2647 1801 2720">
    <p class='ocr_par' dir='ltr' id='par_1_42' title="bbox 197 2647 1801 2720">
     <span class='ocr_line' id='line_1_42' title="bbox 197 2647 1801 2720; baseline 0.001 -15"><span class='ocrx_word' id='word_1_312' title='bbox 197 2658 256 2705; x_wconf 91' lang='lat' dir='ltr'><strong>et</strong></span> <span class='ocrx_word' id='word_1_313' title='bbox 283 2647 428 2702; x_wconf 91' lang='lat' dir='ltr'><strong>ﬁlius</strong></span> <span class='ocrx_word' id='word_1_314' title='bbox 453 2658 670 2704; x_wconf 90' lang='lat' dir='ltr'><strong>amatur</strong></span> <span class='ocrx_word' id='word_1_315' title='bbox 698 2665 727 2704; x_wconf 92' lang='lat' dir='ltr'><strong>a</strong></span> <span class='ocrx_word' id='word_1_316' title='bbox 757 2657 931 2718; x_wconf 86' lang='lat' dir='ltr'><strong>patre,</strong></span> <span class='ocrx_word' id='word_1_317' title='bbox 963 2658 1018 2704; x_wconf 90' lang='lat' dir='ltr'><strong>et</strong></span> <span class='ocrx_word' id='word_1_318' title='bbox 1043 2658 1223 2704; x_wconf 92' lang='lat' dir='ltr'><strong>tamen</strong></span> <span class='ocrx_word' id='word_1_319' title='bbox 1250 2651 1318 2705; x_wconf 89' lang='lat' dir='ltr'><strong>ad</strong></span> <span class='ocrx_word' id='word_1_320' title='bbox 1344 2650 1648 2720; x_wconf 90' lang='lat' dir='ltr'><strong>passionem</strong></span> <span class='ocrx_word' id='word_1_321' title='bbox 1676 2652 1801 2706; x_wconf 87' lang='lat' dir='ltr'><strong>mit-</strong></span> 
     </span>
    </p>
   </div>
   <div class='ocr_carea' id='block_1_43' title="bbox 199 2739 1798 2811">
    <p class='ocr_par' dir='ltr' id='par_1_43' title="bbox 199 2739 1798 2811">
     <span class='ocr_line' id='line_1_43' title="bbox 199 2739 1798 2811; baseline 0.001 -17"><span class='ocrx_word' id='word_1_322' title='bbox 199 2739 359 2805; x_wconf 87' lang='lat' dir='ltr'><strong>titur,</strong></span> <span class='ocrx_word' id='word_1_323' title='bbox 398 2739 471 2794; x_wconf 89' lang='lat' dir='ltr'><strong>ita</strong></span> <span class='ocrx_word' id='word_1_324' title='bbox 498 2748 554 2795; x_wconf 91' lang='lat' dir='ltr'><strong>et</strong></span> <span class='ocrx_word' id='word_1_325' title='bbox 587 2740 835 2810; x_wconf 90' lang='lat' dir='ltr'><strong>discipuli</strong></span> <span class='ocrx_word' id='word_1_326' title='bbox 862 2749 1116 2795; x_wconf 90' lang='lat' dir='ltr'><strong>amantur</strong></span> <span class='ocrx_word' id='word_1_327' title='bbox 1153 2757 1183 2794; x_wconf 91' lang='lat' dir='ltr'><strong>a</strong></span> <span class='ocrx_word' id='word_1_328' title='bbox 1214 2740 1464 2806; x_wconf 91' lang='lat' dir='ltr'><strong>Domino,</strong></span> <span class='ocrx_word' id='word_1_329' title='bbox 1490 2741 1583 2811; x_wconf 90' lang='lat' dir='ltr'><strong>qui</strong></span> <span class='ocrx_word' id='word_1_330' title='bbox 1615 2750 1798 2796; x_wconf 85' lang='lat' dir='ltr'><strong>tamen</strong></span> 
     </span>
    </p>
   </div>
   <div class='ocr_carea' id='block_1_44' title="bbox 199 2832 1792 2903">
    <p class='ocr_par' dir='ltr' id='par_1_44' title="bbox 199 2832 1792 2903">
     <span class='ocr_line' id='line_1_44' title="bbox 199 2832 1792 2903; baseline 0.002 -17"><span class='ocrx_word' id='word_1_331' title='bbox 199 2833 269 2888; x_wconf 91' lang='lat' dir='ltr'><strong>ad</strong></span> <span class='ocrx_word' id='word_1_332' title='bbox 295 2833 607 2903; x_wconf 86' lang='lat' dir='ltr'><strong>passionem</strong></span> <span class='ocrx_word' id='word_1_333' title='bbox 635 2833 926 2887; x_wconf 89' lang='lat' dir='ltr'><strong>mittuntur</strong></span> <span class='ocrx_word' id='word_1_334' title='bbox 952 2832 1007 2887; x_wconf 89' lang='lat' dir='ltr'><strong>in</strong></span> <span class='ocrx_word' id='word_1_335' title='bbox 1037 2832 1319 2887; x_wconf 87' lang='lat' dir='ltr'><strong>mundum.</strong></span> <span class='ocrx_word' id='word_1_336' title='bbox 1350 2833 1536 2902; x_wconf 85' lang='lat' dir='ltr'><strong>Itaque</strong></span> <span class='ocrx_word' id='word_1_337' title='bbox 1561 2833 1792 2889; x_wconf 87' lang='lat' dir='ltr'><strong>dicitur:</strong></span> 
     </span>
    </p>
   </div>
   <div class='ocr_carea' id='block_1_45' title="bbox 199 2920 1796 2994">
    <p class='ocr_par' dir='ltr' id='par_1_45' title="bbox 199 2920 1796 2994">
     <span class='ocr_line' id='line_1_45' title="bbox 199 2920 1796 2994; baseline 0.003 -18"><span class='ocrx_word' id='word_1_338' title='bbox 199 2921 350 2977; x_wconf 80' lang='lat' dir='ltr'><strong>Sicut</strong></span> <span class='ocrx_word' id='word_1_339' title='bbox 372 2923 512 2977; x_wconf 85' lang='lat' dir='ltr'><strong>misit</strong></span> <span class='ocrx_word' id='word_1_340' title='bbox 543 2940 624 2976; x_wconf 88' lang='lat' dir='ltr'><strong>me</strong></span> <span class='ocrx_word' id='word_1_341' title='bbox 647 2920 831 2988; x_wconf 88' lang='lat' dir='ltr'><strong>Pater,</strong></span> <span class='ocrx_word' id='word_1_342' title='bbox 862 2932 909 2977; x_wconf 90' lang='lat' dir='ltr'><strong>et</strong></span> <span class='ocrx_word' id='word_1_343' title='bbox 935 2940 1028 2994; x_wconf 87' lang='lat' dir='ltr'><strong>ego</strong></span> <span class='ocrx_word' id='word_1_344' title='bbox 1051 2925 1201 2978; x_wconf 81' lang='lat' dir='ltr'><strong>mitto</strong></span> <span class='ocrx_word' id='word_1_345' title='bbox 1227 2941 1336 2989; x_wconf 81' lang='lat' dir='ltr'><strong>vos,</strong></span> <span class='ocrx_word' id='word_1_346' title='bbox 1361 2925 1414 2979; x_wconf 89' lang='lat' dir='ltr'><strong>id</strong></span> <span class='ocrx_word' id='word_1_347' title='bbox 1436 2933 1543 2990; x_wconf 85' lang='lat' dir='ltr'><strong>est,</strong></span> <span class='ocrx_word' id='word_1_348' title='bbox 1575 2941 1638 2980; x_wconf 84' lang='lat' dir='ltr'><strong>ea</strong></span> <span class='ocrx_word' id='word_1_349' title='bbox 1666 2926 1796 2981; x_wconf 84' lang='lat' dir='ltr'><strong>cha-</strong></span> 
     </span>
    </p>
   </div>
   <div class='ocr_carea' id='block_1_46' title="bbox 195 3016 1791 3087">
    <p class='ocr_par' dir='ltr' id='par_1_46' title="bbox 195 3016 1791 3087">
     <span class='ocr_line' id='line_1_46' title="bbox 195 3016 1791 3087; baseline 0.002 -16"><span class='ocrx_word' id='word_1_350' title='bbox 195 3017 361 3071; x_wconf 85' lang='lat' dir='ltr'><strong>ritate</strong></span> <span class='ocrx_word' id='word_1_351' title='bbox 385 3031 482 3071; x_wconf 89' lang='lat' dir='ltr'><strong>vos</strong></span> <span class='ocrx_word' id='word_1_352' title='bbox 510 3016 674 3087; x_wconf 85' lang='lat' dir='ltr'><strong>diligo</strong></span> <span class='ocrx_word' id='word_1_353' title='bbox 699 3057 714 3082; x_wconf 94' lang='lat'><strong>,</strong></span> <span class='ocrx_word' id='word_1_354' title='bbox 751 3032 876 3071; x_wconf 91' lang='lat' dir='ltr'><strong>cum</strong></span> <span class='ocrx_word' id='word_1_355' title='bbox 910 3016 1054 3072; x_wconf 90' lang='lat' dir='ltr'><strong>inter</strong></span> <span class='ocrx_word' id='word_1_356' title='bbox 1082 3017 1335 3073; x_wconf 89' lang='lat' dir='ltr'><strong>scandala</strong></span> <span class='ocrx_word' id='word_1_357' title='bbox 1381 3026 1791 3086; x_wconf 90' lang='lat' dir='ltr'><strong>persecutorum</strong></span> 
     </span>
    </p>
   </div>
   <div class='ocr_carea' id='block_1_47' title="bbox 195 3107 1793 3180">
    <p class='ocr_par' dir='ltr' id='par_1_47' title="bbox 195 3107 1793 3180">
     <span class='ocr_line' id='line_1_47' title="bbox 195 3107 1793 3180; baseline 0.003 -18"><span class='ocrx_word' id='word_1_358' title='bbox 195 3107 376 3170; x_wconf 87' lang='lat' dir='ltr'><strong>mitto,</strong></span> <span class='ocrx_word' id='word_1_359' title='bbox 417 3123 524 3178; x_wconf 92' lang='lat' dir='ltr'><strong>qua</strong></span> <span class='ocrx_word' id='word_1_360' title='bbox 557 3123 643 3163; x_wconf 91' lang='lat' dir='ltr'><strong>me</strong></span> <span class='ocrx_word' id='word_1_361' title='bbox 673 3108 942 3163; x_wconf 90' lang='lat' dir='ltr'><strong>charitate</strong></span> <span class='ocrx_word' id='word_1_362' title='bbox 975 3117 1131 3178; x_wconf 90' lang='lat' dir='ltr'><strong>pater</strong></span> <span class='ocrx_word' id='word_1_363' title='bbox 1156 3108 1366 3180; x_wconf 88' lang='lat' dir='ltr'><strong>diligit,</strong></span> <span class='ocrx_word' id='word_1_364' title='bbox 1414 3125 1577 3180; x_wconf 88' lang='lat' dir='ltr'><strong>quem</strong></span> <span class='ocrx_word' id='word_1_365' title='bbox 1606 3111 1793 3167; x_wconf 91' lang='lat' dir='ltr'><strong>venire</strong></span> 
     </span>
    </p>
   </div>
   <div class='ocr_carea' id='block_1_48' title="bbox 195 3182 1082 3270">
    <p class='ocr_par' dir='ltr' id='par_1_48' title="bbox 195 3182 1082 3270">
     <span class='ocr_line' id='line_1_48' title="bbox 195 3182 1082 3270; baseline -0.002 -15"><span class='ocrx_word' id='word_1_366' title='bbox 195 3199 267 3255; x_wconf 87' lang='lat' dir='ltr'><strong>ad</strong></span> <span class='ocrx_word' id='word_1_367' title='bbox 293 3199 602 3254; x_wconf 89' lang='lat' dir='ltr'><strong>tolerandas</strong></span> <span class='ocrx_word' id='word_1_368' title='bbox 626 3182 905 3270; x_wconf 70' lang='lat' dir='ltr'><strong>passiones</strong></span> <span class='ocrx_word' id='word_1_369' title='bbox 935 3199 1082 3255; x_wconf 86' lang='lat' dir='ltr'><strong>fecit.</strong></span> 
     </span>
    </p>
   </div>
   <div class='ocr_carea' id='block_1_49' title="bbox 270 3291 1797 3367">
    <p class='ocr_par' dir='ltr' id='par_1_49' title="bbox 270 3291 1797 3367">
     <span class='ocr_line' id='line_1_49' title="bbox 270 3291 1797 3367; baseline 0.004 -21"><span class='ocrx_word' id='word_1_370' title='bbox 270 3291 387 3348; x_wconf 86' lang='lat' dir='ltr'><strong>Hoc</strong></span> <span class='ocrx_word' id='word_1_371' title='bbox 422 3310 540 3348; x_wconf 89' lang='lat' dir='ltr'><strong>cum</strong></span> <span class='ocrx_word' id='word_1_372' title='bbox 571 3294 810 3360; x_wconf 76' lang='lat' dir='ltr'><strong>dixisset,</strong></span> <span class='ocrx_word' id='word_1_373' title='bbox 843 3295 1118 3366; x_wconf 70' lang='lat' dir='ltr'><strong>insuﬂlavit</strong></span> <span class='ocrx_word' id='word_1_374' title='bbox 1139 3335 1154 3358; x_wconf 94' lang='lat'><strong>,</strong></span> <span class='ocrx_word' id='word_1_375' title='bbox 1187 3303 1237 3348; x_wconf 85' lang='lat' dir='ltr'><strong>et</strong></span> <span class='ocrx_word' id='word_1_376' title='bbox 1260 3293 1386 3348; x_wconf 87' lang='lat' dir='ltr'><strong>dicit</strong></span> <span class='ocrx_word' id='word_1_377' title='bbox 1417 3296 1492 3350; x_wconf 85' lang='lat' dir='ltr'><strong>eis</strong></span> <span class='ocrx_word' id='word_1_378' title='bbox 1519 3309 1538 3348; x_wconf 88' lang='lat'><strong><em>:</em></strong></span> <span class='ocrx_word' id='word_1_379' title='bbox 1567 3296 1797 3367; x_wconf 75' lang='lat' dir='ltr'><strong>Accipite</strong></span> 
     </span>
    </p>
   </div>
   <div class='ocr_carea' id='block_1_50' title="bbox 195 3383 1799 3455">
    <p class='ocr_par' dir='ltr' id='par_1_50' title="bbox 195 3383 1799 3455">
     <span class='ocr_line' id='line_1_50' title="bbox 195 3383 1799 3455; baseline 0.001 -16"><span class='ocrx_word' id='word_1_380' title='bbox 195 3383 458 3454; x_wconf 85' lang='lat' dir='ltr'><strong>Spiritum</strong></span> <span class='ocrx_word' id='word_1_381' title='bbox 501 3393 761 3438; x_wconf 88' lang='lat' dir='ltr'><strong>sanctum.</strong></span> <span class='ocrx_word' id='word_1_382' title='bbox 797 3383 1156 3451; x_wconf 58' lang='lat' dir='ltr'><strong>Quaerendum</strong></span> <span class='ocrx_word' id='word_1_383' title='bbox 1188 3384 1344 3439; x_wconf 88' lang='lat' dir='ltr'><strong>nobis</strong></span> <span class='ocrx_word' id='word_1_384' title='bbox 1399 3392 1511 3450; x_wconf 90' lang='lat' dir='ltr'><strong>est,</strong></span> <span class='ocrx_word' id='word_1_385' title='bbox 1549 3386 1680 3455; x_wconf 91' lang='lat' dir='ltr'><strong>quid</strong></span> <span class='ocrx_word' id='word_1_386' title='bbox 1715 3394 1799 3441; x_wconf 86' lang='lat' dir='ltr'><strong>est</strong></span> 
     </span>
    </p>
   </div>
   <div class='ocr_carea' id='block_1_51' title="bbox 195 3474 1796 3545">
    <p class='ocr_par' dir='ltr' id='par_1_51' title="bbox 195 3474 1796 3545">
     <span class='ocr_line' id='line_1_51' title="bbox 195 3474 1796 3545; baseline 0.002 -17"><span class='ocrx_word' id='word_1_387' title='bbox 195 3475 344 3545; x_wconf 91' lang='lat' dir='ltr'><strong>quod</strong></span> <span class='ocrx_word' id='word_1_388' title='bbox 383 3475 634 3544; x_wconf 90' lang='lat' dir='ltr'><strong>spiritum</strong></span> <span class='ocrx_word' id='word_1_389' title='bbox 685 3482 934 3530; x_wconf 88' lang='lat' dir='ltr'><strong>sanctum</strong></span> <span class='ocrx_word' id='word_1_390' title='bbox 983 3474 1244 3529; x_wconf 90' lang='lat' dir='ltr'><strong>Dominus</strong></span> <span class='ocrx_word' id='word_1_391' title='bbox 1289 3483 1494 3542; x_wconf 90' lang='lat' dir='ltr'><strong>noster,</strong></span> <span class='ocrx_word' id='word_1_392' title='bbox 1540 3484 1596 3530; x_wconf 89' lang='lat' dir='ltr'><strong>et</strong></span> <span class='ocrx_word' id='word_1_393' title='bbox 1629 3476 1796 3532; x_wconf 88' lang='lat' dir='ltr'><strong>semel</strong></span> 
     </span>
    </p>
   </div>
   <div class='ocr_carea' id='block_1_52' title="bbox 196 3565 1790 3638">
    <p class='ocr_par' dir='ltr' id='par_1_52' title="bbox 196 3565 1790 3638">
     <span class='ocr_line' id='line_1_52' title="bbox 196 3565 1790 3638; baseline 0.002 -17"><span class='ocrx_word' id='word_1_394' title='bbox 196 3566 348 3621; x_wconf 90' lang='lat' dir='ltr'><strong>dedit</strong></span> <span class='ocrx_word' id='word_1_395' title='bbox 378 3565 430 3619; x_wconf 92' lang='lat' dir='ltr'><strong>in</strong></span> <span class='ocrx_word' id='word_1_396' title='bbox 462 3575 606 3621; x_wconf 89' lang='lat' dir='ltr'><strong>terra</strong></span> <span class='ocrx_word' id='word_1_397' title='bbox 642 3566 978 3632; x_wconf 87' lang='lat' dir='ltr'><strong>consistens,</strong></span> <span class='ocrx_word' id='word_1_398' title='bbox 1027 3574 1081 3622; x_wconf 93' lang='lat' dir='ltr'><strong>et</strong></span> <span class='ocrx_word' id='word_1_399' title='bbox 1107 3568 1271 3622; x_wconf 90' lang='lat' dir='ltr'><strong>semel</strong></span> <span class='ocrx_word' id='word_1_400' title='bbox 1305 3566 1442 3623; x_wconf 74' lang='lat' dir='ltr'><strong>coelo</strong></span> <span class='ocrx_word' id='word_1_401' title='bbox 1475 3569 1790 3638; x_wconf 62' lang='lat' dir='ltr'><strong>praesidens.</strong></span> 
     </span>
    </p>
   </div>
   <div class='ocr_carea' id='block_1_53' title="bbox 195 3658 1794 3732">
    <p class='ocr_par' dir='ltr' id='par_1_53' title="bbox 195 3658 1794 3732">
     <span class='ocr_line' id='line_1_53' title="bbox 195 3658 1794 3732; baseline 0.003 -19"><span class='ocrx_word' id='word_1_402' title='bbox 195 3658 384 3729; x_wconf 86' lang='lat' dir='ltr'><strong>Neque</strong></span> <span class='ocrx_word' id='word_1_403' title='bbox 409 3661 554 3714; x_wconf 91' lang='lat' dir='ltr'><strong>enim</strong></span> <span class='ocrx_word' id='word_1_404' title='bbox 581 3659 687 3713; x_wconf 90' lang='lat' dir='ltr'><strong>alio</strong></span> <span class='ocrx_word' id='word_1_405' title='bbox 712 3660 765 3713; x_wconf 93' lang='lat' dir='ltr'><strong>in</strong></span> <span class='ocrx_word' id='word_1_406' title='bbox 791 3658 912 3714; x_wconf 90' lang='lat' dir='ltr'><strong>loco</strong></span> <span class='ocrx_word' id='word_1_407' title='bbox 934 3660 1093 3714; x_wconf 87' lang='lat' dir='ltr'><strong>datus</strong></span> <span class='ocrx_word' id='word_1_408' title='bbox 1114 3659 1339 3729; x_wconf 90' lang='lat' dir='ltr'><strong>spiritus</strong></span> <span class='ocrx_word' id='word_1_409' title='bbox 1365 3671 1585 3716; x_wconf 89' lang='lat' dir='ltr'><strong>sanctus</strong></span> <span class='ocrx_word' id='word_1_410' title='bbox 1606 3670 1794 3732; x_wconf 90' lang='lat' dir='ltr'><strong>aperte</strong></span> 
     </span>
    </p>
   </div>
   <div class='ocr_carea' id='block_1_54' title="bbox 194 3751 1792 3824">
    <p class='ocr_par' dir='ltr' id='par_1_54' title="bbox 194 3751 1792 3824">
     <span class='ocr_line' id='line_1_54' title="bbox 194 3751 1792 3824; baseline 0.001 -18"><span class='ocrx_word' id='word_1_411' title='bbox 194 3759 553 3818; x_wconf 87' lang='lat' dir='ltr'><strong>monstratur,</strong></span> <span class='ocrx_word' id='word_1_412' title='bbox 593 3751 698 3807; x_wconf 91' lang='lat' dir='ltr'><strong>nisi</strong></span> <span class='ocrx_word' id='word_1_413' title='bbox 734 3758 898 3816; x_wconf 88' lang='lat' dir='ltr'><strong>tunc,</strong></span> <span class='ocrx_word' id='word_1_414' title='bbox 939 3766 1064 3805; x_wconf 91' lang='lat' dir='ltr'><strong>cum</strong></span> <span class='ocrx_word' id='word_1_415' title='bbox 1093 3766 1193 3821; x_wconf 90' lang='lat' dir='ltr'><strong>per</strong></span> <span class='ocrx_word' id='word_1_416' title='bbox 1220 3751 1642 3808; x_wconf 81' lang='lat' dir='ltr'><strong>insufﬂationem</strong></span> <span class='ocrx_word' id='word_1_417' title='bbox 1665 3768 1792 3824; x_wconf 84' lang='lat' dir='ltr'><strong>per-</strong></span> 
     </span>
    </p>
   </div>
   <div class='ocr_carea' id='block_1_55' title="bbox 193 3845 1794 3917">
    <p class='ocr_par' dir='ltr' id='par_1_55' title="bbox 193 3845 1794 3917">
     <span class='ocr_line' id='line_1_55' title="bbox 193 3845 1794 3917; baseline 0 -15"><span class='ocrx_word' id='word_1_418' title='bbox 193 3846 416 3917; x_wconf 88' lang='lat' dir='ltr'><strong>cipitur,</strong></span> <span class='ocrx_word' id='word_1_419' title='bbox 463 3853 519 3901; x_wconf 87' lang='lat' dir='ltr'><strong>et</strong></span> <span class='ocrx_word' id='word_1_420' title='bbox 540 3845 882 3916; x_wconf 90' lang='lat' dir='ltr'><strong>postmodum</strong></span> <span class='ocrx_word' id='word_1_421' title='bbox 921 3859 1044 3900; x_wconf 92' lang='lat' dir='ltr'><strong>cum</strong></span> <span class='ocrx_word' id='word_1_422' title='bbox 1083 3846 1150 3900; x_wconf 93' lang='lat' dir='ltr'><strong>de</strong></span> <span class='ocrx_word' id='word_1_423' title='bbox 1186 3845 1327 3900; x_wconf 56' lang='lat' dir='ltr'><strong>caelo</strong></span> <span class='ocrx_word' id='word_1_424' title='bbox 1357 3847 1581 3902; x_wconf 84' lang='lat' dir='ltr'><strong>veniens</strong></span> <span class='ocrx_word' id='word_1_425' title='bbox 1601 3848 1656 3902; x_wconf 91' lang='lat' dir='ltr'><strong>in</strong></span> <span class='ocrx_word' id='word_1_426' title='bbox 1691 3847 1794 3902; x_wconf 89' lang='lat' dir='ltr'><strong>lin-</strong></span> 
     </span>
    </p>
   </div>
   <div class='ocr_carea' id='block_1_56' title="bbox 192 3934 1792 4009">
    <p class='ocr_par' dir='ltr' id='par_1_56' title="bbox 192 3934 1792 4009">
     <span class='ocr_line' id='line_1_56' title="bbox 192 3934 1792 4009; baseline 0.004 -20"><span class='ocrx_word' id='word_1_427' title='bbox 192 3936 315 4009; x_wconf 88' lang='lat' dir='ltr'><strong>guis</strong></span> <span class='ocrx_word' id='word_1_428' title='bbox 360 3935 528 3990; x_wconf 89' lang='lat' dir='ltr'><strong>variis</strong></span> <span class='ocrx_word' id='word_1_429' title='bbox 577 3937 1002 3991; x_wconf 87' lang='lat' dir='ltr'><strong>demonstratur.</strong></span> <span class='ocrx_word' id='word_1_430' title='bbox 1049 3934 1160 3991; x_wconf 89' lang='lat' dir='ltr'><strong>Cur</strong></span> <span class='ocrx_word' id='word_1_431' title='bbox 1189 3951 1320 4007; x_wconf 91' lang='lat' dir='ltr'><strong>ergo</strong></span> <span class='ocrx_word' id='word_1_432' title='bbox 1361 3937 1513 4007; x_wconf 89' lang='lat' dir='ltr'><strong>prius</strong></span> <span class='ocrx_word' id='word_1_433' title='bbox 1543 3939 1598 3993; x_wconf 93' lang='lat' dir='ltr'><strong>in</strong></span> <span class='ocrx_word' id='word_1_434' title='bbox 1644 3946 1792 3995; x_wconf 89' lang='lat' dir='ltr'><strong>terra</strong></span> 
     </span>
    </p>
   </div>
   <div class='ocr_carea' id='block_1_57' title="bbox 193 4028 1792 4100">
    <p class='ocr_par' dir='ltr' id='par_1_57' title="bbox 193 4028 1792 4100">
     <span class='ocr_line' id='line_1_57' title="bbox 193 4028 1792 4100; baseline 0.001 -15"><span class='ocrx_word' id='word_1_435' title='bbox 193 4028 472 4100; x_wconf 89' lang='lat' dir='ltr'><strong>discipulis</strong></span> <span class='ocrx_word' id='word_1_436' title='bbox 496 4029 686 4094; x_wconf 90' lang='lat' dir='ltr'><strong>datur,</strong></span> <span class='ocrx_word' id='word_1_437' title='bbox 720 4028 1066 4098; x_wconf 88' lang='lat' dir='ltr'><strong>postmodum</strong></span> <span class='ocrx_word' id='word_1_438' title='bbox 1109 4028 1176 4083; x_wconf 91' lang='lat' dir='ltr'><strong>de</strong></span> <span class='ocrx_word' id='word_1_439' title='bbox 1209 4029 1350 4082; x_wconf 66' lang='lat' dir='ltr'><strong>caelo</strong></span> <span class='ocrx_word' id='word_1_440' title='bbox 1395 4029 1648 4095; x_wconf 90' lang='lat' dir='ltr'><strong>mittitur,</strong></span> <span class='ocrx_word' id='word_1_441' title='bbox 1685 4030 1792 4087; x_wconf 90' lang='lat' dir='ltr'><strong>nisi</strong></span> 
     </span>
    </p>
   </div>
   <div class='ocr_carea' id='block_1_58' title="bbox 192 4119 1793 4195">
    <p class='ocr_par' dir='ltr' id='par_1_58' title="bbox 192 4119 1793 4195">
     <span class='ocr_line' id='line_1_58' title="bbox 192 4119 1793 4195; baseline -0.002 -16"><span class='ocrx_word' id='word_1_442' title='bbox 192 4123 336 4195; x_wconf 90' lang='lat' dir='ltr'><strong>quod</strong></span> <span class='ocrx_word' id='word_1_443' title='bbox 375 4123 482 4175; x_wconf 92' lang='lat' dir='ltr'><strong>duo</strong></span> <span class='ocrx_word' id='word_1_444' title='bbox 532 4126 658 4174; x_wconf 89' lang='lat' dir='ltr'><strong>sunt</strong></span> <span class='ocrx_word' id='word_1_445' title='bbox 700 4128 971 4188; x_wconf 86' lang='lat' dir='ltr'><strong>praecepta</strong></span> <span class='ocrx_word' id='word_1_446' title='bbox 1017 4119 1320 4182; x_wconf 87' lang='lat' dir='ltr'><strong>charitatis,</strong></span> <span class='ocrx_word' id='word_1_447' title='bbox 1358 4119 1574 4176; x_wconf 92' lang='lat' dir='ltr'><strong>dilectio</strong></span> <span class='ocrx_word' id='word_1_448' title='bbox 1602 4120 1793 4176; x_wconf 89' lang='lat' dir='ltr'><strong>videli-</strong></span> 
     </span>
    </p>
   </div>
   <div class='ocr_carea' id='block_1_59' title="bbox 191 4209 1792 4281">
    <p class='ocr_par' dir='ltr' id='par_1_59' title="bbox 191 4209 1792 4281">
     <span class='ocr_line' id='line_1_59' title="bbox 191 4209 1792 4281; baseline -0.004 -9"><span class='ocrx_word' id='word_1_449' title='bbox 191 4227 280 4272; x_wconf 92' lang='lat' dir='ltr'><strong>cet</strong></span> <span class='ocrx_word' id='word_1_450' title='bbox 309 4213 408 4268; x_wconf 88' lang='lat' dir='ltr'><strong>Dei</strong></span> <span class='ocrx_word' id='word_1_451' title='bbox 447 4219 504 4267; x_wconf 88' lang='lat' dir='ltr'><strong>et</strong></span> <span class='ocrx_word' id='word_1_452' title='bbox 531 4210 810 4281; x_wconf 81' lang='lat' dir='ltr'><strong>proximi?</strong></span> <span class='ocrx_word' id='word_1_453' title='bbox 834 4209 894 4264; x_wconf 88' lang='lat' dir='ltr'><strong>In</strong></span> <span class='ocrx_word' id='word_1_454' title='bbox 925 4218 1070 4264; x_wconf 89' lang='lat' dir='ltr'><strong>terra</strong></span> <span class='ocrx_word' id='word_1_455' title='bbox 1113 4211 1274 4264; x_wconf 89' lang='lat' dir='ltr'><strong>datur</strong></span> <span class='ocrx_word' id='word_1_456' title='bbox 1303 4210 1549 4279; x_wconf 90' lang='lat' dir='ltr'><strong>spiritus,</strong></span> <span class='ocrx_word' id='word_1_457' title='bbox 1581 4219 1640 4265; x_wconf 91' lang='lat' dir='ltr'><strong>ut</strong></span> <span class='ocrx_word' id='word_1_458' title='bbox 1669 4211 1792 4266; x_wconf 90' lang='lat' dir='ltr'><strong>dili-</strong></span> 
     </span>
    </p>
   </div>
   <div class='ocr_carea' id='block_1_60' title="bbox 191 4301 1792 4380">
    <p class='ocr_par' dir='ltr' id='par_1_60' title="bbox 191 4301 1792 4380">
     <span class='ocr_line' id='line_1_60' title="bbox 191 4301 1792 4380; baseline -0.002 -18"><span class='ocrx_word' id='word_1_459' title='bbox 191 4315 352 4380; x_wconf 90' lang='lat' dir='ltr'><strong>gatur</strong></span> <span class='ocrx_word' id='word_1_460' title='bbox 379 4303 692 4376; x_wconf 87' lang='lat' dir='ltr'><strong>proximus,</strong></span> <span class='ocrx_word' id='word_1_461' title='bbox 743 4301 882 4358; x_wconf 69' lang='lat' dir='ltr'><strong>caelo</strong></span> <span class='ocrx_word' id='word_1_462' title='bbox 913 4302 1094 4366; x_wconf 90' lang='lat' dir='ltr'><strong>datur,</strong></span> <span class='ocrx_word' id='word_1_463' title='bbox 1127 4309 1187 4355; x_wconf 92' lang='lat' dir='ltr'><strong>ut</strong></span> <span class='ocrx_word' id='word_1_464' title='bbox 1217 4301 1472 4372; x_wconf 83' lang='lat' dir='ltr'><strong>diligatur</strong></span> <span class='ocrx_word' id='word_1_465' title='bbox 1501 4304 1662 4358; x_wconf 91' lang='lat' dir='ltr'><strong>Deus.</strong></span> <span class='ocrx_word' id='word_1_466' title='bbox 1706 4303 1792 4359; x_wconf 89' lang='lat' dir='ltr'><strong>Si-</strong></span> 
     </span>
    </p>
   </div>
   <div class='ocr_carea' id='block_1_61' title="bbox 190 4393 1789 4468">
    <p class='ocr_par' dir='ltr' id='par_1_61' title="bbox 190 4393 1789 4468">
     <span class='ocr_line' id='line_1_61' title="bbox 190 4393 1789 4468; baseline -0.003 -13"><span class='ocrx_word' id='word_1_467' title='bbox 190 4409 284 4456; x_wconf 91' lang='lat' dir='ltr'><strong>cut</strong></span> <span class='ocrx_word' id='word_1_468' title='bbox 317 4413 448 4468; x_wconf 89' lang='lat' dir='ltr'><strong>ergo</strong></span> <span class='ocrx_word' id='word_1_469' title='bbox 473 4411 580 4450; x_wconf 90' lang='lat' dir='ltr'><strong>una</strong></span> <span class='ocrx_word' id='word_1_470' title='bbox 606 4404 689 4450; x_wconf 91' lang='lat' dir='ltr'><strong>est</strong></span> <span class='ocrx_word' id='word_1_471' title='bbox 719 4394 959 4449; x_wconf 79' lang='lat' dir='ltr'><strong>cltaritas</strong></span> <span class='ocrx_word' id='word_1_472' title='bbox 1009 4401 1064 4448; x_wconf 92' lang='lat' dir='ltr'><strong>et</strong></span> <span class='ocrx_word' id='word_1_473' title='bbox 1091 4393 1198 4448; x_wconf 91' lang='lat' dir='ltr'><strong>duo</strong></span> <span class='ocrx_word' id='word_1_474' title='bbox 1224 4401 1515 4464; x_wconf 68' lang='lat' dir='ltr'><strong>praecepta,</strong></span> <span class='ocrx_word' id='word_1_475' title='bbox 1547 4394 1624 4448; x_wconf 90' lang='lat' dir='ltr'><strong>ita</strong></span> <span class='ocrx_word' id='word_1_476' title='bbox 1649 4409 1789 4450; x_wconf 90' lang='lat' dir='ltr'><strong>unus</strong></span> 
     </span>
    </p>
   </div>
   <div class='ocr_carea' id='block_1_62' title="bbox 190 4482 1787 4559">
    <p class='ocr_par' dir='ltr' id='par_1_62' title="bbox 190 4482 1787 4559">
     <span class='ocr_line' id='line_1_62' title="bbox 190 4482 1787 4559; baseline -0.003 -15"><span class='ocrx_word' id='word_1_477' title='bbox 190 4489 418 4559; x_wconf 91' lang='lat' dir='ltr'><strong>spiritus</strong></span> <span class='ocrx_word' id='word_1_478' title='bbox 455 4495 512 4540; x_wconf 89' lang='lat' dir='ltr'><strong>et</strong></span> <span class='ocrx_word' id='word_1_479' title='bbox 544 4485 650 4540; x_wconf 91' lang='lat' dir='ltr'><strong>duo</strong></span> <span class='ocrx_word' id='word_1_480' title='bbox 697 4484 842 4539; x_wconf 90' lang='lat' dir='ltr'><strong>data.</strong></span> <span class='ocrx_word' id='word_1_481' title='bbox 897 4482 1055 4537; x_wconf 85' lang='lat' dir='ltr'><strong>Prius</strong></span> <span class='ocrx_word' id='word_1_482' title='bbox 1102 4498 1134 4537; x_wconf 87' lang='lat' dir='ltr'><strong>a</strong></span> <span class='ocrx_word' id='word_1_483' title='bbox 1184 4483 1516 4538; x_wconf 89' lang='lat' dir='ltr'><strong>consistente</strong></span> <span class='ocrx_word' id='word_1_484' title='bbox 1560 4483 1787 4539; x_wconf 90' lang='lat' dir='ltr'><strong>Domino</strong></span> 
     </span>
    </p>
   </div>
   <div class='ocr_carea' id='block_1_63' title="bbox 191 4574 1788 4648">
    <p class='ocr_par' dir='ltr' id='par_1_63' title="bbox 191 4574 1788 4648">
     <span class='ocr_line' id='line_1_63' title="bbox 191 4574 1788 4648; baseline -0.003 -12"><span class='ocrx_word' id='word_1_485' title='bbox 191 4581 244 4636; x_wconf 90' lang='lat' dir='ltr'><strong>in</strong></span> <span class='ocrx_word' id='word_1_486' title='bbox 270 4590 441 4644; x_wconf 87' lang='lat' dir='ltr'><strong>terra,</strong></span> <span class='ocrx_word' id='word_1_487' title='bbox 469 4577 811 4648; x_wconf 87' lang='lat' dir='ltr'><strong>postmodum</strong></span> <span class='ocrx_word' id='word_1_488' title='bbox 838 4576 893 4629; x_wconf 89' lang='lat' dir='ltr'><strong>in</strong></span> <span class='ocrx_word' id='word_1_489' title='bbox 916 4574 1073 4639; x_wconf 74' lang='lat' dir='ltr'><strong>coelo,</strong></span> <span class='ocrx_word' id='word_1_490' title='bbox 1105 4574 1233 4643; x_wconf 90' lang='lat' dir='ltr'><strong>quia</strong></span> <span class='ocrx_word' id='word_1_491' title='bbox 1261 4575 1314 4628; x_wconf 89' lang='lat' dir='ltr'><strong>iu</strong></span> <span class='ocrx_word' id='word_1_492' title='bbox 1348 4575 1582 4644; x_wconf 75' lang='lat' dir='ltr'><strong>proximi</strong></span> <span class='ocrx_word' id='word_1_493' title='bbox 1602 4591 1788 4632; x_wconf 89' lang='lat' dir='ltr'><strong>amore</strong></span> 
     </span>
    </p>
   </div>
   <div class='ocr_carea' id='block_1_64' title="bbox 189 4665 1783 4739">
    <p class='ocr_par' dir='ltr' id='par_1_64' title="bbox 189 4665 1783 4739">
     <span class='ocr_line' id='line_1_64' title="bbox 189 4665 1783 4739; baseline -0.004 -10"><span class='ocrx_word' id='word_1_494' title='bbox 189 4674 443 4737; x_wconf 87' lang='lat' dir='ltr'><strong>discitur,</strong></span> <span class='ocrx_word' id='word_1_495' title='bbox 480 4669 715 4739; x_wconf 87' lang='lat' dir='ltr'><strong>qualiter</strong></span> <span class='ocrx_word' id='word_1_496' title='bbox 749 4665 1023 4738; x_wconf 87' lang='lat' dir='ltr'><strong>perveniri</strong></span> <span class='ocrx_word' id='word_1_497' title='bbox 1053 4665 1251 4720; x_wconf 89' lang='lat' dir='ltr'><strong>debeat</strong></span> <span class='ocrx_word' id='word_1_498' title='bbox 1290 4665 1358 4720; x_wconf 90' lang='lat' dir='ltr'><strong>ad</strong></span> <span class='ocrx_word' id='word_1_499' title='bbox 1387 4681 1626 4721; x_wconf 88' lang='lat' dir='ltr'><strong>amorem</strong></span> <span class='ocrx_word' id='word_1_500' title='bbox 1666 4667 1783 4722; x_wconf 90' lang='lat' dir='ltr'><strong>Dei.</strong></span> 
     </span>
    </p>
   </div>
   <div class='ocr_carea' id='block_1_65' title="bbox 188 4759 1790 4835">
    <p class='ocr_par' dir='ltr' id='par_1_65' title="bbox 188 4759 1790 4835">
     <span class='ocr_line' id='line_1_65' title="bbox 188 4759 1790 4835; baseline -0.004 -12"><span class='ocrx_word' id='word_1_501' title='bbox 188 4765 522 4824; x_wconf 87' lang='lat' dir='ltr'><strong>lnsufﬁando</strong></span> <span class='ocrx_word' id='word_1_502' title='bbox 549 4760 876 4835; x_wconf 90' lang='lat' dir='ltr'><strong>signiﬁcavit</strong></span> <span class='ocrx_word' id='word_1_503' title='bbox 901 4759 1154 4828; x_wconf 87' lang='lat' dir='ltr'><strong>spiritum</strong></span> <span class='ocrx_word' id='word_1_504' title='bbox 1181 4768 1450 4826; x_wconf 87' lang='lat' dir='ltr'><strong>sanctum,</strong></span> <span class='ocrx_word' id='word_1_505' title='bbox 1477 4774 1584 4816; x_wconf 89' lang='lat' dir='ltr'><strong>non</strong></span> <span class='ocrx_word' id='word_1_506' title='bbox 1615 4760 1790 4832; x_wconf 87' lang='lat' dir='ltr'><strong>patris</strong></span> 
     </span>
    </p>
   </div>
   <div class='ocr_carea' id='block_1_66' title="bbox 188 4850 1212 4924">
    <p class='ocr_par' dir='ltr' id='par_1_66' title="bbox 188 4850 1212 4924">
     <span class='ocr_line' id='line_1_66' title="bbox 188 4850 1212 4924; baseline -0.009 -12"><span class='ocrx_word' id='word_1_507' title='bbox 188 4857 362 4913; x_wconf 89' lang='lat' dir='ltr'><strong>solius</strong></span> <span class='ocrx_word' id='word_1_508' title='bbox 389 4871 508 4911; x_wconf 86' lang='lat' dir='ltr'><strong>esse</strong></span> <span class='ocrx_word' id='word_1_509' title='bbox 529 4853 801 4924; x_wconf 88' lang='lat' dir='ltr'><strong>spiritum,</strong></span> <span class='ocrx_word' id='word_1_510' title='bbox 829 4850 922 4905; x_wconf 91' lang='lat' dir='ltr'><strong>sed</strong></span> <span class='ocrx_word' id='word_1_511' title='bbox 951 4857 1006 4904; x_wconf 93' lang='lat' dir='ltr'><strong>et</strong></span> <span class='ocrx_word' id='word_1_512' title='bbox 1035 4865 1212 4905; x_wconf 91' lang='lat' dir='ltr'><strong>suum.</strong></span> 
     </span>
    </p>
   </div>
   <div class='ocr_carea' id='block_1_67' title="bbox 263 4942 1789 5015">
    <p class='ocr_par' dir='ltr' id='par_1_67' title="bbox 263 4942 1789 5015">
     <span class='ocr_line' id='line_1_67' title="bbox 263 4942 1789 5015; baseline -0.002 -14"><span class='ocrx_word' id='word_1_513' title='bbox 263 4947 507 5015; x_wconf 82' lang='lat' dir='ltr'><strong>Quorum</strong></span> <span class='ocrx_word' id='word_1_514' title='bbox 531 4942 836 4999; x_wconf 81' lang='lat' dir='ltr'><strong>remiseritis</strong></span> <span class='ocrx_word' id='word_1_515' title='bbox 853 4951 1089 5012; x_wconf 86' lang='lat' dir='ltr'><strong>peccata,</strong></span> <span class='ocrx_word' id='word_1_516' title='bbox 1113 4942 1452 4996; x_wconf 87' lang='lat' dir='ltr'><strong>remittuntur</strong></span> <span class='ocrx_word' id='word_1_517' title='bbox 1474 4943 1570 5007; x_wconf 88' lang='lat' dir='ltr'><strong>eis,</strong></span> <span class='ocrx_word' id='word_1_518' title='bbox 1595 4952 1643 4996; x_wconf 88' lang='lat' dir='ltr'><strong>et</strong></span> <span class='ocrx_word' id='word_1_519' title='bbox 1665 4959 1789 5014; x_wconf 86' lang='lat' dir='ltr'><strong>quo-</strong></span> 
     </span>
    </p>
   </div>
   <div class='ocr_carea' id='block_1_68' title="bbox 188 5031 1785 5106">
    <p class='ocr_par' dir='ltr' id='par_1_68' title="bbox 188 5031 1785 5106">
     <span class='ocr_line' id='line_1_68' title="bbox 188 5031 1785 5106; baseline 0 -16"><span class='ocrx_word' id='word_1_520' title='bbox 188 5056 311 5095; x_wconf 81' lang='lat' dir='ltr'><strong>rum</strong></span> <span class='ocrx_word' id='word_1_521' title='bbox 334 5036 676 5101; x_wconf 76' lang='lat' dir='ltr'><strong>minueritis,</strong></span> <span class='ocrx_word' id='word_1_522' title='bbox 709 5043 815 5089; x_wconf 91' lang='lat' dir='ltr'><strong>etc.</strong></span> <span class='ocrx_word' id='word_1_523' title='bbox 849 5033 952 5106; x_wconf 85' lang='lat' dir='ltr'><strong>(Ex</strong></span> <span class='ocrx_word' id='word_1_524' title='bbox 981 5031 1170 5102; x_wconf 88' lang='lat' dir='ltr'><strong>Beda.)</strong></span> <span class='ocrx_word' id='word_1_525' title='bbox 1200 5032 1340 5088; x_wconf 89' lang='lat' dir='ltr'><strong>Ecce</strong></span> <span class='ocrx_word' id='word_1_526' title='bbox 1377 5033 1618 5088; x_wconf 90' lang='lat' dir='ltr'><strong>charitas</strong></span> <span class='ocrx_word' id='word_1_527' title='bbox 1665 5049 1785 5103; x_wconf 70' lang='lat' dir='ltr'><strong>qua:</strong></span> 
     </span>
    </p>
   </div>
   <div class='ocr_carea' id='block_1_69' title="bbox 188 5119 1782 5202">
    <p class='ocr_par' dir='ltr' id='par_1_69' title="bbox 188 5119 1782 5202">
     <span class='ocr_line' id='line_1_69' title="bbox 188 5119 1782 5202; baseline -0.004 -16"><span class='ocrx_word' id='word_1_528' title='bbox 188 5147 288 5202; x_wconf 91' lang='lat' dir='ltr'><strong>per</strong></span> <span class='ocrx_word' id='word_1_529' title='bbox 306 5128 558 5200; x_wconf 89' lang='lat' dir='ltr'><strong>spiritum</strong></span> <span class='ocrx_word' id='word_1_530' title='bbox 585 5134 831 5182; x_wconf 87' lang='lat' dir='ltr'><strong>sanctum</strong></span> <span class='ocrx_word' id='word_1_531' title='bbox 858 5119 1179 5179; x_wconf 75' lang='lat' dir='ltr'><strong>diffunditur</strong></span> <span class='ocrx_word' id='word_1_532' title='bbox 1205 5123 1261 5177; x_wconf 89' lang='lat' dir='ltr'><strong>in</strong></span> <span class='ocrx_word' id='word_1_533' title='bbox 1285 5123 1536 5179; x_wconf 91' lang='lat' dir='ltr'><strong>cordibus</strong></span> <span class='ocrx_word' id='word_1_534' title='bbox 1562 5126 1782 5192; x_wconf 86' lang='lat' dir='ltr'><strong>nostris,</strong></span> 
     </span>
    </p>
   </div>
   <div class='ocr_carea' id='block_1_70' title="bbox 186 5213 1783 5292">
    <p class='ocr_par' dir='ltr' id='par_1_70' title="bbox 186 5213 1783 5292">
     <span class='ocr_line' id='line_1_70' title="bbox 186 5213 1783 5292; baseline -0.003 -18"><span class='ocrx_word' id='word_1_535' title='bbox 186 5221 518 5292; x_wconf 89' lang='lat' dir='ltr'><strong>participum</strong></span> <span class='ocrx_word' id='word_1_536' title='bbox 545 5234 766 5274; x_wconf 89' lang='lat' dir='ltr'><strong>suorum</strong></span> <span class='ocrx_word' id='word_1_537' title='bbox 794 5222 1016 5286; x_wconf 86' lang='lat' dir='ltr'><strong>peccata</strong></span> <span class='ocrx_word' id='word_1_538' title='bbox 1057 5214 1300 5269; x_wconf 89' lang='lat' dir='ltr'><strong>dimittit.</strong></span> <span class='ocrx_word' id='word_1_539' title='bbox 1347 5213 1549 5270; x_wconf 86' lang='lat' dir='ltr'><strong>Eorum</strong></span> <span class='ocrx_word' id='word_1_540' title='bbox 1601 5223 1783 5272; x_wconf 88' lang='lat' dir='ltr'><strong>autem</strong></span> 
     </span>
    </p>
   </div>
   <div class='ocr_carea' id='block_1_71' title="bbox 189 5305 1784 5382">
    <p class='ocr_par' dir='ltr' id='par_1_71' title="bbox 189 5305 1784 5382">
     <span class='ocr_line' id='line_1_71' title="bbox 189 5305 1784 5382; baseline -0.002 -18"><span class='ocrx_word' id='word_1_541' title='bbox 189 5311 284 5382; x_wconf 91' lang='lat' dir='ltr'><strong>qui</strong></span> <span class='ocrx_word' id='word_1_542' title='bbox 315 5327 425 5366; x_wconf 91' lang='lat' dir='ltr'><strong>non</strong></span> <span class='ocrx_word' id='word_1_543' title='bbox 453 5317 581 5365; x_wconf 86' lang='lat' dir='ltr'><strong>sunt</strong></span> <span class='ocrx_word' id='word_1_544' title='bbox 606 5307 724 5377; x_wconf 81' lang='lat' dir='ltr'><strong>ejus</strong></span> <span class='ocrx_word' id='word_1_545' title='bbox 754 5306 1068 5377; x_wconf 88' lang='lat' dir='ltr'><strong>participes,</strong></span> <span class='ocrx_word' id='word_1_546' title='bbox 1087 5314 1254 5360; x_wconf 89' lang='lat' dir='ltr'><strong>tenet.</strong></span> <span class='ocrx_word' id='word_1_547' title='bbox 1277 5305 1400 5360; x_wconf 87' lang='lat' dir='ltr'><strong>[deo</strong></span> <span class='ocrx_word' id='word_1_548' title='bbox 1431 5313 1784 5378; x_wconf 89' lang='lat' dir='ltr'><strong>posteaquam</strong></span> 
     </span>
    </p>
   </div>
   <div class='ocr_carea' id='block_1_72' title="bbox 189 5397 1784 5472">
    <p class='ocr_par' dir='ltr' id='par_1_72' title="bbox 189 5397 1784 5472">
     <span class='ocr_line' id='line_1_72' title="bbox 189 5397 1784 5472; baseline -0.003 -13"><span class='ocrx_word' id='word_1_549' title='bbox 189 5404 367 5461; x_wconf 87' lang='lat' dir='ltr'><strong>dixit:</strong></span> <span class='ocrx_word' id='word_1_550' title='bbox 413 5401 646 5472; x_wconf 82' lang='lat' dir='ltr'><strong>Accipite</strong></span> <span class='ocrx_word' id='word_1_551' title='bbox 671 5398 928 5470; x_wconf 86' lang='lat' dir='ltr'><strong>Spiritum</strong></span> <span class='ocrx_word' id='word_1_552' title='bbox 975 5405 1235 5462; x_wconf 84' lang='lat' dir='ltr'><strong>sanctum,</strong></span> <span class='ocrx_word' id='word_1_553' title='bbox 1281 5397 1384 5452; x_wconf 91' lang='lat' dir='ltr'><strong>hoc</strong></span> <span class='ocrx_word' id='word_1_554' title='bbox 1424 5398 1680 5454; x_wconf 87' lang='lat' dir='ltr'><strong>continuo</strong></span> <span class='ocrx_word' id='word_1_555' title='bbox 1717 5399 1784 5455; x_wconf 92' lang='lat' dir='ltr'><strong>de</strong></span> 
     </span>
    </p>
   </div>
   <div class='ocr_carea' id='block_1_73' title="bbox 188 5493 1788 5572">
    <p class='ocr_par' dir='ltr' id='par_1_73' title="bbox 188 5493 1788 5572">
     <span class='ocr_line' id='line_1_73' title="bbox 188 5493 1788 5572; baseline -0.001 -17"><span class='ocrx_word' id='word_1_556' title='bbox 188 5506 541 5572; x_wconf 85' lang='lat' dir='ltr'><strong>peccatorum</strong></span> <span class='ocrx_word' id='word_1_557' title='bbox 566 5494 885 5569; x_wconf 77' lang='lat' dir='ltr'><strong>remissione</strong></span> <span class='ocrx_word' id='word_1_558' title='bbox 908 5508 973 5547; x_wconf 89' lang='lat' dir='ltr'><strong>ac</strong></span> <span class='ocrx_word' id='word_1_559' title='bbox 994 5493 1304 5546; x_wconf 91' lang='lat' dir='ltr'><strong>detentione</strong></span> <span class='ocrx_word' id='word_1_560' title='bbox 1327 5494 1573 5563; x_wconf 89' lang='lat' dir='ltr'><strong>subjecit.</strong></span> <span class='ocrx_word' id='word_1_561' title='bbox 1605 5495 1788 5553; x_wconf 90' lang='lat' dir='ltr'><strong>Scien-</strong></span> 
     </span>
    </p>
   </div>
   <div class='ocr_carea' id='block_1_74' title="bbox 191 5585 1788 5660">
    <p class='ocr_par' dir='ltr' id='par_1_74' title="bbox 191 5585 1788 5660">
     <span class='ocr_line' id='line_1_74' title="bbox 191 5585 1788 5660; baseline -0.002 -12"><span class='ocrx_word' id='word_1_562' title='bbox 191 5594 324 5648; x_wconf 91' lang='lat' dir='ltr'><strong>dum</strong></span> <span class='ocrx_word' id='word_1_563' title='bbox 371 5608 503 5649; x_wconf 91' lang='lat' dir='ltr'><strong>vero</strong></span> <span class='ocrx_word' id='word_1_564' title='bbox 544 5599 656 5655; x_wconf 90' lang='lat' dir='ltr'><strong>est,</strong></span> <span class='ocrx_word' id='word_1_565' title='bbox 707 5587 851 5660; x_wconf 89' lang='lat' dir='ltr'><strong>quod</strong></span> <span class='ocrx_word' id='word_1_566' title='bbox 880 5586 937 5641; x_wconf 92' lang='lat' dir='ltr'><strong>hi</strong></span> <span class='ocrx_word' id='word_1_567' title='bbox 977 5585 1067 5654; x_wconf 91' lang='lat' dir='ltr'><strong>qui</strong></span> <span class='ocrx_word' id='word_1_568' title='bbox 1105 5585 1341 5654; x_wconf 88' lang='lat' dir='ltr'><strong>primum</strong></span> <span class='ocrx_word' id='word_1_569' title='bbox 1386 5589 1634 5657; x_wconf 85' lang='lat' dir='ltr'><strong>spiritum</strong></span> <span class='ocrx_word' id='word_1_570' title='bbox 1667 5608 1788 5646; x_wconf 87' lang='lat' dir='ltr'><strong>sau-</strong></span> 
     </span>
    </p>
   </div>
   <div class='ocr_carea' id='block_1_75' title="bbox 191 5676 1795 5748">
    <p class='ocr_par' dir='ltr' id='par_1_75' title="bbox 191 5676 1795 5748">
     <span class='ocr_line' id='line_1_75' title="bbox 191 5676 1795 5748; baseline -0.003 -7"><span class='ocrx_word' id='word_1_571' title='bbox 191 5695 344 5742; x_wconf 87' lang='lat' dir='ltr'><strong>ctum</strong></span> <span class='ocrx_word' id='word_1_572' title='bbox 392 5686 718 5748; x_wconf 88' lang='lat' dir='ltr'><strong>habuerunt,</strong></span> <span class='ocrx_word' id='word_1_573' title='bbox 764 5687 825 5736; x_wconf 91' lang='lat' dir='ltr'><strong>ut</strong></span> <span class='ocrx_word' id='word_1_574' title='bbox 873 5685 929 5732; x_wconf 90' lang='lat' dir='ltr'><strong>et</strong></span> <span class='ocrx_word' id='word_1_575' title='bbox 959 5677 1060 5747; x_wconf 90' lang='lat' dir='ltr'><strong>ipsi</strong></span> <span class='ocrx_word' id='word_1_576' title='bbox 1090 5676 1407 5732; x_wconf 87' lang='lat' dir='ltr'><strong>innocenter</strong></span> <span class='ocrx_word' id='word_1_577' title='bbox 1439 5681 1700 5747; x_wconf 85' lang='lat' dir='ltr'><strong>viverent,</strong></span> <span class='ocrx_word' id='word_1_578' title='bbox 1738 5690 1795 5739; x_wconf 92' lang='lat' dir='ltr'><strong>et</strong></span> 
     </span>
    </p>
   </div>
   <div class='ocr_carea' id='block_1_76' title="bbox 191 5767 1798 5862">
    <p class='ocr_par' dir='ltr' id='par_1_76' title="bbox 191 5767 1798 5862">
     <span class='ocr_line' id='line_1_76' title="bbox 191 5767 1798 5862; baseline -0.003 -23"><span class='ocrx_word' id='word_1_579' title='bbox 191 5781 253 5839; x_wconf 85' lang='lat' dir='ltr'><strong>in</strong></span> <span class='ocrx_word' id='word_1_580' title='bbox 274 5779 666 5857; x_wconf 74' lang='lat' dir='ltr'><strong>praedicatione</strong></span> <span class='ocrx_word' id='word_1_581' title='bbox 694 5771 1032 5860; x_wconf 35' lang='lat' dir='ltr'><strong>quibusdam.</strong></span> <span class='ocrx_word' id='word_1_582' title='bbox 1047 5767 1407 5861; x_wconf 75' lang='lat' dir='ltr'><strong>prodessent._</strong></span> <span class='ocrx_word' id='word_1_583' title='bbox 1419 5769 1636 5862; x_wconf 31' lang='lat' dir='ltr'><strong>Idcirco.</strong></span> <span class='ocrx_word' id='word_1_584' title='bbox 1649 5775 1798 5849; x_wconf 84' lang='lat' dir='ltr'><strong>hunc</strong></span> 
     </span>
    </p>
   </div>
   <div class='ocr_carea' id='block_1_77' title="bbox 1821 3171 1868 3235">
    <p class='ocr_par' dir='ltr' id='par_1_77' title="bbox 1821 3171 1868 3235">
     <span class='ocr_line' id='line_1_77' title="bbox 1821 3171 1868 3235; baseline 0 0"><span class='ocrx_word' id='word_1_585' title='bbox 1821 3171 1868 3235; x_wconf 91' lang='lat' dir='ltr'><strong><em>C</em></strong></span> 
     </span>
    </p>
   </div>
   <div class='ocr_carea' id='block_1_78' title="bbox 1810 4537 1866 4598">
    <p class='ocr_par' dir='ltr' id='par_1_78' title="bbox 1810 4537 1866 4598">
     <span class='ocr_line' id='line_1_78' title="bbox 1810 4537 1866 4598; baseline 0 0"><span class='ocrx_word' id='word_1_586' title='bbox 1810 4537 1866 4598; x_wconf 87' lang='lat' dir='ltr'><strong>D</strong></span> 
     </span>
    </p>
   </div>
   <div class='ocr_carea' id='block_1_79' title="bbox 1902 1923 3498 1983">
    <p class='ocr_par' dir='ltr' id='par_1_79' title="bbox 1902 1923 3498 1983">
     <span class='ocr_line' id='line_1_79' title="bbox 1902 1923 3498 1983; baseline 0.003 -5"><span class='ocrx_word' id='word_1_587' title='bbox 1902 1924 2061 1979; x_wconf 90' lang='lat' dir='ltr'><strong>nobis</strong></span> <span class='ocrx_word' id='word_1_588' title='bbox 2090 1923 2311 1979; x_wconf 90' lang='lat' dir='ltr'><strong>vulnera</strong></span> <span class='ocrx_word' id='word_1_589' title='bbox 2351 1934 2571 1980; x_wconf 88' lang='lat' dir='ltr'><strong>sanaret</strong></span> <span class='ocrx_word' id='word_1_590' title='bbox 2600 1924 2956 1981; x_wconf 90' lang='lat' dir='ltr'><strong>inﬁdelitatis.</strong></span> <span class='ocrx_word' id='word_1_591' title='bbox 2994 1924 3122 1980; x_wconf 91' lang='lat' dir='ltr'><strong>Plus</strong></span> <span class='ocrx_word' id='word_1_592' title='bbox 3147 1927 3294 1982; x_wconf 92' lang='lat' dir='ltr'><strong>enim</strong></span> <span class='ocrx_word' id='word_1_593' title='bbox 3338 1926 3498 1983; x_wconf 91' lang='lat' dir='ltr'><strong>nobis</strong></span> 
     </span>
    </p>
   </div>
   <div class='ocr_carea' id='block_1_80' title="bbox 1903 2013 3498 2088">
    <p class='ocr_par' dir='ltr' id='par_1_80' title="bbox 1903 2013 3498 2088">
     <span class='ocr_line' id='line_1_80' title="bbox 1903 2013 3498 2088; baseline 0.003 -20"><span class='ocrx_word' id='word_1_594' title='bbox 1903 2013 2125 2070; x_wconf 69' lang='lat' dir='ltr'><strong>Thomas</strong></span> <span class='ocrx_word' id='word_1_595' title='bbox 2162 2014 2452 2072; x_wconf 92' lang='lat' dir='ltr'><strong>inﬁdelitas</strong></span> <span class='ocrx_word' id='word_1_596' title='bbox 2478 2016 2547 2071; x_wconf 91' lang='lat' dir='ltr'><strong>ad</strong></span> <span class='ocrx_word' id='word_1_597' title='bbox 2577 2015 2762 2083; x_wconf 88' lang='lat' dir='ltr'><strong>ﬁdem,</strong></span> <span class='ocrx_word' id='word_1_598' title='bbox 2796 2032 2958 2088; x_wconf 90' lang='lat' dir='ltr'><strong>quam</strong></span> <span class='ocrx_word' id='word_1_599' title='bbox 2983 2016 3117 2072; x_wconf 92' lang='lat' dir='ltr'><strong>ﬁdes</strong></span> <span class='ocrx_word' id='word_1_600' title='bbox 3159 2019 3498 2074; x_wconf 85' lang='lat' dir='ltr'><strong>credentium</strong></span> 
     </span>
    </p>
   </div>
   <div class='ocr_carea' id='block_1_81' title="bbox 1901 2103 3495 2178">
    <p class='ocr_par' dir='ltr' id='par_1_81' title="bbox 1901 2103 3495 2178">
     <span class='ocr_line' id='line_1_81' title="bbox 1901 2103 3495 2178; baseline 0.003 -20"><span class='ocrx_word' id='word_1_601' title='bbox 1901 2103 2288 2175; x_wconf 87' lang='lat' dir='ltr'><strong>discipulorum</strong></span> <span class='ocrx_word' id='word_1_602' title='bbox 2331 2106 2553 2177; x_wconf 83' lang='lat' dir='ltr'><strong>profuit.</strong></span> <span class='ocrx_word' id='word_1_603' title='bbox 2604 2104 2743 2174; x_wconf 88' lang='lat' dir='ltr'><strong>Quia</strong></span> <span class='ocrx_word' id='word_1_604' title='bbox 2775 2106 2903 2162; x_wconf 89' lang='lat' dir='ltr'><strong>dum</strong></span> <span class='ocrx_word' id='word_1_605' title='bbox 2939 2107 3033 2162; x_wconf 93' lang='lat' dir='ltr'><strong>illo</strong></span> <span class='ocrx_word' id='word_1_606' title='bbox 3073 2107 3140 2163; x_wconf 91' lang='lat' dir='ltr'><strong>ad</strong></span> <span class='ocrx_word' id='word_1_607' title='bbox 3179 2107 3339 2163; x_wconf 92' lang='lat' dir='ltr'><strong>ﬁdem</strong></span> <span class='ocrx_word' id='word_1_608' title='bbox 3373 2106 3495 2178; x_wconf 86' lang='lat' dir='ltr'><strong>pal-</strong></span> 
     </span>
    </p>
   </div>
   <div class='ocr_carea' id='block_1_82' title="bbox 1900 2197 3499 2266">
    <p class='ocr_par' dir='ltr' id='par_1_82' title="bbox 1900 2197 3499 2266">
     <span class='ocr_line' id='line_1_82' title="bbox 1900 2197 3499 2266; baseline 0.003 -15"><span class='ocrx_word' id='word_1_609' title='bbox 1900 2199 2078 2266; x_wconf 88' lang='lat' dir='ltr'><strong>pando</strong></span> <span class='ocrx_word' id='word_1_610' title='bbox 2121 2197 2422 2264; x_wconf 91' lang='lat' dir='ltr'><strong>reducitur,</strong></span> <span class='ocrx_word' id='word_1_611' title='bbox 2477 2207 2666 2253; x_wconf 90' lang='lat' dir='ltr'><strong>nostra</strong></span> <span class='ocrx_word' id='word_1_612' title='bbox 2715 2214 2903 2266; x_wconf 90' lang='lat' dir='ltr'><strong>mens,</strong></span> <span class='ocrx_word' id='word_1_613' title='bbox 2956 2198 3106 2255; x_wconf 88' lang='lat' dir='ltr'><strong>omni</strong></span> <span class='ocrx_word' id='word_1_614' title='bbox 3160 2198 3499 2256; x_wconf 82' lang='lat' dir='ltr'><strong>dubitatione</strong></span> 
     </span>
    </p>
   </div>
   <div class='ocr_carea' id='block_1_83' title="bbox 1899 2288 2754 2358">
    <p class='ocr_par' dir='ltr' id='par_1_83' title="bbox 1899 2288 2754 2358">
     <span class='ocr_line' id='line_1_83' title="bbox 1899 2288 2754 2358; baseline 0.001 -15"><span class='ocrx_word' id='word_1_615' title='bbox 1899 2289 2226 2358; x_wconf 87' lang='lat' dir='ltr'><strong>postposita,</strong></span> <span class='ocrx_word' id='word_1_616' title='bbox 2261 2290 2317 2345; x_wconf 89' lang='lat' dir='ltr'><strong>in</strong></span> <span class='ocrx_word' id='word_1_617' title='bbox 2343 2288 2448 2344; x_wconf 89' lang='lat' dir='ltr'><strong>ﬁde</strong></span> <span class='ocrx_word' id='word_1_618' title='bbox 2476 2289 2754 2344; x_wconf 88' lang='lat' dir='ltr'><strong>solidatur.</strong></span> 
     </span>
    </p>
   </div>
   <div class='ocr_carea' id='block_1_84' title="bbox 1972 2378 3500 2451">
    <p class='ocr_par' dir='ltr' id='par_1_84' title="bbox 1972 2378 3500 2451">
     <span class='ocr_line' id='line_1_84' title="bbox 1972 2378 3500 2451; baseline 0.003 -20"><span class='ocrx_word' id='word_1_619' title='bbox 1972 2378 2234 2433; x_wconf 78' lang='lat' dir='ltr'><strong>Dixerunt</strong></span> <span class='ocrx_word' id='word_1_620' title='bbox 2281 2396 2405 2450; x_wconf 86' lang='lat' dir='ltr'><strong>ergo</strong></span> <span class='ocrx_word' id='word_1_621' title='bbox 2455 2381 2503 2434; x_wconf 88' lang='lat' dir='ltr'><strong>ei</strong></span> <span class='ocrx_word' id='word_1_622' title='bbox 2550 2379 2643 2434; x_wconf 84' lang='lat' dir='ltr'><strong>alii</strong></span> <span class='ocrx_word' id='word_1_623' title='bbox 2692 2380 2987 2451; x_wconf 90' lang='lat' dir='ltr'><strong>discipuli:</strong></span> <span class='ocrx_word' id='word_1_624' title='bbox 3032 2379 3272 2436; x_wconf 80' lang='lat' dir='ltr'><strong>Vidimus</strong></span> <span class='ocrx_word' id='word_1_625' title='bbox 3311 2381 3500 2437; x_wconf 90' lang='lat' dir='ltr'><strong>Domi-</strong></span> 
     </span>
    </p>
   </div>
   <div class='ocr_carea' id='block_1_85' title="bbox 1902 2470 3498 2528">
    <p class='ocr_par' dir='ltr' id='par_1_85' title="bbox 1902 2470 3498 2528">
     <span class='ocr_line' id='line_1_85' title="bbox 1902 2470 3498 2528; baseline 0.002 -3"><span class='ocrx_word' id='word_1_626' title='bbox 1902 2488 2046 2525; x_wconf 88' lang='lat' dir='ltr'><strong>num.</strong></span> <span class='ocrx_word' id='word_1_627' title='bbox 2098 2470 2200 2526; x_wconf 80' lang='lat' dir='ltr'><strong>Ille</strong></span> <span class='ocrx_word' id='word_1_628' title='bbox 2223 2481 2398 2526; x_wconf 89' lang='lat' dir='ltr'><strong>autem</strong></span> <span class='ocrx_word' id='word_1_629' title='bbox 2423 2471 2559 2526; x_wconf 89' lang='lat' dir='ltr'><strong>dixit</strong></span> <span class='ocrx_word' id='word_1_630' title='bbox 2603 2472 2720 2526; x_wconf 87' lang='lat' dir='ltr'><strong>eis:</strong></span> <span class='ocrx_word' id='word_1_631' title='bbox 2768 2470 2890 2527; x_wconf 86' lang='lat' dir='ltr'><strong>Nisi</strong></span> <span class='ocrx_word' id='word_1_632' title='bbox 2933 2472 3111 2528; x_wconf 80' lang='lat' dir='ltr'><strong>videro</strong></span> <span class='ocrx_word' id='word_1_633' title='bbox 3146 2474 3203 2528; x_wconf 88' lang='lat' dir='ltr'><strong>in</strong></span> <span class='ocrx_word' id='word_1_634' title='bbox 3254 2471 3498 2528; x_wconf 77' lang='lat' dir='ltr'><strong>manibus</strong></span> 
     </span>
    </p>
   </div>
   <div class='ocr_carea' id='block_1_86' title="bbox 1899 2562 3496 2634">
    <p class='ocr_par' dir='ltr' id='par_1_86' title="bbox 1899 2562 3496 2634">
     <span class='ocr_line' id='line_1_86' title="bbox 1899 2562 3496 2634; baseline 0 -16"><span class='ocrx_word' id='word_1_635' title='bbox 1899 2565 2014 2634; x_wconf 85' lang='lat' dir='ltr'><strong>ejus</strong></span> <span class='ocrx_word' id='word_1_636' title='bbox 2043 2563 2273 2633; x_wconf 79' lang='lat' dir='ltr'><strong>ﬁxuram</strong></span> <span class='ocrx_word' id='word_1_637' title='bbox 2293 2563 2586 2628; x_wconf 83' lang='lat' dir='ltr'><strong>clavorum,</strong></span> <span class='ocrx_word' id='word_1_638' title='bbox 2613 2571 2662 2617; x_wconf 87' lang='lat' dir='ltr'><strong>et</strong></span> <span class='ocrx_word' id='word_1_639' title='bbox 2683 2562 2887 2618; x_wconf 88' lang='lat' dir='ltr'><strong>mittam</strong></span> <span class='ocrx_word' id='word_1_640' title='bbox 2915 2562 3137 2634; x_wconf 83' lang='lat' dir='ltr'><strong>digitum</strong></span> <span class='ocrx_word' id='word_1_641' title='bbox 3163 2579 3358 2628; x_wconf 89' lang='lat' dir='ltr'><strong>meum,</strong></span> <span class='ocrx_word' id='word_1_642' title='bbox 3387 2569 3496 2618; x_wconf 89' lang='lat' dir='ltr'><strong>etc.</strong></span> 
     </span>
    </p>
   </div>
   <div class='ocr_carea' id='block_1_87' title="bbox 1899 2651 3499 2720">
    <p class='ocr_par' dir='ltr' id='par_1_87' title="bbox 1899 2651 3499 2720">
     <span class='ocr_line' id='line_1_87' title="bbox 1899 2651 3499 2720; baseline 0 -12"><span class='ocrx_word' id='word_1_643' title='bbox 1899 2652 2052 2720; x_wconf 91' lang='lat' dir='ltr'><strong>Quod</strong></span> <span class='ocrx_word' id='word_1_644' title='bbox 2080 2661 2260 2710; x_wconf 91' lang='lat' dir='ltr'><strong>autem</strong></span> <span class='ocrx_word' id='word_1_645' title='bbox 2291 2653 2424 2709; x_wconf 90' lang='lat' dir='ltr'><strong>dicit</strong></span> <span class='ocrx_word' id='word_1_646' title='bbox 2463 2651 2725 2718; x_wconf 83' lang='lat' dir='ltr'><strong>Joannes,</strong></span> <span class='ocrx_word' id='word_1_647' title='bbox 2766 2668 2876 2708; x_wconf 89' lang='lat' dir='ltr'><strong>non</strong></span> <span class='ocrx_word' id='word_1_648' title='bbox 2901 2668 3023 2709; x_wconf 92' lang='lat' dir='ltr'><strong>cum</strong></span> <span class='ocrx_word' id='word_1_649' title='bbox 3049 2653 3156 2708; x_wconf 89' lang='lat' dir='ltr'><strong>illis</strong></span> <span class='ocrx_word' id='word_1_650' title='bbox 3181 2652 3346 2708; x_wconf 88' lang='lat' dir='ltr'><strong>fuisse</strong></span> <span class='ocrx_word' id='word_1_651' title='bbox 3366 2660 3499 2708; x_wconf 88' lang='lat' dir='ltr'><strong>tunc</strong></span> 
     </span>
    </p>
   </div>
   <div class='ocr_carea' id='block_1_88' title="bbox 1899 2741 3498 2814">
    <p class='ocr_par' dir='ltr' id='par_1_88' title="bbox 1899 2741 3498 2814">
     <span class='ocr_line' id='line_1_88' title="bbox 1899 2741 3498 2814; baseline -0.002 -15"><span class='ocrx_word' id='word_1_652' title='bbox 1899 2745 2201 2814; x_wconf 89' lang='lat' dir='ltr'><strong>apostolum</strong></span> <span class='ocrx_word' id='word_1_653' title='bbox 2248 2741 2550 2808; x_wconf 89' lang='lat' dir='ltr'><strong>Thomam,</strong></span> <span class='ocrx_word' id='word_1_654' title='bbox 2599 2758 2723 2797; x_wconf 93' lang='lat' dir='ltr'><strong>cum</strong></span> <span class='ocrx_word' id='word_1_655' title='bbox 2767 2742 3064 2798; x_wconf 90' lang='lat' dir='ltr'><strong>secundum</strong></span> <span class='ocrx_word' id='word_1_656' title='bbox 3112 2741 3334 2806; x_wconf 88' lang='lat' dir='ltr'><strong>Lucam,</strong></span> <span class='ocrx_word' id='word_1_657' title='bbox 3388 2741 3498 2797; x_wconf 91' lang='lat' dir='ltr'><strong>duo</strong></span> 
     </span>
    </p>
   </div>
   <div class='ocr_carea' id='block_1_89' title="bbox 1897 2831 3500 2908">
    <p class='ocr_par' dir='ltr' id='par_1_89' title="bbox 1897 2831 3500 2908">
     <span class='ocr_line' id='line_1_89' title="bbox 1897 2831 3500 2908; baseline -0.004 -15"><span class='ocrx_word' id='word_1_658' title='bbox 1897 2837 1994 2904; x_wconf 90' lang='lat' dir='ltr'><strong>illi,</strong></span> <span class='ocrx_word' id='word_1_659' title='bbox 2039 2852 2273 2908; x_wconf 90' lang='lat' dir='ltr'><strong>quorum</strong></span> <span class='ocrx_word' id='word_1_660' title='bbox 2298 2843 2420 2891; x_wconf 88' lang='lat' dir='ltr'><strong>erat</strong></span> <span class='ocrx_word' id='word_1_661' title='bbox 2444 2850 2584 2890; x_wconf 90' lang='lat' dir='ltr'><strong>unus</strong></span> <span class='ocrx_word' id='word_1_662' title='bbox 2617 2833 2904 2904; x_wconf 89' lang='lat' dir='ltr'><strong>Cleophas,</strong></span> <span class='ocrx_word' id='word_1_663' title='bbox 2940 2833 3178 2905; x_wconf 88' lang='lat' dir='ltr'><strong>regressi</strong></span> <span class='ocrx_word' id='word_1_664' title='bbox 3207 2833 3264 2887; x_wconf 89' lang='lat' dir='ltr'><strong>in</strong></span> <span class='ocrx_word' id='word_1_665' title='bbox 3305 2831 3500 2888; x_wconf 81' lang='lat' dir='ltr'><strong>Hieru-</strong></span> 
     </span>
    </p>
   </div>
   <div class='ocr_carea' id='block_1_90' title="bbox 1896 2926 3496 3001">
    <p class='ocr_par' dir='ltr' id='par_1_90' title="bbox 1896 2926 3496 3001">
     <span class='ocr_line' id='line_1_90' title="bbox 1896 2926 3496 3001; baseline -0.002 -15"><span class='ocrx_word' id='word_1_666' title='bbox 1896 2931 2088 2997; x_wconf 89' lang='lat' dir='ltr'><strong>salem,</strong></span> <span class='ocrx_word' id='word_1_667' title='bbox 2143 2933 2468 2985; x_wconf 88' lang='lat' dir='ltr'><strong>invenerunt</strong></span> <span class='ocrx_word' id='word_1_668' title='bbox 2495 2936 2852 3001; x_wconf 88' lang='lat' dir='ltr'><strong>congregatos</strong></span> <span class='ocrx_word' id='word_1_669' title='bbox 2878 2926 3155 2993; x_wconf 91' lang='lat' dir='ltr'><strong>undecim,</strong></span> <span class='ocrx_word' id='word_1_670' title='bbox 3201 2934 3255 2983; x_wconf 92' lang='lat' dir='ltr'><strong>et</strong></span> <span class='ocrx_word' id='word_1_671' title='bbox 3284 2941 3378 2982; x_wconf 91' lang='lat' dir='ltr'><strong>eos</strong></span> <span class='ocrx_word' id='word_1_672' title='bbox 3402 2926 3496 2997; x_wconf 90' lang='lat' dir='ltr'><strong>qui</strong></span> 
     </span>
    </p>
   </div>
   <div class='ocr_carea' id='block_1_91' title="bbox 1895 3018 3500 3091">
    <p class='ocr_par' dir='ltr' id='par_1_91' title="bbox 1895 3018 3500 3091">
     <span class='ocr_line' id='line_1_91' title="bbox 1895 3018 3500 3091; baseline -0.002 -13"><span class='ocrx_word' id='word_1_673' title='bbox 1895 3037 2018 3078; x_wconf 91' lang='lat' dir='ltr'><strong>cum</strong></span> <span class='ocrx_word' id='word_1_674' title='bbox 2063 3021 2196 3091; x_wconf 91' lang='lat' dir='ltr'><strong>ipsis</strong></span> <span class='ocrx_word' id='word_1_675' title='bbox 2241 3029 2438 3087; x_wconf 89' lang='lat' dir='ltr'><strong>erant,</strong></span> <span class='ocrx_word' id='word_1_676' title='bbox 2469 3020 2659 3090; x_wconf 92' lang='lat' dir='ltr'><strong>procul</strong></span> <span class='ocrx_word' id='word_1_677' title='bbox 2720 3019 2883 3076; x_wconf 89' lang='lat' dir='ltr'><strong>dubio</strong></span> <span class='ocrx_word' id='word_1_678' title='bbox 2945 3018 3355 3091; x_wconf 85' lang='lat' dir='ltr'><strong>intelligendum</strong></span> <span class='ocrx_word' id='word_1_679' title='bbox 3413 3025 3500 3075; x_wconf 88' lang='lat' dir='ltr'><strong>est</strong></span> 
     </span>
    </p>
   </div>
   <div class='ocr_carea' id='block_1_92' title="bbox 1895 3108 3496 3180">
    <p class='ocr_par' dir='ltr' id='par_1_92' title="bbox 1895 3108 3496 3180">
     <span class='ocr_line' id='line_1_92' title="bbox 1895 3108 3496 3180; baseline 0 -15"><span class='ocrx_word' id='word_1_680' title='bbox 1895 3110 2041 3180; x_wconf 89' lang='lat' dir='ltr'><strong>quod</strong></span> <span class='ocrx_word' id='word_1_681' title='bbox 2065 3110 2192 3165; x_wconf 91' lang='lat' dir='ltr'><strong>inde</strong></span> <span class='ocrx_word' id='word_1_682' title='bbox 2239 3109 2477 3164; x_wconf 87' lang='lat' dir='ltr'><strong>Thomas</strong></span> <span class='ocrx_word' id='word_1_683' title='bbox 2500 3109 2733 3176; x_wconf 78' lang='lat' dir='ltr'><strong>exierat,</strong></span> <span class='ocrx_word' id='word_1_684' title='bbox 2789 3115 3082 3178; x_wconf 90' lang='lat' dir='ltr'><strong>antequam</strong></span> <span class='ocrx_word' id='word_1_685' title='bbox 3107 3108 3189 3165; x_wconf 89' lang='lat' dir='ltr'><strong>eis</strong></span> <span class='ocrx_word' id='word_1_686' title='bbox 3233 3108 3496 3165; x_wconf 87' lang='lat' dir='ltr'><strong>Dominus</strong></span> 
     </span>
    </p>
   </div>
   <div class='ocr_carea' id='block_1_93' title="bbox 1897 3204 2733 3275">
    <p class='ocr_par' dir='ltr' id='par_1_93' title="bbox 1897 3204 2733 3275">
     <span class='ocr_line' id='line_1_93' title="bbox 1897 3204 2733 3275; baseline -0.007 -14"><span class='ocrx_word' id='word_1_687' title='bbox 1897 3207 2016 3261; x_wconf 69' lang='lat' dir='ltr'><strong>haec</strong></span> <span class='ocrx_word' id='word_1_688' title='bbox 2046 3204 2394 3275; x_wconf 89' lang='lat' dir='ltr'><strong>loquentibus</strong></span> <span class='ocrx_word' id='word_1_689' title='bbox 2426 3209 2733 3274; x_wconf 89' lang='lat' dir='ltr'><strong>appareret.</strong></span> 
     </span>
    </p>
   </div>
   <div class='ocr_carea' id='block_1_94' title="bbox 1967 3293 3494 3368">
    <p class='ocr_par' dir='ltr' id='par_1_94' title="bbox 1967 3293 3494 3368">
     <span class='ocr_line' id='line_1_94' title="bbox 1967 3293 3494 3368; baseline -0.002 -16"><span class='ocrx_word' id='word_1_690' title='bbox 1967 3297 2037 3352; x_wconf 84' lang='lat' dir='ltr'><strong>Et</strong></span> <span class='ocrx_word' id='word_1_691' title='bbox 2059 3305 2173 3368; x_wconf 88' lang='lat' dir='ltr'><strong>post</strong></span> <span class='ocrx_word' id='word_1_692' title='bbox 2195 3297 2306 3351; x_wconf 86' lang='lat' dir='ltr'><strong>dies</strong></span> <span class='ocrx_word' id='word_1_693' title='bbox 2333 3305 2468 3360; x_wconf 89' lang='lat' dir='ltr'><strong>octo,</strong></span> <span class='ocrx_word' id='word_1_694' title='bbox 2510 3296 2702 3350; x_wconf 85' lang='lat' dir='ltr'><strong>iterum</strong></span> <span class='ocrx_word' id='word_1_695' title='bbox 2723 3303 2872 3349; x_wconf 86' lang='lat' dir='ltr'><strong>erant</strong></span> <span class='ocrx_word' id='word_1_696' title='bbox 2909 3293 3158 3366; x_wconf 86' lang='lat' dir='ltr'><strong>discipuli</strong></span> <span class='ocrx_word' id='word_1_697' title='bbox 3186 3295 3301 3364; x_wconf 85' lang='lat' dir='ltr'><strong>ejus</strong></span> <span class='ocrx_word' id='word_1_698' title='bbox 3327 3293 3494 3361; x_wconf 85' lang='lat' dir='ltr'><strong>intus,</strong></span> 
     </span>
    </p>
   </div>
   <div class='ocr_carea' id='block_1_95' title="bbox 1895 3384 3496 3455">
    <p class='ocr_par' dir='ltr' id='par_1_95' title="bbox 1895 3384 3496 3455">
     <span class='ocr_line' id='line_1_95' title="bbox 1895 3384 3496 3455; baseline -0.002 -12"><span class='ocrx_word' id='word_1_699' title='bbox 1895 3397 1944 3444; x_wconf 90' lang='lat' dir='ltr'><strong>et</strong></span> <span class='ocrx_word' id='word_1_700' title='bbox 1969 3387 2196 3442; x_wconf 86' lang='lat' dir='ltr'><strong>Thomas</strong></span> <span class='ocrx_word' id='word_1_701' title='bbox 2234 3405 2352 3442; x_wconf 90' lang='lat' dir='ltr'><strong>cum</strong></span> <span class='ocrx_word' id='word_1_702' title='bbox 2387 3389 2485 3452; x_wconf 87' lang='lat' dir='ltr'><strong>eis;</strong></span> <span class='ocrx_word' id='word_1_703' title='bbox 2511 3387 2652 3441; x_wconf 85' lang='lat' dir='ltr'><strong>venit</strong></span> <span class='ocrx_word' id='word_1_704' title='bbox 2679 3385 2837 3440; x_wconf 80' lang='lat' dir='ltr'><strong>Iesus</strong></span> <span class='ocrx_word' id='word_1_705' title='bbox 2859 3384 3045 3455; x_wconf 87' lang='lat' dir='ltr'><strong>januis</strong></span> <span class='ocrx_word' id='word_1_706' title='bbox 3071 3385 3288 3452; x_wconf 87' lang='lat' dir='ltr'><strong>clausis,</strong></span> <span class='ocrx_word' id='word_1_707' title='bbox 3316 3394 3368 3439; x_wconf 90' lang='lat' dir='ltr'><strong>et</strong></span> <span class='ocrx_word' id='word_1_708' title='bbox 3391 3393 3496 3440; x_wconf 85' lang='lat' dir='ltr'><strong>ste-</strong></span> 
     </span>
    </p>
   </div>
   <div class='ocr_carea' id='block_1_96' title="bbox 1894 3474 3492 3536">
    <p class='ocr_par' dir='ltr' id='par_1_96' title="bbox 1894 3474 3492 3536">
     <span class='ocr_line' id='line_1_96' title="bbox 1894 3474 3492 3536; baseline -0.002 0"><span class='ocrx_word' id='word_1_709' title='bbox 1894 3482 1956 3536; x_wconf 89' lang='lat' dir='ltr'><strong>tit</strong></span> <span class='ocrx_word' id='word_1_710' title='bbox 1981 3482 2038 3535; x_wconf 88' lang='lat' dir='ltr'><strong>in</strong></span> <span class='ocrx_word' id='word_1_711' title='bbox 2081 3480 2250 3536; x_wconf 88' lang='lat' dir='ltr'><strong>medio</strong></span> <span class='ocrx_word' id='word_1_712' title='bbox 2279 3496 2461 3534; x_wconf 89' lang='lat' dir='ltr'><strong>eorum</strong></span> <span class='ocrx_word' id='word_1_713' title='bbox 2492 3487 2541 3533; x_wconf 92' lang='lat' dir='ltr'><strong>et</strong></span> <span class='ocrx_word' id='word_1_714' title='bbox 2581 3479 2715 3532; x_wconf 87' lang='lat' dir='ltr'><strong>dixit</strong></span> <span class='ocrx_word' id='word_1_715' title='bbox 2758 3478 2874 3532; x_wconf 88' lang='lat' dir='ltr'><strong>eis:</strong></span> <span class='ocrx_word' id='word_1_716' title='bbox 2913 3474 3034 3531; x_wconf 81' lang='lat' dir='ltr'><strong>Pax</strong></span> <span class='ocrx_word' id='word_1_717' title='bbox 3072 3475 3234 3532; x_wconf 75' lang='lat' dir='ltr'><strong>vobis.</strong></span> <span class='ocrx_word' id='word_1_718' title='bbox 3286 3476 3492 3534; x_wconf 79' lang='lat' dir='ltr'><strong>Deinde</strong></span> 
     </span>
    </p>
   </div>
   <div class='ocr_carea' id='block_1_97' title="bbox 1894 3565 3496 3641">
    <p class='ocr_par' dir='ltr' id='par_1_97' title="bbox 1894 3565 3496 3641">
     <span class='ocr_line' id='line_1_97' title="bbox 1894 3565 3496 3641; baseline -0.003 -15"><span class='ocrx_word' id='word_1_719' title='bbox 1894 3573 2023 3626; x_wconf 90' lang='lat' dir='ltr'><strong>dicit</strong></span> <span class='ocrx_word' id='word_1_720' title='bbox 2054 3571 2267 3627; x_wconf 76' lang='lat' dir='ltr'><strong>Thomw</strong></span> <span class='ocrx_word' id='word_1_721' title='bbox 2296 3585 2316 3623; x_wconf 90' lang='lat'><strong><em>:</em></strong></span> <span class='ocrx_word' id='word_1_722' title='bbox 2366 3570 2519 3641; x_wconf 75' lang='lat' dir='ltr'><strong>Infer</strong></span> <span class='ocrx_word' id='word_1_723' title='bbox 2557 3565 2781 3641; x_wconf 86' lang='lat' dir='ltr'><strong>digitum</strong></span> <span class='ocrx_word' id='word_1_724' title='bbox 2815 3578 2962 3623; x_wconf 87' lang='lat' dir='ltr'><strong>tuum</strong></span> <span class='ocrx_word' id='word_1_725' title='bbox 2988 3567 3126 3633; x_wconf 82' lang='lat' dir='ltr'><strong>huc,</strong></span> <span class='ocrx_word' id='word_1_726' title='bbox 3158 3576 3206 3622; x_wconf 90' lang='lat' dir='ltr'><strong>et</strong></span> <span class='ocrx_word' id='word_1_727' title='bbox 3235 3566 3350 3622; x_wconf 85' lang='lat' dir='ltr'><strong>vide</strong></span> <span class='ocrx_word' id='word_1_728' title='bbox 3377 3584 3496 3622; x_wconf 85' lang='lat' dir='ltr'><strong>ma-</strong></span> 
     </span>
    </p>
   </div>
   <div class='ocr_carea' id='block_1_98' title="bbox 1893 3658 3492 3735">
    <p class='ocr_par' dir='ltr' id='par_1_98' title="bbox 1893 3658 3492 3735">
     <span class='ocr_line' id='line_1_98' title="bbox 1893 3658 3492 3735; baseline -0.003 -16"><span class='ocrx_word' id='word_1_729' title='bbox 1893 3681 1992 3719; x_wconf 88' lang='lat' dir='ltr'><strong>nus</strong></span> <span class='ocrx_word' id='word_1_730' title='bbox 2026 3681 2199 3729; x_wconf 91' lang='lat' dir='ltr'><strong>meas,</strong></span> <span class='ocrx_word' id='word_1_731' title='bbox 2247 3672 2354 3719; x_wconf 91' lang='lat' dir='ltr'><strong>etc.</strong></span> <span class='ocrx_word' id='word_1_732' title='bbox 2403 3662 2506 3735; x_wconf 86' lang='lat' dir='ltr'><strong>(Ex</strong></span> <span class='ocrx_word' id='word_1_733' title='bbox 2545 3660 2739 3734; x_wconf 89' lang='lat' dir='ltr'><strong>Greg.)</strong></span> <span class='ocrx_word' id='word_1_734' title='bbox 2787 3659 2879 3716; x_wconf 90' lang='lat' dir='ltr'><strong>Sic</strong></span> <span class='ocrx_word' id='word_1_735' title='bbox 2922 3659 3121 3731; x_wconf 88' lang='lat' dir='ltr'><strong>quippe</strong></span> <span class='ocrx_word' id='word_1_736' title='bbox 3167 3658 3492 3730; x_wconf 88' lang='lat' dir='ltr'><strong>discipulum</strong></span> 
     </span>
    </p>
   </div>
   <div class='ocr_carea' id='block_1_99' title="bbox 1891 3752 3494 3830">
    <p class='ocr_par' dir='ltr' id='par_1_99' title="bbox 1891 3752 3494 3830">
     <span class='ocr_line' id='line_1_99' title="bbox 1891 3752 3494 3830; baseline -0.003 -17"><span class='ocrx_word' id='word_1_737' title='bbox 1891 3765 2017 3830; x_wconf 91' lang='lat' dir='ltr'><strong>post</strong></span> <span class='ocrx_word' id='word_1_738' title='bbox 2069 3757 2527 3813; x_wconf 89' lang='lat' dir='ltr'><strong>resurrectionem</strong></span> <span class='ocrx_word' id='word_1_739' title='bbox 2576 3771 2730 3812; x_wconf 86' lang='lat' dir='ltr'><strong>suam</strong></span> <span class='ocrx_word' id='word_1_740' title='bbox 2779 3753 3030 3810; x_wconf 88' lang='lat' dir='ltr'><strong>dubitare</strong></span> <span class='ocrx_word' id='word_1_741' title='bbox 3070 3752 3338 3823; x_wconf 90' lang='lat' dir='ltr'><strong>permisit,</strong></span> <span class='ocrx_word' id='word_1_742' title='bbox 3390 3766 3494 3809; x_wconf 90' lang='lat' dir='ltr'><strong>nec</strong></span> 
     </span>
    </p>
   </div>
   <div class='ocr_carea' id='block_1_100' title="bbox 1892 3845 3493 3922">
    <p class='ocr_par' dir='ltr' id='par_1_100' title="bbox 1892 3845 3493 3922">
     <span class='ocr_line' id='line_1_100' title="bbox 1892 3845 3493 3922; baseline -0.003 -16"><span class='ocrx_word' id='word_1_743' title='bbox 1892 3859 2075 3906; x_wconf 90' lang='lat' dir='ltr'><strong>tamen</strong></span> <span class='ocrx_word' id='word_1_744' title='bbox 2106 3851 2162 3904; x_wconf 89' lang='lat' dir='ltr'><strong>in</strong></span> <span class='ocrx_word' id='word_1_745' title='bbox 2196 3849 2536 3922; x_wconf 81' lang='lat' dir='ltr'><strong>dubitatione</strong></span> <span class='ocrx_word' id='word_1_746' title='bbox 2575 3848 2839 3913; x_wconf 90' lang='lat' dir='ltr'><strong>deseruit,</strong></span> <span class='ocrx_word' id='word_1_747' title='bbox 2886 3846 3028 3903; x_wconf 92' lang='lat' dir='ltr'><strong>sicut</strong></span> <span class='ocrx_word' id='word_1_748' title='bbox 3064 3854 3192 3902; x_wconf 90' lang='lat' dir='ltr'><strong>ante</strong></span> <span class='ocrx_word' id='word_1_749' title='bbox 3230 3845 3493 3901; x_wconf 88' lang='lat' dir='ltr'><strong>nativita-</strong></span> 
     </span>
    </p>
   </div>
   <div class='ocr_carea' id='block_1_101' title="bbox 1892 3938 3491 4011">
    <p class='ocr_par' dir='ltr' id='par_1_101' title="bbox 1892 3938 3491 4011">
     <span class='ocr_line' id='line_1_101' title="bbox 1892 3938 3491 4011; baseline -0.003 -14"><span class='ocrx_word' id='word_1_750' title='bbox 1892 3950 2003 3998; x_wconf 92' lang='lat' dir='ltr'><strong>tem</strong></span> <span class='ocrx_word' id='word_1_751' title='bbox 2031 3958 2186 3998; x_wconf 90' lang='lat' dir='ltr'><strong>suam</strong></span> <span class='ocrx_word' id='word_1_752' title='bbox 2216 3943 2420 3999; x_wconf 88' lang='lat' dir='ltr'><strong>habere</strong></span> <span class='ocrx_word' id='word_1_753' title='bbox 2463 3941 2692 3996; x_wconf 85' lang='lat' dir='ltr'><strong>Mariam</strong></span> <span class='ocrx_word' id='word_1_754' title='bbox 2723 3954 2985 4011; x_wconf 89' lang='lat' dir='ltr'><strong>sponsum</strong></span> <span class='ocrx_word' id='word_1_755' title='bbox 3019 3939 3220 4004; x_wconf 91' lang='lat' dir='ltr'><strong>voluit,</strong></span> <span class='ocrx_word' id='word_1_756' title='bbox 3269 3938 3364 4009; x_wconf 90' lang='lat' dir='ltr'><strong>qui</strong></span> <span class='ocrx_word' id='word_1_757' title='bbox 3404 3945 3491 3992; x_wconf 91' lang='lat' dir='ltr'><strong>ta-</strong></span> 
     </span>
    </p>
   </div>
   <div class='ocr_carea' id='block_1_102' title="bbox 1892 4028 3489 4102">
    <p class='ocr_par' dir='ltr' id='par_1_102' title="bbox 1892 4028 3489 4102">
     <span class='ocr_line' id='line_1_102' title="bbox 1892 4028 3489 4102; baseline -0.003 -14"><span class='ocrx_word' id='word_1_758' title='bbox 1892 4050 2017 4090; x_wconf 91' lang='lat' dir='ltr'><strong>men</strong></span> <span class='ocrx_word' id='word_1_759' title='bbox 2058 4033 2125 4088; x_wconf 88' lang='lat' dir='ltr'><strong>ad</strong></span> <span class='ocrx_word' id='word_1_760' title='bbox 2156 4031 2274 4102; x_wconf 83' lang='lat' dir='ltr'><strong>ejus</strong></span> <span class='ocrx_word' id='word_1_761' title='bbox 2308 4032 2528 4102; x_wconf 91' lang='lat' dir='ltr'><strong>nuptias</strong></span> <span class='ocrx_word' id='word_1_762' title='bbox 2568 4046 2674 4087; x_wconf 88' lang='lat' dir='ltr'><strong>non</strong></span> <span class='ocrx_word' id='word_1_763' title='bbox 2704 4031 2973 4102; x_wconf 90' lang='lat' dir='ltr'><strong>pervenit.</strong></span> <span class='ocrx_word' id='word_1_764' title='bbox 3021 4028 3156 4084; x_wconf 84' lang='lat' dir='ltr'><strong>Nam</strong></span> <span class='ocrx_word' id='word_1_765' title='bbox 3190 4031 3265 4085; x_wconf 90' lang='lat' dir='ltr'><strong>ita</strong></span> <span class='ocrx_word' id='word_1_766' title='bbox 3311 4029 3489 4084; x_wconf 88' lang='lat' dir='ltr'><strong>factus</strong></span> 
     </span>
    </p>
   </div>
   <div class='ocr_carea' id='block_1_103' title="bbox 1891 4121 3493 4194">
    <p class='ocr_par' dir='ltr' id='par_1_103' title="bbox 1891 4121 3493 4194">
     <span class='ocr_line' id='line_1_103' title="bbox 1891 4121 3493 4194; baseline -0.001 -16"><span class='ocrx_word' id='word_1_767' title='bbox 1891 4133 1976 4181; x_wconf 90' lang='lat' dir='ltr'><strong>est</strong></span> <span class='ocrx_word' id='word_1_768' title='bbox 2021 4123 2317 4194; x_wconf 89' lang='lat' dir='ltr'><strong>discipulus</strong></span> <span class='ocrx_word' id='word_1_769' title='bbox 2363 4123 2619 4178; x_wconf 89' lang='lat' dir='ltr'><strong>dubitans</strong></span> <span class='ocrx_word' id='word_1_770' title='bbox 2658 4131 2716 4177; x_wconf 92' lang='lat' dir='ltr'><strong>et</strong></span> <span class='ocrx_word' id='word_1_771' title='bbox 2757 4121 2987 4192; x_wconf 87' lang='lat' dir='ltr'><strong>palpans</strong></span> <span class='ocrx_word' id='word_1_772' title='bbox 3025 4121 3181 4176; x_wconf 90' lang='lat' dir='ltr'><strong>testis</strong></span> <span class='ocrx_word' id='word_1_773' title='bbox 3221 4135 3364 4175; x_wconf 66' lang='lat' dir='ltr'><strong>verae</strong></span> <span class='ocrx_word' id='word_1_774' title='bbox 3405 4135 3493 4176; x_wconf 88' lang='lat' dir='ltr'><strong>re-</strong></span> 
     </span>
    </p>
   </div>
   <div class='ocr_carea' id='block_1_104' title="bbox 1891 4208 3487 4282">
    <p class='ocr_par' dir='ltr' id='par_1_104' title="bbox 1891 4208 3487 4282">
     <span class='ocr_line' id='line_1_104' title="bbox 1891 4208 3487 4282; baseline -0.001 -14"><span class='ocrx_word' id='word_1_775' title='bbox 1891 4215 2266 4278; x_wconf 89' lang='lat' dir='ltr'><strong>surrectionis,</strong></span> <span class='ocrx_word' id='word_1_776' title='bbox 2300 4214 2442 4269; x_wconf 91' lang='lat' dir='ltr'><strong>sicut</strong></span> <span class='ocrx_word' id='word_1_777' title='bbox 2481 4227 2712 4282; x_wconf 89' lang='lat' dir='ltr'><strong>sponsus</strong></span> <span class='ocrx_word' id='word_1_778' title='bbox 2738 4211 2928 4268; x_wconf 88' lang='lat' dir='ltr'><strong>matris</strong></span> <span class='ocrx_word' id='word_1_779' title='bbox 2960 4208 3141 4266; x_wconf 83' lang='lat' dir='ltr'><strong>fuerat</strong></span> <span class='ocrx_word' id='word_1_780' title='bbox 3177 4218 3361 4267; x_wconf 90' lang='lat' dir='ltr'><strong>custos</strong></span> <span class='ocrx_word' id='word_1_781' title='bbox 3398 4209 3487 4266; x_wconf 80' lang='lat' dir='ltr'><strong>in-</strong></span> 
     </span>
    </p>
   </div>
   <div class='ocr_carea' id='block_1_105' title="bbox 1893 4304 2577 4378">
    <p class='ocr_par' dir='ltr' id='par_1_105' title="bbox 1893 4304 2577 4378">
     <span class='ocr_line' id='line_1_105' title="bbox 1893 4304 2577 4378; baseline 0 -18"><span class='ocrx_word' id='word_1_782' title='bbox 1893 4309 2198 4378; x_wconf 71' lang='lat' dir='ltr'><strong>tegerrima:</strong></span> <span class='ocrx_word' id='word_1_783' title='bbox 2228 4304 2577 4376; x_wconf 88' lang='lat' dir='ltr'><strong>virginitatis.</strong></span> 
     </span>
    </p>
   </div>
   <div class='ocr_carea' id='block_1_106' title="bbox 1963 4395 3488 4470">
    <p class='ocr_par' dir='ltr' id='par_1_106' title="bbox 1963 4395 3488 4470">
     <span class='ocr_line' id='line_1_106' title="bbox 1963 4395 3488 4470; baseline 0.003 -20"><span class='ocrx_word' id='word_1_784' title='bbox 1963 4396 2072 4470; x_wconf 85' lang='lat' dir='ltr'><strong>(Ex</strong></span> <span class='ocrx_word' id='word_1_785' title='bbox 2102 4395 2292 4470; x_wconf 81' lang='lat' dir='ltr'><strong>Beda.)</strong></span> <span class='ocrx_word' id='word_1_786' title='bbox 2335 4395 2454 4452; x_wconf 82' lang='lat' dir='ltr'><strong>Non</strong></span> <span class='ocrx_word' id='word_1_787' title='bbox 2499 4397 2676 4453; x_wconf 91' lang='lat' dir='ltr'><strong>solum</strong></span> <span class='ocrx_word' id='word_1_788' title='bbox 2722 4412 2916 4454; x_wconf 90' lang='lat' dir='ltr'><strong>manus</strong></span> <span class='ocrx_word' id='word_1_789' title='bbox 2959 4404 3016 4453; x_wconf 93' lang='lat' dir='ltr'><strong>et</strong></span> <span class='ocrx_word' id='word_1_790' title='bbox 3060 4397 3248 4468; x_wconf 90' lang='lat' dir='ltr'><strong>pedes,</strong></span> <span class='ocrx_word' id='word_1_791' title='bbox 3287 4395 3488 4467; x_wconf 84' lang='lat' dir='ltr'><strong>quibus</strong></span> 
     </span>
    </p>
   </div>
   <div class='ocr_carea' id='block_1_107' title="bbox 1890 4490 3489 4563">
    <p class='ocr_par' dir='ltr' id='par_1_107' title="bbox 1890 4490 3489 4563">
     <span class='ocr_line' id='line_1_107' title="bbox 1890 4490 3489 4563; baseline 0.001 -17"><span class='ocrx_word' id='word_1_792' title='bbox 1890 4490 2090 4546; x_wconf 84' lang='lat' dir='ltr'><strong>indicia</strong></span> <span class='ocrx_word' id='word_1_793' title='bbox 2139 4490 2416 4547; x_wconf 90' lang='lat' dir='ltr'><strong>clavorum</strong></span> <span class='ocrx_word' id='word_1_794' title='bbox 2441 4491 2686 4547; x_wconf 89' lang='lat' dir='ltr'><strong>claruere</strong></span> <span class='ocrx_word' id='word_1_795' title='bbox 2732 4491 3003 4563; x_wconf 88' lang='lat' dir='ltr'><strong>vestigia,</strong></span> <span class='ocrx_word' id='word_1_796' title='bbox 3055 4492 3150 4548; x_wconf 88' lang='lat' dir='ltr'><strong>sed</strong></span> <span class='ocrx_word' id='word_1_797' title='bbox 3194 4498 3489 4548; x_wconf 86' lang='lat' dir='ltr'><strong>attestante</strong></span> 
     </span>
    </p>
   </div>
   <div class='ocr_carea' id='block_1_108' title="bbox 1890 4581 3488 4654">
    <p class='ocr_par' dir='ltr' id='par_1_108' title="bbox 1890 4581 3488 4654">
     <span class='ocr_line' id='line_1_108' title="bbox 1890 4581 3488 4654; baseline 0.001 -16"><span class='ocrx_word' id='word_1_798' title='bbox 1890 4582 2134 4639; x_wconf 87' lang='lat' dir='ltr'><strong>Joanne:</strong></span> <span class='ocrx_word' id='word_1_799' title='bbox 2181 4584 2249 4638; x_wconf 89' lang='lat' dir='ltr'><strong>Et</strong></span> <span class='ocrx_word' id='word_1_800' title='bbox 2288 4582 2401 4654; x_wconf 83' lang='lat' dir='ltr'><strong>jam</strong></span> <span class='ocrx_word' id='word_1_801' title='bbox 2431 4583 2573 4640; x_wconf 92' lang='lat' dir='ltr'><strong>latus</strong></span> <span class='ocrx_word' id='word_1_802' title='bbox 2608 4586 2753 4654; x_wconf 91' lang='lat' dir='ltr'><strong>quod</strong></span> <span class='ocrx_word' id='word_1_803' title='bbox 2786 4583 2973 4641; x_wconf 89' lang='lat' dir='ltr'><strong>lancea</strong></span> <span class='ocrx_word' id='word_1_804' title='bbox 3020 4583 3256 4639; x_wconf 82' lang='lat' dir='ltr'><strong>foratum</strong></span> <span class='ocrx_word' id='word_1_805' title='bbox 3305 4581 3488 4640; x_wconf 82' lang='lat' dir='ltr'><strong>fuerat</strong></span> 
     </span>
    </p>
   </div>
   <div class='ocr_carea' id='block_1_109' title="bbox 1890 4674 3485 4741">
    <p class='ocr_par' dir='ltr' id='par_1_109' title="bbox 1890 4674 3485 4741">
     <span class='ocr_line' id='line_1_109' title="bbox 1890 4674 3485 4741; baseline -0.001 -10"><span class='ocrx_word' id='word_1_806' title='bbox 1890 4675 2142 4731; x_wconf 89' lang='lat' dir='ltr'><strong>ostendit.</strong></span> <span class='ocrx_word' id='word_1_807' title='bbox 2180 4675 2250 4732; x_wconf 90' lang='lat' dir='ltr'><strong>Ut</strong></span> <span class='ocrx_word' id='word_1_808' title='bbox 2284 4675 2558 4741; x_wconf 87' lang='lat' dir='ltr'><strong>videlicet,</strong></span> <span class='ocrx_word' id='word_1_809' title='bbox 2591 4684 2810 4731; x_wconf 87' lang='lat' dir='ltr'><strong>ostensa</strong></span> <span class='ocrx_word' id='word_1_810' title='bbox 2842 4674 3124 4730; x_wconf 91' lang='lat' dir='ltr'><strong>vulnerum</strong></span> <span class='ocrx_word' id='word_1_811' title='bbox 3155 4689 3374 4730; x_wconf 90' lang='lat' dir='ltr'><strong>suorum</strong></span> <span class='ocrx_word' id='word_1_812' title='bbox 3407 4675 3485 4730; x_wconf 82' lang='lat' dir='ltr'><strong>ci-</strong></span> 
     </span>
    </p>
   </div>
   <div class='ocr_carea' id='block_1_110' title="bbox 1891 4760 3548 4834">
    <p class='ocr_par' dir='ltr' id='par_1_110' title="bbox 1891 4760 3548 4834">
     <span class='ocr_line' id='line_1_110' title="bbox 1891 4760 3548 4834; baseline 0 -16"><span class='ocrx_word' id='word_1_813' title='bbox 1891 4765 2115 4829; x_wconf 88' lang='lat' dir='ltr'><strong>catrice,</strong></span> <span class='ocrx_word' id='word_1_814' title='bbox 2152 4764 2444 4819; x_wconf 87' lang='lat' dir='ltr'><strong>dubietatis</strong></span> <span class='ocrx_word' id='word_1_815' title='bbox 2483 4771 2646 4834; x_wconf 90' lang='lat' dir='ltr'><strong>atque</strong></span> <span class='ocrx_word' id='word_1_816' title='bbox 2677 4763 3010 4819; x_wconf 89' lang='lat' dir='ltr'><strong>inﬁdelitatis</strong></span> <span class='ocrx_word' id='word_1_817' title='bbox 3057 4778 3247 4818; x_wconf 89' lang='lat' dir='ltr'><strong>eorum</strong></span> <span class='ocrx_word' id='word_1_818' title='bbox 3288 4763 3484 4819; x_wconf 88' lang='lat' dir='ltr'><strong>vulnus</strong></span> <span class='ocrx_word' id='word_1_819' title='bbox 3539 4760 3548 4778; x_wconf 89' lang='lat'><strong>‘</strong></span> 
     </span>
    </p>
   </div>
   <div class='ocr_carea' id='block_1_111' title="bbox 1891 4853 3484 4925">
    <p class='ocr_par' dir='ltr' id='par_1_111' title="bbox 1891 4853 3484 4925">
     <span class='ocr_line' id='line_1_111' title="bbox 1891 4853 3484 4925; baseline 0 -15"><span class='ocrx_word' id='word_1_820' title='bbox 1891 4863 2131 4910; x_wconf 87' lang='lat' dir='ltr'><strong>sanaret.</strong></span> <span class='ocrx_word' id='word_1_821' title='bbox 2172 4853 2374 4909; x_wconf 80' lang='lat' dir='ltr'><strong>Verum</strong></span> <span class='ocrx_word' id='word_1_822' title='bbox 2402 4855 2671 4925; x_wconf 90' lang='lat' dir='ltr'><strong>quomodo</strong></span> <span class='ocrx_word' id='word_1_823' title='bbox 2709 4862 2835 4924; x_wconf 89' lang='lat' dir='ltr'><strong>post</strong></span> <span class='ocrx_word' id='word_1_824' title='bbox 2877 4855 3331 4910; x_wconf 86' lang='lat' dir='ltr'><strong>resurrectionem</strong></span> <span class='ocrx_word' id='word_1_825' title='bbox 3372 4854 3484 4910; x_wconf 88' lang='lat' dir='ltr'><strong>cla-</strong></span> 
     </span>
    </p>
   </div>
   <div class='ocr_carea' id='block_1_112' title="bbox 1891 4947 3483 5018">
    <p class='ocr_par' dir='ltr' id='par_1_112' title="bbox 1891 4947 3483 5018">
     <span class='ocr_line' id='line_1_112' title="bbox 1891 4947 3483 5018; baseline 0.001 -17"><span class='ocrx_word' id='word_1_826' title='bbox 1891 4963 2084 5004; x_wconf 92' lang='lat' dir='ltr'><strong>vorum</strong></span> <span class='ocrx_word' id='word_1_827' title='bbox 2144 4947 2230 5002; x_wconf 90' lang='lat' dir='ltr'><strong>vel</strong></span> <span class='ocrx_word' id='word_1_828' title='bbox 2279 4947 2481 5003; x_wconf 80' lang='lat' dir='ltr'><strong>lanceae</strong></span> <span class='ocrx_word' id='word_1_829' title='bbox 2539 4947 2656 5002; x_wconf 89' lang='lat' dir='ltr'><strong>loca</strong></span> <span class='ocrx_word' id='word_1_830' title='bbox 2704 4948 3030 5018; x_wconf 89' lang='lat' dir='ltr'><strong>pandendo,</strong></span> <span class='ocrx_word' id='word_1_831' title='bbox 3090 4947 3483 5018; x_wconf 91' lang='lat' dir='ltr'><strong>discipulorum</strong></span> 
     </span>
    </p>
   </div>
   <div class='ocr_carea' id='block_1_113' title="bbox 1890 5036 3482 5108">
    <p class='ocr_par' dir='ltr' id='par_1_113' title="bbox 1890 5036 3482 5108">
     <span class='ocr_line' id='line_1_113' title="bbox 1890 5036 3482 5108; baseline -0.001 -16"><span class='ocrx_word' id='word_1_832' title='bbox 1890 5038 2142 5108; x_wconf 82' lang='lat' dir='ltr'><strong>dignatus</strong></span> <span class='ocrx_word' id='word_1_833' title='bbox 2179 5045 2261 5092; x_wconf 85' lang='lat' dir='ltr'><strong>est</strong></span> <span class='ocrx_word' id='word_1_834' title='bbox 2301 5036 2465 5093; x_wconf 92' lang='lat' dir='ltr'><strong>ﬁdem</strong></span> <span class='ocrx_word' id='word_1_835' title='bbox 2492 5051 2751 5107; x_wconf 90' lang='lat' dir='ltr'><strong>spemque</strong></span> <span class='ocrx_word' id='word_1_836' title='bbox 2781 5037 3058 5104; x_wconf 91' lang='lat' dir='ltr'><strong>roborare,</strong></span> <span class='ocrx_word' id='word_1_837' title='bbox 3091 5038 3166 5092; x_wconf 90' lang='lat' dir='ltr'><strong>ita</strong></span> <span class='ocrx_word' id='word_1_838' title='bbox 3194 5038 3248 5092; x_wconf 90' lang='lat' dir='ltr'><strong>in</strong></span> <span class='ocrx_word' id='word_1_839' title='bbox 3277 5039 3363 5094; x_wconf 91' lang='lat' dir='ltr'><strong>die</strong></span> <span class='ocrx_word' id='word_1_840' title='bbox 3393 5037 3482 5106; x_wconf 82' lang='lat' dir='ltr'><strong>ju-</strong></span> 
     </span>
    </p>
   </div>
   <div class='ocr_carea' id='block_1_114' title="bbox 1891 5129 3478 5203">
    <p class='ocr_par' dir='ltr' id='par_1_114' title="bbox 1891 5129 3478 5203">
     <span class='ocr_line' id='line_1_114' title="bbox 1891 5129 3478 5203; baseline -0.004 -15"><span class='ocrx_word' id='word_1_841' title='bbox 1891 5133 2017 5189; x_wconf 89' lang='lat' dir='ltr'><strong>dicii</strong></span> <span class='ocrx_word' id='word_1_842' title='bbox 2044 5141 2098 5187; x_wconf 90' lang='lat' dir='ltr'><strong>et</strong></span> <span class='ocrx_word' id='word_1_843' title='bbox 2127 5132 2314 5187; x_wconf 88' lang='lat' dir='ltr'><strong>eadem</strong></span> <span class='ocrx_word' id='word_1_844' title='bbox 2337 5147 2448 5186; x_wconf 67' lang='lat' dir='ltr'><strong>suae</strong></span> <span class='ocrx_word' id='word_1_845' title='bbox 2475 5132 2744 5201; x_wconf 89' lang='lat' dir='ltr'><strong>passionis</strong></span> <span class='ocrx_word' id='word_1_846' title='bbox 2779 5132 2999 5199; x_wconf 88' lang='lat' dir='ltr'><strong>indicia,</strong></span> <span class='ocrx_word' id='word_1_847' title='bbox 3030 5140 3085 5187; x_wconf 91' lang='lat' dir='ltr'><strong>et</strong></span> <span class='ocrx_word' id='word_1_848' title='bbox 3121 5132 3295 5203; x_wconf 90' lang='lat' dir='ltr'><strong>ipsam</strong></span> <span class='ocrx_word' id='word_1_849' title='bbox 3327 5129 3478 5200; x_wconf 87' lang='lat' dir='ltr'><strong>pari-</strong></span> 
     </span>
    </p>
   </div>
   <div class='ocr_carea' id='block_1_115' title="bbox 1889 5221 3480 5290">
    <p class='ocr_par' dir='ltr' id='par_1_115' title="bbox 1889 5221 3480 5290">
     <span class='ocr_line' id='line_1_115' title="bbox 1889 5221 3480 5290; baseline -0.002 -14"><span class='ocrx_word' id='word_1_850' title='bbox 1889 5231 1975 5278; x_wconf 91' lang='lat' dir='ltr'><strong>ter</strong></span> <span class='ocrx_word' id='word_1_851' title='bbox 2017 5237 2236 5277; x_wconf 91' lang='lat' dir='ltr'><strong>crucem</strong></span> <span class='ocrx_word' id='word_1_852' title='bbox 2283 5222 2654 5289; x_wconf 88' lang='lat' dir='ltr'><strong>monstrando,</strong></span> <span class='ocrx_word' id='word_1_853' title='bbox 2694 5231 2955 5279; x_wconf 90' lang='lat' dir='ltr'><strong>venturus</strong></span> <span class='ocrx_word' id='word_1_854' title='bbox 2993 5231 3105 5288; x_wconf 86' lang='lat' dir='ltr'><strong>est,</strong></span> <span class='ocrx_word' id='word_1_855' title='bbox 3147 5221 3480 5290; x_wconf 90' lang='lat' dir='ltr'><strong>impietatem</strong></span> 
     </span>
    </p>
   </div>
   <div class='ocr_carea' id='block_1_116' title="bbox 1891 5310 3483 5386">
    <p class='ocr_par' dir='ltr' id='par_1_116' title="bbox 1891 5310 3483 5386">
     <span class='ocr_line' id='line_1_116' title="bbox 1891 5310 3483 5386; baseline -0.006 -14"><span class='ocrx_word' id='word_1_856' title='bbox 1891 5316 2265 5386; x_wconf 89' lang='lat' dir='ltr'><strong>superborum,</strong></span> <span class='ocrx_word' id='word_1_857' title='bbox 2295 5315 2776 5386; x_wconf 86' lang='lat' dir='ltr'><strong>inﬁdelitatemque</strong></span> <span class='ocrx_word' id='word_1_858' title='bbox 2798 5315 3146 5372; x_wconf 83' lang='lat' dir='ltr'><strong>confundere.</strong></span> <span class='ocrx_word' id='word_1_859' title='bbox 3178 5310 3399 5367; x_wconf 87' lang='lat' dir='ltr'><strong>Scilicet</strong></span> <span class='ocrx_word' id='word_1_860' title='bbox 3421 5315 3483 5364; x_wconf 89' lang='lat' dir='ltr'><strong>ut</strong></span> 
     </span>
    </p>
   </div>
   <div class='ocr_carea' id='block_1_117' title="bbox 1890 5402 3518 5478">
    <p class='ocr_par' dir='ltr' id='par_1_117' title="bbox 1890 5402 3518 5478">
     <span class='ocr_line' id='line_1_117' title="bbox 1890 5402 3518 5478; baseline -0.001 -17"><span class='ocrx_word' id='word_1_861' title='bbox 1890 5407 2068 5478; x_wconf 90' lang='lat' dir='ltr'><strong>ipsum</strong></span> <span class='ocrx_word' id='word_1_862' title='bbox 2097 5422 2155 5461; x_wconf 91' lang='lat' dir='ltr'><strong>se</strong></span> <span class='ocrx_word' id='word_1_863' title='bbox 2179 5422 2300 5462; x_wconf 91' lang='lat' dir='ltr'><strong>esse</strong></span> <span class='ocrx_word' id='word_1_864' title='bbox 2321 5449 2335 5473; x_wconf 95' lang='lat'><strong>,</strong></span> <span class='ocrx_word' id='word_1_865' title='bbox 2369 5408 2459 5477; x_wconf 92' lang='lat' dir='ltr'><strong>qui</strong></span> <span class='ocrx_word' id='word_1_866' title='bbox 2498 5408 2566 5464; x_wconf 91' lang='lat' dir='ltr'><strong>ab</strong></span> <span class='ocrx_word' id='word_1_867' title='bbox 2611 5408 2790 5478; x_wconf 91' lang='lat' dir='ltr'><strong>impiis</strong></span> <span class='ocrx_word' id='word_1_868' title='bbox 2819 5417 2875 5464; x_wconf 90' lang='lat' dir='ltr'><strong>et</strong></span> <span class='ocrx_word' id='word_1_869' title='bbox 2902 5422 3002 5478; x_wconf 90' lang='lat' dir='ltr'><strong>pro</strong></span> <span class='ocrx_word' id='word_1_870' title='bbox 3029 5404 3208 5473; x_wconf 90' lang='lat' dir='ltr'><strong>impiis</strong></span> <span class='ocrx_word' id='word_1_871' title='bbox 3235 5407 3486 5459; x_wconf 76' lang='lat' dir='ltr'><strong>mortuus</strong></span> <span class='ocrx_word' id='word_1_872' title='bbox 3513 5402 3518 5404; x_wconf 68' lang='grc'><strong><em>’</em></strong></span> 
     </span>
    </p>
   </div>
   <div class='ocr_carea' id='block_1_118' title="bbox 1894 5496 3481 5571">
    <p class='ocr_par' dir='ltr' id='par_1_118' title="bbox 1894 5496 3481 5571">
     <span class='ocr_line' id='line_1_118' title="bbox 1894 5496 3481 5571; baseline -0.003 -16"><span class='ocrx_word' id='word_1_873' title='bbox 1894 5508 1996 5563; x_wconf 90' lang='lat' dir='ltr'><strong>est,</strong></span> <span class='ocrx_word' id='word_1_874' title='bbox 2047 5499 2257 5555; x_wconf 85' lang='lat' dir='ltr'><strong>cunctis</strong></span> <span class='ocrx_word' id='word_1_875' title='bbox 2289 5500 2467 5570; x_wconf 88' lang='lat' dir='ltr'><strong>palam</strong></span> <span class='ocrx_word' id='word_1_876' title='bbox 2513 5499 2717 5571; x_wconf 90' lang='lat' dir='ltr'><strong>angelis</strong></span> <span class='ocrx_word' id='word_1_877' title='bbox 2757 5508 2812 5555; x_wconf 90' lang='lat' dir='ltr'><strong>et</strong></span> <span class='ocrx_word' id='word_1_878' title='bbox 2855 5496 3166 5554; x_wconf 89' lang='lat' dir='ltr'><strong>hominibus</strong></span> <span class='ocrx_word' id='word_1_879' title='bbox 3208 5496 3481 5561; x_wconf 83' lang='lat' dir='ltr'><strong>ostendat,</strong></span> 
     </span>
    </p>
   </div>
   <div class='ocr_carea' id='block_1_119' title="bbox 1896 5591 3482 5664">
    <p class='ocr_par' dir='ltr' id='par_1_119' title="bbox 1896 5591 3482 5664">
     <span class='ocr_line' id='line_1_119' title="bbox 1896 5591 3482 5664; baseline -0.002 -18"><span class='ocrx_word' id='word_1_880' title='bbox 1896 5594 2238 5661; x_wconf 75' lang='lat' dir='ltr'><strong>videamque,</strong></span> <span class='ocrx_word' id='word_1_881' title='bbox 2274 5603 2331 5648; x_wconf 92' lang='lat' dir='ltr'><strong>ut</strong></span> <span class='ocrx_word' id='word_1_882' title='bbox 2359 5595 2618 5664; x_wconf 78' lang='lat' dir='ltr'><strong>scriptum</strong></span> <span class='ocrx_word' id='word_1_883' title='bbox 2637 5601 2756 5649; x_wconf 92' lang='lat' dir='ltr'><strong>est:</strong></span> <span class='ocrx_word' id='word_1_884' title='bbox 2789 5591 2858 5647; x_wconf 88' lang='lat' dir='ltr'><strong>In</strong></span> <span class='ocrx_word' id='word_1_885' title='bbox 2877 5607 3029 5663; x_wconf 86' lang='lat' dir='ltr'><strong>quem</strong></span> <span class='ocrx_word' id='word_1_886' title='bbox 3044 5596 3482 5661; x_wconf 83' lang='lat' dir='ltr'><strong>compunxerunt,</strong></span> 
     </span>
    </p>
   </div>
   <div class='ocr_carea' id='block_1_120' title="bbox 1902 5679 3480 5758">
    <p class='ocr_par' dir='ltr' id='par_1_120' title="bbox 1902 5679 3480 5758">
     <span class='ocr_line' id='line_1_120' title="bbox 1902 5679 3480 5758; baseline -0.001 -20"><span class='ocrx_word' id='word_1_887' title='bbox 1902 5696 1950 5739; x_wconf 87' lang='lat' dir='ltr'><strong>et</strong></span> <span class='ocrx_word' id='word_1_888' title='bbox 1986 5685 2236 5757; x_wconf 86' lang='lat' dir='ltr'><strong>plangant</strong></span> <span class='ocrx_word' id='word_1_889' title='bbox 2265 5703 2319 5741; x_wconf 85' lang='lat' dir='ltr'><strong>se</strong></span> <span class='ocrx_word' id='word_1_890' title='bbox 2350 5703 2507 5758; x_wconf 87' lang='lat' dir='ltr'><strong>super</strong></span> <span class='ocrx_word' id='word_1_891' title='bbox 2547 5703 2664 5741; x_wconf 88' lang='lat' dir='ltr'><strong>eum</strong></span> <span class='ocrx_word' id='word_1_892' title='bbox 2701 5701 2876 5739; x_wconf 84' lang='lat' dir='ltr'><strong>omnes</strong></span> <span class='ocrx_word' id='word_1_893' title='bbox 2901 5684 3064 5738; x_wconf 81' lang='lat' dir='ltr'><strong>tribus</strong></span> <span class='ocrx_word' id='word_1_894' title='bbox 3093 5693 3246 5739; x_wconf 74' lang='lat' dir='ltr'><strong>teme</strong></span> <span class='ocrx_word' id='word_1_895' title='bbox 3292 5679 3480 5754; x_wconf 71' lang='lat' dir='ltr'><strong>(lacis.</strong></span> 
     </span>
    </p>
   </div>
   <div class='ocr_carea' id='block_1_121' title="bbox 1906 5775 3530 5850">
    <p class='ocr_par' dir='ltr' id='par_1_121' title="bbox 1906 5775 3530 5850">
     <span class='ocr_line' id='line_1_121' title="bbox 1906 5775 3530 5850; baseline 0.001 -18"><span class='ocrx_word' id='word_1_896' title='bbox 1906 5776 2026 5850; x_wconf 84' lang='lat' dir='ltr'><strong>xu).</strong></span> <span class='ocrx_word' id='word_1_897' title='bbox 2067 5776 2211 5836; x_wconf 88' lang='lat' dir='ltr'><strong>Sane</strong></span> <span class='ocrx_word' id='word_1_898' title='bbox 2237 5779 2552 5847; x_wconf 84' lang='lat' dir='ltr'><strong>notandum,</strong></span> <span class='ocrx_word' id='word_1_899' title='bbox 2588 5777 2734 5848; x_wconf 88' lang='lat' dir='ltr'><strong>quod</strong></span> <span class='ocrx_word' id='word_1_900' title='bbox 2761 5776 2938 5835; x_wconf 86' lang='lat' dir='ltr'><strong>solent</strong></span> <span class='ocrx_word' id='word_1_901' title='bbox 2972 5777 3031 5836; x_wconf 87' lang='lat' dir='ltr'><strong>iu</strong></span> <span class='ocrx_word' id='word_1_902' title='bbox 3061 5775 3166 5836; x_wconf 87' lang='lat' dir='ltr'><strong>hoc</strong></span> <span class='ocrx_word' id='word_1_903' title='bbox 3203 5777 3320 5837; x_wconf 83' lang='lat' dir='ltr'><strong>loco</strong></span> <span class='ocrx_word' id='word_1_904' title='bbox 3347 5787 3484 5848; x_wconf 77' lang='lat' dir='ltr'><strong>geu-</strong></span> <span class='ocrx_word' id='word_1_905' title='bbox 3523 5799 3530 5811; x_wconf 82' lang='grc'><strong>·</strong></span> 
     </span>
    </p>
   </div>
  </div>
