4030 6514
513 393 629 469 281‘

1817 393 2171 455 sumsum
2203 371 2497 483 ABBATlS

584 522 734 582 Sicut
760 521 902 578 novit
930 537 1014 577 me
1049 516 1246 587 Pater,
1290 527 1342 574 et
1381 533 1473 590 ego
1516 532 1742 589 agnosco
1783 511 2018 578 Patrem,
2053 520 2102 566 et
2128 510 2183 573 Α
2205 523 2305 564 nos
2346 521 2562 578 quoque
2601 505 2871 577 Epistolas
2904 503 3052 562 beati
3095 501 3248 561 Petri
3275 504 3510 578 scriptas
3550 505 3835 576 credere,

511 617 746 672 animam
770 631 941 669 meam
965 629 1100 684 pono
1127 627 1221 683 pro
1251 610 1427 666 ovibus
1452 609 1602 664 meis.
1629 607 1708 664 Ac
1730 607 1778 664 si
1807 614 1990 677 aperte
2016 602 2099 658 di-

511 719 600 769 cat
627 729 641 766 :
688 710 749 767 In
773 710 879 766 hoc
903 715 1116 764 constat
1139 748 1155 775 ,
1199 706 1326 776 quia
1358 713 1415 762 et
1441 719 1711 777 cognosco
1753 709 1961 774 patrem
1983 741 1998 766 ,
2046 706 2102 754 et

511 819 812 878 cognoscor
851 820 880 858 a
909 810 1098 874 patre,
1147 800 1274 872 quia
1317 799 1552 854 animam
1595 812 1771 853 meam
1817 811 1958 866 pono
2000 809 2100 866 pro

515 900 704 955 ovibus
725 897 882 954 meis.
909 896 968 952 Id
999 901 1104 962 est,
1131 909 1197 950 ea
1223 893 1490 950 charitate
1510 907 1617 962 qua
1643 906 1742 962 pro
1766 887 1958 945 ovibus
1987 902 2103 942 mo‘

509 992 643 1055 rior,
658 999 922 1060 quantum
941 997 1152 1060 patrem
1175 986 1395 1058 diligam
1416 984 1663 1041 ostendo.
1689 982 1824 1050 Quia
1842 995 1973 1037 vero
1992 995 2101 1035 non

512 1081 687 1136 solum
712 1080 973 1146 Judmam,
1003 1079 1098 1137 sed
1120 1079 1286 1136 etiam
1326 1076 1684 1149 gentilitatem
1716 1074 1986 1131 redimere
2009 1087 2102 1129 ve-

512 1183 691 1242 nerat,
723 1176 986 1248 adjungit.

583 1269 654 1325 Et
679 1269 816 1326 alias
847 1287 962 1326 oves
988 1270 1176 1335 habeo,
1201 1285 1320 1341 qua:
1348 1285 1453 1323 non
1477 1276 1598 1323 sunt
1630 1283 1696 1321 ea:
1723 1265 1822 1320 hoc
1856 1263 2008 1328 ovili,
2053 1270 2103 1318 et

511 1361 634 1417 illas
663 1369 862 1433 oportet
899 1378 980 1416 me
1006 1360 1288 1427 adducere,
1315 1369 1366 1415 et
1388 1375 1562 1414 vocem
1589 1374 1760 1412 meam
1785 1356 2022 1421 audient,
2054 1363 2104 1410 et

511 1453 602 1523 ﬁet
643 1470 804 1507 unum
847 1452 980 1508 ovile
1003 1461 1052 1507 et
1091 1468 1229 1506 unus
1264 1461 1461 1521 pastor.
1511 1448 1957 1518 Redemptionem
2002 1463 2103 1502 no-

513 1555 685 1601 stram
711 1587 727 1612 ,
784 1545 877 1615 qui
922 1560 991 1601 ex
1035 1544 1219 1615 gentili
1265 1543 1461 1616 populo
1507 1543 1794 1606 venimus,
1846 1540 2106 1597 Dominus

513 1645 831 1708 aspexerat,
876 1652 1002 1694 cum
1040 1651 1100 1693 se
1149 1635 1418 1692 adducere
1465 1642 1522 1690 et
1549 1634 1688 1688 alias
1715 1645 1845 1687 oves
1870 1631 2102 1686 dicebat.

514 1728 629 1786 Hoc
649 1729 892 1800 quotidie
915 1729 1054 1795 ﬁeri,
1072 1731 1288 1793 fratres,
1313 1727 1577 1798 aspicitis,
1601 1724 1707 1782 hoc
1744 1721 2108 1779 reconciliatis

511 1823 759 1894 gentibus
783 1822 985 1879 factum
1023 1823 1184 1878 hodie
1217 1821 1432 1887 videtis,
1475 1819 1630 1890 quasi
1662 1834 1728 1875 ex
1753 1817 1963 1872 duobus
1985 1830 2107 1886 gre‘

513 1913 670 1984 gibus
699 1930 866 1968 unum
897 1914 1040 1969 ovile
1073 1912 1255 1978 efﬁcit,
1292 1913 1420 1982 quia
1449 1911 1734 1966 .ludaicnm
1767 1917 1822 1964 et
1849 1907 2106 1978 gentilem

513 2006 772 2076 populum
801 2007 856 2062 in
883 2023 982 2062 sua
1008 2005 1114 2062 ﬁde
1156 2005 1452 2076 conjungit,
1502 2004 1669 2059 Paulo
1696 2009 1988 2058 attestante
2013 1999 2106 2072 qui

513 2095 628 2150 ait:
676 2096 794 2168 Ipse
835 2105 919 2153 est
959 2112 1066 2168 pax
1103 2103 1311 2161 nostra,
1359 2094 1453 2164 qui
1485 2094 1614 2149 fecit
1640 2102 1866 2162 utraque
1914 2106 2102 2146 unum.

513 2185 652 2241 Dum
698 2188 844 2242 enim
879 2188 946 2242 ad
987 2197 1251 2244 aeternam
1290 2187 1461 2242 vitam
1504 2200 1570 2241 ex
1620 2196 1851 2254 utraque
1886 2183 2108 2240 natione

515 2276 791 2349 simplices
819 2277 998 2350 elegit,
1028 2279 1095 2335 ad
1121 2278 1264 2335 ovile
1289 2277 1570 2348 proprium
1592 2291 1724 2332 oves
1757 2275 1994 2333 deducit.

1143 2427 1464 2469 CONCORDIA.

583 2524 816 2582 Istorum
841 2526 1071 2581 duarum
1095 2533 1152 2582 et
1178 2527 1234 2581 in
1259 2525 1452 2583 ovibus
1477 2535 1532 2583 et
1558 2525 1612 2581 in
1635 2533 1855 2597 pastore
1881 2523 1942 2580 ﬁt
1976 2539 2106 2582 cou-

513 2615 738 2672 veniens
762 2617 1052 2672 concordia
1083 2617 1400 2673 lectionum.

605 2745 932 2803 DOMINICA
958 2745 1276 2802 SECUNDA
1304 2746 1478 2803 POST
1504 2745 1659 2804 OCT.
1689 2745 2007 2804 PASCHZE.

609 2873 864 2916 EPISTOLA
895 2875 1058 2916 PBIIA
1087 2875 1244 2916 ΒΕΛΤΙ
1287 2876 1443 2916 ιιετιιι
1474 2876 1726 2918 Αροετοιι
1745 2902 1761 2928 ,
1789 2876 1910 2918 CAP.
1940 2876 2002 2916 ll.

596 3009 616 3042 ι
652 2990 892 3047 Obsecro
916 3007 1014 3048 vos
1035 3000 1291 3063 tanquam
1307 2993 1545 3049 advenas
1562 3004 1616 3049 et
1640 2994 1956 3065 peregrinos
1982 2993 2107 3049 abs-

521 3099 542 3133 ¢
579 3081 754 3136 tinere
795 3097 893 3137 vos
933 3098 964 3136 a
1009 3082 1320 3139 carnalibus
1369 3082 1672 3149 desideriis,
1704 3098 1826 3154 quae
1873 3084 2109 3139 militant

523 3192 542 3224 ι
580 3172 840 3229 adversus
870 3174 1126 3228 animam.
1176 3173 1655 3231 Conversationein
1693 3184 1932 3232 vestram
1961 3176 2106 3231 inter

522 3283 542 3318 ι
573 3264 774 3322 Gentes
801 3266 1064 3322 habentes
1100 3267 1326 3332 bonam,
1359 3276 1419 3322 ιιι
1448 3268 1501 3323 in
1531 3285 1599 3324 eo
1623 3269 1766 3339 quod
1797 3269 2107 3325 detractant

521 3375 541 3409 ι
575 3359 642 3414 de
656 3359 831 3424 vobis,
860 3367 1119 3429 tanquam
1134 3359 1203 3414 de
1229 3360 1672 3418 malefactoribus
1697 3377 1766 3418 ex
1790 3363 1948 3419 bonis
1971 3378 2104 3434 ope—

522 3465 541 3500 ι
574 3449 744 3514 ribus,
785 3464 882 3504 vos
919 3449 1324 3507 considerantes
1350 3451 1653 3523 gloriﬁcent
1683 3453 1855 3509 Deum
1878 3455 1933 3509 in
1971 3461 2108 3510 tem-

522 3555 540 3589 ι
573 3553 704 3609 pore
760 3539 1105 3596 visitationis.
1151 3539 1392 3610 Suhjecti
1429 3553 1604 3598 estote
1652 3545 1798 3600 omni
1842 3554 2107 3602 creaturae

523 3648 544 3683 ι
575 3631 825 3687 humanae
849 3641 1075 3703 propter
1101 3631 1296 3700 Deum,
1338 3635 1451 3689 sive
1481 3636 1592 3707 regi
1618 3675 1634 3702 ,
1682 3636 1837 3706 quasi
1880 3637 2106 3708 praecel-

529 3741 548 3776 ι
586 3723 748 3790 lenti,
773 3725 888 3780 sive
907 3725 1134 3780 ducibus
1163 3734 1419 3796 tanquam
1448 3727 1517 3782 ah
1543 3743 1607 3783 eo
1639 3728 1821 3784 missis
1847 3730 1914 3785 ad
1934 3729 2110 3785 vindi-

523 3831 544 3866 ι
581 3822 726 3870 ctam
755 3813 1199 3882 malefactorum,
1231 3815 1444 3871 laudem
1482 3833 1610 3873 vero
1640 3819 1923 3874 honorum.
1971 3819 2109 3887 Quia

525 3924 545 3958 ι
579 3907 660 3962 sic
693 3916 778 3963 est
802 3907 1052 3963 voluntas
1078 3908 1194 3974 Dei,
1229 3917 1287 3962 ut
1307 3908 1707 3965 benefacicntes
1735 3909 2111 3969 obmutescere

524 4015 544 4050 ι
579 3996 792 4053 faciatis
865 3999 1289 4069 imprudentium
1367 3999 1648 4056 hominum
1721 4001 2106 4073 ignorantiam.

524 4109 545 4143 ι
585 4089 750 4160 Quasi
779 4091 1048 4159 liberi,-et
1077 4109 1185 4148 non
1214 4093 1369 4162 quasi
1396 4094 1643 4150 velamen
1672 4096 1933 4153 habentes
1955 4098 2112 4155 mali-

523 4201 544 4237 t
581 4184 670 4238 tiae
697 4183 1026 4252 libertatem,
1072 4185 1169 4241 sed
1195 4187 1335 4242 sicut
1377 4188 1521 4243 servi
1558 4187 1673 4244 Dei.
1713 4189 1912 4247 Omnes
1943 4191 2111 4249 hono-

525 4293 545 4328 ι
580 4283 718 4341 rate,
767 4275 1165 4332 fraternitatem
1215 4278 1443 4350 diligite,
1476 4279 1646 4336 Deum
1679 4281 1882 4349 timete,
1927 4299 2110 4356 regem

524 4385 544 4417 ι
575 4366 950 4422 honoriﬁcate.
1003 4366 1184 4435 Servi,
1215 4371 1416 4425 subditi
1443 4379 1616 4427 estote
1652 4373 1705 4428 in
1736 4373 1882 4429 omni
1917 4375 2110 4432 timore

428 4539 432 4541 ἓ
525 4475 545 4510 ι
577 4459 842 4526 dominis,
867 4475 973 4514 non
997 4469 1207 4514 tantum
1232 4461 1389 4517 bonis
1423 4472 1480 4518 et
1505 4466 1784 4531 modestis,
1823 4468 1916 4523 sed
1941 4469 2109 4524 etiam

2133 1870 2180 1931 B

2199 610 2255 657 et
2284 603 2440 672 quasi
2475 600 2632 657 nobis
2660 601 2856 657 missas
2885 600 3069 672 legere
3092 599 3375 655 debemus.
3472 643 3482 652 .

2270 693 2536 748 Abstinete
2565 710 2652 748 vos
2683 711 2714 748 a
2742 691 3048 748 carnalibus
3079 690 3376 758 desideriis,
3419 709 3542 764 quae
3573 692 3835 748 militant

2201 785 2448 840 adversus
2486 784 2738 840 animam.
2792 782 2932 838 Dum
2975 782 3433 853 concupiscentiis
3475 781 3834 840 blandienti-

2199 879 2302 933 bus
2327 893 2456 934 caro
2484 886 2810 943 enervatur,
2859 874 3198 948 subjugatur,
3222 876 3336 947 jam
3360 875 3623 931 vitiorum
3655 891 3833 933 exer-

2201 967 2343 1024 citus
2372 966 2602 1022 ﬁrmiter
2631 967 2890 1022 adversus
2920 966 3161 1022 animam
3183 973 3449 1021 armatur.
3479 965 3632 1034 Quos
3660 981 3830 1022 com-

2200 1065 2448 1130 petenter
2474 1058 2711 1113 advenas
2753 1065 2913 1112 vocat
2942 1064 3000 1113 et
3026 1057 3370 1130 peregrinos,
3420 1064 3484 1112 ut
3529 1072 3598 1113 eo
3627 1059 3830 1115 minus

2203 1149 2435 1205 terrenis
2467 1150 2630 1204 rebus
2675 1148 2919 1204 animum
2947 1157 3285 1218 supponant,
3335 1164 3444 1220 quo
3469 1164 3529 1205 se
3571 1150 3828 1218 patriam

2204 1242 2259 1299 in
2283 1241 2436 1298 ctelis
2462 1240 2665 1298 habere
2694 1241 3076 1307 meminerint;
3121 1255 3357 1312 namque
3386 1240 3492 1296 hoc
3515 1239 3732 1296 distare
3765 1241 3827 1296 in

2203 1335 2309 1390 hac
2331 1335 2444 1390 vita
2474 1334 2621 1390 inter
2660 1331 2864 1390 electos
2893 1331 3032 1388 solet
3055 1341 3112 1387 et
3139 1333 3424 1402 reprobos,
3471 1332 3617 1402 quod
3647 1331 3827 1388 electi

2203 1426 2474 1498 peregrini
2512 1441 2655 1481 nunc
2681 1433 2737 1480 et
2780 1425 2999 1481 exsules
3026 1425 3260 1496 patriam
3289 1433 3614 1495 exspectant
3638 1425 3701 1478 in
3735 1423 3827 1477 fu-

2205 1523 2362 1582 turo,
2411 1524 2674 1586 tantoque
2699 1516 2880 1572 minus
2906 1516 2961 1570 in
2999 1514 3257 1586 praesenti
3287 1514 3499 1584 gaudiis
3527 1515 3824 1571 delectan-

2208 1621 2298 1669 tur
2323 1603 2584 1680 caducis,
2621 1622 2828 1683 qnauto
2859 1612 3042 1668 futura
3080 1612 3201 1669 sine
3228 1612 3335 1667 line
3368 1610 3567 1683 gaudia
3598 1626 3657 1667 se
3690 1625 3824 1682 spe-

2208 1712 2331 1759 rant
2361 1703 2628 1774 acciperc,
2660 1713 2717 1758 et
2748 1703 2804 1758 in
2843 1712 3109 1758 aiternum
3151 1715 3384 1774 regnare
3412 1717 3536 1757 cum
3563 1699 3820 1757 Christo.

2206 1795 2278 1850 At
2311 1810 2442 1851 vero
2481 1794 2697 1866 reprobi
2748 1794 2878 1851 hinc
2906 1794 3106 1850 habent
3139 1795 3396 1864 patriam,
3447 1791 3605 1862 cujus
3632 1792 3822 1848 solum

2207 1887 2332 1942 vitae
2364 1887 2650 1944 desideriis
2688 1894 2888 1943 norunt
2931 1885 3164 1942 inhiare.
3233 1885 3467 1956 Ideoque
3502 1893 3627 1956 post
3665 1885 3823 1940 hanc

2208 1981 2373 2038 vitam
2400 1981 2454 2036 in
2481 1981 2734 2037 exsilium
2761 1980 3057 2053 religantur
3077 1988 3416 2053 perpetuum,
3461 1976 3554 2033 tibi
3595 1979 3822 2034 cunctis

2206 2080 2455 2127 carentes
2487 2069 2850 2143 voluptatibus
2913 2069 3029 2126 sola
3079 2069 3137 2126 in
3197 2068 3487 2126 tormentis
3523 2069 3825 2140 patiantur

2207 2163 2456 2218 adversa.

2278 2252 2348 2308 Ut
2375 2254 2429 2308 in
2451 2269 2511 2308 eo
2531 2254 2671 2322 quod
2705 2253 3005 2308 detractant
3034 2253 3102 2308 de
3123 2253 3265 2308 vobis
3295 2265 3544 2324 tanquam
3571 2251 3823 2324 malefa-

2205 2349 2458 2411 ctoribus,
2485 2362 2551 2400 ea:
2579 2345 2729 2402 bonis
2760 2347 3002 2417 operibus
3029 2363 3118 2402 vos
3145 2346 3553 2412 considerantes,
3601 2345 3822 2416 gloriﬁ-

2204 2450 2319 2492 cent
2355 2437 2528 2493 Deum
2563 2438 2620 2492 in
2671 2438 2758 2493 die
2800 2437 3137 2493 uisitationis.
3181 2436 3506 2507 Plerumque
3539 2436 3821 2510 contingit

2204 2537 2266 2584 ut
2314 2529 2510 2602 pagani
2570 2529 2664 2600 qui
2706 2527 2868 2585 ﬁdem
2902 2528 3342 2585 Christianorum
3401 2527 3815 2597 vituperabant,

2204 2635 2379 2692 quare
2416 2621 2549 2676 deos
2594 2634 2723 2675 suos
2750 2619 3193 2690 dereliquissent,
3247 2618 3594 2689 postmodum
3627 2620 3816 2674 cousi-

2205 2716 2460 2768 derantes
2489 2722 2698 2767 castam
2729 2726 2915 2767 eorum
2946 2710 3440 2773 conversationem,
3471 2710 3815 2766 etinvictum

2205 2800 2260 2857 in
2289 2799 2509 2857 Christo
2532 2801 2796 2866 animum,
2831 2811 3112 2858 cessarent
3144 2801 3224 2857 eis
3248 2801 3560 2869 detrahere,
3610 2802 3818 2871 inagis-

2205 2908 2312 2964 que
2327 2893 2494 2949 Deum
2517 2893 2843 2965 gloriﬁcare,
2869 2910 2934 2950 ac
2953 2894 3513 2964 laudareinciperent,
3535 2895 3632 2965 qui
3661 2893 3846 2951 boni-'

2206 2993 2318 3042 tate
2347 2985 2639 3056 acjustitia
2670 2987 2939 3045 cultorum
2966 3003 3186 3045 suorum
3214 2989 3388 3045 bonus
3413 3001 3536 3045 esse
3549 2989 3816 3059 probare-

2207 3087 2296 3135 tur
2326 3090 2381 3136 et
2403 3079 2622 3149 justus:
2653 3079 2988 3150 Glorificant,
3023 3082 3227 3152 inquit,
3255 3080 3429 3136 Deum
3468 3081 3525 3135 in
3560 3081 3649 3137 die
3682 3080 3815 3136 visi-

2209 3170 2447 3237 rationis,
2497 3172 2600 3226 hoc
2628 3179 2731 3237 est,
2785 3171 2838 3227 in
2874 3185 3118 3244 tempore
3147 3172 3554 3236 retributionis,
3607 3180 3815 3244 quanta

2208 3261 2363 3318 vobis
2389 3261 2464 3318 sit
2489 3261 2659 3332 gloria
2687 3277 2783 3334 per
2803 3262 2973 3319 Deum
2999 3264 3268 3320 donanda.
3299 3263 3422 3320 .lam
3445 3279 3595 3320 nunc
3618 3279 3818 3334 cogno-

2209 3362 2364 3411 scaut
2391 3353 2653 3410 increduli
2675 3369 2800 3410 cum
2827 3369 2923 3411 vos
2945 3355 3212 3413 instanter
3238 3371 3335 3428 per
3359 3354 3634 3413 obstantia
3669 3356 3816 3428 peri-

2209 3445 2329 3502 cula
2358 3444 2509 3500 illum
2537 3445 2692 3517 sequi
2718 3446 3116 3517 perspexerint.
3165 3477 3168 3480 ~

2283 3534 2518 3606 Subjecti
2565 3547 2726 3591 estote
2779 3537 2920 3591 omni
2975 3544 3220 3595 humana
3273 3550 3534 3595 creatum
3596 3549 3814 3611 propter

2212 3627 2400 3683 Deum.
2435 3629 2593 3684 Omni
2632 3630 2881 3686 humanae
2906 3643 3172 3688 creatura:
3201 3633 3354 3698 dicit,
3381 3633 3529 3689 omni
3557 3633 3814 3706 dignitati

2211 3717 2512 3781 hominum,
2551 3721 2701 3775 omni
2727 3735 2995 3792 personae,
3043 3723 3191 3779 omni
3223 3724 3572 3796 principatui,
3603 3727 3696 3782 cui
3717 3742 3815 3784 vos

2211 3811 2390 3867 divina
2421 3813 2704 3882 dispositio
2734 3814 2890 3869 subdi
2930 3814 3180 3870 voluerit.
3235 3815 3344 3872 Hoc
3381 3827 3466 3872 est
3487 3817 3636 3873 enim
3667 3817 3815 3888 quod

2211 3903 2306 3970 ait,
2333 3916 2545 3976 propter
2581 3903 2768 3961 Deum.
2819 3905 2955 3975 Quia
2995 3925 3098 3964 non
3124 3918 3198 3964 est
3224 3920 3452 3980 potestas
3484 3910 3587 3965 nisi
3613 3928 3647 3965 a
3681 3910 3816 3979 Deo,

2210 4004 2258 4048 et
2287 3995 2377 4065 qui
2403 3996 2643 4062 potestati
2673 3998 2862 4052 resistit
2901 3997 2998 4053 Dei
3023 4001 3346 4056 ordinationi
3373 4002 3583 4057 resistit.
3636 4004 3817 4072 Quam

2211 4097 2519 4144 creaturam
2545 4089 2940 4160 subsequenter
2967 4092 3192 4164 exponit
3217 4093 3512 4164 adjungens
3536 4110 3552 4150 :

2281 4200 2400 4256 Sive
2424 4203 2533 4274 regi
2555 4204 2708 4274 quasi
2731 4206 3047 4264 pracellenti
3064 4247 3081 4273 ,
3117 4208 3224 4264 sive
3247 4209 3502 4276 ducibus,
3557 4220 3818 4281 tanquam

2168 4315 2170 4317 ’
2212 4296 2276 4350 ab
2302 4312 2362 4352 eo
2390 4298 2583 4354 missis.
2613 4297 2734 4355 Ideo
2757 4299 2867 4371 regi
2895 4309 3104 4357 tantum
3133 4315 3199 4357 ac
3221 4301 3468 4368 ducibus,
3491 4316 3598 4357 non
3627 4312 3816 4359 autem

2210 4397 2266 4446 ct
2290 4388 2523 4446 dominis
2565 4389 2716 4455 dicit,
2763 4391 2890 4462 quia
2924 4391 3029 4448 hoc
3065 4392 3118 4447 in
3151 4391 3269 4449 loco
3315 4392 3436 4449 illos
3474 4393 3812 4462 specialiter,

2210 4486 2270 4532 ut
2299 4479 2510 4549 prtel'ati
2541 4495 2749 4548 sumus,
2798 4481 3019 4537 instruit
3061 4483 3155 4553 qui
3183 4492 3314 4538 sunt
3360 4483 3572 4538 Domini
3621 4499 3818 4541 servo-

525 4568 545 4602 ι
581 4551 833 4648 dvscolis.
870 4551 997 4607 Haec
1026 4559 1112 4608 est
1139 4551 1285 4606 enim
1313 4554 1486 4623 gratia
1517 4555 1573 4610 in
1602 4556 1818 4612 Christo
1843 4557 1971 4616 Jesu
1999 4561 2108 4617 Do-
2132 4588 2185 4648 Ι)
2212 4584 2352 4625 rum.
2399 4571 2806 4642 thsequcnter
2831 4588 2994 4642 vero,
3034 4551 3095 4632 et
3117 4590 3305 4632 servos
3338 4578 3611 4647 quomodo
3637 4578 3816 4636 domi-

525 4660 545 4694 ι
580 4642 730 4698 mino
755 4652 966 4698 nostro.
997 4663 1016 4696 ι
1095 4703 1100 4706 _

591 4727 816 4785 Obsecro
863 4749 953 4787 vos
1005 4742 1256 4804 tanquam
1285 4733 1512 4790 advenas
1564 4747 1615 4791 et
1654 4741 1977 4810 peregrinos.
2005 4740 2105 4814 (Ex

517 4822 709 4896 Beda.)
734 4823 971 4880 Advenze
1003 4825 1213 4893 Latine,
1258 4826 1446 4883 Graece
1471 4829 1728 4886 dicuntur
1769 4835 2104 4910 προσήλυτοι.

518 4919 636 4989 Quo
663 4920 881 4975 nomine
910 4920 1253 4992 appellabant
1277 4922 1448 4979 Judaei
1499 4940 1593 4981 eos
1636 4927 1728 4996 qui
1768 4929 1835 4985 de
1858 4931 2109 5000 gentibus

516 5011 652 5078 nati,
682 5012 736 5066 in
762 5012 930 5068 Deum
969 5011 1270 5080 credidere,
1317 5013 1542 5086 ejusque
1575 5018 1987 5078 circumcisione
2012 5039 2107 5080 ae-

516 5113 672 5176 cepta
709 5103 936 5161 Judaico
972 5120 1146 5172 more,
1186 5103 1343 5174 juxta
1373 5107 1467 5164 Dei
1493 5109 1686 5181 legem,
1714 5113 1880 5168 vitam
1904 5115 2106 5173 ducere

515 5198 823 5254 voluerunt.
856 5195 934 5252 De
961 5211 1193 5267 quorum
1219 5215 1443 5256 numero
1473 5200 1624 5259 fuere
1666 5206 1886 5276 quidam
1915 5223 2106 5267 eorum

515 5289 605 5360 qui
637 5289 692 5343 in
718 5288 806 5344 die
831 5297 1019 5344 sancto
1044 5287 1420 5359 Pentecostes,
1461 5308 1570 5363 quo
1603 5298 1829 5366 apostoli
1854 5301 2102 5371 spiritum

515 5390 762 5438 sanctum
799 5382 854 5437 in
887 5381 1028 5453 ignis
1055 5383 1264 5439 visione
1310 5396 1704 5456 perceperunt,
1745 5391 1814 5446 ad
1842 5394 2103 5462 praedica-

516 5473 719 5530 tionem
769 5491 957 5531 eorum
1004 5473 1220 5532 Christo
1269 5477 1652 5546 crediderunt,
1702 5482 1914 5541 dicente
1953 5486 2102 5544 Scri-

515 5572 696 5632 ptura,
719 5568 863 5634 quod
886 5565 1057 5623 Judaei
1079 5583 1294 5638 quoque
1322 5577 1377 5623 et
1397 5571 1653 5641 proselyti
1682 5574 1932 5632 adessent
1958 5579 2101 5651 (Act.

517 5653 601 5723 ιι).
654 5652 762 5710 Sed
795 5664 849 5710 et
881 5673 983 5713 nos
1032 5659 1080 5714 si
1114 5660 1385 5715 veraciter
1419 5675 1541 5716 cum
1568 5660 1834 5734 Propheta
1881 5669 1990 5724 Deo
2019 5671 2102 5727 di-

517 5759 643 5802 cere
685 5760 994 5817 possumus,
1028 5752 1283 5820 quoniam
1316 5749 1502 5807 Incola
1532 5768 1626 5807 nos
1654 5770 1834 5810 sumus
1863 5760 2007 5828 apud
2050 5772 2102 5817 te

2210 4660 2296 4715 nis
2324 4659 2655 4718 faninlentur
2703 4664 2977 4722 admonet.
3019 4665 3187 4724 Docet
3213 4683 3345 4739 ergo
3375 4668 3584 4735 ﬁdeles,
3634 4667 3815 4725 fautu-

2209 4752 2292 4809 los
2319 4754 2570 4810 videlicet
2593 4757 2782 4812 teterni
2824 4759 3004 4830 regis,
3036 4759 3201 4815 etiam
3229 4761 3412 4815 nntndi
3447 4761 3814 4830 potestatibus

2210 4847 2389 4913 subdi,
2438 4864 2506 4903 ne
2560 4849 2646 4904 vel
2686 4851 2740 4906 in
2778 4853 2883 4908 hoc
2923 4852 3047 4909 ﬁdei
3096 4864 3153 4910 et
3195 4855 3441 4926 religioni
3481 4856 3812 4914 Christiana:

2210 4938 2383 5010 possit
2411 4939 2660 5007 detrahi,
2702 4943 2844 5012 quod
2873 4958 2972 5013 per
3014 4959 3134 4999 eam
3180 4945 3432 5000 humana:
3476 4946 3813 5003 conditionis

2202 5027 2330 5098 jura
2373 5032 2678 5087 turbentur.
2735 5031 2870 5089 Nam
2916 5043 2972 5090 et
3018 5035 3095 5090 ita
3132 5045 3313 5108 potest
3359 5046 3505 5094 recte
3553 5036 3806 5109 intelligi,

2209 5124 2353 5195 quod
2377 5125 2585 5180 dictum
2620 5134 2704 5182 est
2731 5141 2746 5181 :
2785 5125 2944 5182 Omni
2969 5128 3215 5184 humana:
3240 5139 3519 5196 creatum,
3549 5138 3613 5184 ut
3635 5128 3810 5202 signi-

2207 5213 2400 5272 ﬁcetur
2427 5226 2483 5273 et
2512 5215 2758 5274 ﬁdelibus
2789 5226 2844 5273 et
2871 5218 3162 5276 incredulis
3190 5236 3374 5276 rerum
3405 5218 3660 5276 dominis.

2277 5307 2360 5361 Ad
2389 5307 2674 5362 vindictam
2718 5306 3119 5378 malefactorum
3145 5350 3161 5376 ,
3214 5310 3428 5365 laudem
3477 5328 3594 5366 vero
3640 5311 3808 5366 bono-

2206 5413 2342 5451 rum.
2393 5397 2510 5454 Non
2556 5399 2699 5468 quod
2729 5413 2919 5456 omnes
2965 5401 3058 5472 qui
3099 5417 3132 5457 a
3179 5403 3398 5474 regibus
3439 5403 3592 5459 missi
3633 5404 3808 5464 duces

2203 5499 2349 5557 sunt,
2389 5491 2474 5546 vel
2504 5491 2882 5550 malefactores
2910 5495 3106 5565 punire
3139 5495 3223 5551 vel
3253 5495 3477 5551 laudare
3504 5497 3678 5553 bonos
3704 5512 3805 5553 no-

2202 5583 2398 5646 verint,
2449 5581 2544 5638 sed
2577 5600 2698 5655 qua:
2722 5600 2844 5641 esse
2873 5586 3072 5644 debeat
3097 5587 3241 5644 actio
3282 5589 3410 5644 boni
3438 5588 3620 5654 ducis,
3666 5589 3803 5646 sim-

2202 5675 2416 5746 pliciter
2443 5683 2650 5743 narrat,
2684 5678 2788 5735 hoc
2811 5687 2895 5734 est
2915 5720 2930 5745 ,
2980 5687 3040 5735 ut
3070 5679 3210 5735 male
3235 5681 3498 5737 facientes
3525 5689 3798 5749 coerceat,

2201 5774 2257 5820 et
2275 5766 2412 5821 bene
2438 5776 2660 5840 agentes
2690 5778 3016 5826 remuneret.
3046 5769 3148 5836 Qui
3177 5771 3341 5826 etiam
3363 5771 3409 5827 si
3440 5770 3641 5840 injuste
3662 5772 3796 5844 agit,

516 5837 575 5894 in
601 5845 765 5909 terra,
795 5847 845 5896 et
879 5843 1162 5916 peregrini,
1195 5844 1331 5902 sicut
1362 5860 1538 5903 omnes
1565 5855 1743 5921 patres
1775 5851 1987 5922 nostri;
2029 5854 2099 5916 ad
2198 5856 2248 5916 si
2295 5837 2493 5930 bonos
2515 5859 2777 5935 damnat,
2825 5861 3177 5924 nihilominus
3225 5862 3296 5921 ad
3336 5837 3555 5925 laudetn
3595 5837 3793 5926 θοῐῖιῶ
