4030 6458
192 359 308 419 289

1018 344 1543 409 COLLECTIONES
1579 344 1650 402 1N
1687 340 2068 405 EPISTOLAS
2106 335 2196 398 ΕΤ
2228 339 2647 399 EVANGELIA.

3352 347 3459 407 290

193 470 437 545 pertinet
480 481 600 540 qua:
637 466 801 535 facit,
846 464 894 522 si
920 464 1189 536 patienter
1230 461 1347 533 eius
1385 457 1784 531 improbitatem
1810 457 1863 518 Α
1886 453 2089 545 gistros
2117 466 2325 545 vacare
2347 453 2538 545 solent,
2572 453 2713 508 unde
2736 455 2927 527 σχολή,
2946 454 3159 545 vacatio
3193 452 3465 530 interpre-

195 564 470 626 tolerant,
505 569 561 615 et
595 560 868 631 sapienter
892 557 1009 629 ejus
1036 554 1277 610 stultitiae
1301 552 1576 608 resistunt.
1624 547 1778 604 Unde

193 664 253 713 et
280 654 517 711 Paulus:
555 651 646 706 Vis
676 668 779 705 non
820 650 998 704 timere
1032 655 1371 719 potestatem,
1404 644 1592 699 bonum
1622 640 1780 713 facet

193 746 411 803 habebis
433 744 645 799 laudem
671 759 735 797 ea;
758 740 873 807 illa,
900 757 1009 798 non
1034 740 1183 805 dicit,
1218 739 1286 794 ab
1312 736 1424 801 illa,
1452 736 1547 790 sed
1570 748 1634 789 ex
1666 731 1775 787 illa.

192 838 338 908 Quia
365 846 423 893 et
468 836 516 892 si
554 843 796 907 potestas
826 842 878 889 te
906 832 1178 888 mundana
1204 846 1311 886 non
1336 828 1548 893 laudat,
1605 826 1715 881 imo
1735 823 1782 880 si

190 930 365 986 etiam
390 927 752 999 persequitur,
794 925 840 980 si
884 924 1084 981 occidit
1116 922 1313 995 gladio,
1344 929 1407 975 ut
1445 917 1691 985 Paulum,
1732 915 1780 974 si

190 1019 489 1093 crucifigit,
536 1026 598 1074 ut
625 1019 866 1083 Petrum,
910 1014 1138 1072 habebis
1172 1028 1239 1069 ex
1269 1012 1361 1070 illa
1385 1012 1623 1077 laudem,
1653 1010 1781 1066 dum

188 1129 265 1170 ex
290 1128 355 1170 eo
376 1153 392 1181 ,
424 1113 571 1184 quod
593 1112 683 1168 illa
712 1109 1005 1176 malefecit,
1033 1109 1089 1165 in
1115 1116 1171 1165 te
1187 1106 1393 1177 justum
1416 1114 1472 1162 et
1499 1103 1780 1161 innoxium

191 1215 308 1262 tuae
334 1205 552 1263 virtutis
575 1205 835 1278 patientia
870 1218 1128 1260 coronam
1151 1201 1328 1258 laudis
1350 1208 1608 1256 meretur.
1644 1196 1782 1253 Nam

188 1306 253 1353 et
291 1298 398 1354 hoc
425 1297 723 1353 intendisse
766 1296 984 1352 beatum
1017 1293 1241 1350 Petrum
1281 1292 1337 1347 in
1383 1292 1486 1347 hac
1515 1289 1782 1346 sententia

190 1389 363 1445 verba
390 1388 673 1460 sequentia
698 1387 913 1452 docent,
945 1386 1142 1457 quibus
1164 1386 1365 1441 dicitur
1388 1402 1403 1438 :

270 1481 412 1549 Quia
435 1482 512 1536 sic
535 1489 611 1535 est
649 1478 886 1534 voluntas
915 1476 1159 1544 Domini,
1208 1486 1267 1531 ut
1295 1475 1670 1546 benefacientes
1691 1474 1783 1528 ob-

192 1583 483 1628 muteseere
524 1571 735 1643 faciatis
762 1569 1170 1642 imprudentium
1215 1567 1486 1623 hominum
1527 1564 1781 1635 ignoran-

190 1666 349 1720 tiam.
391 1664 516 1721 Haec
545 1671 630 1720 est
653 1678 783 1733 ergo
806 1661 923 1717 laus
946 1662 1242 1725 bonorum,
1271 1659 1340 1714 ad
1370 1673 1533 1729 quam
1558 1657 1725 1713 duces
1750 1671 1782 1712 a

190 1771 325 1826 rege
350 1755 481 1811 dicit
502 1755 698 1811 missos
716 1794 731 1821 ,
761 1754 887 1810 dum
915 1751 1217 1822 ignorantia
1246 1751 1442 1807 ducum
1474 1746 1783 1819 impruden-

1879 550 2044 598 tatur.
2060 541 2300 612 Denique
2313 542 2366 597 in
2381 542 2594 599 Psalmo
2604 544 2695 599 ubi
2709 546 2954 601 canimus
2970 563 2983 600 :
3009 544 3202 601 Vncate
3216 557 3265 602 et
3281 550 3463 617 videte,

1878 635 2127 705 quoniam
2148 650 2240 705 ego
2268 651 2383 688 sum
2416 634 2695 703 Dominus,
2719 653 2820 708 pro
2852 655 2917 695 eo
2941 640 3085 711 quod
3113 656 3213 697 nos
3234 641 3467 700 dicimus

1877 733 2067 781 vacate
2091 766 2107 793 ,
2153 726 2207 781 in
2234 726 2423 783 Graeco
2454 728 2717 796 habetur,
2767 733 3085 803 σχολάσατι.
3135 731 3461 791 Scholastici

1879 825 2007 873 sunt
2052 832 2181 889 ergo
2209 817 2439 886 eruditi,
2491 819 2695 891 dyscoli
2722 820 2923 878 indocti
2956 830 3013 879 et
3055 833 3313 897 agrestes,
3360 825 3459 882 sed

1879 906 2123 977 utrisque
2169 907 2285 962 vult
2332 908 2553 964 obedire
2595 909 2861 975 subditos,
2909 913 3187 983 explicans
3228 915 3471 987 apertius

1880 1001 2151 1073 quomodo
2198 1017 2299 1058 nos
2347 1017 2511 1074 supra
2566 1004 2716 1059 omni
2762 1010 3026 1060 creatura:
3065 1006 3293 1076 jusserit
3347 1022 3470 1064 esse

1879 1090 2175 1161 subjectos.
2210 1092 2330 1149 Alia
2356 1094 2522 1151 editio
2551 1109 2652 1165 pro
2677 1095 2913 1167 dyscolis
2937 1096 3170 1166 difﬁciles
3204 1100 3390 1167 habet,
3416 1108 3475 1157 et

1880 1194 2101 1242 sanctus
2124 1188 2352 1244 antistes
2378 1187 2698 1260 Fulgentius
2738 1188 2794 1244 in
2837 1188 3111 1259 Opusculis
3132 1190 3246 1246 suis
3269 1193 3348 1247 sic
3375 1208 3473 1263 po-

1880 1279 1997 1334 nit:
2039 1279 2351 1337 Servientes
2390 1297 2514 1338 cum
2555 1297 2773 1346 amore,
2824 1298 2931 1337 non
2961 1290 3173 1337 tantum
3217 1282 3377 1339 bonis
3418 1293 3475 1341 et

1879 1371 2139 1428 modestis
2160 1412 2175 1437 ,
2211 1373 2306 1428 sed
2333 1373 2497 1428 etiam
2521 1372 2927 1431 difﬁcilioribus.
2962 1393 2981 1428 ι

1953 1463 2057 1520 Sed
2082 1466 2128 1520 si
2164 1465 2542 1536 benefacientes
2577 1476 2627 1523 et
2662 1468 2917 1539 patientes
2943 1467 3234 1533 sustinetis,
3264 1467 3377 1522 haec
3399 1477 3475 1523 est

1881 1554 2018 1610 enim
2052 1556 2227 1627 gratia
2267 1557 2324 1612 in
2370 1556 2581 1613 Christo
2627 1557 2780 1614 Iesu.
2826 1558 2954 1615 llam
2983 1567 3067 1615 est
3110 1559 3254 1615 enim
3299 1561 3479 1631 gratia

1884 1648 2024 1719 apud
2066 1649 2257 1715 Deum,
2302 1649 2359 1705 in
2387 1650 2491 1706 hoc
2514 1651 2663 1707 enim
2689 1652 2865 1708 vocati
2896 1652 3048 1717 estis,
3095 1653 3221 1723 quia
3244 1660 3301 1709 et
3323 1651 3480 1709 Chri-

1883 1747 2002 1795 stus
2039 1754 2236 1811 passus
2261 1748 2345 1796 est
2387 1755 2488 1813 pro
2516 1742 2704 1809 nobis,
2754 1743 3065 1815 relinquens
3106 1744 3263 1800 nobis
3294 1760 3481 1801 exem-

193 1846 335 1903 tium
359 1889 375 1913 ,
428 1846 556 1902 boni
604 1845 673 1901 ad
716 1845 929 1901 laudem
973 1860 1130 1900 suam
1173 1851 1489 1916 perpetuam
1540 1844 1678 1899 bene
1722 1829 1856 1897 seB
1881 1831 2051 1901 plum,
2097 1840 2204 1888 etc.
2250 1830 2557 1890 Notandum
2584 1835 2847 1891 attentius
2869 1851 3033 1906 quam
3060 1850 3271 1892 summe
3293 1836 3482 1894 condi-

193 1935 409 2007 agendo
435 1943 680 1991 utuntur.

271 2028 438 2094 Quasi
472 2027 621 2083 liberi
646 2036 694 2083 et
731 2044 835 2083 non
859 2026 1012 2099 quasi
1032 2024 1264 2082 velamen
1286 2025 1533 2081 habentes
1563 2023 1783 2079 malitia:

194 2117 512 2174 libertatem.
544 2117 709 2187 Quasi
736 2117 893 2174 liberi
917 2118 1059 2174 bona
1082 2116 1308 2183 faciunt,
1333 2117 1425 2187 qui
1447 2132 1555 2189 quo
1577 2115 1785 2186 majore

195 2210 342 2280 apud
391 2211 641 2267 homines
672 2209 925 2266 libertate
975 2218 1224 2275 utuntur,
1271 2223 1338 2264 eo
1383 2208 1620 2275 arctius,
1675 2208 1785 2264 imo

194 2298 422 2358 liberius
475 2302 659 2357 divino
705 2300 986 2356 famulatui
1036 2300 1413 2371 subjugantur.
1451 2298 1559 2354 Sed
1613 2307 1670 2354 et
1709 2298 1787 2354 illi

193 2392 353 2461 quasi
392 2392 550 2446 liberi
586 2389 934 2446 benefaciunt
957 2429 972 2455 ,
1019 2389 1113 2460 qui
1148 2390 1205 2443 in
1245 2388 1550 2456 exemplum
1587 2385 1788 2459 Joseph

189 2480 557 2554 patriarchae,
585 2479 801 2535 tametsi
828 2479 1052 2535 servitio
1080 2478 1457 2549 deprimuntur
1485 2480 1784 2545 hominum,

193 2572 343 2627 servi
377 2586 497 2626 esse
524 2571 781 2626 vitiorum
807 2570 954 2625 nulla
981 2577 1099 2625 arte
1123 2569 1538 2641 compelluntur.
1567 2570 1640 2626 At
1659 2586 1788 2627 vero

194 2662 505 2718 libertatem
541 2676 695 2717 suam
743 2662 799 2717 in
824 2661 1071 2717 velamen
1111 2661 1332 2715 malitia:
1380 2668 1624 2726 vertunt,
1663 2678 1787 2717 cum

195 2770 306 2826 quo
335 2754 517 2809 minus
537 2753 760 2809 humani
786 2752 1077 2809 famulatus
1097 2751 1227 2824 jugo
1255 2753 1597 2819 cohibentur,
1624 2768 1690 2809 eo
1711 2753 1789 2809 la-

196 2847 307 2902 tius
342 2850 691 2917 peccatorum
734 2845 976 2900 dominio
1010 2846 1409 2914 mancipantur.
1461 2845 1530 2901 Et
1556 2861 1680 2901 cum
1708 2847 1789 2901 vi-

197 2936 291 2992 tiis
326 2936 547 3007 impune
586 2935 848 3000 serviunt,
896 2935 1204 2991 libertatem
1237 2944 1454 2992 vocant.
1506 2936 1621 2991 Hoc
1644 2953 1785 3008 prae-

196 3034 391 3082 texunt
415 3025 632 3082 nomine
652 3025 891 3097 culpam.
919 3025 1108 3081 Potest
1119 3033 1299 3082 autem
1320 3025 1476 3096 juxta
1504 3026 1635 3082 illud
1662 3042 1790 3098 apo-

196 3117 324 3175 stoli
348 3116 499 3172 Pauli
527 3116 852 3189 generaliter
893 3117 1096 3188 accipi,
1146 3134 1232 3173 vos
1264 3118 1320 3172 in
1347 3116 1582 3171 libertate
1617 3117 1787 3172 vocati

196 3207 349 3271 estis,
373 3206 580 3275 fratres,
605 3213 810 3259 tantum
832 3221 895 3259 ne
921 3204 1212 3260 libertatem
1239 3207 1296 3260 in
1318 3206 1644 3261 occasionem
1668 3223 1788 3261 car-

200 3297 284 3351 nis
311 3295 466 3351 detis.
510 3294 693 3351 Liberi
735 3296 879 3351 enim
910 3303 1058 3351 recte
1086 3311 1366 3362 vocamur,
1403 3296 1529 3366 quia
1557 3310 1656 3366 per
1693 3296 1789 3351 ba-

198 3390 398 3461 ptisma
439 3403 469 3443 a
508 3395 857 3460 peccatorum
899 3403 1086 3445 sumus
1112 3388 1341 3444 nexibus
1365 3388 1622 3453 absoluti,
1658 3388 1787 3459 quia

200 3496 233 3534 a
258 3472 595 3536 daemoniaca
622 3479 884 3535 servitute
927 3480 1214 3551 redempti,
1259 3480 1386 3551 quia
1413 3478 1509 3534 filii
1533 3478 1631 3535 Dei
1655 3478 1787 3536 effe-

198 3572 300 3629 cti.
344 3569 460 3627 Non
506 3579 685 3627 tamen
731 3573 873 3628 dono
919 3572 1188 3627 libertatis
1212 3572 1478 3643 potiorem
1524 3569 1787 3643 peccandi

201 3660 519 3716 facultatem
573 3660 659 3715 vel
701 3660 977 3717 licentiam
1029 3662 1372 3731 accepimus,
1420 3661 1691 3732 quinimo,
1742 3660 1788 3716 si

201 3768 515 3825 peccamus,
543 3768 671 3809 mox
695 3751 947 3809 libertate
973 3752 1184 3824 perdita
1208 3753 1351 3809 servi
1379 3752 1644 3808 efﬁcimur
1664 3766 1790 3823 pec-

200 3844 333 3901 cati.
373 3844 440 3900 Et
470 3844 699 3916 quisque
726 3860 786 3901 se
823 3846 892 3901 ab
926 3845 1029 3901 hoc
1058 3845 1347 3900 liberatum
1370 3860 1399 3899 a
1430 3843 1659 3899 Domino
1691 3859 1791 3914 pu-

202 3945 307 4004 tat,
341 3946 401 3992 ut
424 3937 673 3994 licentius
692 3946 900 4010 peccet,
934 3939 1058 3994 talis
1095 3953 1251 3994 suam
1276 3937 1583 3993 libertatem
1614 3936 1669 3992 in
1699 3952 1791 3993 ve-

202 4029 383 4085 lamen
411 4029 627 4085 malitia:
655 4039 845 4085 mutat.
890 4030 1017 4086 Vult
1048 4040 1226 4087 autem
1256 4046 1355 4086 nos
1378 4031 1570 4086 beatus
1597 4030 1793 4085 Petrus

203 4121 410 4180 liberos
448 4135 571 4175 esse
597 4136 627 4175 a
653 4122 877 4177 servitio
904 4123 1187 4192 culparum
1213 4163 1229 4188 ,
1258 4131 1321 4177 ut
1348 4123 1491 4178 servi
1529 4123 1793 4179 creatoris

204 4211 381 4269 nostri
418 4210 547 4266 boni
578 4224 647 4281 ,ει
690 4210 877 4267 fideles
922 4227 1247 4281 permanere
1291 4212 1563 4282 possimus
1590 4253 1606 4279 ,
1652 4212 1795 4268 unde

206 4305 603 4375 subsequenter
630 4301 874 4373 adiungit
904 4321 918 4357 :

280 4398 389 4455 Sed
424 4398 559 4453 sicut
580 4398 714 4452 servi
733 4396 852 4450 Dei.
880 4394 1075 4450 Omnes
1109 4396 1384 4461 honorate,
1414 4396 1796 4466 fraternitatem

207 4492 442 4564 diligite,
497 4490 665 4545 Deum
726 4491 937 4555 timete,
987 4505 1159 4560 regem
1201 4488 1564 4557 honoriﬁcate.
1614 4488 1794 4544 Monet

206 4599 343 4655 ergo
368 4596 667 4653 congruum
693 4581 903 4636 cunctis
926 4580 1237 4650 impendere
1259 4580 1540 4643 honorem,
1568 4587 1622 4636 et
1634 4577 1793 4650 juxta

208 4673 497 4745 imperium
544 4672 788 4738 Domini,
840 4670 1040 4727 Cazsari
1092 4686 1211 4741 quae
1256 4669 1489 4727 Caesaris
1534 4680 1696 4740 sunt,
1740 4682 1796 4728 et

206 4768 325 4823 Deo
366 4766 593 4822 reddere
636 4780 755 4837 quae
782 4764 877 4820 Dei
911 4772 1054 4820 sunt.
1094 4763 1163 4818 Et
1189 4764 1327 4820 bene
1354 4763 1497 4818 inter
1536 4763 1641 4818 alia
1677 4762 1793 4819 fra-

208 4859 525 4916 ternitatem
554 4858 777 4930 diligere
797 4856 954 4926 jubet
974 4858 1197 4924 liberos,
1226 4866 1286 4912 ut
1311 4872 1405 4912 eos
1443 4871 1657 4928 quoque
1699 4857 1794 4929 qui

209 4936 315 5007 sibi
337 4950 621 5022 temporali
653 4950 961 5006 conditione
988 4947 1217 5019 subjecti
1246 4957 1406 5016 sunt,
1452 4947 1650 5004 fratres
1690 4949 1795 5004 sibi

209 5045 270 5101 in
294 5043 510 5100 Christo
533 5058 652 5101 esse
694 5042 869 5099 factos
913 5043 1189 5110 recolant,
1219 5059 1327 5099 una
1369 5057 1491 5098 cum
1537 5043 1670 5112 ipsis
1698 5058 1797 5114 pa-

211 5147 357 5195 trem
384 5139 699 5195 invocantes
736 5152 878 5203 eum,
926 5138 1018 5209 qui
1048 5138 1165 5195 sine
1203 5137 1516 5208 acceptione
1541 5152 1798 5207 persona-

211 5247 337 5287 rum
356 5230 584 5301 judicat.

222 5320 235 5335 '
288 5322 459 5389 Servi,
488 5322 682 5377 subditi
713 5331 873 5377 estote
896 5322 951 5376 in
994 5322 1137 5376 omni
1172 5322 1358 5377 timore
1389 5321 1615 5377 dominis
1636 5362 1650 5387 ,
1694 5338 1798 5377 non

215 5423 425 5471 tantum
446 5414 594 5471 bonis
616 5423 664 5469 et
688 5414 956 5479 modestis,
986 5413 1076 5467 sed
1091 5413 1247 5469 etiam
1272 5413 1519 5484 dyscolis.
1553 5414 1799 5472 Δύσκολοι

215 5514 349 5565 sunt
378 5505 643 5573 diﬁiciles,
675 5507 793 5563 sine
818 5505 1053 5561 scholari
1079 5506 1345 5561 doctrina.
1392 5505 1634 5562 Discolos
1661 5506 1800 5562 indi—

216 5602 533 5671 sciplinatos
578 5601 748 5665 dicit,
800 5601 1019 5656 nomine
1060 5600 1223 5655 ducto
1265 5614 1295 5653 a
1342 5598 1529 5655 Graeco
1564 5598 1798 5669 eloquio.

1814 3187 1859 3250 C

1817 4537 1872 4600 D

1882 1923 2086 1979 tionem
2114 1938 2398 1980 servorum
2426 1925 2726 1996 gloriﬁcet,
2776 1943 2913 1999 quos
2952 1928 3377 1995 benefacientes,
3424 1936 3482 1984 et

1882 2016 2089 2086 absque
2116 2015 2224 2070 ulla
2245 2017 2402 2089 culpa
2422 2019 2804 2088 vapulantesa
2831 2020 3065 2076 dominis
3085 2020 3397 2076 crudelibus
3425 2028 3482 2076 et

1882 2104 2147 2177 improbis
2166 2108 2471 2165 imitatores
2491 2124 2610 2165 esse
2622 2109 2917 2166 Dominicae
2936 2110 3206 2181 passionis
3223 2108 3478 2167 afﬁrmat.

2240 2216 2580 2259 ενΑΝςειιωί
2603 2218 2841 2270 JOANNIS,
2869 2219 2987 2258 CAP.
3010 2218 3123 2259 XVI.

1962 2309 1981 2346 t
2015 2291 2282 2348 Modicum
2323 2300 2379 2348 et
2413 2291 2526 2361 jam
2572 2310 2682 2349 non
2717 2295 2973 2351 videbitis
3017 2310 3139 2361 me,
3181 2302 3238 2351 et
3282 2293 3480 2351 iterum

1893 2397 1913 2432 ι
1945 2381 2219 2436 modicum
2261 2389 2317 2437 et
2343 2381 2598 2438 videbitis
2624 2400 2711 2439 me
2734 2424 2750 2449 ,
2800 2385 2928 2454 quia
2952 2384 3095 2440 vado
3135 2386 3204 2441 ad
3244 2394 3480 2457 patrem.

1894 2490 1913 2525 ι
1947 2471 2215 2527 Dixerunt
2273 2486 2404 2544 ergo
2450 2488 2519 2528 ex
2573 2474 2853 2545 discipulis
2901 2475 3019 2545 ejus
3071 2476 3142 2531 ad
3201 2476 3479 2532 invicem:

1893 2585 1913 2618 ε
1950 2566 2089 2634 Quid
2131 2576 2217 2623 est
2258 2568 2364 2624 hoc
2396 2567 2541 2639 quod
2568 2568 2704 2624 dicit
2726 2568 2887 2624 nobis
2918 2583 2934 2623 :
2968 2568 3260 2634 Modicum,
3286 2577 3343 2625 et
3371 2585 3481 2626 non

1894 2678 1913 2710 ι
1941 2659 2194 2715 videbitis
2238 2675 2367 2726 me,
2420 2668 2476 2716 et
2523 2661 2721 2716 iterum
2770 2661 3084 2726 modicum,
3124 2668 3181 2715 et
3228 2661 3485 2717 videbitis

1894 2770 1913 2803 ι
1943 2768 2049 2819 me,
2072 2754 2199 2825 quia
2244 2754 2384 2810 vado
2418 2754 2486 2810 ad
2514 2756 2772 2826 patrem?
2823 2754 3087 2811 Dicebant
3133 2767 3304 2825 ergo:
3342 2751 3484 2821 Quid

1894 2862 1914 2897 ι
1944 2852 2029 2901 est
2077 2846 2182 2901 hoc
2232 2845 2377 2915 quod
2427 2845 2561 2903 dicit
2611 2846 2790 2912 nobis,
2836 2846 3149 2902 modicum?
3196 2845 3482 2902 Nescimus

1894 2953 1914 2988 ι
1949 2936 2079 3007 quid
2107 2935 2367 3007 loquitur.
2404 2936 2689 3009 Cognovit
2731 2946 2914 2994 autem
2950 2938 3112 2995 Jesus
3160 2938 3291 3009 quia
3337 2937 3487 2994 vole-

1896 3046 1915 3081 ‹
1950 3030 2083 3085 bant
2124 3045 2249 3085 eum
2280 3031 2640 3104 interrogare,
2691 3041 2748 3088 et
2773 3032 2909 3089 dixit
2948 3033 3068 3088 eis':
3101 3032 3179 3088 De
3208 3033 3313 3087 hoc
3339 3048 3488 3104 quae-

1897 3138 1917 3172 ι
1950 3121 2071 3177 ritis
2104 3122 2250 3178 inter
2269 3137 2387 3189 vos,
2417 3124 2542 3194 quia
2569 3124 2682 3179 dixi
2717 3125 2991 3180 modicum
3019 3132 3074 3179 et
3098 3140 3207 3180 non
3232 3124 3489 3180 videbitis

1896 3229 1916 3263 ι
1950 3228 2062 3278 me,
2112 3220 2169 3268 et
2216 3213 2417 3269 iterum
2447 3214 2749 3278 modicum,
2799 3224 2854 3270 et
2893 3215 3148 3271 videbitis
3186 3230 3308 3281 me,
3361 3214 3487 3284 quia

1895 3319 1915 3353 ι
1950 3303 2090 3358 vado
2116 3304 2185 3359 ad
2208 3312 2442 3374 patrem.
2473 3305 2650 3361 Amen
2676 3320 2833 3360 amen
2862 3305 2985 3361 dico
3010 3306 3185 3371 vobis,
3228 3307 3355 3375 quia
3376 3305 3491 3375 plo-

1896 3414 1915 3449 t
1949 3396 2142 3452 rabitis
2181 3405 2236 3452 et
2272 3396 2470 3454 flebitis
2503 3414 2603 3454 vos
2628 3439 2643 3463 ,
2693 3399 2927 3454 mundus
2969 3408 3151 3454 autem
3202 3400 3478 3471 gaudebit.

1895 3505 1914 3539 ι
1950 3488 2061 3543 Vos
2084 3496 2266 3543 autem
2292 3487 2771 3553 contristabimini,
2801 3489 2899 3544 sed
2914 3488 3137 3545 tristitia
3161 3496 3347 3544 vestra
3372 3504 3491 3544 ver-

1896 3598 1915 3634 ι
1954 3589 2100 3637 tetur
2126 3582 2183 3637 in
2209 3582 2487 3653 gaudium.
2534 3582 2726 3638 Mulier
2754 3598 2877 3637 cum
2903 3583 3049 3653 parit
3071 3582 3356 3638 tristitiam
3387 3581 3487 3638 ha-

1895 3690 1915 3727 t
1950 3674 2083 3742 bet,
2132 3676 2261 3746 quia
2309 3676 2457 3731 venit
2503 3675 2640 3731 hora
2683 3676 2819 3744 ejus.
2866 3674 3001 3731 Cum
3050 3683 3230 3731 autem
3278 3674 3491 3746 peperit

1895 3781 1915 3816 ι
1950 3781 2204 3837 puerum,
2226 3766 2343 3835 jam
2366 3782 2477 3822 non
2504 3766 2755 3822 meminit
2776 3782 3064 3835 pressurae,
3110 3775 3333 3837 propter
3354 3782 3488 3838 gau-

1896 3874 1916 3908 ι
1949 3858 2117 3925 dium,
2146 3857 2272 3929 quia
2300 3865 2463 3914 natus
2486 3868 2572 3914 est
2590 3859 2753 3915 homo
2779 3858 2835 3913 in
2861 3859 3143 3915 mundum.
3187 3859 3257 3913 Et
3274 3873 3371 3913 vos
3393 3857 3488 3929 igi-

1897 3965 1917 4000 t
1952 3956 2042 4003 tur
2068 3964 2215 4005 nunc
2238 3950 2456 4021 quidem
2487 3950 2767 4006 tristitiam
2794 3949 3029 4016 habetis,
3079 3949 3276 4005 iterum
3304 3955 3485 4003 autem

1898 4056 1917 4091 ι
1949 4040 2146 4096 videbo
2170 4056 2269 4097 vos
2311 4049 2366 4096 et
2408 4040 2667 4112 gaudebit
2701 4054 2796 4095 cor
2829 4048 3067 4095 vestrum
3088 4079 3104 4104 ,
3146 4047 3201 4093 et
3230 4039 3485 4108 gaudium

1899 4150 1918 4183 ‹
1954 4140 2198 4187 vestrum
2224 4148 2385 4187 nemo
2414 4132 2567 4188 tollet
2593 4148 2622 4186 a
2654 4133 2827 4187 vobis.
2856 4151 2875 4183 ι

1966 4220 2235 4275 Modicum
2271 4231 2335 4276 et‘
2340 4223 2457 4292 jam
2492 4240 2595 4277 non
2626 4222 2863 4277 videbitis
2892 4238 2991 4282 me,
3021 4230 3071 4275 et
3096 4221 3286 4275 iterum
3315 4220 3488 4274 modi-

1895 4326 2015 4364 cum
2043 4320 2092 4363 et
2119 4310 2357 4365 videbitis
2390 4328 2491 4365 me.
2523 4312 2603 4367 Ad
2626 4311 2748 4366 illos
2775 4311 3083 4382 specialiter
3112 4311 3229 4367 haec
3267 4326 3385 4380 qua:
3412 4311 3492 4366 di-

1899 4408 1986 4454 cta
2014 4408 2141 4454 sunt
2164 4400 2472 4470 pertinent,
2502 4402 2596 4471 qui
2626 4401 2743 4472 ejus
2773 4400 3117 4473 discipulatui
3147 4402 3492 4473 pmdicantis

1898 4488 1954 4543 in
1981 4504 2143 4545 carne
2181 4490 2477 4557 adhaerere,
2519 4499 2575 4547 et
2600 4500 2725 4564 post
2754 4493 3036 4549 tristitiam
3063 4494 3334 4565 passionis
3357 4510 3490 4562 suae,

1900 4580 2018 4636 visa
2048 4582 2447 4637 resurrectione
2477 4591 2535 4638 et
2553 4583 2871 4639 ascensione
2900 4581 3037 4651 ejus,
3087 4582 3351 4639 laetiﬁcari
3378 4599 3493 4640 me-

1901 4684 2148 4731 ruerunt.
2179 4675 2447 4731 Modicum
2462 4677 2628 4733 etiam
2646 4676 2748 4732 fuit
2773 4677 2841 4732 ab
2861 4678 2952 4733 illa
2974 4678 3110 4733 hora
3150 4677 3293 4733 illius
3318 4678 3495 4735 noctis

1900 4782 2007 4837 qua
2034 4767 2261 4823 traditus
2284 4776 2369 4822 est
2394 4769 2450 4823 in
2477 4769 2608 4824 hora
2642 4769 2913 4839 passionis
2935 4784 3064 4833 sua},
3090 4769 3234 4840 quod
3264 4785 3385 4824 eum
3413 4770 3495 4826 di-

1901 4846 2094 4930 scipuli
2123 4859 2414 4915 carnaliter
2450 4860 2727 4916 videbant.
2768 4860 2840 4914 Et
2860 4860 3051 4916 iterum
3080 4862 3342 4916 modicum
3369 4860 3494 4928 fuit,

1902 4954 2046 5023 quod
2084 4954 2303 5010 clausus
2348 4955 2403 5010 in
2453 4954 2702 5024 sepulcro
2748 4954 2912 5010 tertia
2955 4955 3042 5010 die
3086 4962 3495 5011 resurrecturus

1897 5045 2100 5116 jacuit,
2143 5056 2200 5102 et
2218 5047 2434 5103 illorum
2479 5047 2787 5117 aspectibus
2811 5047 2987 5103 videri
3029 5062 3136 5103 non
3164 5049 3358 5119 potuit,
3393 5048 3496 5103 hoc

1902 5145 1989 5193 est
2016 5140 2158 5209 quod
2202 5138 2313 5194 ait:
2367 5136 2639 5193 Modicum
2685 5148 2736 5195 et
2777 5156 2883 5195 non
2927 5140 3165 5195 videbitis
3193 5158 3294 5195 me.
3340 5139 3494 5206 Quod

1902 5242 2033 5283 vero
2068 5228 2145 5282 ait
2174 5247 2186 5283 :
2239 5228 2442 5283 lterum
2481 5228 2746 5285 modicum
2773 5240 2824 5285 et
2854 5230 3093 5286 videbitis
3140 5248 3245 5296 me,
3288 5228 3495 5299 signifi-

1907 5325 1997 5373 cat
2016 5326 2229 5389 tempus
2253 5326 2378 5390 post
2404 5320 2884 5388 resurrectionem,
2928 5338 3037 5392 quo
3066 5336 3189 5376 cum
3214 5318 3496 5389 discipulis

1903 5422 2257 5471 conversatus
2278 5424 2385 5482 est,
2422 5422 2480 5471 et
2503 5415 2608 5472 illis
2651 5417 2970 5473 multimoda
2994 5415 3304 5472 ostensione
3328 5429 3498 5487 appa-

1900 5508 2036 5573 ruit,
2080 5523 2254 5580 usque
2278 5508 2407 5565 dum
2436 5509 2681 5565 ascendit
2706 5511 2759 5565 in
2799 5510 2994 5566 coelum
3022 5508 3131 5563 illis
3160 5508 3493 5577 videntibus,

1902 5612 1965 5657 ut
1990 5604 2044 5658 in
2073 5603 2366 5676 Evangelio
2398 5612 2453 5660 et
2487 5605 2544 5660 in
2585 5603 2809 5659 Actibus
2852 5602 3236 5673 Apostolorum
3271 5603 3489 5677 legitur.

218 5694 358 5762 Quia
378 5692 566 5750 Graece
588 5692 772 5749 schola
800 5700 1027 5748 vocatur
1049 5690 1201 5747 locus
1225 5690 1279 5745 in
1305 5706 1411 5760 quo
1435 5690 1805 5747 adolescentes
1905 5695 1976 5751 Et
2020 5696 2125 5752 hoc
2151 5704 2256 5762 est,
2287 5697 2433 5767 quod
2478 5695 2554 5750 ait
2579 5712 2593 5748 :
2638 5693 2777 5759 Quia
2820 5693 2953 5747 vado
2988 5694 3059 5747 ad
3084 5690 3324 5763 Patrem,
3355 5710 3421 5750 ac
3444 5694 3492 5752 si

220 5786 550 5845 litteralibus
574 5786 766 5847 studiis
787 5800 1008 5856 operam
1027 5786 1178 5851 dare,
1202 5791 1259 5839 et
1277 5783 1343 5840 ad
1371 5782 1667 5840 audiendos
1690 5800 1804 5845 ma-

1907 5798 2157 5861 patenter
2178 5792 2365 5849 dicat:
2402 5789 2539 5861 Quia
2577 5794 2701 5859 post
2740 5786 3013 5844 modicum
3048 5804 3077 5845 a
3110 5791 3310 5847 vestris
3335 5802 3493 5861 aspe-
