4030 6528
457 393 568 455 sas
1383 375 1395 382 '
1750 377 2108 438 summam
2145 375 2437 435 ABBATIS
3663 381 3819 439 29¢;

441 503 558 563 'tus
585 511 642 563 et
662 509 900 574 tempus,
931 499 1326 557 incrementum
1351 502 1409 552 et
1433 494 1703 561 defectus,
1724 493 1947 550 omnino
1985 490 2068 546 di-
2093 491 2147 553 Α
2170 498 2277 555 est,
2326 490 2447 544 sine‘
2477 487 2558 544 ira
2601 497 2657 545 et
2686 488 3098 561 disceptatione.
3153 487 3418 563 Suscipite
3456 505 3561 566 per
3606 494 3813 553 ﬁdem

467 599 595 656 vina
621 612 731 652 non
757 592 958 665 accipit
979 597 1202 648 natura.
2168 591 2374 638 rectam
2405 583 2461 638 in
2497 593 2679 641 mcnte
2722 599 2857 656 pura
2898 585 3114 640 insitum
3144 585 3378 654 verbum,
3431 605 3461 644 a
3490 590 3606 645 Deo
3643 594 3816 648 mis-

542 689 657 745 Nec
688 683 1060 744 vicissitudinis
1082 680 1438 737 obumbratio.
1464 679 1581 736 Non
1607 679 1754 736 enim
1780 677 1894 734 dies
1929 678 2072 734 sicut
2169 691 2323 741 sum,
2373 685 2428 731 et
2474 676 2528 732 in
2574 677 2850 732 mentibus
2897 679 3100 734 nostris
3153 687 3508 750 susceptum,
3570 691 3634 737 ut
3685 683 3815 738 ubi

471 781 612 847 dies,
644 787 768 852 post
795 777 971 833 lucem
1000 774 1360 831 obumbratur
1384 789 1416 828 a
1442 773 1704 837 tenebris,
1738 771 1829 842 qui
1857 785 2073 843 semper

473 871 569 931 lux
599 873 756 938 lucis,
785 876 1004 926 creator
1028 867 1206 924 omnis
1236 875 1293 923 et
1320 866 1474 939 origo
1501 874 1585 922 est
1613 866 1853 921 luminis.

557 963 862 1020 Voluntarie
887 961 1068 1035 genuit
1092 977 1210 1016 nos.
1233 959 1339 1016 Per
1362 959 1594 1032 gratiam
1619 959 1824 1028 utique,
1841 972 1950 1013 non
1978 973 2074 1014 na-

477 1067 676 1124 turam,
719 1056 895 1114 solum
925 1055 1073 1110 enim
1105 1053 1334 1110 verbum
1361 1059 1484 1118 est,
1531 1052 1675 1122 quod
1703 1049 2074 1107 substantiali-

475 1161 562 1209 ter
587 1159 640 1207 et
665 1150 887 1222 proprie
929 1148 1125 1205 dicitur
1153 1146 1299 1202 ﬁlius
1333 1145 1453 1200 Dei.
1501 1142 1697 1200 Caeteri
1742 1151 1928 1199 autem
1969 1157 2070 1212 po-

477 1251 679 1301 testate
716 1242 786 1298 ab
810 1240 903 1298 illo
928 1247 1151 1310 accepta
1175 1245 1443 1293 vocantur
1470 1234 1587 1300 ﬁlii,
1617 1242 1871 1306 quotquot
1895 1242 2073 1287 autem

474 1342 784 1407 receperunt
819 1350 960 1399 eum,
998 1332 1076 1387 ait
1102 1328 1421 1402 Apostolus,
1471 1327 1614 1382 dedit
1657 1327 1733 1382 eis
1767 1334 2072 1398 potestatem

477 1427 621 1498 ﬁlios
644 1425 745 1481 Dei
768 1425 887 1495 ﬁeri
923 1421 1105 1495 (Ioan.
1139 1423 1205 1494 ι).

559 1516 728 1572 Verbo
753 1517 1006 1571 veritatis.
1036 1512 1254 1570 Veritas
1279 1512 1425 1568 Deus
1468 1520 1642 1584 pater,
1675 1511 1900 1567 verbum
1930 1509 2074 1565 illius

481 1609 601 1680 ejus
619 1617 737 1666 est:
767 1608 813 1664 si
845 1608 1044 1663 veritas
1069 1605 1338 1672 Christus,
1370 1606 1598 1661 verbum
1623 1604 1872 1660 veritatis
1897 1604 2075 1658 Evan-

482 1699 686 1771 gelium
727 1697 846 1768 ejus
882 1703 1014 1752 est:
1055 1693 1165 1752 Per
1205 1693 1585 1766 Evangelium,
1626 1694 1803 1765 inquit
1849 1693 2067 1760 Paulus,

477 1808 574 1863 ego
603 1807 694 1845 uos
717 1789 894 1861 genui.

557 1881 628 1937 Ut
677 1883 842 1938 simus
884 1880 1096 1935 initium
1137 1878 1340 1951 aliquot
1379 1888 1637 1934 creatura:
1669 1879 1805 1949 ejus.
1857 1877 2079 1933 Initium

479 1982 787 2040 creaturae,
843 1970 1193 2028 rationabiles
1247 1970 1424 2043 angeli
1478 1970 1533 2024 in
1584 1969 1723 2024 caelo
1749 2010 1765 2036 ,
1822 1968 1879 2024 in
1931 1976 2080 2024 terra

480 2065 676 2131 Adam,
707 2065 763 2121 in
789 2064 1032 2121 Ecclesia
1055 2063 1270 2119 Veteris
1293 2061 1626 2117 Testamenti
1649 2058 1993 2131 patriarchae,
2023 2057 2080 2112 in

478 2156 728 2214 Ecclesia
774 2155 1037 2228 sanguine
1082 2153 1288 2211 Christi
1337 2152 1620 2222 redempta
1659 2150 1890 2220 apostoli
1927 2157 2079 2216 sunt,

484 2264 612 2306 nam
646 2249 740 2304 uni
768 2263 960 2304 eorum
987 2247 1217 2302 dicitur:
1263 2243 1342 2298 Tu
1367 2259 1421 2298 es
1446 2240 1658 2309 Petrus,
1687 2252 1736 2297 et
1759 2258 1917 2313 super
1944 2241 2082 2296 hanc

485 2333 705 2393 Petram
761 2336 1034 2406 wdiﬁcabo
1086 2332 1395 2389 Ecclesiam
1437 2349 1610 2387 meum
1667 2331 1883 2404 (Matth.
1942 2329 2078 2404 1m),

484 2445 650 2502 quam
677 2428 978 2486 Ecclesiam
1014 2425 1216 2482 Paulus
1244 2424 1522 2498 apostolus
1548 2440 1746 2480 novam
1771 2432 2080 2480 creaturam

485 2519 741 2592 appellat.

555 2607 638 2666 Sit
659 2618 837 2666 autem
863 2609 1032 2665 omnis
1057 2609 1214 2664 homo
1247 2607 1400 2664 uelox
1421 2609 1492 2663 ad
1520 2609 1864 2676 audiendum,
1896 2611 2082 2668 tardus

487 2709 663 2757 autem
701 2700 772 2754 ad
822 2699 1161 2771 loquendum.
1217 2699 1441 2756 Sciebat
1465 2701 1613 2756 enim
1643 2700 1920 2771 apostolus
1964 2718 2080 2770 eos,

491 2790 563 2847 ad
591 2806 727 2862 quos
753 2791 1015 2863 epistolas
1048 2792 1322 2858 mittebat,
1345 2793 1642 2864 primatum
1667 2793 1822 2849 verbi
1849 2794 2086 2852 voluisse

490 2891 678 2941 tenere
715 2893 773 2940 et
796 2885 995 2942 docere
1019 2885 1142 2957 plus
1189 2901 1354 2958 quam
1399 2887 1619 2953 doceri,
1669 2887 1792 2943 ideo
1831 2888 2088 2944 admonet

490 2990 586 3032 eos
615 2974 982 3032 humilitatem
1024 2991 1267 3034 servare.
1328 2975 1604 3033 Velocitas
1636 2977 1785 3033 enim
1833 2979 2086 3034 audiendi

487 3070 621 3126 facit
665 3070 942 3127 hominem
993 3070 1317 3136 docibilem;
1369 3070 1621 3143 tarditas‘
1651 3085 1786 3127 vero
1830 3068 2086 3142 loquendi

486 3171 856 3218 mansuetum.

2170 769 2464 826 abundavit
2491 779 2796 842 peccatum,
2830 772 3236 841 superabundet
3273 774 3469 844 gratia.
3514 772 3805 840 Verbum,

2168 860 2364 932 inquit,
2397 862 2502 917 hoc
2525 870 2628 928 est,
2659 863 2886 918 verbum
2928 862 3291 928 credulitatis,
3320 865 3551 919 verbum
3585 864 3805 920 Evan-

2169 955 2314 1026 gelii.
2359 954 2660 1019 Postremo,
2709 955 2938 1009 verbum
2975 953 3106 1009 illud
3136 954 3202 1009 de
3238 969 3347 1025 quo
3381 953 3628 1011 Joannes
3659 957 3755 1010 ait
3782 975 3801 1009 :

2169 1047 2239 1103 In
2261 1049 2516 1120 principio
2544 1058 2658 1104 erat
2694 1045 2940 1113 Verbum,
2972 1057 3022 1102 et
3054 1046 3281 1102 Verbum
3304 1057 3415 1103 erat
3435 1050 3578 1118 apud
3603 1048 3802 1103 Deum

2171 1152 2220 1198 et
2245 1142 2391 1198 Deus
2418 1152 2531 1197 erat
2577 1141 2806 1196 Verbum
2843 1139 3027 1212 (Joan.
3059 1140 3122 1211 ι),
3164 1141 3257 1210 qui
3281 1149 3332 1196 et
3364 1141 3612 1196 salvator
3640 1139 3804 1196 dici-

2172 1240 2278 1300 tur,
2308 1234 2434 1306 quia
2463 1241 2646 1305 potest
2673 1233 2885 1288 salvare
2909 1233 3122 1288 animas
3151 1242 3391 1289 nostras.

2520 1340 2856 1380 EVANGELIUM
2882 1340 3116 1389 JOANNIS,
3150 1341 3268 1380 CAP.
3298 1341 3411 1379 XVI.

2171 1453 2177 1459 .
2251 1434 2271 1468 α
2308 1416 2460 1472 Vado
2494 1416 2560 1471 ad
2587 1431 2709 1471 eum
2746 1416 2838 1486 qui
2882 1430 2970 1470 me
3010 1415 3179 1481 misit,
3223 1424 3279 1470 et
3323 1432 3486 1472 nemo
3523 1432 3595 1473 ex
3623 1415 3802 1475 vobis

2181 1526 2201 1559 ι
2237 1507 2539 1579 interrogat
2565 1523 2654 1563 me
2685 1527 2698 1562 :
2726 1507 2845 1575 Quo
2881 1507 3057 1562 vadis.
3111 1505 3218 1564 Sed
3252 1508 3379 1578 quia
3407 1508 3528 1564 hmo
3565 1507 3799 1566 locutus

2181 1617 2201 1652 ‹
2235 1615 2354 1656 sum
2385 1600 2558 1664 vobis,
2589 1599 2812 1655 tristitia
2848 1599 3094 1671 implevit
3114 1615 3210 1656 cor
3236 1609 3501 1656 vestrum.
3540 1599 3650 1657 Sed
3682 1617 3798 1674 ego

2181 1713 2200 1747 ι
2233 1693 2519 1750 veritatem
2547 1693 2669 1748 dico
2699 1693 2874 1759 vobis,
2898 1693 3120 1763 expedit
3141 1694 3300 1749 vobis
3328 1702 3391 1749 ut
3417 1709 3519 1765 ego
3558 1695 3793 1749 vadam.

2183 1802 2202 1836 ‹
2237 1783 2295 1840 Si
2319 1784 2463 1840 enim
2497 1799 2604 1839 non
2636 1784 2844 1850 abiero,
2877 1785 3186 1856 paracletus
3213 1801 3321 1841 non
3345 1788 3530 1842 veniet
3558 1790 3626 1842 ad
3659 1803 3790 1844 vos.

2103 1859 2154 1920 Β
2189 1895 2208 1928 ι
2244 1875 2305 1930 Si
2327 1884 2508 1932 autem
2549 1875 2754 1940 abiero,
2784 1877 2998 1930 mittam
3029 1892 3156 1932 eum
3182 1877 3249 1932 ad
3280 1893 3398 1944 vos,
3430 1889 3485 1933 et
3523 1894 3651 1934 cum
3681 1895 3796 1934 ve-

2189 1991 2208 2025 (
2246 1972 2410 2038 nerit,
2442 1971 2531 2026 ille
2556 1978 2745 2042 arguet
2771 1973 3032 2026 mundum
3065 1972 3131 2026 de
3156 1980 3401 2041 peccato,
3439 1979 3494 2027 et
3524 1973 3593 2028 de
3620 1970 3799 2040 justi-

2191 2082 2209 2115 ‹
2245 2064 2320 2118 tia
2351 2072 2406 2118 et
2451 2062 2520 2118 de
2554 2060 2781 2131 judicio.
2814 2062 2894 2118 De
2937 2071 3162 2132 peccato
3191 2064 3413 2133 quidem
3440 2105 3454 2130 ,
3505 2065 3633 2135 quia
3672 2081 3797 2121 non

2189 2170 2208 2206 ‹
2246 2155 2593 2210 crediderunt
2618 2154 2672 2208 in
2703 2169 2809 2209 me.
2863 2155 2941 2209 De
2974 2150 3186 2222 justitia
3225 2171 3389 2221 vero,
3437 2155 3562 2226 quia
3591 2156 3660 2210 ad
3690 2171 3799 2226 pa-

2191 2264 2209 2298 ‹
2244 2254 2384 2301 trem
2416 2247 2588 2313 vado,
2641 2255 2697 2301 et
2721 2245 2836 2315 jam
2863 2261 2970 2301 non
3001 2245 3257 2301 videbitis
3292 2262 3399 2302 me.
3458 2246 3534 2301 De
3563 2245 3800 2316 judicio

2191 2355 2210 2390 ε
2246 2345 2452 2401 autem,
2487 2338 2614 2407 quia
2657 2337 2912 2407 princeps
2942 2335 3128 2390 mundi
3175 2334 3338 2405 hujus
3369 2333 3646 2406 judicatus
3674 2343 3793 2391 est.

2190 2445 2210 2480 ι
2244 2425 2437 2482 Adhuc
2467 2426 2635 2481 multa
2669 2426 2842 2481 habeo
2866 2424 3021 2480 vobis
3055 2425 3255 2490 dicere,
3292 2425 3389 2480 sed
3417 2439 3524 2479 non
3551 2424 3797 2493 potestis

2192 2536 2212 2569 ι
2251 2527 2472 2590 portare
2500 2517 2680 2573 modo.
2722 2515 2856 2572 Cum
2884 2525 3066 2570 autem
3088 2515 3300 2571 venerit
3321 2514 3412 2570 ille
3441 2515 3664 2587 spiritus
3685 2531 3794 2571 ve-

2192 2632 2211 2666 ‹
2247 2613 2455 2676 ritatis,
2485 2611 2700 2667 docebit
2725 2626 2824 2667 vos
2863 2624 3079 2666 omnem
3117 2609 3429 2665 veritatem.
3479 2607 3599 2663 Non
3636 2609 3792 2665 enim

2193 2724 2211 2758 (
2245 2705 2501 2776 loquetur
2528 2719 2561 2758 a
2604 2703 2898 2772 semetipso
2922 2742 2937 2768 ,
2969 2703 3064 2757 sed
3105 2715 3446 2771 quaecunque
3489 2701 3674 2755 audiet
3705 2700 3795 2757 lo-

2195 2815 2214 2849 ‹
2253 2804 2489 2868 quetur,
2537 2802 2594 2850 et
2622 2810 2744 2866 quae
2778 2802 3008 2848 ventura
3053 2798 3182 2847 sunt
3229 2791 3577 2846 annuntiabit
3610 2792 3790 2847 vobis.

2193 2907 2212 2940 ί
2247 2888 2343 2945 Ille
2364 2902 2451 2942 me
2474 2884 2822 2951 clariﬁcabit,
2850 2883 2979 2954 quia
3008 2884 3075 2940 de
3099 2899 3185 2938 me
3205 2882 3470 2954 accipiet,
3497 2891 3558 2938 et
3579 2895 3794 2939 annun-

2193 2997 2213 3031 ‹
2245 2979 2404 3035 tiabit
2427 2977 2602 3034 vobis.
2640 2995 2660 3029 ›

2269 3068 2416 3124 Vada
2447 3069 2516 3123 ad
2547 3085 2665 3124 eum
2699 3069 2790 3138 qui
2820 3067 2961 3122 misit
2997 3083 3081 3122 me
3101 3105 3118 3133 ,
3156 3075 3206 3121 et
3248 3082 3399 3121 nemo
3428 3083 3493 3121 ea:
3535 3065 3681 3121 vobis
3708 3066 3796 3120 in-

2189 3171 2419 3233 terrogat
2439 3160 2688 3227 me:Quo
2711 3161 2878 3215 vadis.
2912 3160 3015 3232 (Ex
3043 3157 3603 3232 August.):Signilicat
3632 3160 3712 3215 sic
3732 3173 3797 3214 se

561 3253 770 3310 Tardus
801 3255 872 3310 ad
896 3255 1054 3310 iram.
1082 3254 1238 3323 Quod
1266 3255 1590 3312 naturaliter
1619 3256 1838 3324 accidit,
1865 3255 2085 3328 penitus
2113 3220 2160 3284 ρ
2191 3220 2396 3309 ἰιιιιιιινω
2421 3253 2488 3308 ad
2517 3220 2641 3308 eum
2671 3251 2766 3322 qui
2795 3220 2946 3306 misit
2974 3220 3160 3316 illum:
3175 3257 3236 3304 ut
3264 3220 3446 3303 nullus
3469 3250 3793 3321 interroget,

485 3345 662 3402 vitare
688 3360 795 3401 non
824 3347 1022 3417 potuit,
1057 3347 1370 3403 tarditatem
1400 3347 1704 3413 interdixit,
1737 3348 1862 3418 quia
1894 3349 1977 3404 ira
2003 3348 2086 3403 di-

486 3435 598 3493 lata
645 3437 935 3496 decrescit.
984 3438 1178 3495 Aliter.
1229 3437 1442 3496 Tardus
1472 3443 1541 3496 ad
1575 3441 1712 3495 iram
1739 3482 1756 3507 ,
1787 3440 1842 3495 id
1865 3449 1967 3505 est,
2001 3455 2088 3496 se-

489 3529 726 3585 cundum
748 3529 885 3601 legis
907 3531 1122 3587 Veteris
1144 3530 1481 3588 Testamenti
1509 3532 1577 3586 ad
1602 3531 1899 3586 vindictam
1929 3545 1948 3582 :
1978 3529 2090 3585 Lex

487 3617 650 3682 enim,
691 3617 871 3687 inquit
904 3617 1216 3688 Apostolus,
1250 3621 1388 3675 iram
1421 3629 1672 3690 operatur
1706 3618 1885 3690 (Rom.
1923 3618 2004 3690 v),
2034 3619 2089 3674 id

487 3713 596 3773 est,
624 3707 842 3762 oculum
869 3725 970 3780 pro
996 3710 1178 3776 oculo,
1207 3711 1424 3766 dentiam
1455 3726 1555 3782 pro
1581 3713 1763 3767 dente.

563 3798 660 3853 Ira
691 3800 830 3854 enim
852 3801 950 3855 viri
969 3801 1241 3871 justitiam
1263 3801 1363 3857 Dei
1383 3819 1490 3857 non
1519 3813 1794 3874 operatur.
1824 3803 1967 3860 Iram
1985 3806 2091 3861 viri

492 3890 629 3946 dicit
665 3891 804 3946 iram
841 3892 1111 3961 hominis,
1145 3910 1266 3966 quae
1291 3897 1590 3952 secundum
1622 3896 1956 3954 Testamenti
1987 3899 2091 3955 Ve-

492 3982 632 4038 teris
652 3999 810 4040 usum
837 3999 1052 4056 semper
1078 3987 1226 4058 cupit
1252 4003 1511 4045 exercere
1539 3989 1858 4056 vindictam,
1890 4000 1946 4047 et
1969 3992 2091 4050 ideo

495 4071 637 4132 Novi
668 4074 1027 4146 Testamenti,
1080 4079 1172 4134 ubi
1214 4080 1478 4151 scriptum
1520 4089 1640 4137 est:
1696 4082 1825 4137 Noli
1856 4083 2092 4139 resistere

495 4166 658 4234 male,
697 4185 801 4222 non
828 4179 1076 4240 operatur
1091 4170 1362 4242 justitiam
1393 4171 1612 4243 (Matth.
1654 4173 1730 4246 v).
1760 4173 1967 4231 Aliter:
2005 4174 2092 4230 Ira

491 4258 598 4315 viri
621 4258 891 4330 justitiam
923 4279 1030 4319 non
1053 4272 1331 4335 operatur,
1357 4265 1786 4336 subintelligitur
1815 4287 1828 4315 τ
1860 4267 1944 4322 Ira
1972 4269 2086 4332 Dei,

494 4365 618 4421 qua:
655 4352 895 4409 humano
929 4354 1131 4410 dicitur
1154 4355 1350 4412 atl‘ectu
1369 4397 1384 4424 ,
1422 4355 1697 4426 justitiam
1719 4367 1998 4428 operatur,
2029 4367 2092 4415 ut

493 4439 554 4497 in
576 4439 851 4507 Sodomis,
877 4443 930 4498 in
949 4444 1253 4512 Pharaone,
1281 4447 1339 4501 in
1351 4446 1612 4518 Egypto,
1644 4449 1697 4502 in
1717 4451 1853 4503 mari
1881 4449 2088 4516 Rubro,

496 4539 556 4588 et
592 4533 648 4588 in
688 4533 805 4603 ipso
829 4533 996 4590 Israel
1033 4537 1233 4605 populo
1281 4537 1334 4591 in
1379 4539 1618 4600 deserto,
1656 4538 1800 4594 unde
1849 4541 2093 4596 Psalmo-

495 4626 740 4697 graphus
780 4626 964 4681 canit:
999 4626 1181 4681 Iratus
1207 4637 1284 4682 est
1324 4627 1505 4697 furore
1551 4628 1809 4684 Dominus
1837 4631 1891 4685 in
1918 4649 2089 4703 popu-

495 4715 610 4772 lum
631 4732 785 4770 suum
821 4714 994 4788 (Psal.
1027 4721 1137 4790 cv).
1166 4717 1234 4773 Et
1264 4718 1448 4774 multis
1476 4719 1532 4774 in
1563 4719 1699 4775 locis
1726 4721 1973 4793 legimus,
2002 4725 2096 4781 ubi

499 4807 584 4866 ira
611 4809 864 4876 Domini,
911 4824 1031 4879 qum
1055 4825 1270 4882 semper
1304 4810 1615 4881 justissimo
1645 4811 1706 4867 ﬁt
1729 4816 1983 4872 examine
2009 4833 2096 4874 re-

483 4877 804 4957 ictissimam
835 4877 1094 4972 operatur
1115 4877 1403 4973 justitiam.

474 5003 501 5064 τί
574 4992 802 5066 Propter
826 4996 964 5066 quod
988 4995 1288 5065 abjicientes
1318 5015 1522 5054 omnem
1551 4999 1966 5056 immunditiam.
1993 5001 2101 5058 Alii

505 5087 614 5144 hoc
639 5086 694 5141 in
721 5086 841 5142 loco
863 5087 1258 5143 immunditiam
1288 5092 1600 5159 specialiter
1625 5092 1990 5153 idololatriam
2013 5095 2098 5150 in-

506 5178 753 5250 telligere
781 5179 1086 5235 voluerunt.
1123 5180 1229 5237 Alii
1257 5181 1636 5241 fornicationis
1673 5187 2095 5258 immunditiam,

474 5254 628 5342 "quae
653 5270 716 5326 ﬁt
739 5287 864 5328 cum
892 5272 1229 5342 mulieribus,
1259 5291 1384 5332 cum
1419 5278 1678 5334 masculis
1695 5288 1750 5334 et
1776 5254 2097 5351 pecudibus,

507 5371 563 5418 et
589 5362 676 5419 his
705 5363 922 5419 similia.
965 5363 1266 5430 Postremo.
1294 5377 1354 5422 ut
1381 5370 1716 5440 generaliter
1742 5371 1809 5426 de
1837 5374 1985 5428 omni
2016 5374 2101 5429 in-

506 5454 778 5525 telligeres
805 5457 1011 5512 malitia
1033 5498 1048 5524 ,
1101 5459 1307 5517 addidit
1337 5469 1394 5517 et
1426 5463 1813 5520 abundantiam
1851 5465 2095 5522 malitiae.

509 5546 664 5603 Sicut
690 5551 836 5606 enim
866 5553 1020 5608 radix
1048 5554 1233 5610 virens
1269 5554 1326 5610 in
1353 5562 1497 5610 terra
1526 5556 1759 5627 virgulta
1806 5558 2099 5629 germinat,

507 5637 590 5694 sic
617 5639 820 5697 malitia
842 5642 1020 5701 latens
1042 5645 1098 5700 in
1123 5645 1286 5703 corde
1311 5645 1445 5702 vitia
1473 5656 1724 5720 generat.

584 5731 652 5788 In
693 5739 1099 5794 mansuetudine
1133 5741 1382 5812 suscipite
1413 5741 1634 5796 insitum
1671 5741 1885 5796 verbum
1915 5782 1930 5807 ,
1960 5743 2102 5814 quod

511 5837 679 5900 potest
713 5829 920 5890 salvare
947 5833 1152 5890 animas
1178 5843 1397 5906 uestras.
1445 5834 1515 5922 In
1547 5837 1972 5906 mansuetudine,
1999 5837 2104 5897 hoc

2188 3347 2331 3418 quod
2379 3346 2559 3417 palam
2608 3345 2727 3401 ﬁeri
2779 3345 2898 3400 visu
2951 3345 3198 3414 corporis
3247 3353 3557 3400 cernerent.
3611 3344 3798 3400 Nubes

2187 3441 2333 3496 enim
2362 3439 2599 3510 suscepit
2630 3453 2781 3504 eum,
2815 3435 3032 3508 quando
3061 3436 3308 3492 ascendit
3338 3437 3407 3492 ab
3432 3437 3533 3501 eis,
3573 3445 3631 3492 et
3661 3451 3801 3492 eun-

2188 3541 2297 3589 tem
2327 3534 2387 3588 in
2411 3533 2609 3589 malum
2638 3548 2744 3588 non
2772 3531 2955 3587 verbis
2984 3530 3338 3602 quaesierunt,
3368 3530 3465 3586 sed
3487 3530 3663 3586 oculis
3694 3531 3795 3586 de-

2191 3629 2462 3684 duxerunt
2491 3625 2629 3698 (Act.
2663 3625 2726 3698 ι).

2263 3715 2368 3772 Sed
2394 3719 2520 3789 quia
2551 3719 2664 3773 haec
2693 3716 2900 3770 locutus
2935 3733 3051 3771 sum
3087 3716 3262 3782 vobis,
3313 3716 3532 3770 tristitia
3562 3715 3796 3786 impleuit

2193 3824 2283 3863 cor
2311 3817 2554 3862 vestrum.
2601 3805 2836 3862 Videbat
2864 3808 3052 3878 utique
3090 3807 3219 3878 quid
3251 3807 3340 3861 illa
3387 3822 3484 3861 sua
3527 3809 3696 3861 verba
3739 3806 3797 3862 in

2193 3917 2380 3960 eorum
2412 3901 2667 3957 cordibus
2691 3907 2934 3971 agerent.
2982 3899 3295 3971 Spiritalem
3321 3901 3523 3971 quippe
3551 3901 3793 3956 nondum

2193 3994 2458 4049 habentes
2499 3993 2731 4047 interius
2778 3992 3242 4058 consolationem,
3298 4008 3460 4063 quam
3487 4008 3587 4062 per
3625 3991 3796 4062 Spiri-

2193 4093 2309 4140 tum
2337 4093 2586 4141 sanctum
2620 4084 2835 4139 fuerant
2880 4084 3119 4140 habituri
3139 4127 3153 4152 ,
3197 4086 3251 4141 id
3280 4085 3426 4155 quod
3465 4084 3713 4140 exterius
3742 4083 3798 4140 in

2193 4176 2413 4234 Christo
2441 4177 2702 4233 videbant
2726 4179 2986 4233 amittere
3015 4179 3352 4234 metuebant.

2266 4265 2371 4322 Sed
2403 4285 2496 4340 ego
2523 4271 2792 4323 veritatem
2827 4270 2946 4325 dico
2989 4269 3165 4335 vobis,
3204 4268 3410 4340 expedit
3435 4269 3579 4323 vobis
3617 4279 3677 4322 ut
3704 4286 3799 4341 ego

2196 4361 2405 4417 cadam.
2445 4361 2677 4432 Expedit
2710 4371 2771 4418 ut
2812 4363 2989 4438 forma
3031 4361 3174 4417 servi
3197 4362 3394 4417 vestris
3441 4362 3803 4417 subtrahatur

2197 4453 2507 4522 aspectibus
2525 4492 2540 4517 ,
2589 4462 2858 4522 quatenus
2884 4467 3039 4506 amor
3063 4451 3364 4506 divinitatis
3393 4451 3571 4522 aptius
3597 4452 3807 4507 vestris

2198 4546 2453 4618 inligatur
2477 4546 2770 4600 mentibus.
2800 4545 3063 4616 Expedit,
3089 4553 3150 4600 ut
3175 4553 3360 4602 notam
3386 4543 3542 4599 vobis
3564 4542 3805 4599 formam

2198 4638 2335 4695 coelo
2377 4639 2645 4704 inferam,
2688 4645 2960 4708 quatenus
2999 4653 3098 4709 per
3143 4637 3248 4694 hoc
3289 4634 3484 4706 majori
3524 4634 3806 4692 desiderio

2198 4731 2325 4786 illuc
2350 4731 2652 4802 suspiretis.

2273 4825 2335 4880 Si
2363 4825 2500 4878 enim
2529 4840 2632 4877 non
2663 4822 2840 4877 abiero
2859 4862 2874 4889 ,
2916 4821 3214 4893 paracletus
3243 4838 3350 4877 non
3381 4822 3544 4876 veniet
3581 4821 3653 4874 ad
3683 4836 3799 4876 eos.

2203 4919 2261 4976 Si
2291 4929 2465 4973 autem
2495 4918 2695 4984 abiero,
2722 4918 2928 4972 mittam
2973 4934 3090 4972 eum
3119 4917 3189 4971 ad
3217 4933 3328 4971 vos.
3371 4915 3487 4970 Non
3518 4915 3647 4984 quia
3690 4929 3804 4970 non

2201 5020 2417 5084 poterat
2442 5014 2558 5082 ipse
2605 5012 2659 5066 in
2689 5019 2836 5067 terra
2873 5010 3087 5083 positus
3111 5010 3240 5064 dare
3280 5008 3531 5079 spiritum
3560 5007 3808 5077 discipu—

2204 5103 2291 5168 lis,
2319 5104 2436 5160 haec
2468 5101 2728 5172 loquitur,
2765 5116 2888 5157 cum
2918 5108 3106 5171 aperte
3130 5097 3366 5169 legitur:
3407 5097 3546 5163 Quia
3576 5106 3694 5167 post
3721 5112 3808 5150 re-

2207 5196 2583 5249 surrectionem
2643 5209 2903 5264 apparens
2951 5192 3057 5256 eis,
3103 5189 3383 5262 insufﬂauit
3416 5199 3463 5244 et
3507 5187 3633 5242 dicit
3677 5189 3752 5242 eis
3782 5200 3802 5239 :

2205 5287 2436 5360 Accipite
2458 5287 2714 5358 Spiritum
2737 5295 3012 5352 sanctum;
3035 5285 3130 5341 sed
3154 5285 3279 5355 quia
3308 5284 3425 5354 ipso
3452 5283 3506 5338 in
3532 5292 3678 5338 terra
3704 5298 3803 5353 po-

2207 5380 2332 5445 sito,
2360 5389 2416 5435 et
2449 5379 2807 5449 corporaliter
2830 5386 3187 5434 conversante
3217 5393 3340 5432 cum
3367 5377 3470 5444 eis,
3522 5392 3629 5431 non
3656 5375 3806 5431 vale-

2207 5473 2336 5528 bant
2362 5473 2427 5526 ad
2469 5472 2618 5527 illum
2665 5472 2879 5542 erigere
2910 5479 3150 5526 mentem
3197 5469 3264 5524 ad
3299 5470 3532 5525 sitienda
3573 5484 3803 5524 munera

2204 5565 2392 5636 gratim
2419 5563 2677 5620 cmlestis.
2718 5561 3058 5618 Ascendente
3089 5569 3268 5616 autem
3293 5559 3384 5616 illo
3420 5561 3486 5616 ad
3525 5560 3716 5624 caelos,
3746 5566 3804 5616 et

2204 5654 2280 5710 illi
2328 5655 2537 5727 pariter
2581 5667 2742 5711 omne
2783 5654 3111 5710 desiderium
3159 5666 3316 5707 suum
3359 5652 3451 5707 illo
3497 5651 3800 5708 transfere-

2204 5747 2353 5803 bant.
2403 5747 2527 5804 ldeo
2572 5762 2802 5820 capaces
2847 5746 3071 5817 spiritus
3110 5744 3285 5799 sancti
3322 5744 3435 5816 jam
3464 5743 3591 5801 facti
3618 5752 3797 5810 erant,

2204 5853 2313 5896 non
2342 5839 2482 5895 ultra
2531 5842 2597 5896 de
2623 5849 2799 5896 morte
2827 5838 2946 5909 ejus
2974 5835 3281 5894 contristati
3301 5876 3316 5904 ,
3356 5839 3452 5897 sed
3479 5839 3545 5895 de
3566 5836 3802 5910 promis-
