4030 6508
223 471 318 530 297
1028 461 1550 522 COLLECTIONES
1587 459 1656 517 IN
1695 457 2076 518 EPISTOLAS
2109 456 2200 514 ΕΤ
2238 453 2653 514 EVANGELIA.
3355 449 3462 507 298

222 581 379 642 sionis
396 594 514 649 ejus
540 592 762 634 munere
785 575 970 632 laetati.
996 574 1155 633 Patet
1178 585 1361 634 autem
1382 590 1483 632 nec
1516 575 1784 630 laboriosa
1810 577 1864 638 Α
1885 573 1980 629 bili
2006 570 2420 634 circumdatum,
2464 567 2562 623 sed
2607 566 2662 620 in
2690 561 2970 634 majestate
2997 563 3066 619 ad
3084 561 3347 632 judicium
3373 579 3467 620 ve-

222 671 546 745 expositione
587 669 824 740 indiget,
874 683 973 723 cur
993 667 1242 724 eumdem
1270 668 1518 740 spiritum
1545 665 1791 738 paracle-
1891 664 2148 726 nientem,
2175 667 2231 715 et
2257 666 2480 730 peracto
2498 656 2703 727 judicio
2725 656 2780 712 in
2798 655 2988 727 majori
3016 655 3186 729 gloria
3206 671 3330 711 cum
3351 671 3472 712 san-

223 773 348 830 tum,
376 763 431 819 id
457 770 561 828 est,
590 759 1008 824 consolatorem,
1036 757 1516 829 cognominaverit.
1547 754 1684 822 Quia
1709 754 1794 809 ni-
1893 755 1996 810 ctis
2019 761 2386 824 apparentem.
2430 749 2726 820 Sequitur:
3225 763 3231 772 ·
3406 752 3415 765 ’

222 857 408 914 mirum
435 855 599 912 corda
627 849 1031 922 discipulorum,
1055 865 1176 921 quae
1209 863 1456 905 recessus
1475 846 1642 917 ipsius
1664 860 1796 900 mte-
1965 845 2045 901 De
2064 845 2271 916 judicio
2301 852 2499 910 autem,
2531 843 2657 914 quia
2685 843 2922 913 princeps
2944 841 3128 896 mundi
3153 839 3310 911 hujus
3325 839 3478 912 judi-

219 957 298 1005 sta
322 946 674 1012 reddidisset,
725 945 885 1016 hujus
919 943 1294 1000 consolaretur
1327 949 1381 997 et
1409 947 1680 997 recrearet
1703 938 1796 993 ad-
1898 946 2047 992 catus
2075 945 2172 992 est.
2207 935 2514 1006 Principem
2543 933 2730 988 mundi
2757 932 3026 987 diabolum
3049 932 3208 999 dicit,
3255 934 3344 1002 qui
3366 928 3482 1001 pri-

220 1047 423 1096 ventus.
475 1037 592 1094 Non
628 1036 773 1107 quod
800 1045 959 1092 antea
996 1034 1218 1106 spiritus
1247 1040 1466 1089 sanctus
1503 1046 1614 1087 non
1655 1035 1802 1086 esset
1897 1035 2105 1083 rnatum
2131 1035 2277 1082 tenet
2301 1025 2354 1081 in
2386 1024 2642 1081 cordibus
2667 1022 2980 1087 inﬁdelium,
3021 1038 3157 1091 quos
3180 1023 3272 1078 hic
3293 1019 3479 1076 mundi

219 1132 274 1191 in
296 1131 545 1189 cordibus
583 1128 974 1199 discipulorum
996 1168 1012 1194 ,
1059 1126 1145 1182 vel
1171 1126 1336 1181 etiam
1371 1125 1424 1180 in
1452 1123 1799 1193 antiquorum
1901 1121 2120 1175 nomine
2143 1119 2312 1176 voluit
2335 1118 2578 1188 intelligi,
2611 1116 2702 1186 qui
2724 1115 2912 1171 ordine
2940 1130 3196 1186 perverso
3222 1113 3482 1169 mundum

221 1231 523 1280 sanctorum
547 1262 563 1287 ,
606 1220 702 1276 sed
739 1217 1028 1274 manifesta
1061 1216 1394 1289 plenitudine
1433 1222 1560 1270 ante
1587 1213 1667 1269 sic
1693 1226 1800 1268 non
1901 1210 2082 1283 potius
2117 1225 2280 1280 quam
2310 1208 2494 1264 mundi
2523 1215 2828 1264 creatorem
2859 1205 3120 1278 diligunt,
3165 1202 3486 1274 quijudica—

220 1315 317 1372 fuit
360 1315 538 1380 datus,
581 1311 851 1383 quomodo
877 1317 1004 1382 post
1033 1309 1409 1365 ascensionem
1453 1307 1541 1363 die
1592 1304 1801 1361 decima
1902 1311 1993 1358 tus
2015 1309 2100 1358 est
2125 1318 2155 1357 a
2180 1301 2432 1368 Domino,
2462 1301 2554 1372 qui
2581 1301 2695 1356 ait:
2735 1297 2987 1354 Videbam
3031 1295 3198 1352 Satan
3223 1297 3355 1349 sicut
3382 1292 3490 1365 ful-

221 1405 274 1460 in
303 1412 514 1460 centum
558 1401 749 1474 viginti
777 1400 999 1455 nomina
1036 1399 1388 1454 transmissus
1429 1396 1643 1467 legitur.
1697 1390 1804 1448 Sed
1903 1409 2004 1466 gur
2045 1393 2315 1447 cadentem
2354 1392 2420 1448 de
2447 1391 2591 1447 caelo.
2640 1389 2921 1447 Judicatus
2963 1394 3049 1444 est
3071 1387 3138 1441 ab
3166 1401 3253 1451 eo,
3284 1400 3408 1440 cum
3435 1391 3492 1439 et
3530 1383 3536 1389 ’

222 1495 276 1552 in
320 1493 465 1549 nullo
505 1505 669 1562 opere
691 1489 982 1562 cujuslibet
1008 1503 1257 1560 personae
1293 1486 1471 1542 Patris
1493 1527 1509 1552 ,
1545 1485 1630 1540 vel
1657 1481 1802 1547 Filii,
1905 1485 2022 1555 ipse
2047 1483 2309 1539 daemonia
2339 1481 2579 1552 ejiceret.
2607 1489 2664 1538 et
2682 1480 2961 1550 discipulis
2993 1481 3147 1536 daret
3167 1484 3494 1549 potestatem

220 1588 305 1644 vel
334 1585 568 1657 Spiritus
598 1583 774 1641 sancti
802 1583 971 1639 totius
1010 1591 1210 1640 sanctae
1236 1579 1518 1636 Trinitatis
1561 1575 1807 1648 operatio
1907 1573 2155 1630 calcandi
2177 1590 2338 1644 supra
2351 1588 2569 1628 omnem
2588 1573 2843 1628 virtutem
2867 1569 3371 1641 inimici.Arguitur
3397 1567 3497 1621 ita-

223 1676 408 1735 defuit.
459 1675 567 1732 Sed
611 1674 900 1746 oportebat
947 1673 1023 1728 ita
1066 1671 1330 1727 insinuari
1373 1669 1703 1732 trinitatem,
1746 1673 1808 1720 ut
1909 1675 2015 1735 que
2035 1664 2269 1719 mundus
2304 1661 2616 1731 de'judicio,
2645 1662 2789 1732 quod
2823 1662 3072 1718 diabolus
3092 1668 3176 1717 est
3196 1659 3497 1728 judicatus,

223 1769 464 1840 quamvis
484 1767 627 1822 nulla
652 1774 796 1822 esset
809 1764 1099 1820 diversitas
1128 1761 1463 1826 substantiae,
1492 1757 1807 1831 singillatim
1909 1755 2128 1826 quando
2171 1753 2421 1810 homines
2461 1768 2531 1808 ne
2573 1752 2671 1807 Dei
2710 1752 2973 1807 voluntati
3005 1751 3261 1807 resistere
3294 1763 3501 1819 praesu-

227 1869 400 1916 tamen
424 1859 895 1916 commendaretur
924 1856 1200 1913 distinctio
1228 1868 1603 1926 personarum.
1911 1855 2092 1912 mant,
2143 1845 2392 1916 exemplo
2438 1844 2680 1900 damnati
2724 1852 2947 1914 propter
2995 1842 3304 1912 superbiam
3331 1849 3501 1894 terre-
3594 1888 3599 1894 .

290 1953 359 2008 Et
389 1970 508 2008 cum
532 1953 726 2008 venerit
748 1950 858 2016 ille,
883 1959 1067 2022 arguet
1095 1948 1368 2004 mundum.
1396 1946 1536 2015 Quid
1561 1954 1644 2002 est
1663 1945 1808 2018 quod
1834 1942 1885 2003 B
1911 1946 2102 1994 rentur
2125 1937 2456 2011 archangeli.
2507 1936 2742 1992 Credant
2775 1936 2959 2006 itaque
2982 1934 3233 1989 homines
3267 1932 3322 1986 in
3347 1929 3504 1986 Chri-

223 2046 378 2113 dixit,
409 2062 531 2102 cum
549 2045 760 2100 venerit
784 2042 873 2099 ille
891 2048 1082 2114 arguet
1098 2039 1399 2096 mundum?
1427 2037 1680 2108 Nunquid
1693 2049 1810 2092 'non
1910 2038 2056 2087 stum
2080 2043 2150 2086 ne
2173 2035 2470 2100 arguantur
2496 2027 2563 2082 de
2587 2033 2814 2096 peccato
2857 2023 3194 2080 inﬁdelitatis
3222 2037 3332 2077 suae
3350 2062 3365 2087 ,
3394 2034 3504 2090 quo

224 2135 493 2201 Christus,
527 2135 655 2190 dum
695 2143 842 2189 esset
867 2133 923 2187 in
959 2131 1184 2199 mundo,
1220 2144 1326 2185 non
1348 2129 1527 2200 arguit
1550 2129 1811 2182 mundum
1909 2133 2137 2198 peccato
2163 2124 2344 2181 omnia
2379 2131 2603 2194 peccata
2643 2122 2988 2187 detinentur;
3017 2128 3299 2176 transeant
3325 2119 3379 2174 in
3405 2135 3506 2173 nu-

223 2227 289 2282 de
316 2228 402 2283 his
425 2225 678 2282 omnibus
699 2239 822 2295 quae
855 2222 1195 2294 sequuntur?
1226 2219 1334 2276 Sed
1357 2219 1610 2276 Christus
1638 2217 1812 2273 solam
1911 2235 2123 2275 merum
2168 2217 2408 2274 ﬁdelium
2437 2258 2452 2283 ,
2500 2231 2570 2272 ne
2615 2222 2915 2287 arguantur
2962 2213 3028 2268 de
3061 2212 3272 2283 justitia
3317 2225 3508 2268 eorum

221 2318 530 2376 Judmorum
568 2325 785 2389 gentem
811 2316 1008 2387 arguit,
1051 2312 1288 2384 Spiritus
1325 2325 1456 2366 vero
1486 2319 1724 2374 sanctus,
1757 2307 1814 2363 in
1913 2325 2050 2380 quos
2093 2307 2424 2376 justiﬁeatos
2462 2322 2572 2362 non
2629 2308 2936 2360 imitantur.
2982 2303 3225 2360 Caveant
3264 2303 3508 2358 futurum

221 2410 501 2482 discipulis
541 2406 660 2478 ejus
687 2416 802 2462 toto
826 2406 959 2460 orbe
986 2403 1196 2480 diﬁusis
1215 2442 1230 2466 ,
1275 2415 1384 2456 non
1412 2415 1574 2455 unam
1596 2407 1814 2469 gentem
1908 2397 2176 2468 judicium
2217 2413 2286 2453 ne
2313 2412 2438 2453 cum
2481 2397 2669 2452 mundi
2693 2397 2940 2466 principe
2969 2393 3309 2464 iudicentur,
3343 2409 3508 2465 quem

219 2499 545 2570 intelligitur
572 2497 840 2569 arguisse,
863 2495 958 2550 sed
986 2502 1156 2548 totum
1184 2491 1465 2547 mundum.
1512 2492 1570 2547 ln
1597 2506 1706 2562 quo
1728 2505 1817 2546 ar-
1907 2487 2233 2559 judicatum,
2250 2489 2551 2543 imitantur.
2582 2487 2796 2542 Etenim
2816 2499 2886 2541 ne
2909 2485 3013 2540 sibi
3049 2486 3325 2540 existimet
3356 2485 3512 2555 parci

219 2592 382 2664 guit?
407 2591 466 2645 ln
492 2604 581 2655 eo,
610 2587 737 2659 quia
767 2602 865 2657 per
887 2585 1138 2658 spiritum
1163 2593 1413 2640 sanctum
1451 2584 1693 2639 charitas
1714 2582 1818 2638 dif-
1917 2581 2170 2652 superbia
2205 2580 2342 2636 dura
2384 2579 2718 2644 mortalium,
2768 2577 2837 2634 de
2865 2578 3224 2649 superborum
3251 2575 3515 2649 supplicio

223 2682 345 2738 fusa
373 2689 460 2736 est
499 2681 555 2735 in
583 2678 839 2736 cordibus
861 2693 1049 2732 eorum
1068 2717 1083 2742 ,
1115 2693 1236 2748 qua:
1262 2674 1410 2731 foras
1456 2673 1622 2729 mittit
1653 2675 1815 2730 timo-
1915 2673 2175 2729 terrenda
2203 2679 2288 2728 est
2315 2671 2650 2742 angelorum.

225 2788 377 2838 rem,
414 2778 476 2826 ut
502 2784 611 2824 non
639 2775 946 2823 metuerent
968 2767 1261 2832 mundum,
1291 2765 1347 2821 id
1387 2772 1506 2830 est,
1545 2772 1818 2820 amatores

225 2863 415 2922 mundi
444 2876 692 2934 arguere.

297 2955 376 3011 De
398 2962 632 3026 peccato,
660 2961 711 3006 et
736 2951 800 3006 de
816 2949 1050 3021 justitia,
1075 2957 1126 3003 et
1157 2948 1223 3003 de
1255 2947 1473 3018 iudicio.
1504 2947 1677 3016 Quam
1699 2961 1820 3002 sen-

229 3046 457 3104 tentiam
486 3046 604 3116 ipse
640 3043 892 3099 Christus
917 3041 1168 3112 exposuit
1201 3041 1388 3096 dicens
1417 3060 1430 3095 :
1479 3041 1557 3096 De
1581 3049 1815 3112 peccato,

229 3139 356 3212 quia
383 3155 486 3192 non
503 3136 720 3191 credunt
742 3136 799 3190 in
819 3151 920 3200 me,
944 3140 1227 3204 peccatum
1248 3132 1643 3188 incredulitatis
1663 3132 1819 3204 quasi

231 3227 468 3299 speciale
492 3226 688 3298 posuit.
735 3225 871 3294 Quia
903 3225 1046 3280 sicut
1071 3225 1206 3280 ﬁdes
1236 3225 1390 3296 origo
1420 3224 1681 3279 virtutum
1699 3265 1714 3291 ,
1741 3225 1821 3279 ita

231 3298 649 3376 solidamentutn
691 3325 777 3372 est
822 3315 1082 3372 vitiorum
1129 3316 1185 3370 in
1231 3315 1606 3372 incredulitate
1649 3316 1823 3388 persi-
1848 3298 1894 3362 C

232 3417 402 3476 stere,
448 3408 675 3465 Domino
716 3406 1033 3463 terribiliter
1058 3414 1391 3473 attestante,
1435 3406 1529 3477 qui
1559 3408 1673 3463 ait:
1724 3407 1831 3473 Qui

234 3510 414 3557 autem
441 3518 545 3556 non
572 3499 736 3554 credit
758 3499 877 3570 jam
910 3498 1188 3570 judicatus
1231 3508 1340 3564 est,
1371 3499 1496 3571 quia
1523 3516 1629 3554 non
1667 3499 1831 3554 credit

233 3596 295 3650 in
342 3595 548 3650 nomine
602 3593 857 3665 unigeniti
901 3591 1035 3647 Filii
1066 3591 1166 3648 Dei
1197 3591 1379 3664 (Joan.
1411 3593 1517 3663 ιιι).
1548 3593 1832 3649 Judicatus

235 3688 401 3753 dixit,
429 3687 484 3743 id
509 3696 611 3753 est,
635 3687 943 3743 damnatus.

312 3779 393 3836 De
419 3779 637 3852 justitia
668 3795 814 3845 vero,
851 3781 975 3851 quia
1028 3778 1099 3833 ad
1147 3778 1364 3833 Patrem
1410 3778 1566 3845 vado,
1612 3787 1662 3832 et
1712 3777 1832 3848 jam

1988 2785 2178 2840 Adhuc
2219 2784 2390 2839 multa
2431 2784 2597 2838 habeo
2624 2781 2766 2836 vobis
2803 2781 3008 2847 dicere,
3039 2780 3129 2835 sed
3170 2797 3275 2834 non
3303 2780 3518 2851 potestis

1917 2885 2128 2948 portare
2154 2875 2338 2942 modo;
2367 2891 2486 2930 cum
2512 2883 2688 2928 autem
2712 2874 2906 2929 venerit
2945 2871 3034 2928 ille
3062 2871 3294 2943 Spiritus
3323 2873 3520 2926 verita-

1919 2965 2006 3030 tis,
2048 2965 2252 3020 docebit
2276 2982 2361 3020 vos
2387 2981 2594 3020 omnem
2619 2965 2910 3020 veritatem.
2949 2961 3170 3018 Certum
3209 2971 3293 3018 est
3316 2970 3516 3027 autem,

1921 3058 2067 3131 quod
2117 3059 2371 3114 veniente
2416 3060 2648 3128 desuper
2695 3057 2890 3128 spiritu
2916 3097 2930 3121 ,
2978 3055 3206 3126 apostoli
3258 3054 3520 3126 majorem

1923 3151 2094 3206 multo
2118 3149 2403 3206 scientiam
2423 3147 2672 3206 veritatis
2698 3163 2862 3220 quam
2887 3147 3136 3204 carnales
3179 3156 3407 3204 eatenus
3430 3164 3526 3218 po-

1923 3248 2173 3308 tuerunt,
2213 3240 2488 3296 consecuti
2513 3248 2678 3306 sunt,
2723 3239 2918 3309 majori
2969 3239 3238 3294 desiderio
3279 3239 3526 3293 certandi

1932 3350 2033 3405 pro
2090 3334 2322 3389 veritate
2364 3333 2614 3388 succensi
2662 3341 2806 3387 sunt.
2865 3330 2982 3386 Non
3015 3339 3196 3386 tamen
3231 3330 3529 3400 putandum

1933 3433 2020 3482 est
2048 3425 2104 3480 in
2149 3424 2254 3479 hac
2278 3423 2391 3478 vita
2436 3422 2746 3493 quempiam
2796 3435 3015 3477 omnem
3052 3421 3338 3474 veritatem
3371 3434 3533 3488 posse

1934 3515 2416 3586 comprehendere.
2442 3513 2596 3569 Unde
2621 3521 2677 3568 et
2711 3513 2827 3584 ipse
2854 3514 3048 3568 beatus
3081 3511 3282 3566 Paulus
3311 3519 3529 3582 aposto-

1934 3611 2021 3666 lus
2044 3610 2138 3681 qui
2167 3607 2237 3664 ad
2261 3607 2482 3663 tertium
2527 3604 2726 3660 coelum
2754 3611 2941 3674 raptus
2975 3613 3088 3670 est,
3133 3609 3190 3656 et
3228 3601 3299 3657 ibi
3329 3601 3536 3657 audivit

1935 3718 2134 3759 arcana
2169 3700 2368 3768 verba,
2398 3715 2519 3770 quae
2559 3713 2669 3754 nou
2691 3698 2838 3753 .licet
2868 3697 3074 3753 homini
3098 3696 3268 3767 loqui,
3298 3696 3412 3752 ait:
3446 3695 3533 3750 Ea:

1933 3805 2084 3866 parte
2126 3792 2518 3866 cognoscimus,
2565 3800 2615 3845 et
2662 3807 2727 3845 ea:
2754 3798 2900 3860 parte
2925 3789 3296 3860 prophetamus
3323 3785 3375 3858 (I
3408 3785 3530 3842 Cor.

241 3887 351 3927 non
405 3871 644 3927 uidebitis
699 3887 804 3927 me.
861 3869 1081 3928 Justitia
1139 3871 1528 3943 discipulorum
1585 3869 1836 3926 Christus
1937 3885 2081 3958 χιιι),
2113 3884 2248 3942 Cum
2297 3891 2478 3939 autem
2509 3883 2721 3938 γεηει-ίι
2747 3880 2894 3952 quod
2923 3880 3226 3952 perfectum
3252 3875 3378 3946 ἐει,
3408 3894 3535 3934 θνα-

238 3972 388 4029 erat.
435 3964 582 4035 quod
624 3965 912 4021 Dominum
959 3981 1122 4036 quem
1157 3981 1352 4052 verum
1400 3966 1676 4022 hominem
1717 3980 1837 4022 cer-
1937 3975 2190 4032 cuabitur
2216 3973 2360 4045 quod
2388 3989 2457 4029 ex
2483 3980 2642 4042 parte
2671 3980 2774 4026 est.
2823 3970 3235 4041 Intelligendum
3275 3977 3360 4024 est
3384 3983 3534 4039 ergo,

240 4057 469 4124 ﬂebam.
517 4071 708 4113 Verum
755 4071 971 4128 (ιυοίιιιθ
1024 4057 1120 4112 Dei
1167 4058 1364 4113 Filium
1420 4074 1542 4114 esse
1595 4058 1838 4114 cmdide-
1937 4066 2082 4138 quod
2125 4066 2203 4121 ait
2231 4065 2298 4120 de
2337 4063 2584 4134 Spiritu:
2635 4062 2851 4117 Docebit
2897 4078 2985 4116 vos
3014 4077 3217 4114 omnem
3249 4061 3536 4122 veritatem,
3613 4113 3628 4124 ρ

241 4157 406 4215 runt.
454 4155 510 4204 et
536 4163 698 4218 quem
731 4150 835 4204 sibi
873 4149 1231 4220 corporaliter
1272 4151 1510 4207 ablatum
1551 4159 1836 4218 noverant.
1940 4157 2097 4228 quasi
2121 4156 2350 4221 diceret,
2393 4152 2659 4209 diﬁ'undet
2687 4153 2741 4207 in
2769 4151 3024 4207 cordibus
3066 4151 3263 4205 vestris
3302 4149 3542 4204 cltarita-

241 4251 403 4297 certo
455 4255 670 4312 semper
708 4256 893 4297 amore
939 4243 1211 4298 colebant.
1252 4241 1473 4300 Iustitia
1517 4252 1840 4300 caeterorum
1942 4256 2074 4311 tem,
2106 4263 2228 4318 quae
2255 4260 2354 4300 vos
2396 4258 2613 4299 omnem
2636 4243 2924 4300 veritatem
2968 4240 3098 4296 facit
3134 4255 3345 4308 amare;
3387 4238 3542 4309 cujus

243 4333 523 4399 ﬁdelium,
558 4333 611 4389 id
635 4341 738 4399 est,
785 4349 974 4390 eorum
1000 4333 1093 4404 qui
1121 4333 1410 4390 Dominum
1445 4335 1502 4390 in
1529 4350 1694 4390 carne
1733 4349 1840 4390 non
1943 4340 2257 4411 magisterio
2287 4339 2434 4392 intus
2461 4336 2662 4403 edocti,
2707 4334 3009 4408 proﬁciatis
3034 4335 3100 4391 de
3120 4335 3322 4390 virtute
3354 4335 3407 4392 in
3433 4336 3542 4392 vir-

245 4425 541 4489 viderunt,
588 4423 759 4480 Deum
798 4432 854 4480 et
894 4423 1170 4479 hominem
1198 4439 1385 4480 verum
1423 4425 1587 4480 corde
1615 4423 1844 4480 credunt
1945 4439 2146 4496 ιυιειη,
2185 4429 2442 4502 dignique
2483 4426 2791 4485 emciamini
2832 4428 3118 4497 pervenire
3157 4428 3225 4483 ad
3263 4428 3451 4494 vitam,
3485 4428 3540 4485 in

249 4532 321 4572 ac
358 4516 618 4588 diligunt,
649 4517 716 4573 de
745 4533 851 4588 qua
876 4517 1123 4589 profecto
1149 4517 1362 4589 justitia
1386 4517 1512 4573 ﬁdei
1542 4525 1846 4589 arguuntur
1946 4539 2054 4594 qua
2077 4523 2232 4578 vobis
2263 4529 2469 4578 (eterna
2513 4520 2737 4578 claritas
2782 4533 3007 4574 summae
3051 4519 3297 4574 veritatis
3325 4529 3380 4575 et
3401 4533 3545 4576 verm
3613 4539 3616 4542 ’

249 4608 520 4673 inﬁdeles,
549 4625 670 4678 quae
696 4618 810 4676 est,
842 4610 986 4681 quod
1013 4625 1138 4667 eum
1164 4625 1327 4681 quem
1353 4610 1622 4682 corporali
1649 4610 1847 4665 intuitu
1873 4671 1924 4686 ﬁ
1951 4613 2320 4678 sublimitatis,
2375 4611 2432 4666 id
2458 4621 2575 4677 est,
2621 4608 3003 4681 contemplatio
3040 4608 3207 4665 vestri
3249 4610 3546 4667 conditoris
3603 4678 3610 4686 ,

249 4716 537 4770 nunquam
572 4701 842 4757 viderunt.
887 4701 998 4758 Cur
1025 4703 1126 4773 ipsi
1156 4702 1410 4759 videlicet
1439 4718 1562 4758 cum
1598 4701 1850 4758 similiter
1882 4701 1928 4730 ν
1954 4710 2231 4775 appareat.

251 4793 488 4852 verbum
513 4793 637 4848 vitae
659 4793 930 4860 audirent,
953 4792 1224 4849 noluerint
1243 4793 1468 4850 credere
1491 4793 1546 4849 in
1557 4792 1849 4862 justitiam.
2030 4795 2157 4851 Non
2196 4796 2339 4852 enim
2378 4794 2620 4866 loquetur
2674 4811 2706 4847 a
2747 4793 3054 4863 semetipso,
3099 4795 3191 4849 sed
3226 4810 3549 4867 quacunque

253 4883 448 4954 Neque
478 4884 623 4939 enim
654 4884 896 4954 nequitia
935 4884 1202 4940 malorum
1233 4900 1300 4941 ex
1339 4900 1436 4941 sua
1463 4884 1640 4940 solum
1673 4884 1858 4956 pravi-
1913 4919 1916 4921 λ
1957 4888 2136 4944 audiet
2174 4886 2435 4958 loquetur.
2475 4885 2594 4940 Non
2623 4885 2770 4940 enim
2811 4883 3051 4954 loquitur
3101 4883 3338 4955 Spiritus
3381 4901 3413 4941 a
3458 4901 3546 4942 se-

257 4987 403 5045 tatc,
431 4993 622 5033 verum
650 4977 813 5033 etiam
838 4993 906 5035 ex
927 4981 1333 5050 comparatione
1355 4988 1630 5036 rectorum
1649 5020 1665 5046 ,
1689 4995 1855 5050 quam
1961 4981 2213 5052 metipso,
2238 4979 2333 5035 sed
2361 4994 2392 5032 a
2416 4978 2599 5044 Patre,
2627 4993 2753 5032 nam
2782 4977 2953 5033 Filius
2988 4986 3150 5034 natus
3182 4987 3267 5035 est
3302 4996 3333 5034 a
3363 4980 3545 5048 Patre,

255 5071 342 5128 sit
368 5069 674 5126 damnanda
709 5069 1008 5127 denuntiet.
1058 5072 1254 5144 Arguit
1293 5086 1422 5144 ergo
1453 5071 1711 5128 mundum
1739 5071 1860 5144 Spi-
1961 5081 2017 5129 et
2042 5072 2278 5143 Spiritus
2310 5079 2530 5127 sanctus
2566 5071 2815 5142 procedit
2847 5087 2880 5126 a
2914 5071 3096 5129 Patre.
3133 5071 3250 5129 Non
3289 5074 3432 5130 enim
3468 5073 3549 5128 lo-

255 5161 409 5216 ritus
455 5168 673 5217 sanctus
699 5162 766 5217 de
796 5169 1021 5232 peccato
1047 5203 1062 5228 ,
1114 5163 1242 5233 quia
1277 5177 1384 5218 non
1414 5163 1764 5220 crediderunt
1803 5163 1858 5219 in
1961 5165 2146 5236 quitur
2173 5179 2204 5218 a
2229 5163 2548 5232 semetipso,
2578 5162 2632 5218 id
2670 5169 2775 5227 est,
2815 5162 2936 5218 sine
2961 5162 3142 5219 Patris
3171 5171 3226 5220 et
3248 5162 3373 5218 Filii
3397 5177 3551 5217 com-

259 5251 570 5308 Christum.
620 5252 814 5324 Arguit
857 5262 913 5309 et
951 5251 1018 5308 de
1055 5251 1272 5322 justitia
1307 5254 1644 5312 credentium
1667 5295 1682 5321 ,
1731 5255 1858 5326 quia
1963 5257 2236 5319 munione,
2290 5272 2399 5311 non
2443 5256 2589 5311 enim
2637 5255 2844 5312 divisus
2882 5266 2966 5312 est
2997 5255 3235 5328 Spiritus
3274 5263 3496 5310 sanctus
3523 5271 3553 5310 a

259 5344 577 5414 exemplum
611 5358 795 5399 eorum
836 5345 988 5414 sequi
1018 5344 1310 5411 noluerint,
1357 5345 1451 5415 qui
1494 5346 1642 5400 hunc
1666 5345 1736 5400 ad
1767 5361 1862 5416 pa-
1961 5346 2123 5402 Patre
2150 5354 2206 5402 et
2233 5345 2392 5411 Filio,
2421 5347 2515 5402 sed
2545 5362 2711 5401 unum
2739 5362 2876 5417 opus
2904 5354 2990 5403 est
3012 5345 3212 5410 Patris,
3244 5353 3299 5399 et
3325 5344 3466 5411 Filii,
3500 5353 3555 5400 et

260 5444 414 5491 trem
444 5437 789 5501 ascendisse,
835 5450 1011 5505 neque
1051 5435 1190 5490 ultra
1228 5436 1588 5507 corporaliter
1616 5438 1672 5492 in
1700 5438 1861 5494 terris
1964 5438 2408 5510 Spiritussancti.
2431 5437 3065 5512 Sedquwcunqueaudiet
3085 5436 3344 5508 loquetur.
3359 5435 3558 5492 Audiet

263 5536 722 5583 conversaturum
745 5541 867 5583 esse
891 5527 1153 5582 sciebant.
1196 5527 1310 5584 Nec
1339 5537 1519 5586 tamen
1545 5529 1614 5585 ab
1635 5527 1752 5598 ejus
1780 5529 1862 5584 di-
1970 5530 2222 5587 videlicet
2254 5547 2352 5602 per
2390 5530 2654 5586 unitatem
2689 5528 3043 5593 substantiae,
3080 5535 3136 5582 et
3168 5526 3557 5597 proprietatem

263 5616 509 5675 lectione
535 5626 788 5689 poterant
809 5617 917 5673 ulla
939 5618 1150 5674 ratione
1179 5620 1452 5689 separari;
1485 5622 1588 5677 hoc
1615 5629 1701 5676 est
1717 5621 1863 5676 enim
1971 5623 2236 5680 scientiae.
2281 5621 2399 5679 Non
2428 5622 2670 5693 loquitur
2708 5637 2740 5676 a
2767 5620 3080 5690 semetipso,
3119 5618 3249 5690 quia
3277 5634 3383 5675 non
3414 5625 3498 5674 est
3525 5634 3560 5674 a

267 5711 424 5781 quod
459 5711 539 5786 ait
563 5729 576 5766 :
612 5709 752 5778 Quia
787 5711 856 5767 ad
881 5709 1098 5766 Patrem
1121 5711 1256 5768 vado
1280 5752 1296 5778 ,
1325 5721 1375 5766 et
1402 5709 1515 5781 iam
1539 5729 1644 5767 non
1673 5712 1869 5768 oidcbi-
1971 5716 2280 5786 semetipso.
2299 5714 2462 5772 Pater
2485 5715 2682 5786 quippe
2698 5712 2844 5768 solus
2862 5713 2928 5767 de
2942 5711 3048 5767 alio
3073 5726 3179 5768 non
3207 5709 3496 5779 est,Filius
3526 5726 3559 5765 a

270 5803 349 5858 tis
373 5820 474 5860 me.
515 5800 633 5859 Non
658 5803 906 5860 videbitis
936 5820 1022 5860 me
1063 5820 1132 5860 ex
1179 5819 1286 5875 quo
1310 5803 1626 5870 ascendero,
1653 5803 1869 5874 qualem
1973 5809 2139 5866 Patre
2167 5811 2405 5880 genitus,
2421 5817 2478 5862 et
2495 5807 2731 5878 Spiritus,
2757 5812 2978 5860 sanctus
3001 5819 3032 5860 a
3052 5803 3213 5860 Patre
3236 5803 3556 5876 procedens.

271 5912 430 5956 nunc
465 5899 650 5956 videre
679 5898 864 5958 soletis
903 5913 1066 5955 carne
1088 5897 1339 5965 mortali,
1383 5906 1439 5955 et
1468 5897 1870 5972 comprehensi-
1976 5900 2060 5957 Ab
2090 5901 2206 5973 ipso
2237 5901 2383 5958 enim
2420 5896 2870 5970 audiet'Spiritus
2903 5907 3124 5956 sanctus
3156 5915 3186 5954 a
3231 5912 3338 5967 quo
3367 5909 3561 5968 proce-

609 5995 884 6057 Pnnon.
930 5993 1062 6056 Cll.
3050 5997 3124 6056 10
