4030 6478
542 487 647 544 299

1839 456 2193 526 SMARAGDI
2230 460 2522 524 ABBATIS

3706 468 3827 531 300
3906 546 3915 555 .

543 601 643 667 dit,
692 597 819 669 quia
868 610 973 650 non
1018 602 1103 648 est
1149 604 1180 645 a
1210 588 1524 661 semetipso,
1568 587 1665 647 sed
1712 584 1779 643 ab
1817 584 1909 640 illo
1956 580 2123 669 aquo
2149 572 2205 647 Α
2234 599 2255 634 ι
2298 595 2439 649 esse,
2469 580 2575 637 non
2612 574 2893 636 refrenahs
2930 577 3169 651 linguam
3208 580 3385 646 suam,
3421 574 3517 636 sed
3546 576 3828 640 seducens

541 658 807 764 procedit,
839 702 870 741 a
897 686 1003 754 quo
1029 682 1107 736 illi
1142 689 1226 737 est
1251 658 1506 764 essentia,
1536 672 1909 764 intelligentia,
1937 658 2004 728 ab
2029 664 2124 764 illo

545 756 731 860 utique
769 790 826 839 et
862 778 1111 856 scientia.
1161 776 1244 841 Ab
1287 756 1378 833 illo
1428 773 1595 845 igitur
1639 760 1933 859 audientia,
1981 760 2128 860 quod

545 852 681 933 nihil
714 880 798 929 est
836 852 981 928 aliud
1010 884 1174 940 quam
1218 866 1464 924 scientia.
1505 852 1659 932 Quod
1684 877 1814 921 vero
1851 852 2122 931 adjunxit:

547 966 617 1023 Et
636 962 753 1037 qua:
784 971 1004 1018 ventura
1038 969 1161 1015 sunt
1184 957 1518 1015 annuntiabit
1542 952 1711 1039 nobis,
1740 944 1967 1039 constat;
1983 950 2128 1006 enim

548 1026 835 1111 nonnullos
915 1048 1285 1121 sanctorum.)
1326 1048 1383 1104 in
1436 1028 1643 1117 Spiritu
1710 1050 1894 1099 sancto
1947 1026 2131 1121 l‘utura

546 1143 889 1215 praedixisse;
921 1140 1019 1196 sed
1044 1148 1226 1199 tamen
1247 1118 1407 1219 altius
1434 1144 1560 1195 sunt
1584 1136 1699 1191 hinc
1728 1135 1891 1193 verba
1916 1118 2131 1188 Domini

548 1234 960 1299 consideranda,
996 1247 1116 1303 quae
1143 1232 1397 1288 omnibus
1435 1230 1639 1287 sanctis
1677 1225 1982 1286 communia
2010 1220 2132 1313 esse

547 1334 793 1401 possunt.
820 1326 988 1397 Igitur
1015 1326 1241 1397 spiritus
1268 1323 1584 1401 adveniens,
1608 1338 1725 1394 qua:
1758 1328 1975 1406 ventura
2009 1322 2130 1406 sunt

548 1400 906 1485 annuntiabit,
944 1433 1069 1474 cum
1110 1416 1307 1488 gaudia
1354 1400 1512 1471 nobis
1556 1413 1745 1483 patriae
1786 1400 2024 1473 cmlestis
2062 1400 2130 1463 ad

551 1510 874 1569 memoriam
901 1508 1135 1577 reducit,
1162 1524 1286 1565 cum
1315 1506 1456 1563 festa
1502 1506 1603 1583 illa
1622 1520 1868 1575 supernae
1898 1501 2133 1583 civitatis

548 1615 649 1675 per
669 1600 868 1656 donum
892 1600 1049 1657 nobis
1073 1615 1186 1655 suae
1222 1597 1568 1669 aspirationis
1593 1594 1845 1652 innotuit.
1891 1595 2132 1650 Ventura

551 1694 711 1751 nobis
742 1695 1050 1759 annuntiat,
1085 1709 1211 1749 cum
1244 1707 1343 1748 nos
1390 1707 1423 1746 a
1460 1688 1749 1745 dilectione
1780 1686 2131 1759 praesentium

554 1784 913 1850 abstrahens,
960 1784 1290 1855 promissum
1339 1781 1395 1836 in
1434 1780 1585 1836 ctelis
1632 1793 1899 1850 regnum,
1930 1774 2131 1832 nostris

553 1877 811 1934 cordibus
842 1883 899 1932 et
925 1875 1208 1932 desideriis
1243 1871 1562 1951 inﬂammat.

2236 692 2255 726 ι
2299 691 2394 731 cor
2418 674 2594 739 suum,
2628 670 2787 745 hujus
2821 688 2959 728 vana
2987 680 3073 728 est
3102 670 3313 743 religio.
3364 670 3575 745 Religio
3608 674 3829 738 munda

2236 787 2257 821 ι
2302 778 2355 824 et
2405 749 2751 824 immaculata
2787 765 2928 837 apud
2969 762 3140 823 Deum
3183 775 3241 821 et
3283 754 3501 827 Patrem
3532 754 3653 831 haec
3698 778 3825 830 est:

2236 880 2254 913 ι
2300 842 2534 918 ~Visitare
2556 860 2787 933 pupillos
2821 867 2877 916 et
2899 859 3089 915 viduas
3132 857 3186 919 in
3222 840 3572 921 tribulatione
3596 875 3823 927 earum,

2237 970 2257 1006 ι
2298 961 2353 1009 et
2382 951 2787 1009 immaculatum
2820 967 2878 1008 se
2910 946 3185 1009 custodire
3215 948 3283 1007 ιι)
3306 950 3411 1011 hec
3447 950 3669 1015 Saeculo.
3720 972 3743 1007 ι

2272 1044 2481 1113 Ἐδιοιθ
2522 1045 2748 1115 factores
2792 1030 2929 1125 verbi
2982 1050 3086 1103 non
3127 1028 3395 1101 auditores
3447 1054 3677 1100 tantum.
3730 1028 3833 1100 Sic

2231 1142 2285 1191 et
2312 1128 2510 1193 Paulus
2554 1132 2621 1192 de
2666 1133 2799 1206 legis
2845 1124 3145 1191 cultoribus
3198 1134 3275 1189 ait
3321 1153 3335 1189 :
3379 1124 3497 1191 Non
3536 1133 3829 1195 auditores

2232 1237 2440 1286 tantum
2478 1218 2613 1300 legis
2638 1226 3082 1298 justiﬁeabuntur
3115 1227 3256 1298 apud
3280 1226 3471 1311 Deum,
3511 1218 3607 1287 sed
3642 1216 3825 1285 iacto-

2234 1337 2323 1377 res
2371 1320 2505 1394 legis
2547 1319 2681 1389 justi
2730 1328 2857 1376 sunt
2913 1312 3090 1403 (Rom.
3141 1318 3225 1392 tt).
3282 1306 3351 1375 Et
3404 1306 3459 1377 i'n
3489 1312 3826 1392 Apocalypsi

2233 1411 2467 1467 Joannes
2493 1427 2616 1467 cum
2652 1411 2880 1468 dixisset
2906 1425 2920 1464 :
2952 1411 3147 1465 Beatus
3179 1410 3270 1483 qui
3307 1409 3451 1480 legit,
3475 1421 3527 1489 et
3553 1411 3644 1483 qui
3670 1412 3829 1467 audit

2233 1503 2391 1560 verba
2420 1503 2704 1574 propheliw
2751 1502 2872 1557 libri
2913 1503 3096 1573 hujus,
3140 1500 3391 1574 protinus
3436 1488 3684 1575 adjunxit
3714 1522 3728 1556 :
3758 1503 3829 1560 Et

2232 1606 2401 1653 servat
2428 1614 2489 1651 ea
2509 1614 2627 1668 qua:
2650 1598 2706 1651 in
2725 1596 2820 1654 illa
2846 1599 3041 1671 scripta
3065 1604 3188 1652 sunt
3211 1593 3396 1667 (Apoc.
3430 1595 3492 1668 1).

2318 1688 2455 1756 Quia
2503 1690 2549 1745 si
2597 1691 2713 1762 quis
2757 1690 2970 1745 auditor
3015 1698 3091 1745 est
3122 1688 3280 1756 verbi,
3314 1696 3363 1747 et
3396 1704 3499 1744 non
3522 1688 3716 1759 factor,
3742 1691 3831 1745 hic

2236 1783 2628 1852 comparabitur
2651 1781 2761 1836 viro
2791 1780 3144 1835 consideranti
3166 1784 3368 1837 vultum
3393 1764 3683 1835 nativitatis
3715 1797 3832 1835 sua:

2233 1874 2290 1928 in
2324 1873 2551 1945 speculo,
2581 1880 2686 1928 etc.
2738 1871 2957 1929 Vultum
2990 1871 3288 1926 nativitatis
3326 1860 3460 1927 dicit
3486 1868 3699 1924 vultum
3739 1870 3830 1924 in-

625 1966 727 2023 Ille
767 1985 849 2023 me
887 1965 1217 2036 clariﬁcavit,
1255 1965 1381 2037 quia
1419 1946 1484 2018 de
1521 1978 1635 2017 meo
1676 1959 1914 2043 accipiet,
1956 1966 2003 2011 et
2042 1972 2139 2011 αη-
2162 1946 2212 2011 Β
2239 1963 2451 2029 fantiae,
2488 1979 2608 2033 quae
2638 1963 2875 2018 nondum
2911 1961 2977 2016 ad
3011 1960 3309 2043 perfectum
3341 1960 3593 2032 pervenit
3622 1959 3829 2015 virum.

556 2058 817 2115 nuntiabit
843 2058 1010 2113 vobis.
1065 2055 1301 2127 Spiritus
1341 2040 1982 2115 clariﬁcavitChristum,
2013 2046 2140 2117 quia

554 2167 652 2223 per
689 2165 812 2206 eum
847 2164 909 2205 ea
946 2147 1184 2205 eharitas
1220 2145 1277 2201 in
1315 2144 1572 2213 cordibus
1612 2138 2000 2212 discipulorum
2046 2148 2139 2191 ae-

555 2256 721 2299 ccnsa
749 2250 852 2308 est,
877 2249 937 2297 ut
960 2238 1170 2309 abiecto
1197 2240 1394 2295 timore
1419 2234 1646 2302 carnali,
1677 2234 1927 2291 etfectum
1959 2247 2141 2287 resur-

556 2332 818 2390 rectionis
862 2330 979 2400 ejus
1031 2338 1343 2389 constanter
1389 2329 1783 2400 praedicarent,
1836 2324 1929 2395 qui
1979 2320 2142 2395 paulo

554 2418 682 2478 ante
720 2430 961 2492 tempore
995 2420 1267 2491 passionis
1306 2418 1486 2491 pavidi
1532 2417 1766 2497 fuerant.
1817 2410 1969 2473 Unde
2006 2415 2143 2471 scri-

555 2524 709 2585 ptum
741 2521 825 2573 est
854 2533 868 2571 :
894 2496 964 2570 Et
990 2513 1169 2585 repleti
1198 2521 1318 2568 sunt
1349 2528 1525 2567 omnes
1555 2496 1760 2582 Spiritu
1791 2518 1970 2571 sancto
2001 2506 2137 2579 (Act.

557 2607 657 2679 ιν),
685 2618 735 2662 et
761 2606 1107 2679 loquebantur
1128 2606 1336 2659 verbum
1362 2604 1464 2658 Dei
1499 2619 1617 2657 cum
1649 2602 1847 2671 ﬁducia
1890 2599 2028 2670 (Act.
2052 2599 2137 2681 ιι).

558 2699 797 2769 Spiritus
841 2696 1164 2753 clarificavit
1201 2695 1504 2759 Christum,
1550 2710 1673 2749 cum
1719 2692 1925 2763 impleti
1969 2692 2142 2762 gratia

559 2787 813 2862 spiritali,
862 2787 1117 2843 doctores
1161 2785 1332 2842 sancti
1374 2792 1453 2839 tot
1492 2782 1547 2840 et
1593 2780 1744 2838 tanta
1786 2774 2041 2838 miracula
2085 2782 2143 2836 in

559 2880 778 2936 nomine
811 2878 1015 2936 Christi
1062 2877 1329 2944 fecerunt,
1373 2872 1570 2947 quibus
1621 2876 1808 2931 orbem
1854 2870 2027 2928 totum
2075 2872 2142 2926 ad

560 2970 723 3026 ﬁdem
752 2967 957 3025 Christi
986 2958 1387 3032 converterent,
1419 2962 1496 3021 tot
1526 2976 1590 3020 ac
1620 2966 1789 3030 tanta,
1817 2974 1915 3033 pro
1940 2960 2143 3016 Christi

561 3059 800 3125 nomine,
836 3057 1148 3128 passionUm
1180 3054 1479 3112 certamina
1515 3053 1874 3127 pertulerunt.
1932 3050 2143 3106 Clarii!-

561 3156 671 3225 cat,
711 3148 841 3204 ‘dum
880 3146 1183 3203 claritatem
1228 3147 1283 3203 in
1324 3148 1579 3204 cerdibus
1625 3146 1825 3203 nostris
1871 3140 2138 3207 dill'undit,

2240 2056 2355 2113 Mos
2382 2057 2672 2112 mulierum
2710 2062 2795 2113 est
2832 2054 3079 2125 aspicere
3114 2068 3173 2109 se
3205 2053 3260 2109 in
3288 2052 3638 2133 speculis,_ut
3662 2049 3807 2121 quid

2239 2149 2370 2221 quid
2414 2147 2469 2203 in
2516 2163 2575 2204 se
2608 2147 2886 2203 sordidum
2928 2135 3329 2217 perspexerint,
3379 2152 3477 2225 aut
3520 2134 3649 2200 non~
3679 2144 3833 2200 bene

2239 2238 2641 2310 compositum,
2686 2237 2743 2293 in
2790 2237 2986 2296 melius
3031 2237 3357 2301 emendato,
3406 2237 3517 2293 suis
3566 2244 3837 2306 satagunt

2238 2330 2454 2401 placere
2508 2328 2737 2386 maritis.
2787 2314 2940 2396 Quod
2991 2328 3173 2387 facere
3221 2322 3494 2385 moraliter
3533 2325 3835 2383 animabus

2241 2422 2493 2477 convenit
2518 2420 2743 2476 nostris.
2778 2418 3048 2477 Debemus
3075 2419 3275 2475 etenim
3307 2435 3408 2477 nos
3440 2417 3497 2475 i'n
3520 2415 3834 2489 Evangelii,

2240 2528 2336 2568 seu
2386 2494 2633 2567 omnium
2685 2510 2995 2566 divinarum
3042 2500 3453 2587 Scripturaru'm
3510 2507 3836 2577 conSpicere

2242 2605 2481 2676 speculo,
2520 2612 2576 2660 et
2616 2603 2875 2674 depositis
2924 2586 3176 2659 sordibus
3223 2598 3541 2670 ornatisq‘ue
3586 2592 3834 2653 moribus

2241 2698 2544 2757 animarum
2574 2704 2883 2751 nostrarum
2901 2734 2917 2761 ,
2959 2693 3177 2751 Christo
3207 2707 3338 2747 vero
3364 2689 3580 2762 placere
3606 2688 3830 2745 marito.

2314 2785 2623 2858 Quicunque
2649 2785 2966 2858 perspexerit
2994 2786 3050 2838 in
3076 2782 3241 2854 legem
3270 2768 3516 2854 perfecta:
3550 2768 3829 2858 libertatis,

2241 2888 2290 2936 et
2332 2856 2679 2959 permanserit
2726 2856 2782 2933 in
2821 2894 2903 2933 ea.
2963 2875 3160 2948 Legem
3200 2874 3496 2959 perlectam
3546 2856 3830 2943 Evangelii

2242 2971 2403 3038 dicit;
2434 2969 2569 3027 nihil
2593 2969 2737 3024 enim
2766 2969 2830 3023 ad
2858 2966 3159 3038 perfectum
3190 2965 3277 3021 lex
3302 2965 3546 3025 adducit.
3574 2964 3642 3019 Et
3666 2964 3830 3019 alibi:

2245 3061 2371 3117 Non
2429 3062 2566 3116 enim
2616 3040 2886 3131 accepistis
2927 3054 3170 3130 spiritum
3230 3054 3492 3123 servitutis
3540 3055 3727 3109 iterum
3775 3056 3836 3111 iu

2245 3151 2454 3219 timore,
2503 3150 2594 3205 sed
2630 3149 2903 3220 accepistis
2948 3149 3191 3219 spiritum
3248 3147 3550 3217 adoptionis
3594 3136 3832 3215 ﬁliorum

561 3246 616 3298 et
656 3244 875 3297 interna:
919 3240 1105 3312 patria:
1151 3237 1393 3299 amorem
1441 3241 1689 3312 inspirat.
1743 3235 1883 3306 Quia
1928 3238 1993 3292 de
2027 3252 2141 3291 meo
2172 3308 2211 3317 ῃ
2245 3241 2423 3317 (Rom.
2450 3241 2592 3315 vin).
2616 3243 2683 3298 Et
2704 3242 2900 3299 iterum
2928 3260 2942 3295 :
2971 3240 3070 3297 Ubi
3093 3243 3229 3299 enim
3251 3242 3469 3314 spiritus
3489 3239 3725 3306 Domini,
3761 3240 3833 3295 ibi

560 3333 799 3404 accipiet,
836 3330 886 3388 et
920 3308 1253 3387 annuntiabit
1286 3332 1444 3399 tabis,
1486 3308 1546 3387 id
1570 3338 1677 3398 'e‘st,
1704 3328 1770 3387 de
1804 3340 1928 3385 meo
1954 3328 2136 3383 Patre.
2164 3308 2213 3371 Ὁ
2245 3308 2460 3409 libertas
2485 3308 2573 3404 (Il
2596 3331 2719 3388 Cor.
2747 3332 2830 3405 ιιι)
2849 3351 2863 3401 ;
2882 3342 2939 3389 et
2959 3323 3073 3403 ipse
3096 3308 3383 3389 Dominus:
3403 3333 3465 3389 Si
3490 3350 3604 3400 vos,
3629 3334 3828 3403 inquit,

560 3420 843 3481 D‘ePatre
886 3424 1082 3495 accipit
1124 3422 1359 3495 Spiritus
1408 3433 1648 3491 sanctus,
1688 3424 1817 3495 quia
1868 3410 1934 3478 de
1980 3418 2143 3477 Patre

559 3514 822 3584 procedit,
871 3513 938 3571 'de
977 3522 1085 3586 quo
1131 3523 1187 3570 et
1226 3514 1397 3571 Filius
1432 3522 1590 3570 natus
1632 3514 1735 3569 est.
1782 3510 1885 3582 Qui
1911 3514 2042 3568 vero
2075 3510 2143 3569 de

562 3604 708 3660 nullo
744 3613 904 3659 natus
942 3606 1033 3671 sit,
1068 3605 1134 3660 de
1168 3605 1315 3660 nullo
1349 3607 1614 3675 procedit,
1651 3613 1806 3675 pater
1850 3598 1934 3659 ‘est
1963 3604 2138 3671 solus;

560 3693 742 3748 umnia
766 3700 1102 3765 quaecunque
1128 3693 1293 3750 habet
1319 3703 1492 3765 pater,
1526 3702 1644 3750 mea
1673 3696 1820 3760 sunt,
1852 3698 2143 3766 prepterea

563 3774 699 3839 dikit
726 3801 740 3837 :
769 3780 913 3849 Quia
951 3783 1015 3838 de
1054 3799 1168 3838 meo
1215 3784 1464 3857 accipiet,
1498 3794 1546 3839 et
1592 3784 1922 3858 annuntiabit
1968 3786 2142 3856 vobis;

560 3875 631 3933 de
657 3875 744 3933 his
766 3876 925 3945 dixit,
962 3893 1084 3948 quae
1108 3879 1176 3933 ad
1207 3877 1381 3949 ipsam
1404 3876 1583 3934 Patris
1610 3877 1947 3934 divinitatem
1976 3882 2145 3950 perti-

564 3973 724 4034 nent,
758 3964 816 4021 in
852 3964 1049 4037 quibus
1086 3967 1177 4022 ille
1214 3976 1299 4023 est
1333 3967 1556 4039 aequalis
1583 3968 1766 4036 Patri,
1812 3970 1868 4025 in
1909 3976 2016 4042 qua
2062 3979 2146 4028 est

562 4058 618 4112 et
644 4054 879 4128 Spiritus
914 4066 1137 4115 sanctus
1164 4059 1387 4130 aequalis
1419 4059 1565 4115 Patri
1600 4060 1659 4117 et
1689 4048 1849 4129 Filio,
1879 4064 2007 4133 quia
2038 4068 2144 4120 una

560 4146 894 4220 substantia,
931 4168 1039 4208 una
1082 4160 1308 4221 natura,
1349 4168 1454 4208 una
1490 4152 1770 4225 maiestas,
1807 4170 1916 4211 una
1951 4146 2141 4229 gloria,

560 4252 670 4297 una
703 4243 980 4299 aeternitas
1014 4251 1099 4299 est
1129 4241 1307 4299 Patris
1345 4249 1400 4300 et
1432 4242 1552 4299 Filii
1590 4253 1646 4300 et
1672 4243 1907 4315 Spiritus
1946 4246 2142 4312 sancti,

563 4340 620 4388 et
645 4340 731 4388 est
765 4342 907 4389 unus
929 4334 1073 4390 Deus
1108 4335 1470 4407 omnipotens,
1499 4336 1805 4403 invisibilis,
1839 4336 2144 4408 incompre-

561 4423 843 4479 hensibilis
866 4422 1015 4481 omni
1045 4434 1331 4495 creaturie,
1358 4426 1520 4482 Pater
1546 4435 1601 4483 et
1623 4426 1793 4483 Filius
1821 4436 1877 4483 et
1904 4428 2142 4498 Spiritus

564 4516 803 4569 sanctus.

1192 4600 1507 4643 CONCOBDIA.

2243 3418 2419 3478 Filius
2439 3421 2751 3491 liberaverit,
2780 3441 2895 3495 rere
2924 3423 3075 3479 liberi
3098 3424 3220 3479 estis
3244 3422 3425 3494 (Joan.
3449 3423 3593 3495 vm).

2317 3515 2440 3572 Non
2478 3517 2690 3571 auditor
2724 3516 3002 3572 obliuiosus
3045 3502 3240 3587 factus,
3286 3516 3376 3573 sed
3420 3506 3598 3587 factor
3634 3518 3828 3587 aperis,

2243 3616 2351 3665 etc.
2382 3607 2502 3664 Non
2534 3604 2721 3663 auditu
2758 3609 2910 3663 verbi
2947 3621 3303 3678 supervacuo,
3335 3604 3427 3662 Sed
3459 3606 3643 3679 operis
3671 3621 3833 3664 exse-

2244 3701 2461 3757 cutione
2496 3700 2773 3758 beatitudo
2805 3707 3159 3771 praeparatur,
3195 3699 3335 3756 sicut
3370 3708 3425 3755 et
3445 3698 3713 3759 Dominus
3740 3700 3826 3755 lo-

2244 3807 2413 3865 quens
2455 3792 2521 3848 ad
2560 3790 2850 3861 discipulos
2886 3810 2899 3847 :
2955 3786 3012 3846 Si
3040 3800 3224 3846 autem
3272 3791 3442 3859 scitis,
3486 3788 3625 3846 beati
3661 3793 3832 3859 eritis,

2244 3880 2439 3955 inquit,
2473 3884 2521 3937 si
2542 3880 2768 3953 feceritis
2793 3899 2854 3936 ea
2876 3881 3061 3955 (Joan.
3088 3882 3235 3955 XIII).

2314 3974 2374 4030 Si
2409 3975 2525 4047 quis
2562 3982 2734 4028 autem
2768 3981 2921 4045 putat
2952 3990 3007 4029 se
3038 3972 3337 4045 religiosum
3372 3970 3505 4040 esse,
3530 3986 3637 4026 non
3674 3973 3834 4043 refre-
3876 3992 3887 4007 ι

2245 4081 2377 4119 nans
2420 4064 2653 4135 linguam
2694 4081 2866 4130 suam,
2910 4071 3014 4119 etc.
3065 4056 3348 4119 Monuerat
3396 4079 3557 4139 supra
3607 4062 3832 4119 verbum

2242 4148 2339 4209 Dei
2381 4171 2485 4210 non
2527 4154 2700 4210 solum
2739 4152 2947 4222 audire,
2986 4148 3081 4211 sed
3119 4153 3409 4221 etfacere;
3458 4154 3605 4209 nunc
3644 4153 3828 4219 addit:

2192 4294 2207 4305 ,
2244 4243 2370 4315 quia
2408 4248 2462 4299 'et
2501 4244 2545 4300 si
2578 4244 2829 4299 mandata
2866 4243 2991 4314 quis
3013 4232 3244 4309 Domini,
3274 4246 3395 4313 Quae
3436 4239 3643 4309 didicit,
3676 4240 3832 4298 factis

2243 4346 2498 4391 exercere
2522 4334 2759 4399 videtur,
2791 4333 2835 4389 si
2864 4344 2973 4388 nan
2999 4335 3164 4389 etiam
3193 4332 3432 4405 linguam
3469 4350 3500 4387 a
3532 4333 3830 4389 detractio-

2245 4426 2423 4492 nibus,
2455 4423 2771 4489 mendaciis,
2799 4422 3172 4493 blasphemiis,
3204 4414 3577 4494 ‘stultiloquiis,
3609 4426 3681 4480 ab
3720 4425 3832 4496 ipso

2243 4516 2409 4572 etiam
2457 4513 2819 4584 multiloquio,
2859 4515 3200 4585 caeterisque,
3240 4510 3438 4585 quibus
3474 4522 3709 4585 peccare
3748 4529 3831 4570 so-

2243 4606 2338 4674 let,
2365 4604 2739 4665 rel'renaverit.
2761 4605 2967 4660 fruStra
2990 4617 3048 4661 se
3068 4602 3136 4660 de
3162 4618 3388 4675 operum
3403 4602 3618 4674 juStitia
3639 4603 3828 4675 jactet.

634 4695 693 4749 in
725 4696 942 4752 nomine
976 4695 1223 4767 iustitia},
1262 4705 1318 4752 et
1353 4698 1409 4753 in
1441 4697 1664 4768 spiritus
1706 4700 1883 4757 sancti
1917 4701 2058 4759 dono
2086 4663 2219 4760 etD
2245 4663 2396 4751 Sidi"
2428 4703 2483 4750 et
2512 4693 2711 4750 Paulus
2731 4663 3008 4765 generalis
3047 4663 3223 4763 poeta;
3263 4663 3593 4751 sententiam
3630 4663 3830 4764 appro-

562 4784 842 4853 missione,
874 4786 1102 4843 istarrim
1128 4787 1353 4845 duarum
1382 4789 1442 4845 fit
1464 4793 1751 4848 concordia
1777 4792 2092 4852 lectionum.

754 4940 1080 5000 DOHINICA
1115 4944 1184 5001 IV
1220 4944 1395 5001 POST
1433 4946 1587 5005 OCT.
1629 4949 1946 5007 PASCHIE.

798 5046 969 5091 ειηθτ.
996 5048 1154 5091 βειτι
1182 5050 1362 5094 ³ΑΒοΜ
1398 5055 1678 5109 λιθοδτοιι,
1710 5059 1829 5099 CAP.
1864 5058 1903 5098 Ι.

642 5160 662 5198 ι
706 5146 895 5203 Estote
938 5146 1197 5205 factdres‘
1224 5152 1393 5219 verbi,
1433 5169 1540 5211 non
1585 5156 1859 5213 auditores
1906 5164 2137 5226 tantum,

572 5258 591 5292 ι
635 5239 879 5296 fallentes
913 5243 1290 5314 vosmetipsos.
1360 5245 1497 5313 Quia
1542 5249 1588 5303 si
1630 5249 1753 5320 quis
1803 5250 2021 5308 auditor
2056 5261 2140 5309 est

574 5349 592 5381 ι
637 5331 787 5387 verbi
816 5340 872 5388 et
909 5344 1015 5416 non
1054 5333 1247 5402 taeter,
1289 5336 1379 5392 hic
1416 5340 1820 5409 comparabitur
1856 5341 1974 5397 viro
2005 5340 2139 5399 coh-

574 5439 593 5470 (
633 5420 894 5478 sideranti
958 5425 1167 5481 vultum
1242 5427 1543 5484 nativitatis
1611 5445 1723 5485 suae
1782 5432 1837 5486 in
1895 5430 2140 5503 speculo.

575 5528 594 5562 ι
636 5510 1011 5571 Consideravit
1054 5518 1199 5573 enim
1235 5528 1317 5585 ac,
1355 5527 1411 5574 et
1437 5520 1598 5584 abiit,
1631 5531 1687 5576 et
1723 5523 1906 5578 statim
1941 5524 2141 5582 oblitus

486 5648 491 5652 .
575 5619 595 5653 ι
640 5610 721 5659 est
732 5604 908 5676 qualis
930 5606 1112 5662 fuerit.
1126 5606 1229 5676 Qui
1251 5616 1432 5665 autem
1452 5613 1789 5681 perspexerit
1810 5614 1864 5667 in
1889 5612 2004 5685 lege
2017 5624 2143 5684 per-

573 5706 594 5745 ι
638 5692 793 5752 laetae
812 5695 1097 5764 libertatis,
1123 5706 1178 5755 et
1196 5701 1554 5772 permanserit
1582 5698 1637 5756 in
1672 5716 1757 5769 ea,
1793 5712 1901 5760 non
1926 5704 2143 5761 auditor

574 5802 597 5840 ι
639 5787 932 5845 obliviosus
971 5789 1164 5859 factus,
1190 5791 1284 5849 sed
1313 5790 1487 5850 factor
1517 5796 1717 5867 operis,
1745 5794 1834 5853 hic
1860 5796 2053 5854 beatus
2081 5799 2137 5854 in

573 5891 598 5931 ι
640 5876 784 5935 tacto
818 5894 917 5936 suo
942 5879 1065 5935 erit.
1102 5882 1160 5937 Si
1193 5883 1317 5955 quis
1350 5893 1532 5942 autem
1561 5894 1715 5958 putat
1750 5904 1806 5944 se
1834 5888 2142 5960 religiosum

2240 4777 2398 4927 blans,
2436 4784 2562 4945 ait;
2583 4780 2938 4856 Corrumpunt
2974 4794 3142 4841 Mores
3175 4786 3337 4843 bonos
3385 4785 3649 4857 colloquia
3687 4785 3831 4841 male

2246 4872 2265 4945 (
2319 4871 2443 4927 Cor.
2469 4884 2539 4927 xv
2572 4913 2584 4925 .

2246 4871 2297 4946 (ι
2319 4871 2443 4927 Cor.
2469 4871 2584 4945 xv).

2318 4959 2521 5033 Religio
2549 4962 2747 5017 munda
2780 4971 2830 5017 et
2861 4960 3229 5031 immaculata,
3262 4962 3403 5036 apud
3432 4960 3603 5019 Deum
3639 4960 3692 5017 et
3726 4961 3830 5017 Pa-

2240 5061 2373 5107 trem
2394 5053 2505 5107 htrc
2528 5061 2624 5107 est.
2651 5052 2881 5109 Pulchre
2906 5052 3135 5121 addidit,
3162 5054 3304 5126 apud
3326 5054 3494 5109 Deam
3517 5058 3566 5108 et
3586 5048 3829 5117 Patrue,

2247 5145 2373 5214 quia
2403 5152 2532 5201 sunt
2566 5146 2661 5216 qui
2697 5146 3004 5202 hominibus
3047 5147 3284 5219 religiosi
3321 5144 3595 5210 videntur,
3637 5158 3767 5200 cum
3800 5161 3830 5200 a

2246 5235 2358 5292 Deo
2382 5237 2651 5293 habentur
2672 5236 2903 5309 profani.
2935 5234 3087 5295 Unde
3112 5242 3167 5295 et
3202 5239 3457 5296 Salonitin
3485 5238 3563 5295 ait
3586 5256 3603 5294 :
3626 5235 3730 5294 Est
3750 5239 3831 5294 eia

2247 5336 2365 5400 quae
2395 5330 2598 5384 videtur
2627 5328 2825 5385 homini
2859 5331 3020 5399 iusta,
3060 5332 3339 5387 nooissiina
3374 5341 3548 5386 autem
3585 5331 3705 5402 ejus
3736 5326 3830 5386 de-

2248 5419 2445 5474 ducunt
2475 5416 2543 5474 ad
2567 5429 2783 5474 mortem
2810 5418 2995 5493 (Prov.
3021 5419 3157 5491 xiv).

2331 5522 2549 5584 Visitare
2580 5530 2805 5603 pupillos
2841 5536 2893 5586 et
2926 5524 3107 5588 'viduas
3144 5533 3201 5588 in
3242 5522 3576 5587 tribulatione
3617 5526 3828 5595 eorum,

2239 5614 2288 5676 et
2316 5620 2713 5677 immaculatum
2758 5622 2812 5677 se
2850 5620 3111 5680 Custodire
3156 5620 3222 5680 ab
3269 5624 3366 5680 hoc
3408 5621 3622 5679 saeculo.
3684 5618 3830 5691 Quia

2242 5710 2455 5769 dixerat
2490 5701 2754 5773 laetorém
2792 5708 2974 5787 operis
3005 5712 3225 5773 beatum
3266 5717 3322 5774 in
3362 5702 3505 5773 iacto
3550 5716 3648 5771 Suo
3678 5708 3831 5769 fulu-

2244 5818 2394 5870 rum,
2429 5810 2573 5860 nunc
2609 5820 2728 5878 quae
2764 5804 2906 5863 facta
2936 5805 3047 5864 Deo
3083 5809 3317 5865 maxime
3356 5809 3635 5881 placeant,
3666 5804 3825 5869 dicit,

2242 5890 2613 5949 misericordia
2648 5896 2855 5951 Scilicet
2895 5896 2950 5953 et
2989 5898 3315 5955 innowntia.
3346 5898 3481 5955 Nam
3516 5913 3637 5968 qua:
3661 5894 3721 5951 in
3756 5904 3825 5950 eo
