4030 6462
283 437 383 494 501

1103 440 1618 498 COLLECTIONES
1653 442 1721 498 ΙΝ
1756 441 2132 498 EPlSTOLAS
2170 445 2257 500 ET
2296 445 2705 504 EVANGELIA.

3419 456 3527 511 302

281 559 427 630 quod
455 557 685 628 pupillos
722 564 777 613 et
805 557 1000 613 viduas
1035 559 1091 612 in
1126 558 1471 614 tribulatione
1502 574 1691 613 eorum
1724 559 1852 613 visi—
1877 557 1932 620 Α
1954 555 2237 614 dilectione
2278 562 2544 625 succensi,
2588 577 2694 630 quo
2731 563 3021 631 perfectius
3058 568 3257 631 omnia,
3299 586 3420 640 quae
3458 574 3525 628 de

281 661 400 708 tare
422 653 606 724 jussit,
639 659 831 707 cuncta
861 666 981 720 quae
1008 667 1132 721 erga
1162 653 1463 720 proximum
1492 652 1854 706 misericordi-

279 753 365 799 ter
391 759 551 815 agere
576 743 886 808 debeamus,
912 743 1168 798 insinuat.
1197 743 1350 809 Quod
1375 752 1634 814 quantum
1654 745 1850 808 valeat,

279 837 398 909 ipso
426 835 615 905 judicii
655 841 896 906 tempore
931 837 1220 906 pandetur,
1245 836 1338 892 ubi
1367 837 1609 892 dicturus
1647 846 1730 892 est
1760 835 1852 904 ju-

280 932 381 987 dex
405 949 419 984 :
447 929 694 995 Quandiu
725 931 917 1000 fecistis
939 931 1032 984 uni
1063 930 1126 984 de
1154 931 1233 984 his
1259 930 1511 1000 fratribus
1542 932 1669 984 meis
1699 930 1853 984 mini-

275 1024 398 1088 mis,
434 1024 564 1078 mihi
597 1023 814 1094 fecistis.
848 1007 1019 1077 P'brro
1059 1023 1114 1076 in
1149 1038 1235 1087 eo,
1283 1022 1424 1092 quod
1477 1022 1852 1077 immaculatos

278 1133 376 1174 nos
409 1118 477 1172 ab
509 1119 612 1172 hoc
639 1115 836 1171 saaculo
865 1115 1135 1170 custodire
1169 1115 1446 1184 pmcepit,
1485 1114 1757 1178 universa,
1797 1113 1852 1167 in

276 1214 473 1285 quibus
509 1226 609 1267 nos
644 1211 789 1282 ipsos
823 1217 1004 1266 castos
1045 1223 1263 1264 servare
1293 1207 1468 1270 docet,
1499 1205 1750 1261 ostendit.
1793 1203 1849 1257 In

276 1305 470 1377 quibus
504 1310 630 1361 sunt
665 1307 723 1358 et
754 1313 817 1357 ea
847 1315 967 1372 qua:
1010 1315 1173 1370 supra
1213 1299 1505 1354 observare
1542 1304 1846 1359 monuerat,

275 1403 335 1452 ut
365 1397 504 1452 tardi
535 1395 603 1450 ad
635 1393 984 1465 loquendum,
1015 1392 1155 1446 tardi
1183 1391 1353 1445 simus
1380 1389 1447 1444 ad
1479 1390 1635 1443 iram.

605 1498 943 1541 EVANGELIUI
981 1497 1214 1548 JOANNIS,
1255 1496 1373 1536 CAP.
1409 1494 1520 1533 XVI.

350 1595 371 1628 α
412 1575 585 1631 Amen
607 1589 765 1630 amen
797 1575 918 1628 dico
938 1573 1109 1635 vobis,
1135 1573 1178 1626 si
1205 1570 1331 1640 quid
1355 1570 1620 1639 petieritis
1645 1580 1853 1639 patrem

279 1685 300 1720 ι
344 1669 397 1723 in
428 1667 644 1721 nomine
668 1679 810 1732 meo,
848 1664 1189 1718 dahltvobis.
1226 1662 1408 1732 Usque
1439 1662 1598 1717 modo
1626 1678 1733 1717 non
1759 1677 1853 1732 pe-

277 1777 299 1812 r
349 1761 487 1816 tistis
525 1759 816 1830 quidquam
858 1760 912 1813 in
957 1758 1173 1811 nomine
1215 1771 1367 1821 meo;
1405 1759 1570 1827 petite
1609 1765 1664 1811 et
1709 1757 1851 1812 acci-

278 1869 299 1904 ι
341 1852 523 1921 pletis,
565 1859 626 1906 ut
669 1851 922 1921 gaudium
955 1857 1197 1904 vestrum
1235 1850 1307 1904 sit
1346 1848 1584 1916 plenum.
1632 1849 1755 1902 Hzec
1797 1849 1850 1902 in

1953 651 2226 719 agnitione
2289 652 2590 707 divinitatis
2661 656 2980 712 mortalibus
3025 667 3182 715 erant
3238 663 3526 732 capienda,

1955 751 2234 810 ceperunt,
2285 758 2350 796 eo
2393 744 2672 800 ardentius
2706 746 2843 811 sola,
2870 763 2988 816 qua:
3022 752 3089 804 ad
3115 751 3233 822 ejus
3261 752 3526 814 visionem

1952 832 2365 899 promerendam
2399 832 2672 902 iuvarent,
2713 844 2896 906 petere
2935 854 3001 895 ac
3023 840 3334 900 desiderare
3369 861 3527 902 cura-

1952 932 2166 977 verunt.

2025 1016 2130 1071 Illa
2160 1017 2244 1071 die
2270 1019 2326 1072 in
2353 1019 2560 1074 nomine
2585 1035 2701 1073 meo
2727 1023 2930 1092 petetis.
2974 1023 3034 1078 ld
3067 1033 3169 1092 est,
3200 1042 3320 1096 quae
3343 1028 3412 1086 ad
3435 1043 3527 1086 sa-

1952 1105 2120 1161 lutem
2171 1109 2541 1165 tantummodo
2586 1111 2888 1166 animarum
2936 1122 3268 1184 vestrarum,
3311 1127 3368 1175 et
3407 1134 3530 1191 quas

1954 1198 2019 1250 ad
2061 1198 2254 1267 gaudia
2285 1207 2483 1254 aiterna
2505 1201 2776 1270 pertinere
2799 1201 3105 1268 videantur,
3156 1215 3341 1274 petere
3387 1210 3527 1266 inci-

1951 1288 2132 1359 pictis,
2159 1297 2214 1343 et
2241 1290 2476 1344 maxime
2506 1299 2566 1346 ut
2605 1291 2912 1363 intelligetis
2945 1295 3076 1363 quid
3109 1297 3180 1351 sit
3213 1301 3358 1366 quod
3381 1301 3526 1356 dixi:

1953 1379 2068 1452 Ego
2096 1391 2145 1435 et
2170 1381 2333 1437 Pater
2362 1400 2525 1438 unum
2552 1402 2753 1452 sumus,
2781 1387 2866 1440 vel
2895 1389 3164 1456 quomodo
3197 1399 3352 1459 pater
3378 1393 3448 1447 sit
3473 1395 3530 1448 in

1951 1483 2060 1537 me,
2101 1481 2156 1527 et
2196 1489 2296 1545 ego
2331 1475 2387 1528 in
2425 1483 2599 1544 patre.
2640 1477 2790 1532 Tunc
2822 1478 2876 1532 in
2910 1477 3026 1548 ejus
3068 1482 3286 1537 nomine
3319 1491 3526 1552 petunt,

1951 1564 2046 1632 qui
2083 1574 2293 1632 petunt,
2335 1567 2463 1636 quia
2511 1569 2567 1622 in
2613 1584 2748 1624 sono
2793 1567 2909 1637 ejus
2949 1573 3182 1627 nominis
3221 1589 3328 1629 non
3362 1575 3530 1643 aliud,

1953 1671 2115 1724 quam
2160 1670 2276 1710 rem
2328 1657 2499 1726 ipsam
2541 1673 2684 1725 esse,
2725 1677 2845 1729 qua:
2884 1661 2988 1717 hoc
3025 1664 3243 1720 nemine
3284 1675 3528 1735 vocatur,

1953 1745 2277 1817 intelligunt.
2332 1748 2398 1803 Ili
2419 1760 2644 1820 possunt
2671 1760 2944 1822 utcunque
2971 1757 3216 1827 cogitare
3243 1758 3530 1814 Dominum

1953 1846 2196 1892 nostrum
2235 1837 2418 1896 Jesum
2462 1843 2772 1910 Christum,
2815 1845 2868 1899 in
2909 1855 3173 1915 quantum
3218 1849 3382 1904 homo
3425 1859 3530 1917 est,

277 1961 297 1994 ι
341 1941 641 2013 proverbiis
698 1939 911 1996 locutus
949 1955 1070 1995 sum
1113 1940 1285 1994 vobis.
1340 1940 1499 1994 venit
1536 1941 1688 2004 hora,
1723 1955 1844 1994 cum
1873 1926 1920 1986 B
1947 1946 2046 2000 pro
2067 1931 2223 1987 nobis
2243 1932 2588 2002 interpellare
2610 1944 2855 2004 patrem;
2883 1937 2938 1991 in
2968 1947 3227 2008 quantum
3260 1941 3404 1996 Deus
3424 1948 3530 2009 est,

276 2049 297 2084 ι
331 2032 442 2102 jam
492 2045 598 2087 non
648 2033 703 2086 in
751 2033 1052 2102 proverbiis
1095 2031 1289 2102 loquar
1333 2032 1509 2095 vobis,
1537 2033 1630 2086 sed
1670 2031 1847 2102 palam

275 2135 295 2176 ι
341 2125 407 2178 de
432 2133 586 2193 patre
621 2125 953 2178 annuntiabo
973 2124 1145 2180 vobis.
1173 2123 1268 2178 illo
1294 2123 1379 2178 die
1400 2125 1453 2176 in
1484 2124 1700 2177 nomine
1728 2138 1848 2178 meo

277 2230 298 2266 ι
341 2215 559 2284 petetis.
623 2215 691 2269 Et
749 2229 856 2269 non
910 2214 1032 2269 dico
1078 2214 1264 2279 vobis,
1313 2215 1440 2283 quia
1502 2228 1602 2284 ego
1648 2216 1848 2283 rogabo

273 2321 295 2355 ι
343 2314 552 2374 patrem
585 2305 650 2360 de
679 2305 852 2360 vobis.
888 2304 1008 2374 Ipse
1035 2305 1182 2359 enim
1211 2313 1363 2374 pater
1395 2313 1543 2357 amat
1569 2319 1688 2369 vos,
1720 2305 1849 2372 quia

273 2410 294 2446 ι
341 2409 439 2448 vos
467 2409 555 2448 me
589 2395 833 2458 amastis,
873 2402 927 2448 et
956 2395 1284 2457 credidistis,
1323 2394 1448 2462 quia
1493 2409 1524 2447 a
1550 2394 1659 2448 Deo
1684 2394 1846 2446 exivi.

273 2502 296 2536 ι
343 2484 499 2538 Exivi
531 2501 560 2537 a
581 2491 735 2553 patre
760 2492 815 2540 et
833 2484 954 2539 veni
978 2485 1032 2537 in
1063 2484 1353 2548 mundum;
1383 2483 1579 2537 iterum
1605 2483 1850 2552 relinquo

274 2594 297 2628 ι
342 2579 620 2642 mundum,
666 2586 720 2632 et
750 2577 887 2631 vado
924 2578 991 2632 ad
1028 2587 1257 2646 patrem.
1299 2575 1494 2630 Dicunt
1523 2576 1573 2630 ei
1599 2574 1849 2644 discipuli

273 2683 296 2720 ι
341 2656 500 2736 ejus?
529 2669 668 2722 Ecce
717 2683 860 2722 nunc
888 2668 1065 2738 palam
1112 2667 1370 2737 loqueris,
1409 2675 1466 2720 et
1504 2666 1847 2736 proverbium

274 2775 296 2810 ι
337 2758 541 2814 nullum
585 2758 740 2813 dicis.
793 2758 946 2813 Nunc
980 2759 1202 2824 scimus,
1241 2759 1367 2828 quia
1405 2759 1514 2813 scis
1554 2758 1754 2822 omnia,
1795 2765 1850 2813 et

272 2867 294 2902 ι
339 2865 448 2904 non
487 2865 621 2919 opus
659 2858 742 2904 est
786 2851 902 2915 tibi,
945 2858 1004 2904 ut
1047 2851 1168 2918 quis
1210 2859 1263 2904 te
1295 2851 1594 2921 interroget
1622 2867 1634 2902 :
1665 2850 1720 2903 in
1748 2851 1850 2904 hoc

274 2955 294 2990 ι
341 2939 628 3005 credimus,
658 2941 782 3009 quia
813 2956 844 2993 a
874 2942 983 2995 Deo
1012 2941 1193 2994 existi.
1241 2959 1261 2992 ι

341 3033 503 3086 Amen
531 3049 681 3087 amen
705 3033 820 3086 dico
853 3033 1014 3098 vobis,
1049 3035 1095 3087 si
1119 3034 1246 3103 quid
1272 3035 1524 3103 petieritis
1555 3031 1771 3088 Patrem
1792 3035 1849 3088 in

269 3126 477 3178 nomine
523 3141 657 3189 meo,
698 3126 842 3179 dabit
885 3126 1048 3180 vobis.
1096 3126 1271 3198 Usque
1309 3127 1464 3180 modo
1479 3118 1486 3121 7'
1509 3140 1610 3180 non
1648 3126 1847 3197 petistis

263 3215 551 3286 quidquam
577 3218 632 3269 in
658 3217 866 3270 nomine
890 3233 1037 3281 meo;
1065 3220 1221 3286 petite
1249 3226 1296 3271 et
1318 3218 1602 3288 accipietis,
1633 3226 1688 3270 ut
1718 3233 1850 3287 gau-

266 3309 413 3360 dium
445 3318 670 3362 vestrum
703 3310 769 3361 sit
801 3309 1032 3378 plenum.
1078 3310 1179 3381 (Ex
1198 3308 1384 3382 Beda.)
1416 3309 1637 3363 Duobus
1671 3309 1846 3362 modis
1874 3289 1919 3352 (ἶ

267 3397 492 3469 intelligi
519 3406 724 3468 potest:
755 3399 839 3454 vel
865 3401 989 3469 quia
1019 3416 1126 3455 non
1153 3402 1207 3455 in
1231 3401 1448 3455 nomine
1470 3416 1590 3455 meo
1614 3401 1846 3470 petistis,

267 3492 411 3559 quod
451 3505 646 3545 nomen
687 3506 796 3546 non
837 3493 979 3547 sicut
1023 3494 1454 3564 cognoscendum
1488 3501 1572 3547 est
1599 3493 1850 3561 cognovi-

266 3583 388 3646 stis,
416 3583 500 3638 vel
531 3600 637 3640 non
666 3585 880 3654 petistis
909 3586 1225 3655 quidquam,
1253 3586 1508 3656 quoniam
1547 3585 1602 3638 in
1627 3599 1848 3654 compa-

269 3675 479 3730 ratione
528 3691 712 3730 rerum
748 3695 760 3729 :
795 3691 930 3745 quas
979 3685 1165 3748 petere
1206 3678 1500 3744 debuistis,
1548 3691 1648 3748 pro
1681 3676 1850 3732 nihilo

269 3767 576 3821 habendum
605 3777 688 3823 est
707 3769 850 3838 quod
877 3769 1110 3840 petistis.
1661 3770 1668 3775 ’

342 3861 510 3916 Petite
531 3872 581 3916 et
602 3864 890 3933 accipietis,
920 3871 974 3916 ut
998 3863 1249 3934 gaudium
1275 3873 1501 3917 vestrum
1523 3864 1590 3917 sit
1614 3861 1844 3933 plenum.

265 3956 346 4012 Ac
395 3956 441 4011 si
486 3964 734 4026 patenter
787 3956 933 4011 dicat
973 3973 986 4010 :
1037 3955 1154 4012 Non
1201 3957 1343 4010 ﬂuxa
1402 3957 1585 4012 saeculi
1631 3956 1847 4028 gaudia,

266 4063 388 4119 quas
431 4055 488 4102 et
531 4061 762 4102 maerore
807 4063 1020 4116 semper
1077 4049 1246 4102 mixta
1291 4055 1346 4102 et
1383 4049 1565 4103 dolore
1614 4048 1849 4102 ﬁnienda

264 4145 419 4202 sunt,
473 4137 568 4190 sed
620 4137 749 4191 illud
797 4138 1068 4206 singulare
1111 4119 1364 4209 gaudium
1413 4148 1617 4210 apatre
1659 4141 1847 4209 petite,

265 4232 422 4302 cujus
447 4232 726 4301 plenitudo
765 4233 915 4287 nullo
954 4231 1241 4300 cujuslibet
1277 4235 1667 4302 inquietudinis
1715 4242 1851 4288 atta-

265 4334 360 4381 ctu
395 4325 678 4390 minuitur,
706 4325 985 4380 tetcrnitas
1023 4325 1170 4378 nullo
1197 4337 1434 4393 unquam
1485 4324 1716 4379 termino
1743 4323 1852 4379 dis-

266 4416 531 4482 solvitur;
562 4416 606 4470 sl
633 4415 756 4470 talia
781 4417 1017 4485 petendo
1057 4415 1430 4486 perstiteritis,
1473 4415 1600 4470 talia
1621 4418 1852 4485 petendo

265 4506 454 4576 procul
487 4507 648 4561 dubio
690 4520 809 4575 qua
848 4506 1033 4576 petitis
1065 4506 1359 4575 accipietis,
1403 4506 1448 4560 si
1478 4520 1658 4561 mores
1683 4506 1849 4561 menti

270 4599 602 4656 concordant
645 4599 898 4670 petentis.
975 4599 1172 4653 Parum
1203 4599 1349 4654 enim
1382 4599 1630 4654 utilitatis
1674 4599 1847 4665 aiiert,

267 4693 410 4747 bene
437 4692 643 4746 orando
673 4705 906 4760 superna
941 4705 1202 4760 quaerere,
1231 4689 1323 4760 qui
1361 4706 1469 4746 non
1499 4690 1706 4745 destim
1730 4706 1850 4761 per-

269 4795 427 4834 verse
453 4781 678 4835 vivendo
713 4782 766 4835 in
797 4781 998 4834 infimis
1029 4781 1314 4852 implicari.

347 4873 474 4927 Haec
493 4875 547 4927 in
567 4875 848 4944 proverbiis
870 4873 1071 4929 locutus
1084 4891 1198 4929 sum
1220 4874 1544 4939 vobis;venit
1559 4875 1711 4940 hora,
1729 4891 1848 4929 cum

262 4963 384 5034 jam
407 4975 510 5018 non
532 4965 585 5018 in
607 4965 889 5035 proverbiis
913 4965 1101 5036 loquar
1121 4966 1282 5030 vobis,
1309 4966 1399 5020 sed
1419 4966 1596 5037 palam
1609 4967 1673 5020 de
1688 4966 1848 5020 Patre

271 5073 388 5112 meo
407 5059 730 5113 annuntiabo
753 5058 909 5113 vobis.
965 5057 1080 5113 Jam
1111 5059 1319 5129 parvuli
1353 5059 1590 5124 fuerant,
1619 5061 1846 5114 necdum

273 5149 571 5221 intelligere
608 5158 920 5220 potuerunt,
949 5152 1216 5220 quomodo
1258 5156 1412 5221 pater
1458 5161 1602 5207 esset
1631 5152 1686 5204 in
1717 5151 1847 5213 lilio,

273 5251 332 5298 et
361 5243 500 5298 illius
528 5243 580 5298 in
603 5251 777 5313 patre,
801 5253 854 5298 et
875 5251 1088 5308 caetera,
1118 5259 1235 5313 qua:
1267 5244 1331 5297 ad
1359 5242 1622 5312 profunda
1647 5250 1849 5313 myste—

273 5336 480 5390 riorum
505 5336 802 5390 divinitatis
826 5335 1184 5405 pertinebant,
1231 5335 1458 5389 necdum
1487 5334 1628 5388 scire
1657 5341 1849 5403 potue-

276 5435 424 5482 runt.
458 5427 582 5482 ideo
629 5428 682 5482 in
727 5427 1044 5497 proverbiis,
1092 5427 1243 5495 quasi
1291 5427 1345 5481 in
1375 5427 1660 5497 :enigmate
1705 5426 1850 5496 loqui

273 5518 386 5576 illis
408 5521 690 5575 videbatur
716 5519 1002 5584 Dominus;
1028 5519 1121 5572 sed
1150 5519 1415 5586 promittit
1443 5518 1531 5573 ille
1555 5520 1764 5582 horam;
1798 5518 1851 5571 in

276 5626 383 5682 qua
413 5611 593 5681 palam
627 5610 735 5666 illis
769 5611 834 5666 de
861 5615 1013 5681 patre
1047 5609 1374 5678 loqueretur.
1417 5609 1564 5662 Illam
1597 5609 1850 5663 nimirum

275 5702 470 5758 horam
509 5703 878 5774 significabat,
917 5717 1022 5772 qua
1064 5701 1172 5763 eis,
1211 5706 1430 5770 peracta
1471 5715 1564 5754 sua
1604 5700 1854 5770 passione

277 5809 345 5850 ac
382 5794 799 5863 reSurrectiOnc,
826 5793 1060 5866 Spiritbs
1096 5792 1265 5850 sancti
1301 5799 1418 5845 erat
1440 5793 1668 5862 gratiam
1696 5793 1850 5848 datu‘

279 5901 397 5943 rus.
430 5886 581 5943 Tunc
618 5888 759 5942 enim
795 5887 1099 5958 specialiter
1141 5886 1284 5941 intus
1328 5885 1596 5948 instructi,
1638 5885 1854 5954 speciali

1947 2039 2048 2078 nos
2076 2025 2332 2080 exaudire
2358 2042 2480 2080 cum
2517 2037 2690 2096 patre,
2726 2031 2870 2098 quod
2913 2045 3038 2085 eum
3081 2031 3415 2101 signiﬁcasse
3446 2048 3534 2088 ar-

1948 2116 2140 2180 bitror,
2177 2116 2267 2170 ubi
2306 2119 2416 2172 ait:
2442 2118 2510 2172 Et
2551 2136 2654 2173 non
2691 2120 2810 2175 dico
2849 2121 3012 2188 vobis,
3045 2123 3169 2192 quia
3209 2139 3301 2192 ego
3339 2124 3532 2194 rogabo

1950 2204 2168 2260 Patrem
2205 2207 2270 2261 de
2309 2208 2469 2262 vobis.
2532 2209 2719 2265 Potest
2757 2212 2902 2266 enim
2943 2227 3054 2266 non
3092 2213 3536 2270 inconvenienter

1950 2298 2120 2366 accipi
2152 2300 2293 2366 quod
2319 2300 2395 2353 ait
2420 2318 2432 2353 :
2459 2301 2524 2354 Et
2554 2318 2660 2356 non
2693 2303 2815 2360 dico
2836 2306 3012 2370 vobis,
3041 2306 3167 2376 quia
3196 2320 3296 2376 ego
3332 2307 3534 2378 rogabo

1951 2395 2160 2457 patrem
2201 2389 2266 2442 de
2295 2389 2470 2457 vobis;
2514 2393 2639 2460 quia
2685 2403 2793 2447 non
2838 2395 2903 2448 de
2944 2397 3199 2463 praesenti
3244 2412 3394 2466 rogo,
3437 2398 3534 2453 sed

1953 2479 2019 2532 de
2048 2479 2230 2534 futuro
2255 2483 2450 2550 posuit,
2485 2483 2696 2553 rogabo,
2727 2484 2870 2554 quod
2911 2486 3114 2540 sanctis
3153 2487 3218 2540 ad
3262 2487 3531 2544 internam

1950 2585 2140 2640 pacem
2193 2573 2424 2643 receptis
2472 2589 2580 2629 non
2629 2591 2767 2644 opus
2809 2577 2880 2630 sit
2919 2575 3034 2644 jam
3087 2577 3290 2647 aliquid
3340 2594 3536 2652 rogare

1949 2663 2018 2718 de
2062 2663 2190 2727 illis,
2238 2665 2365 2733 quia
2410 2665 2667 2719 nimirum
2718 2675 2868 2722 tanta
2912 2669 3251 2726 beatitudine
3298 2671 3535 2729 donandi

1949 2757 2080 2823 sint,
2112 2772 2233 2826 quae
2261 2758 2492 2828 amplior
2522 2773 2643 2814 esse
2670 2775 2777 2815 non
2802 2762 2994 2830 possit.

2021 2847 2143 2918 Ipse
2169 2849 2305 2903 enim
2328 2848 2490 2905 Pater
2511 2861 2657 2905 amat
2690 2869 2796 2918 vos,
2825 2855 2949 2925 quia
2987 2869 3075 2909 vos
3102 2872 3185 2910 me
3213 2857 3452 2924 amastis,
3485 2869 3536 2916 et

1950 2943 2268 3008 credidistis,
2290 2944 2415 3014 quia
2441 2959 2534 3014 ego
2564 2961 2596 2997 a
2618 2944 2728 2998 Deo
2762 2946 2916 3000 exivi.
2959 2946 3076 3002 Non
3111 2948 3188 3002 ita
3227 2949 3533 3021 intelligen-

1950 3034 2078 3089 dum
2125 3042 2210 3090 est
2245 3034 2390 3104 quod
2430 3035 2570 3088 dixit
2602 3053 2621 3092 :
2661 3037 2784 3108 quia
2825 3053 2916 3092 vos
2960 3055 3042 3093 me
3084 3043 3322 3106 amastis,
3378 3045 3535 3112 quasi

1950 3127 2163 3198 priores
2199 3127 2276 3182 illi
2315 3129 2552 3183 amarint
2581 3127 2878 3196 Christum,
2920 3132 3015 3187 sed
3058 3133 3128 3186 ita
3170 3135 3371 3203 potius,
3404 3137 3532 3206 quia

1950 3226 2106 3288 pater
2157 3217 2278 3272 illos
2323 3219 2560 3289 gratuito
2615 3233 2798 3275 amore
2849 3224 3205 3290 prazvenerit,
3256 3235 3419 3297 atque
3468 3229 3537 3284 ad

1949 3309 2243 3365 amandum
2287 3313 2722 3382 credendumque
2765 3313 2934 3369 tilium
2971 3319 3202 3373 amando
3236 3320 3534 3387 sustulerit,

1949 3412 2004 3458 et
2036 3405 2162 3475 quia
2199 3404 2300 3474 ipsi
2342 3405 2578 3475 agnitam
2618 3404 2715 3458 ﬁlii
2760 3405 3122 3473 dilectionem,
3163 3423 3227 3466 ac
3255 3410 3415 3466 ﬁdem
3446 3415 3537 3482 pio

1949 3503 2005 3552 et
2039 3495 2274 3552 sollicito
2314 3497 2478 3551 corde
2532 3498 2888 3563 servaverint,
2937 3498 3204 3567 maiorum
3243 3513 3336 3556 eos
3381 3503 3538 3559 donis

1949 3596 2189 3657 paternae
2215 3587 2520 3642 dilectionis
2545 3603 2665 3643 esse
2691 3599 3091 3656 remuneratos,
3117 3608 3256 3662 quos
3277 3607 3382 3649 una
3410 3609 3536 3650 cum

1932 3678 2063 3733 «tilio
2091 3686 2147 3733 et
2177 3678 2369 3747 spiritu
2409 3686 2598 3734 sancto
2636 3687 2805 3746 amat,
2836 3695 2970 3748 quos
3008 3691 3194 3738 amore
3230 3683 3422 3754 dignos
3445 3687 3534 3756 ju-

1950 3773 2113 3837 dicat,
2146 3773 2290 3843 quod
2330 3771 2573 3838 adjunxit
2602 3788 2613 3824 :
2643 3770 2780 3837 Quia
2821 3789 2908 3826 vos
2942 3787 3023 3826 me
3061 3775 3308 3840 amastis,
3347 3777 3536 3832 eadem

1949 3865 2162 3919 ratione
2212 3864 2554 3919 sentiendum
2600 3871 2702 3929 est,
2733 3873 3081 3936 quapropter,
3113 3867 3422 3940 quicunque
3467 3869 3535 3925 ﬂ-

1948 3955 2082 4010 lium
2122 3965 2269 4011 recte
2303 3956 2488 4020 habet,
2523 3957 2665 4011 hunc
2700 3971 2820 4010 cum
2849 3966 3004 4026 patre
3035 3966 3088 4012 et
3117 3959 3309 4029 spiritu
3349 3969 3537 4018 sancto

1951 4055 2118 4102 amat.
2158 4047 2226 4100 Et
2254 4047 2382 4116 quia
2408 4047 2604 4101 horum
2643 4047 3021 4117 inseparabilis
3056 4056 3140 4116 est
3171 4058 3364 4104 natura
3394 4052 3533 4106 divi-

1950 4140 2159 4204 nitatis,
2205 4139 2399 4193 horum
2444 4151 2548 4192 una
2597 4139 2894 4207 eademque
2942 4145 3068 4192 sunt
3113 4140 3251 4193 dona
3298 4141 3534 4208 virtutis,

1952 4232 2055 4285 hoc
2081 4239 2184 4296 est,
2209 4231 2352 4300 quod
2384 4231 2606 4291 amatis,
2641 4237 2696 4283 et
2723 4230 2944 4283 creditis
2973 4229 3096 4298 quia
3131 4244 3161 4283 a
3191 4229 3302 4285 Deo
3330 4232 3496 4286 cxivi.

2024 4321 2174 4375 Exivi
2204 4339 2234 4374 a
2258 4319 2420 4374 Patre
2449 4329 2496 4373 et
2527 4322 2639 4374 veni
2673 4321 2726 4373 in
2752 4322 3038 4386 mundum;
3077 4322 3265 4376 iterum
3299 4322 3535 4395 relinquo

1953 4413 2228 4477 mundum,
2253 4419 2302 4465 et
2327 4410 2459 4466 vado
2486 4412 2553 4464 ad
2580 4409 2810 4465 Patrem.
2841 4413 3018 4466 Exivit
3046 4427 3076 4466 a
3106 4423 3280 4484 patre,
3305 4423 3362 4470 et
3387 4417 3538 4472 venit

1953 4507 2008 4561 in
2036 4505 2312 4570 mundum,
2344 4504 2471 4574 quia
2498 4503 2728 4559 visibilis
2753 4503 2954 4558 mundo
2981 4507 3229 4574 apparuit
3264 4507 3317 4561 in
3344 4508 3537 4563 huma-

1954 4601 2144 4664 nitate,
2171 4601 2262 4669 qui
2291 4605 2410 4655 erat
2435 4597 2720 4653 invisibilis
2745 4598 2884 4666 apud
2910 4607 3119 4667 patrem
3156 4598 3210 4652 in
3233 4598 3533 4657 divinitate.

1954 4694 2136 4749 Exivit
2178 4709 2209 4746 a
2249 4699 2422 4762 patre,
2462 4691 2587 4760 quia
2629 4705 2732 4744 non
2771 4689 2826 4743 in
2865 4705 2926 4745 ea
2957 4689 3132 4745 forma
3171 4701 3278 4761 qua
3313 4693 3538 4762 mqualis

1955 4794 2037 4840 est
2065 4785 2229 4856 patri,
2256 4784 2348 4838 sed
2379 4784 2433 4836 in
2465 4790 2739 4852 assumpta
2771 4790 3021 4836 creatura
3057 4781 3234 4837 minor
3261 4783 3530 4852 apparuit.

1955 4877 2022 4931 Et
2048 4877 2197 4930 venit
2242 4875 2296 4928 in
2323 4873 2604 4937 mundum,
2634 4873 2757 4940 quia
2797 4872 2848 4925 in
2887 4887 2948 4926 ea
2983 4872 3151 4926 forma
3184 4874 3327 4927 servi
3369 4888 3534 4944 quam

1957 4968 2186 5036 accepit,
2214 4965 2375 5019 etiam
2405 4963 2587 5018 mundi
2619 4961 2776 5030 hujus
2805 4964 3136 5018 amatoribus
3160 4978 3218 5018 se
3247 4957 3531 5020 videndum

1955 5061 2202 5129 przebuit.
2251 5059 2449 5112 lterum
2500 5056 2716 5126 reliquit
2763 5057 3020 5110 mundum
3059 5066 3113 5110 et
3152 5058 3297 5112 redit
3333 5059 3400 5112 ad
3436 5072 3534 5127 pa-

1957 5160 2115 5217 trem,
2151 5151 2278 5221 quia
2314 5149 2380 5204 ab
2403 5157 2623 5218 aspectu
2651 5157 2954 5202 amatorum
2978 5147 3186 5214 mundi,
3213 5149 3359 5219 quod
3386 5149 3536 5204 vide-

1956 5253 2082 5299 rant
2121 5242 2358 5309 abstulit,
2391 5249 2444 5297 et
2483 5257 2541 5297 se
2576 5241 2908 5297 amatoribus
2949 5242 3062 5295 suis
3108 5240 3368 5312 aequalem
3393 5243 3536 5312 patri

1957 5350 2097 5400 esse,
2128 5335 2456 5389 credendum
2484 5334 2682 5388 docuit.
2731 5333 2968 5402 Reliquit
3006 5333 3263 5387 mundum
3294 5341 3349 5390 et
3375 5335 3535 5390 rediit

1960 5430 2025 5484 ad
2067 5436 2302 5499 patrem,
2359 5428 2483 5496 quia
2541 5427 2950 5490 humanitatem,
3007 5440 3168 5495 quam
3219 5426 3395 5481 induit
3435 5440 3538 5499 per

1959 5521 2352 5586 ascensionem,
2391 5520 2456 5574 ad
2507 5519 2792 5572 invisibilia
2825 5527 3061 5588 paternae
3095 5515 3392 5585 maiestatis
3440 5519 3536 5573 ad-

1957 5613 2127 5666 duxit.
2171 5611 2296 5667 Haec
2334 5612 2551 5682 quidem
2578 5611 2739 5665 verba
2770 5609 2983 5663 Domini
3027 5610 3275 5680 mystica,
3307 5618 3362 5664 et
3397 5611 3535 5666 sicut

1956 5701 2072 5773 ipse
2113 5710 2365 5767 testatur,
2395 5701 2448 5755 in
2476 5699 2776 5772 proverbiis
2804 5706 2930 5752 sunt
2956 5697 3118 5752 dicta.
3154 5698 3260 5755 Sed
3285 5700 3532 5771 discipuli

1959 5796 2154 5864 quibus
2195 5795 2534 5854 dicebantur,
2573 5793 2704 5846 adeo
2742 5791 2915 5844 adhuc
2968 5792 3214 5848 carnales
3257 5802 3429 5857 erant,
3474 5803 3534 5847 ut

1959 5899 2148 5940 eorum
2186 5886 2602 5955 profuit-litatum
2652 5881 2869 5935 minime
2913 5889 3187 5951 caperent,
3223 5890 3277 5935 et
3312 5897 3416 5936 non
3449 5897 3538 5943 se-
