4030 6452
509 443 616 499 303

1854 425 2203 485 SMARAGDI
2240 421 2530 513 ABBi'tTlS

3662 415 3769 472 504

506 557 620 611 lum
661 567 859 609 arcana
907 547 1333 622 dictorumts'ed
1374 562 1474 601 nec
1515 548 1686 615 ipsam
1720 543 2081 615 ignorantiam
2109 542 2162 602 Α
2187 538 2426 594 storum?
2473 533 2580 590 Sed
2617 547 2686 589 ne
2713 530 3012 622 trepidaret
3058 534 3249 622 nostra
3289 523 3575 622 fragilitas,
3606 540 3769 622 repu-

507 663 659 705 suam
702 644 1081 714 intelligerent,
1116 647 1366 710 putantes
1406 638 1726 709 simpliciter
1760 647 1815 692 et
1852 637 2085 692 dilucide

504 738 739 810 prolata,
785 750 904 804 quae
951 747 1059 787 non
1109 729 1532 800 intelligentibus
1575 728 1862 798 proverbia
1907 734 2083 790 erant,

505 824 638 885 ecce
667 827 922 883 continuo
951 822 1346 892 responderunt
1367 838 1394 874 :.

576 920 712 974 Ecce
753 932 890 970 nunc
930 912 1108 984 palam
1157 911 1399 982 loqueris,
1431 919 1478 964 et
1516 910 1840 980 proverbium
1885 908 2087 962 nullum

505 1015 655 1069 dicis.
684 1009 869 1065 Palam
895 1007 1058 1076 igitur
1083 1004 1228 1074 loqui
1256 1003 1617 1067 aestimabant,
1645 1002 1799 1070 cujus
1826 1001 2088 1071 mysteria

504 1107 775 1161 dictorum
817 1099 1047 1155 necdum
1088 1094 1548 1165 comprehendere
1602 1093 1898 1157 valebant;
1947 1089 2090 1160 quod

506 1204 686 1252 autem
710 1193 1039 1264 adiungunt:

580 1285 737 1340 Nunc
758 1282 973 1346 scimus,
995 1281 1120 1351 quia
1154 1279 1255 1334 scis
1289 1279 1487 1343 omnia,
1525 1286 1574 1331 et
1605 1293 1710 1331 non
1733 1293 1862 1346 apus
1895 1284 1968 1329 est
1999 1273 2092 1326 tibi

507 1387 564 1432 ut
606 1377 722 1447 quis
763 1385 810 1428 te
851 1373 1246 1442 interroget:in
1273 1372 1368 1425 hoc
1411 1370 1701 1434 credimus,
1742 1363 1866 1440 quia
1913 1385 1943 1421 a
1984 1367 2092 1420 Deo

506 1470 681 1532 existi,
720 1474 907 1537 aperte
935 1464 1249 1529 ostendunt,
1277 1465 1403 1533 quia
1442 1463 1666 1532 loquens
1694 1463 1762 1516 ad
1788 1477 1881 1516 eos
1909 1461 2096 1516 Domi-

507 1573 633 1622 nus,
666 1557 899 1612 maxime
939 1554 1272 1625 disputabat,
1309 1570 1431 1624 quae
1470 1554 1590 1609 illos
1625 1553 1967 1608 delectabant
2001 1568 2096 1605 au-

507 1649 644 1713 dire,
673 1655 728 1702 ot
765 1662 884 1717 qua:
911 1646 988 1700 illi
1014 1645 1348 1713 interrogare
1377 1643 1648 1706 volebant,
1678 1643 1794 1696 haec
1825 1642 1938 1711 ipse
1961 1656 2098 1711 prte-

507 1739 734 1796 veniens
778 1752 873 1792 eos
914 1737 1058 1790 ultro
1107 1734 1436 1804 proferebat.
1517 1733 1671 1788 Unde
1711 1732 1906 1786 merito
1945 1731 2097 1784 illum

510 1829 651 1884 scire
679 1827 882 1892 omnia,
912 1826 1066 1895 quasi
1091 1827 1283 1887 Deum,
1309 1833 1362 1879 et
1385 1823 1542 1892 quasi
1567 1823 1660 1877 Dei
1684 1821 1901 1887 Filium,
1929 1837 1960 1875 a
1987 1821 2098 1876 Deo

2186 636 2307 682 tans
2332 644 2390 682 se
2419 633 2569 680 tanto
2593 623 2890 694 prOphetae,
2918 619 3009 689 qui
3037 634 3198 672 curru
3237 617 3396 688 igneo
3425 617 3540 686 rapi
3571 616 3772 672 meruit

2187 719 2254 772 ad
2281 718 2468 780 coelos,
2498 715 2694 770 similia
2731 712 2910 767 facere
2951 725 3059 764 non
3085 724 3268 778 posse,
3299 707 3544 763 consulte
3579 707 3774 762 beatus

2185 809 2436 872 Jacobus,
2481 807 2547 861 de
2588 807 2704 876 ejus
2732 804 2980 858 oratione
3011 802 3310 863 locuturus,
3350 799 3423 852 ita
3461 798 3772 852 inchoavit:

2186 896 2338 951 Elius
2361 898 2514 950 homo
2549 906 2659 950 erat
2691 893 2879 948 similis
2905 893 3071 956 nobis,
3094 879 3379 960 passibilis.
3422 889 3596 944 llomo
3624 904 3780 944 nam-

2190 1004 2294 1059 que
2339 995 2476 1051 erat,
2511 986 2725 1041 tametsi
2763 984 2892 1038 nulli
2932 983 3209 1037 hominum
3243 983 3444 1035 virtute
3487 981 3777 1046 secundus,

2189 1077 2380 1132 similis
2429 1078 2583 1132 nobis
2626 1075 2834 1147 origine
2875 1075 3078 1138 carnis,
3127 1073 3404 1143 passibilis
3456 1080 3517 1126 ut
3567 1088 3668 1128 nos
3729 1083 3784 1126 et

2191 1171 2388 1226 mentis
2419 1170 2707 1241 fragilitate
2735 1178 2785 1224 et
2814 1170 3014 1223 carnis.
3044 1165 3183 1220 Nam
3213 1167 3356 1235 quod
3385 1181 3548 1220 carne
3574 1165 3784 1234 fragilis

2192 1270 2356 1324 esset,
2399 1260 2540 1330 apud
2581 1258 2937 1330 Sareptenam
2977 1258 3195 1312 viduam
3234 1256 3441 1311 victum
3493 1256 3784 1326 quaerendo

2193 1353 2532 1408 monstravit.
2587 1351 2739 1418 Quod
2789 1359 2970 1405 mente
3026 1364 3241 1420 quoque
3292 1347 3566 1416 passibilis
3621 1346 3790 1402 fuerit

2193 1449 2451 1513 ostendit,
2483 1464 2604 1503 cum
2635 1459 2759 1516 post
2788 1447 3026 1502 redditas
3051 1447 3214 1502 terris
3242 1460 3432 1516 aquas,
3486 1445 3787 1499 extinctos—

2197 1557 2303 1611 que
2328 1541 2622 1611 prophetas
2647 1550 2702 1595 et
2727 1541 3036 1596 sacerdotes
3063 1539 3348 1604 idolorum,
3379 1539 3540 1592 unius
3572 1538 3790 1594 mulier-

2199 1633 2334 1688 cula:
2371 1632 2535 1687 minis
2576 1633 2889 1695 exterritus,
2932 1647 3030 1702 per
3068 1631 3280 1686 deserta
3311 1627 3543 1700 diffugit.
3591 1617 3790 1695 Quanti

2200 1730 2382 1776 autem
2429 1723 2500 1776 sit
2550 1722 2730 1777 meriti
2776 1723 2918 1792 apud
2960 1721 3130 1776 Deum
3157 1763 3173 1788 ,
3237 1735 3338 1792 pro
3390 1720 3792 1776 inﬁrmantibus

2200 1833 2378 1880 orare,
2413 1832 2618 1888 eosque
2655 1833 2749 1872 sua
2782 1827 3004 1888 peccata
3036 1817 3390 1883 confitentes,
3430 1819 3500 1872 ad
3533 1818 3790 1874 amissam

509 1918 726 1974 venisse
773 1916 1006 1973 credunt
1055 1923 1112 1969 et
1155 1914 1502 1969 conﬁtentur.
1553 1913 1814 1983 Apertum
1863 1928 2099 1983 namque
2125 1895 2172 1954 Β
2201 1924 2463 1965 revocare
2489 1909 2829 1978 sospitatem,
2861 1910 3139 1964 subdendo
3169 1907 3582 1964 manifestatur:

510 2008 812 2064 divinitatis
837 2007 1096 2063 indicium
1123 2013 1226 2071 est,
1256 2004 1646 2074 cogitationum
1672 2017 1835 2059 nosse
1861 2013 2094 2059 secreta.

635 2084 641 2090 ’
1149 2111 1466 2152 couconnu.

581 2193 813 2247 lstarum
834 2192 1066 2248 duarum
1088 2189 1146 2243 in
1166 2189 1263 2242 Dei
1289 2187 1460 2258 patris
1474 2188 1691 2243 nomine
1717 2188 1778 2243 ﬁt
1813 2187 2100 2244 concordia

513 2284 828 2340 lectionum.
993 2313 995 2315 ι

966 2351 1038 2406 ΙΝ
1075 2350 1353 2406 LlTANlA
1393 2349 1521 2404 MAI
1525 2349 1659 2406 0R1.

729 2459 904 2500 EPIST.
943 2459 1103 2498 ΒΕΔΤῙ
1140 2458 1320 2497 JACOBI
1362 2457 1638 2505 APOSTOLI,
1674 2457 1792 2497 CAP.
1830 2459 1883 2496 ν.

591 2580 613 2612 ‹
655 2559 1003 2617 Confitemini
1033 2559 1356 2614 alterutrum
1383 2566 1608 2628 peccata
1636 2567 1842 2622 vestra,
1869 2565 1923 2611 et
1951 2564 2104 2611 orate

521 2672 539 2703 ε
586 2667 686 2724 pro
732 2651 964 2706 invicem
1013 2658 1073 2703 ut
1118 2649 1418 2704 salvemini.
1489 2647 1717 2702 Multum
1765 2647 1913 2702 enim
1963 2648 2106 2701 valet

525 2765 543 2794 ι
586 2742 896 2813 deprecatio
931 2740 1064 2808 justi
1101 2739 1336 2794 assidua.
1372 2738 1516 2792 Elias
1544 2739 1708 2793 homo
1742 2745 1860 2793 erat
1913 2737 2106 2790 similis

529 2852 548 2884 ι
596 2833 772 2897 nobis,
800 2830 1092 2902 passibilis,
1122 2840 1176 2884 et
1203 2829 1452 2883 oratione
1479 2828 1676 2893 oravit,
1710 2836 1770 2881 ut
1811 2844 1919 2882 non
1956 2827 2107 2896 plue-

526 2943 544 2976 ι
593 2932 677 2980 ret
719 2938 881 2994 super
924 2930 1158 2986 terram,
1210 2929 1266 2975 et
1312 2937 1418 2976 non
1464 2919 1602 2989 pluit
1650 2935 1822 2974 annos
1875 2927 2003 2982 tres,
2053 2926 2109 2973 et

527 3035 545 3066 ι
593 3028 807 3070 menses
855 3029 969 3069 sex.
1019 3013 1087 3067 Et
1118 3027 1336 3066 rursum
1386 3010 1585 3074 oravit,
1629 3016 1684 3063 et
1729 3009 1926 3063 caelum
1963 3008 2110 3063 dedit

531 3125 549 3155 ‹
596 3104 857 3174 pluviam,
901 3110 955 3158 et
1003 3111 1148 3157 terra
1193 3100 1341 3156 dedit
1381 3098 1614 3154 fructum
1653 3114 1830 3153 suum.
1887 3098 1942 3151 Si
1987 3099 2110 3168 quis

527 3214 545 3244 ι
592 3203 773 3249 autem
808 3208 877 3248 ex
909 3193 1062 3248 vobis
1095 3190 1362 3246 erraverit
1397 3205 1429 3244 a
1469 3191 1719 3254 veritate,
1751 3199 1806 3245 et
1831 3199 2111 3245 converte-

2274 1998 2332 2054 Si
2367 1999 2484 2070 quis
2515 2009 2690 2053 autem
2725 2001 2974 2054 erraverit
3009 2017 3074 2054 ea:
3108 2000 3249 2054 vob's
3279 2017 3310 2052 a
3332 2001 3568 2064 veritate,
3599 2008 3648 2051 et
3673 2016 3771 2052 con

2201 2093 2411 2148 verterit
2451 2093 2567 2164 quis
2608 2109 2748 2158 eum,
2795 2101 2899 2148 etc.
2951 2093 3086 2160 Quia
3136 2093 3280 2146 enim
3324 2092 3380 2146 in
3427 2092 3799 2161 superioribus

2204 2184 2365 2255 hujus
2412 2185 2652 2255 epistolae
2695 2187 2960 2255 partibus,
3013 2186 3194 2256 lingua
3241 2194 3430 2239 nostra
3483 2200 3513 2238 a
3558 2184 3800 2254 maligna

2205 2280 2288 2336 vel
2319 2279 2494 2335 otiosa
2537 2278 2810 2334 locutione
2852 2278 3217 2349 restringitur,
3251 2285 3544 2348 opportune
3577 2277 3633 2329 in
3662 2275 3799 2340 fine,

2205 2371 2339 2442 quid
2381 2369 2622 2424 maxime
2663 2368 2809 2438 loqui
2843 2368 3138 2423 debeamus
3173 2368 3492 2423 ostenditur.
3533 2364 3803 2420 Jubemur

2206 2463 2390 2531 itaque
2423 2477 2580 2516 orare
2619 2467 2674 2516 et
2711 2459 2941 2532 psallere
2969 2459 3220 2524 Domino,
3261 2460 3474 2530 quoties
3520 2457 3793 2527 aliquibus

2204 2552 2486 2622 pulsamur
2511 2551 2772 2606 adversis.
2796 2551 2929 2606 ltem
2953 2550 3197 2606 conﬁteri
3223 2549 3546 2604 alterutrum
3568 2558 3792 2618 peccata

2210 2653 2420 2709 nostra,
2457 2651 2514 2698 et
2547 2659 2706 2699 orare
2743 2659 2842 2714 pro
2888 2644 3118 2699 invicem
3149 2653 3211 2697 ut
3245 2643 3555 2707 salvemur;
3586 2658 3686 2712 pro
3714 2658 3801 2697 sa-

2211 2735 2384 2790 nitate
2410 2736 2784 2805 proximorum
2821 2751 2928 2791 non
2955 2737 3129 2792 solum
3167 2736 3474 2806 temporali,
3501 2735 3595 2790 sed
3622 2735 3802 2806 potius

2210 2834 2414 2881 aeterna
2439 2867 2454 2892 ,
2502 2835 2762 2896 quantam
2809 2843 3097 2898 possumus
3145 2827 3463 2898 impendere
3502 2843 3710 2882 curam.
3741 2825 3802 2882 Si

2210 2915 2354 2970 enim
2394 2931 2603 2988 magnae
2637 2917 2907 2972 mercedis
2933 2925 3036 2983 est,
3077 2933 3107 2970 a
3139 2926 3313 2972 morte
3341 2916 3556 2987 eripere
3581 2931 3802 2973 carnem

2212 3008 2535 3078 quandoque
2573 3009 2918 3074 morituram,
2963 3009 3152 3078 quanti
3197 3009 3301 3063 erit
3352 3009 3534 3063 meriti
3567 3023 3600 3062 a
3630 3016 3803 3065 morte

2212 3099 2447 3153 animam
2490 3098 2723 3155 liberare
2764 3100 2818 3154 in
2857 3083 3062 3154 caelesti
3105 3099 3281 3169 patria
3324 3099 3440 3153 sine
3483 3098 3592 3154 line
3631 3101 3803 3156 victu-

2214 3206 2351 3245 ram.
2386 3190 2690 3246 Notandum
2719 3207 2870 3258 sane,
2899 3193 3042 3262 quod
3069 3193 3288 3262 quidam
3328 3193 3545 3250 codices
3573 3193 3799 3259 habent,

533 3307 549 3338 ι
597 3289 670 3342 rit
702 3287 824 3357 quis
863 3301 1008 3350 eum,
1054 3285 1194 3339 scire
1233 3283 1392 3338 debet
1424 3282 1699 3352 quoniam,
1731 3283 1826 3352 qui
1870 3283 2111 3337 converti
2139 3253 2183 3316 (ἶ
2216 3281 2436 3336 salvavit
2457 3284 2693 3337 animam
2715 3300 2866 3338 suam
2888 3301 2921 3338 a
2943 3293 3128 3351 morte,
3157 3293 3212 3340 et
3240 3300 3307 3340 ex
3333 3285 3587 3356 ambiguo
3613 3284 3804 3342 Grmeo

531 3398 548 3427 α
596 3378 1175 3448 fecerit.peccatorem
1223 3374 1291 3428 ab
1332 3387 1518 3428 errore
1561 3373 1663 3428 viae
1708 3387 1838 3438 suae,
1886 3371 2116 3427 salvabit

531 3489 549 3519 ς
597 3469 832 3524 animam
885 3467 1003 3536 ejus
1047 3482 1079 3520 a
1117 3473 1311 3528 morte,
1363 3473 1419 3518 et
1472 3464 1650 3535 Operit
1708 3464 2115 3519 multitudinem

534 3578 550 3608 α
599 3568 973 3630 peccatorum.
1023 3577 1042 3610 ι

601 3651 935 3722 Conﬁtemini
964 3649 1276 3703 alterutrum
1308 3658 1519 3718 peccata
1553 3657 1742 3712 vestra,
1781 3657 1829 3700 et
1855 3657 1998 3700 orate
2021 3663 2116 3717 pro

529 3745 749 3798 invicem
781 3753 837 3796 ut
872 3741 1164 3796 salvemini.
1209 3740 1309 3810 (Ex
1343 3739 1531 3810 Beda.)
1560 3739 1618 3793 ln
1652 3739 1753 3794 hac
1781 3747 1963 3792 autem
1993 3753 2118 3793 sen-

530 3835 700 3891 tentia
730 3834 821 3890 illa
853 3834 1014 3889 debet
1046 3848 1166 3887 esse
1195 3831 1473 3896 discretio,
1517 3841 1576 3885 ut
1605 3830 1915 3900 quotidiana
1952 3831 2118 3886 levia-

530 3937 638 3998 que
683 3933 904 3997 peccata
954 3925 1275 3980 alterutrum
1324 3923 1688 3992 coaequalibus
1735 3922 2114 3985 conﬁteamur,

531 4030 828 4087 eorumque
883 4014 1197 4087 quotidiana
1253 4013 1541 4068 credamus
1595 4011 1838 4066 oratione
1893 4011 2114 4066 salvari.

532 4109 700 4164 Porro
747 4107 1010 4179 gravioris
1058 4105 1222 4176 lepra:
1263 4103 1682 4168 immunditiam,
1723 4103 1878 4173 juxta
1921 4103 2114 4174 legem,

533 4199 804 4256 sacerdoti
835 4199 1152 4270 pandamus,
1186 4204 1349 4265 atque
1379 4194 1445 4249 ad
1467 4193 1583 4264 ejus
1612 4194 1920 4259 arbitrium,
1945 4193 2120 4264 quali-

534 4301 617 4347 ter
645 4299 702 4345 et
733 4301 934 4360 quanto
967 4299 1206 4360 tempore
1241 4287 1484 4358 jusserit,
1512 4287 1803 4357 purilicare
1843 4301 2115 4341 curemus.

608 4383 836 4438 Multum
862 4385 1000 4437 enim
1029 4381 1162 4437 valet
1193 4382 1488 4451 deprecatio
1518 4381 1650 4449 justi
1693 4380 1932 4434 assidua.
1969 4378 2119 4433 Elius

536 4478 688 4530 homo
712 4482 824 4528 erat
849 4471 1036 4526 similis
1062 4471 1230 4535 nobis,
1262 4469 1546 4540 passibilis,
1574 4480 1620 4524 et
1656 4471 1893 4523 oratione
1931 4470 2118 4534 oravit,

534 4577 592 4621 ut
617 4583 719 4620 non
740 4565 938 4636 plueret
974 4580 1128 4634 super
1151 4573 1367 4628 terram,
1403 4573 1452 4616 et
1487 4578 1590 4616 non
1624 4560 1756 4632 pluit
1793 4578 1958 4616 annos
1991 4572 2114 4627 tres,

535 4673 583 4718 et
617 4676 814 4715 menses
847 4676 956 4713 sex.
1003 4659 1268 4713 Decenter
1313 4656 1509 4712 astruit
1549 4656 1816 4726 exemplo,
1857 4665 2119 4726 quantum

537 4754 846 4826 deprecatio
865 4751 999 4821 justi
1030 4752 1208 4807 valeat
1243 4752 1482 4816 assidua,
1510 4767 1632 4807 cum
1675 4751 1818 4806 Elias
1852 4768 1958 4808 una
2002 4761 2119 4808 tan-

539 4855 674 4900 tum~
705 4845 951 4900 oratione
997 4844 1234 4908 orando,
1290 4851 1398 4897 tam
1451 4843 1626 4912 longo"
1660 4850 1901 4912 tempore
1953 4843 2120 4898 caelos

537 4935 888 4998 continuerit,
917 4935 1078 4988 terris
1107 4933 1309 4987 imbres
1337 4932 1620 4997 averterit,
1645 4931 1851 4987 fructus
1880 4933 2121 4988 mortali-

539 5027 638 5081 bus
670 5027 962 5096 negaverit.
991 5025 1058 5080 Et
1087 5039 1277 5079 rursus
1303 5024 1395 5079 ubi
1425 5024 1612 5090 voluit,
1641 5025 1732 5080 ubi
1765 5033 1976 5095 tempus
1998 5041 2119 5081 esse

537 5118 830 5189 perspexit,
859 5117 950 5172 ubi
993 5116 1152 5187 longo
1190 5115 1382 5170 inediae
1425 5115 1548 5170 tabe
1583 5131 1679 5170 cor
1717 5116 1862 5186 regis
1900 5115 2119 5184 superbi

539 5219 594 5266 et
622 5212 799 5283 gentis
825 5208 1142 5274 idololatrze,
1169 5209 1237 5263 ad
1267 5209 1639 5279 paenitentiam
1664 5209 1798 5263 vidit
1839 5208 2115 5275 inflexum,

539 5319 702 5356 unam
757 5301 1096 5357 solummodo
1147 5300 1450 5354 orationem
1499 5299 1757 5364 oraverit,
1811 5307 1866 5352 et
1911 5298 2120 5353 fructus

540 5402 704 5462 atque
729 5409 916 5463 aquas,
955 5407 1091 5462 quas
1121 5398 1436 5460 negaverat,
1466 5390 1630 5444 terris
1672 5390 1989 5445 restituerit.
2029 5388 2119 5444 Sic

541 5482 688 5536 enim
735 5484 981 5551 sequitur
1010 5499 1024 5534 :

613 5571 683 5624 Et
715 5588 924 5625 rursum
956 5573 1140 5636 oravit,
1179 5581 1226 5626 et
1248 5572 1430 5624 coelum
1463 5570 1605 5623 dedit
1635 5567 1886 5640 pluviam,
1911 5578 1957 5623 et
1979 5578 2120 5623 terra

542 5663 687 5718 dedit
708 5663 936 5734 fructum
967 5682 1140 5719 suum.
1186 5662 1366 5719 Semel
1392 5678 1521 5734 ergo
1548 5669 1604 5716 et
1626 5662 1776 5731 prius
1803 5670 1858 5716 et
1883 5670 2122 5731 postmo-

545 5754 672 5810 dum
704 5756 900 5823 oravit,
930 5765 985 5811 et
1011 5757 1114 5812 hoc
1137 5770 1276 5810 unus
1303 5754 1466 5815 Elias,
1499 5768 1563 5807 ac
1601 5760 1747 5807 tanta
1790 5752 2120 5822 impetravit,

459 5893 461 5895 .
547 5860 807 5916 quantum
848 5848 934 5904 his
970 5847 1112 5902 valet
1153 5847 1406 5916 frequens
1441 5845 1792 5916 plurimorum
1829 5845 2001 5899 oratio
2036 5846 2123 5914 ju-

2216 3377 2379 3430 σώσει
2401 3375 2581 3447 ψυχὴν
2612 3376 2665 3430 ἐκ
2687 3377 2927 3442 θανάτου,
2963 3377 3039 3431 ita
3071 3385 3126 3432 et
3155 3385 3303 3432 recte
3331 3377 3681 3448 interpretari
3709 3393 3804 3448 po-

2218 3473 2346 3530 test,
2367 3473 2421 3519 et
2441 3481 2633 3522 revera
2660 3469 2754 3537 qui
2783 3475 3059 3524 errantem
3091 3469 3331 3540 corrigit,
3361 3470 3681 3539 sibimetipsi
3710 3485 3806 3539 per

2218 3558 2321 3614 hoc
2347 3559 2471 3614 vita:
2501 3560 2741 3614 ccclestis
2769 3563 2962 3631 gaudia
2993 3562 3258 3632 ampliora
3285 3563 3556 3633 conquirit
3584 3581 3596 3615 :
3622 3559 3807 3617 Salva-

2219 3650 2311 3716 bit,
2345 3651 2540 3720 inquit,
2569 3652 2802 3706 animum
2832 3653 2948 3722 ejus
2984 3671 3016 3706 a
3045 3663 3230 3708 morte.

2289 3741 2358 3794 Et
2392 3742 2558 3811 operit
2590 3741 2978 3798 multitudinem
3017 3753 3366 3812 peccatorum.
3409 3741 3513 3810 Qui
3549 3751 3802 3812 peccato-

2218 3850 2334 3890 rem
2374 3835 2441 3889 ab
2477 3850 2664 3890 errore
2701 3837 2992 3903 convertit,
3036 3846 3090 3892 et
3125 3835 3241 3904 ejus
3278 3844 3499 3906 peccata
3534 3850 3634 3906 per
3662 3837 3805 3891 hanc

2219 3926 2683 3982 conversationem
2721 3928 2790 3981 ab
2830 3936 3051 3999 aspectu
3085 3928 3282 3982 interni
3317 3926 3520 3996 judicis
3549 3941 3807 3996 superpo-

2220 4018 2418 4072 sitione
2446 4017 2570 4072 vita:
2606 4017 2850 4073 melioris
2895 4019 3200 4083 abscondit,
3242 4029 3298 4074 et
3333 4035 3426 4073 sua
3471 4033 3711 4089 quoque,
3752 4019 3807 4072 in

2221 4109 2631 4178 quibuscunque
2652 4107 2878 4165 oﬂ’endit
2895 4119 3077 4166 errata
3097 4113 3165 4166 ab
3186 4112 3386 4166 intuitu
3407 4109 3546 4178 ejus,
3566 4110 3661 4181 qui
3687 4125 3805 4164 om-

2221 4200 2312 4256 nia
2346 4200 2529 4266 videt,
2576 4204 2881 4272 proximum
2916 4205 3157 4260 curando
3197 4205 3453 4274 contegit,
3483 4205 3643 4275 juxta
3679 4203 3807 4258 illud

2222 4292 2524 4348 Psalmistaa
2552 4311 2564 4346 :
2589 4293 2742 4348 Beati
2776 4312 3001 4366 quorum
3050 4299 3282 4352 remissae
3326 4305 3446 4351 sunt
3483 4297 3803 4367 iniquitates,

2221 4393 2269 4438 et
2301 4401 2526 4456 quorum
2556 4394 2690 4439 tecta
2721 4395 2842 4440 sunt
2877 4397 3110 4458 peccata.
3153 4387 3271 4444 Non
3311 4387 3652 4444 obliviscitur
3684 4386 3809 4442 bea-

2195 4484 2309 4539 tus
2334 4476 2522 4541 Iacob,
2550 4477 2692 4546 quod
2730 4479 2979 4548 superius
3013 4480 3125 4533 ait:
3156 4479 3334 4534 Nolite
3364 4479 3540 4549 plures
3571 4480 3808 4560 magistri

2221 4567 2358 4636 ﬁeri,
2386 4566 2586 4624 fratres
2609 4569 2736 4622 mei.
2774 4569 2848 4624 lbi
2880 4586 3111 4640 namque
3141 4569 3484 4641 imperfectos
3510 4571 3564 4623 in
3588 4571 3808 4640 pmpria

2223 4660 2437 4716 actione
2486 4675 2552 4716 ac
2598 4662 2896 4732 magisterii
2949 4663 3144 4729 ollicio,
3191 4664 3315 4733 quia
3359 4678 3458 4732 per
3492 4661 3809 4729 iactantiam

2219 4751 2554 4820 quaerebant,
2586 4752 2887 4808 submovet.
2923 4753 3022 4808 Hic
3048 4767 3177 4808 vero
3217 4753 3514 4807 instructos
3555 4767 3624 4806 ex
3663 4751 3810 4806 omni

2219 4849 2396 4912 parte,
2426 4842 2554 4911 quid
2590 4857 2720 4914 erga
2751 4844 2980 4900 salutem
3011 4845 3383 4915 proximorum
3427 4859 3527 4914 per
3568 4859 3810 4899 amorem

2221 4931 2578 4988 fraternitatis
2625 4949 2788 5005 agere
2826 4935 3060 4991 debeant
3085 4937 3294 4991 edocet.
3347 4933 3500 5002 Quod
3538 4933 3687 4989 enim
3726 4935 3812 4989 hic

2223 5024 2412 5079 doctor
2444 5023 2624 5079 facere
2663 5026 2996 5094 perhibetur,
3031 5027 3134 5080 hoc
3168 5026 3271 5080 alio
3308 5025 3428 5080 loco
3458 5024 3702 5080 charitas
3729 5024 3810 5079 fa-

2226 5131 2349 5172 cere
2379 5125 2730 5184 memoratur,
2757 5117 2967 5172 dicente
2989 5119 3151 5173 beato
3170 5117 3330 5172 Petro
3353 5116 3596 5186 apostolo
3628 5134 3641 5168 :
3673 5115 3813 5182 Quia

2224 5207 2454 5263 charitas
2482 5208 3044 5278 operitmultitudinem
3063 5220 3414 5277 peccatorum.
3451 5205 3561 5261 Nec
3589 5214 3816 5274 praeter-

2224 5299 2477 5364 eundum,
2522 5300 2665 5368 quod
2695 5301 2811 5354 ha2c
2830 5300 3064 5354 errantis
3095 5299 3454 5362 conversatio,
3497 5312 3604 5351 non
3638 5295 3814 5351 solum

2225 5391 2513 5461 loquendo,
2551 5391 2646 5446 sed
2674 5379 3368 5461 plerumqueletiam'hene
3403 5387 3610 5458 agendo
3650 5384 3818 5456 perti-

2219 5481 2380 5536 citur.
2433 5481 2570 5536 Nam
2614 5482 2656 5536 si
2689 5482 2814 5553 quis
2858 5469 3024 5538 etiam.
3059 5482 3242 5552 lingua
3291 5487 3504 5535 tacente
3548 5476 3816 5548 proximis

2223 5571 2465 5642 exempla
2493 5572 2646 5627 bona:
2670 5573 2918 5640 actionis
2953 5571 3210 5638 ostendit,
3242 5585 3444 5640 eosque
3469 5569 3535 5622 ad
3566 5567 3815 5623 miranda

2224 5681 2343 5735 qua:
2369 5666 2718 5739 neglexerant
2765 5664 3123 5736 eleemosyna:
3168 5663 3254 5718 vel
3296 5661 3681 5733 hospitalitatis
3729 5659 3816 5714 vel

2226 5755 2454 5811 aliarum
2482 5773 2647 5828 opera
2686 5758 2946 5812 virtutum
2978 5755 3263 5819 convertit,
3294 5752 3530 5810 otlicium
3570 5750 3816 5822 profecto

2227 5849 2464 5905 doctoris
2491 5851 2826 5920 exsequitur,
2853 5865 2916 5904 ac
2936 5862 3038 5919 pro
3058 5846 3176 5916 ejus
3194 5861 3354 5916 quem
3377 5845 3615 5901 correxit
3636 5841 3814 5899 salva-
