4030 6498
349 380 458 436 305

1162 381 1682 439 COLLECTIONES
1719 383 1786 437 ΙΝ
1823 379 2204 437 EPISTOLAS
2247 385 2335 440 ET
2374 384 2788 441 EVANGELIA.

3505 397 3611 452 806

339 497 488 552 tione
516 493 722 559 fratris,
754 503 955 550 certam
989 509 1020 547 a
1060 494 1149 564 pio
1184 494 1367 564 judice
1401 493 1707 550 mercedem
1733 507 1921 548 conse-
1947 493 2001 553 Α
2029 508 2049 541 ι
2078 501 2166 545 tur
2207 492 2375 547 vobis.
2424 492 2614 549 Omnis
2651 497 2795 550 enim
2839 497 2931 566 qui
2975 499 3108 567 petit
3154 503 3372 572 accipit,
3421 513 3477 562 et
3514 507 3609 576 qui

337 595 556 658 quetur.

427 695 551 734 ΔιιΔ
591 693 872 734 EXPOSITIO
919 693 1190 734 εριδτοωε
1219 693 1376 732 ΒΕΔΤΙ
1410 691 1610 741 ιΑοοΒι,
1640 691 1758 730 CAP.
1788 693 1842 731 ν.

407 771 517 844 (Ea:
535 770 726 842 Beda.)
755 770 860 826 iste
884 768 1117 826 Iacobus
1143 770 1286 824 [ilius
1325 769 1529 840 Alpbtei
1558 768 1678 835 fuit,
1725 770 1817 840 qui
1860 779 1917 826 et

331 866 502 921 frater
528 865 741 920 Domini
766 865 1091 919 nominatur.
1118 863 1253 918 Tres
1273 863 1420 918 enim
1442 877 1657 918 sorores
1675 861 1913 930 fuerunt,

330 966 504 1014 mater
530 956 764 1022 Domini,
796 963 851 1011 et
877 955 1046 1010 Maria
1073 953 1259 1010 Jacobi
1289 962 1344 1009 et
1377 953 1600 1024 Joseph,
1643 963 1701 1010 et
1742 962 1915 1010 mater

331 1050 564 1106 ﬁliorum
591 1051 854 1106 Zebedaai.
915 1049 1101 1105 Tantm
1126 1050 1272 1104 enim
1302 1050 1604 1104 sanctitatis
1628 1049 1730 1104 iste
1752 1048 1911 1104 Jaco-

327 1142 431 1196 bus
455 1140 622 1196 fuisse
656 1149 928 1207 narratur,
954 1148 1016 1195 ut
1046 1149 1266 1211 propter
1288 1139 1407 1209 ejus
1435 1154 1623 1194 necem
1652 1139 1795 1194 dicat
1815 1137 1911 1194 Jo-

324 1231 524 1300 sephus
563 1232 879 1287 subversam
916 1246 1038 1287 esse
1069 1229 1425 1286 Hierusalem.
1458 1229 1558 1285 Hic
1581 1237 1761 1284 autem
1791 1239 1914 1299 post

321 1324 630 1395 passionem
683 1323 894 1379 Domini
946 1337 1089 1378 anno
1136 1321 1416 1378 tricesimo
1469 1336 1627 1377 suum
1682 1319 1912 1377 feliciter

321 1417 722 1471 consummavit
745 1417 1088 1488 martyrium.

392 1506 726 1577 Conﬁtemini
760 1507 1074 1562 alterutrum
1110 1515 1325 1578 peccata
1360 1515 1550 1570 vestra,
1578 1513 1634 1561 et
1657 1505 1758 1563 rel.
1805 1507 1909 1580 (Ex

318 1599 588 1671 Cassiod.)
617 1599 916 1669 Conﬁtebor
937 1601 1083 1654 enim
1105 1599 1442 1668 aequivocum
1461 1614 1658 1654 nomen
1682 1607 1787 1666 cst,
1812 1598 1909 1655 sed

316 1709 416 1764 pro
444 1693 685 1748 locorum
709 1692 1023 1747 diversitate
1054 1691 1266 1746 diverse
1295 1690 1608 1760 suscipitur.
1642 1688 1910 1760 Conﬁten-

314 1795 404 1839 tur
427 1786 572 1839 enim
600 1793 654 1838 et
681 1785 773 1854 qui
804 1783 1029 1838 Domino
1057 1783 1261 1853 gratias
1289 1782 1554 1847 referunt,
1595 1782 1909 1851 conﬁtentur

2023 601 2041 633 α
2068 584 2262 653 quaerit
2296 583 2522 650 invenit,
2555 595 2612 640 et
2639 586 2877 656 pulsanti
2912 591 3204 659 aperietur.
3245 593 3380 661 Quis
3422 605 3608 655 autem

2021 692 2041 725 ι
2070 689 2135 729 ex
2154 674 2308 730 vobis
2325 684 2536 745 patrem
2558 679 2694 748 petit
2712 695 2929 748 panem,
2943 685 3185 753 nunquid
3197 685 3429 756 lapidem
3450 689 3604 754 dabit

2023 784 2042 814 σ
2071 766 2190 821 illi?
2218 775 2311 822 aut
2334 768 2560 838 piscem,
2593 774 2835 841 nunquid
2862 791 2960 845 pro
2997 778 3146 848 pisce
3181 788 3488 850 serpentem
3518 783 3612 839 da-

2022 877 2040 911 ‹
2067 861 2149 915 bit
2179 862 2296 917 illi?
2321 873 2414 918 aut
2452 867 2497 920 si
2533 868 2755 936 petierit
2779 884 2960 937 ovum,
2995 875 3238 946 nunquid
3262 877 3504 949 porriget
3523 878 3610 936 illi

2021 971 2040 1003 ι
2068 955 2444 1024 scorpionem?
2506 958 2564 1013 Si
2604 975 2736 1032 ergo
2777 978 2874 1018 vos
2912 981 3034 1020 cum
3075 969 3193 1024 sitis
3240 971 3388 1038 mali,
3436 973 3613 1032 nostis

2021 1062 2040 1094 ‹
2067 1044 2206 1099 bona
2228 1046 2351 1100 data
2374 1045 2507 1104 dare
2527 1049 2653 1106 ﬁliis
2674 1054 2894 1120 vestris,
2918 1065 3121 1126 quanto
3141 1063 3312 1132 magis
3334 1071 3489 1131 pater
3511 1079 3610 1120 ve-

2020 1151 2039 1184 ‹
2068 1143 2180 1190 ster
2206 1136 2272 1191 de
2299 1138 2439 1193 ctelo
2470 1141 2619 1196 dabit
2650 1143 2901 1212 spiritum
2922 1147 3120 1202 bonum
3146 1155 3554 1219 petentibussel
3580 1175 3602 1210 ι

2086 1225 2216 1292 Quis
2234 1238 2464 1285 vestrum
2493 1233 2648 1287 habet
2678 1237 2926 1304 amicum,
2952 1247 3002 1293 et
3032 1240 3125 1294 ibit
3155 1242 3223 1295 ad
3253 1243 3402 1299 illum
3429 1248 3609 1304 media

2012 1327 2182 1406 nocte,
2195 1328 2244 1373 et
2264 1321 2400 1377 dicet
2416 1323 2525 1379 illi:
2539 1326 2736 1391 Amice,
2752 1331 3024 1385 commoda
3037 1333 3166 1386 mihi
3183 1343 3286 1388 tres
3301 1341 3610 1406 panes,'etc.

2010 1405 2250 1477 Rogatus
2277 1426 2307 1465 a
2335 1412 2612 1485 discipulis
2639 1418 2892 1486 salvator,
2916 1437 3024 1476 non
3046 1423 3205 1478 modo
3223 1405 3454 1480 formam
3477 1442 3607 1483 ora-
3652 1438 3656 1442 '

2013 1499 2194 1566 tionis,
2219 1503 2316 1558 sed
2341 1512 2397 1558 et
2423 1505 2736 1564 instantiam
2761 1510 3231 1585 frequentiamque
3252 1518 3418 1572 tradit
3439 1535 3607 1577 oran-

2011 1590 2084 1680 di.
2132 1591 2356 1648 Amicus
2379 1609 2511 1666 ergo
2538 1599 2607 1653 ad
2635 1615 2795 1670 quem
2832 1603 3010 1658 media
3037 1615 3197 1660 nocte
3224 1608 3462 1676 venitur,
3493 1611 3610 1680 ipse

2009 1679 2154 1736 Deus
2193 1684 2530 1756 intelligitur,
2565 1691 2653 1744 cui
2691 1692 2744 1746 in
2786 1695 2964 1748 media
3011 1696 3360 1753 tribulatione
3405 1679 3611 1772 suppli-

2009 1787 2156 1839 care,
2187 1783 2244 1829 et
2280 1782 2392 1832 tres
2417 1793 2604 1848 panes,
2637 1781 2691 1835 id
2717 1792 2819 1850 est,
2862 1785 3270 1856 intelligentiam
3302 1788 3604 1857 Trinitatis,

312 1884 368 1930 et
393 1875 484 1945 qui
519 1883 738 1944 peccata
765 1873 1067 1943 deplorant.
1125 1871 1233 1926 Sed
1267 1872 1399 1927 illud
1428 1873 1483 1926 in
1513 1873 1729 1941 gaudio,
1763 1872 1910 1928 istud
1936 1854 1984 1913 B
2011 1879 2116 1934 qua
2158 1870 2442 1936 masculis
2482 1871 2608 1928 vitta
2647 1874 2994 1930 consolentur
3036 1854 3270 1943 labores,
3310 1854 3608 1952 elllagitaré

312 1965 368 2018 in
407 1964 661 2036 lacrymis
689 1973 808 2029 est;
863 1963 994 2018 illud
1038 1963 1092 2017 in’
1136 1971 1324 2018 sancta
1366 1963 1568 2018 mentis
1601 1962 1904 2030 alacritate,

311 2056 458 2110 istud
487 2057 540 2110 in
570 2057 749 2111 cordis
780 2056 1022 2111 noscitur
1048 2069 1171 2111 esse
1207 2055 1556 2111 contritione.

385 2148 616 2204 Multum
645 2150 781 2204 enim
807 2148 943 2203 valet
983 2149 1150 2203 oratio
1180 2148 1308 2217 iusti
1341 2149 1578 2202 assidua.
1638 2149 1732 2203 Sic
1760 2149 1907 2204 enim

310 2241 576 2310 scriptum
606 2248 688 2295 est
713 2256 726 2293 :
753 2238 1032 2294 Orationes
1053 2240 1324 2309 justorum
1349 2239 1593 2293 exaudiet
1623 2238 1906 2306 Dominus;

308 2343 436 2384 nam
463 2338 520 2386 et
544 2331 660 2400 ipse
686 2330 946 2384 Dominus
981 2329 1092 2383 ait:
1123 2327 1392 2398 Quidquid
1423 2327 1675 2397 petieritis
1707 2328 1765 2381 in
1790 2344 1910 2381 ora-

307 2423 452 2477 tione
474 2422 736 2476 credentes
773 2421 1062 2490 accipietis.

386 2509 510 2565 Non
539 2511 671 2582 pluit
701 2529 866 2566 annos
893 2521 1017 2577 tres,
1045 2519 1150 2567 etc.
1181 2510 1282 2566 Hic
1307 2511 1415 2566 tria
1440 2518 1688 2581 tempora
1717 2512 1906 2569 mundi

307 2600 705 2670 significantur.
753 2602 996 2655 Primum
1026 2603 1095 2656 ab
1121 2601 1294 2656 Adam
1330 2618 1502 2672 usque
1536 2603 1604 2657 ad
1636 2603 1776 2668 Noe;
1818 2618 1906 2659 se-

306 2693 542 2748 cundum
572 2709 602 2747 a
631 2692 743 2748 Noe
771 2709 944 2762 usque
977 2693 1045 2747 ad
1086 2693 1338 2765 Moysen;
1376 2695 1600 2750 tertium
1641 2712 1672 2750 a
1718 2695 1903 2768 Moyse

304 2799 479 2854 usque
512 2784 579 2838 ad
619 2785 910 2839 adventum
954 2785 1193 2849 Domini,
1242 2786 1458 2856 quando
1497 2787 1614 2856 ipse
1643 2786 1904 2844 Dominus

303 2875 460 2932 Jesus
489 2876 736 2932 Christus
765 2877 1015 2945 advenit,
1050 2890 1104 2933 et
1145 2887 1485 2934 arescentem
1515 2882 1687 2936 nostri
1723 2883 1902 2939 cordis

302 2970 529 3024 humum
557 3011 571 3036 ,
612 2971 782 3025 imbre
830 2970 954 3025 fidei
997 2979 1051 3025 et
1094 2970 1436 3041 baptismatis
1482 2972 1748 3042 irrigavit.
1795 2973 1903 3029 Per

302 3059 504 3114 caelum
528 3061 620 3130 qui
655 3061 891 3128 pluviam
920 3061 1069 3115 dedit
1099 3063 1348 3117 doctores
1370 3062 1772 3133 intelliguntur;
1803 3080 1902 3135 per

299 3151 538 3221 pluviam
569 3152 809 3221 ipsorum
839 3153 1134 3222 spiritualis
1164 3154 1441 3220 doctrina;
1464 3171 1563 3226 per
1589 3166 1792 3213 terram
1825 3149 1912 3213 si;

2009 1952 2285 2012 debemus.
2337 1957 2561 2016 Amicus
2579 1963 2672 2031 qui
2701 1964 2844 2018 venit
2871 1965 2940 2020 de
2977 1967 3084 2033 via,
3135 1968 3250 2037 ipse
3291 1977 3478 2024 noster
3523 1980 3612 2026 est

2007 2047 2240 2114 animus,
2272 2051 2363 2119 qui
2394 2053 2557 2108 toties
2582 2069 2612 2108 a
2637 2054 2792 2110 nobis
2832 2057 3058 2122 recedit,
3094 2061 3308 2128 quoties
3343 2062 3412 2116 ad
3437 2077 3605 2132 appe-

2007 2137 2166 2192 tenda
2187 2146 2401 2196 terrena
2422 2150 2477 2198 et
2498 2146 2815 2214 temporalia
2837 2145 2970 2202 foris
2989 2157 3239 2220 vagatur.
3292 2151 3453 2206 Redit
3475 2168 3605 2208 vero

2006 2225 2321 2298 cmlestique
2351 2230 2605 2287 alimonia
2647 2234 2796 2290 reﬁci
2829 2237 3120 2305 desiderat,
3165 2255 3290 2294 cum
3328 2241 3384 2294 in
3417 2257 3476 2298 se
3513 2241 3611 2298 re;

2005 2330 2220 2384 versus,
2248 2335 2480 2389 superna
2516 2326 2746 2393 coeperit
2783 2342 2847 2381 ac
2887 2328 3190 2397 spiritualia
3230 2329 3502 2398 meditari,
3541 2335 3608 2389 de

2007 2422 2115 2477 quo
2142 2409 2369 2478 pulchre
2402 2415 2495 2480 qui
2535 2416 2767 2483 petierat
2803 2419 3084 2490 adjungit:
3111 2411 3231 2475 Non
3280 2437 3340 2476 se
3378 2423 3604 2493 habere,

2005 2499 2152 2568 quod
2177 2511 2342 2570 ponat
2365 2513 2490 2560 ante
2513 2505 2681 2572 illum,
2725 2511 2982 2578 quoniam
3025 2512 3218 2568 anima:
3255 2523 3379 2583 post
3423 2517 3606 2573 saeculi

2003 2594 2259 2650 tenebras
2278 2595 2447 2652 Deum
2470 2601 2788 2669 suspiranti,
2811 2603 2947 2658 nihil
2967 2613 3165 2674 prmter
3184 2622 3308 2662 eum
3339 2608 3604 2680 cogitare,

2004 2686 2079 2740 nil
2111 2689 2280 2757 loqui,
2325 2689 2401 2744 nil
2442 2690 2571 2746 libet
2607 2693 2825 2748 intueri.
2889 2695 3074 2751 Solum
3110 2700 3253 2768 quod
3290 2704 3608 2773 recognovit

2004 2793 2230 2833 summae
2271 2778 2554 2836 Trinitatis
2599 2783 2854 2852 gaudium
2899 2787 3277 2858 contemplari,
3323 2797 3486 2861 atque
3533 2792 3604 2848 ad

2001 2866 2108 2922 hoc
2134 2867 2348 2938 plenius
2367 2869 2686 2926 intuendum
2708 2875 2997 2943 pervenire
3021 2879 3241 2948 satagit.

2073 2959 2145 3013 Et
2172 2959 2262 3014 ille
2291 2961 2501 3016 deintus
2531 2965 2847 3034 respondens
2896 2967 3040 3021 dicat
3069 2985 3087 3022 :
3120 2968 3250 3024 Noli
3289 2972 3419 3026 milii
3447 2973 3605 3030 mole-

2002 3058 2114 3104 stus
2133 3067 2262 3115 esse,
2279 3051 2398 3121 jam
2429 3054 2617 3109 ostium
2640 3055 2879 3111 clausum
2907 3067 3003 3124 est,
3032 3069 3137 3116 etc.
3181 3061 3392 3118 Ostium
3416 3065 3600 3132 amici,

2005 3141 2173 3196 divini
2203 3149 2287 3196 est
2313 3141 2664 3213 intelligentia
2693 3148 2980 3216 sermonis,
3008 3151 3152 3220 quod
3182 3152 3285 3208 sibi
3309 3153 3602 3223 Apostolus

298 3217 495 3312 gnatur
528 3217 790 3310 Ecclesia,
833 3217 888 3298 et
924 3260 1023 3316 per
1062 3244 1297 3300 fructum
1325 3217 1528 3302 sanctae
1557 3248 1786 3304 virtutes
1813 3250 1896 3304 in-

2004 3239 2121 3290 orat
2144 3233 2346 3301 aperiri
2375 3233 2444 3287 ad
2469 3234 2796 3303 loquendum
2826 3217 3146 3309 mysterium
3172 3217 3392 3300 Christi.
3441 3246 3601 3302 Clauc

300 3332 632 3404 telliguntur.
688 3333 904 3400 Caelum,
948 3335 1137 3406 inquit,
1186 3337 1327 3390 dedit
1366 3337 1617 3407 pluviam,
1659 3347 1706 3392 et
1750 3348 1893 3395 terra

299 3424 442 3477 dedit
471 3425 701 3494 fructum
728 3442 902 3480 suum.
948 3426 1132 3482 Potest
1160 3436 1342 3483 autem
1374 3437 1428 3482 et
1457 3444 1555 3498 per
1585 3437 1696 3484 tres
1735 3433 1894 3487 steri-

296 3513 466 3571 litatis
493 3532 665 3572 annos
697 3526 752 3572 et
785 3533 997 3574 menses
1027 3534 1144 3585 sex,
1176 3519 1383 3574 sterilia
1419 3521 1518 3574 sub
1555 3519 1892 3578 Antichristo

304 3607 601 3675 signiﬁcari
651 3617 917 3679 tempora,
959 3626 1078 3679 quae
1125 3619 1313 3680 postea
1360 3611 1625 3681 largiente
1674 3611 1889 3670 Domini

301 3698 476 3767 gratia
505 3699 778 3754 credimus
807 3715 929 3755 esse
958 3699 1230 3755 ftecunda.

376 3791 479 3857 Qui
519 3795 744 3847 converti
796 3794 973 3863 fecerit
1022 3805 1346 3865 peccatorem
1393 3795 1615 3850 salvabit
1657 3799 1890 3852 animam

295 3883 430 3952 ejus.
479 3883 538 3938 Id
566 3893 672 3950 est,
707 3885 957 3940 liberabit
983 3901 1014 3940 a
1044 3895 1217 3941 morte
1249 3896 1452 3942 aeterna
1484 3889 1722 3942 animam
1749 3889 1888 3958 ejus,

294 3990 326 4028 a
358 3984 532 4029 morte
558 3984 842 4046 perpetua,
869 3993 989 4047 qua:
1011 3979 1204 4033 anima:
1230 3993 1330 4048 pro
1361 3980 1600 4048 peccatis
1636 3980 1884 4036 debetur.

366 4066 439 4120 Et
495 4069 658 4136 operit
716 4069 1103 4124 multitudinem
1153 4081 1504 4141 peccatorum.
1572 4071 1698 4128 Sive
1747 4071 1890 4128 illius

290 4170 457 4227 quem
507 4157 794 4220 convertit,
844 4158 958 4213 sive
1003 4175 1120 4223 sua,
1154 4161 1245 4228 qui
1297 4161 1582 4226 convertit,
1635 4177 1732 4231 per
1774 4176 1890 4232 poe-

289 4247 579 4303 nitentiam
601 4249 840 4319 contegit
863 4257 1088 4318 peccata
1119 4268 1132 4302 :
1166 4249 1316 4303 Beati
1355 4251 1520 4315 enim,
1555 4252 1632 4305 ait
1657 4251 1887 4306 Psalmi-

291 4347 396 4405 sta,
428 4355 651 4410 quorum
691 4349 823 4394 tecta
853 4351 973 4394 sunt
1008 4350 1241 4411 peccata.
1292 4340 1399 4394 Sua
1431 4349 1612 4395 autem
1639 4357 1737 4411 per
1762 4342 1890 4396 cha-

290 4431 469 4486 ritatis
494 4429 731 4485 oﬂicium
748 4431 888 4486 male
911 4432 1102 4487 nociva
1127 4433 1338 4502 operuit
1357 4441 1580 4512 peccata
1604 4451 1616 4485 :
1643 4430 1889 4489 Charitas

291 4527 454 4591 enim,
514 4525 592 4579 ait
641 4525 948 4596 Apostolus,
984 4526 1211 4595 cooperit
1263 4523 1658 4580 multitudinem
1702 4543 1886 4596 pecca-

291 4622 485 4669 torum.
572 4670 584 4676 _
631 4656 647 4662 ις

684 4724 1023 4767 ΕνΑΝοειιωι
1061 4726 1236 4776 ιυοε,
1282 4725 1401 4765 CAP.
1431 4726 1510 4766 XI.

368 4817 387 4849 ι
409 4798 540 4867 Quis
581 4809 825 4856 vestrum
863 4802 1084 4858 habebit
1122 4803 1380 4867 amicum,
1419 4810 1475 4856 et
1502 4802 1601 4857 ibit
1630 4800 1698 4857 ad
1729 4801 1882 4857 illum

296 4909 315 4943 α
345 4893 522 4946 media
579 4902 738 4949 nocte
777 4903 833 4949 et
867 4895 1012 4950 dicet
1040 4895 1114 4949 illi
1144 4913 1156 4948 :
1183 4895 1393 4960 Amice,
1423 4895 1705 4951 commoda
1746 4896 1881 4951 mihi

296 5004 315 5036 ι
347 4994 456 5042 tres
481 5000 670 5056 panes,
703 4989 960 5057 quoniam
990 4989 1198 5042 amicus
1229 5003 1382 5042 meus
1410 4989 1561 5042 venit
1593 4991 1660 5044 de
1694 4989 1781 5043 via
1813 4989 1882 5044 ad

297 5095 315 5127 ε
345 5093 452 5144 me,
485 5088 542 5133 et
568 5095 676 5134 non
696 5079 870 5136 habeo
894 5079 1039 5150 quod
1065 5095 1263 5150 ponam
1295 5087 1421 5135 ante
1461 5079 1635 5134 illum.
1689 5079 1758 5133 Et
1791 5079 1880 5135 ille

298 5187 318 5218 ε
348 5169 562 5224 deintus
588 5171 920 5241 respondens
953 5170 1137 5226 dicat:
1162 5170 1279 5226 Noli
1302 5170 1433 5225 mihi
1457 5169 1716 5224 molestus
1736 5185 1878 5236 esse,

295 5279 315 5313 ‹
339 5259 454 5330 jam
478 5262 674 5316 ostium
699 5262 944 5318 clausum
967 5271 1071 5329 est,
1097 5270 1151 5318 et
1190 5262 1344 5332 pueri
1371 5261 1477 5316 mei
1502 5276 1715 5315 meeum
1757 5267 1882 5314 sunt

295 5369 315 5404 ‹
347 5353 401 5408 in
433 5353 618 5420 cubili,
653 5369 761 5409 non
788 5369 1010 5425 possum
1036 5369 1260 5425 surgere
1286 5361 1340 5408 et
1360 5353 1489 5409 dare
1530 5351 1648 5405 tibi.
1700 5350 1768 5404 Et
1793 5349 1882 5404 ille

307 5471 314 5481 ι
344 5445 390 5498 si
421 5445 851 5515 perseveraverit
871 5445 1112 5516 pulsans,
1141 5444 1261 5499 dico
1278 5444 1452 5509 vobis,
1466 5450 1522 5497 et
1544 5441 1589 5496 si
1612 5455 1719 5495 non
1735 5440 1885 5494 dabit

296 5555 316 5588 ι
345 5534 420 5590 illi
451 5553 699 5608 surgens,
732 5551 798 5593 eo
823 5537 966 5608 quod
991 5537 1198 5589 amicus
1237 5533 1353 5603 ejus
1393 5535 1483 5600 sit,
1522 5541 1743 5605 propter
1781 5532 1880 5586 im-

296 5645 316 5679 I
343 5629 670 5699 probitatem
699 5637 881 5684 tamen
902 5627 1018 5698 ejus
1043 5636 1247 5697 surget,
1270 5637 1324 5682 et
1347 5627 1499 5683 dabit
1521 5625 1598 5680 illi
1618 5632 1883 5695 quotquot

296 5736 318 5770 ι
347 5718 506 5774 habet
530 5720 885 5776 necessarios.
928 5719 997 5774 Et
1021 5733 1120 5790 ego
1142 5719 1294 5773 vobis
1323 5717 1443 5773 dico
1469 5734 1482 5770 :
1505 5715 1681 5771 Petite
1707 5722 1760 5770 et
1788 5714 1890 5790 dao.

300 5829 320 5863 ι
348 5811 495 5867 bitur
511 5815 685 5879 vobis,
709 5815 933 5884 quaerite
951 5822 1006 5868 et
1025 5812 1310 5869 invenietis
1328 5853 1344 5881 ,
1364 5811 1576 5883 pulsate
1593 5817 1651 5866 et
1668 5809 1879 5880 aperie-

1908 4576 1964 4636 D

1985 3321 2227 3394 sumque
2254 3333 2338 3380 est
2365 3334 2612 3396 tempore
2653 3327 2816 3384 famis
2853 3333 3026 3397 verbi,
3069 3350 3192 3387 cum
3235 3336 3596 3408 intelligentia

1995 3431 2102 3472 non
2136 3416 2312 3472 datur.
2358 3418 2426 3470 Et
2454 3417 2530 3472 illi
2564 3420 2655 3488 qni
2687 3423 3057 3493 evangelicam
3095 3427 3436 3494 sapientiam,
3475 3438 3598 3485 tan-

1995 3524 2158 3578 quam
2181 3525 2377 3580 panem
2401 3520 2708 3583 erogantes,
2744 3530 2842 3584 per
2867 3516 3055 3572 orbem
3083 3525 3243 3574 terrae
3270 3521 3598 3590 prazdicave-

1993 3609 2151 3668 runt,
2206 3603 2360 3672 pueri
2392 3604 2803 3672 patrisfamilias
2826 3606 2942 3677 jam
2972 3620 3100 3664 sunt
3125 3611 3179 3664 in
3204 3622 3416 3667 secreto
3444 3615 3597 3684 quie-

1994 3693 2064 3749 tis
2093 3709 2215 3748 cum
2247 3695 2500 3763 Domino,
2533 3708 2590 3752 et
2619 3707 2802 3754 tamen
2837 3703 3046 3758 orando
3081 3701 3333 3770 etIicitur,
3361 3714 3421 3760 ut
3449 3708 3594 3762 acci-

1990 3785 2163 3854 piant.
2208 3786 2531 3845 Desiderant
2555 3791 2892 3847 intellectum
2918 3794 2988 3848 ab
3016 3795 3134 3864 ipso
3169 3797 3304 3864 Deo,
3340 3798 3506 3854 etiam
3545 3801 3597 3856 si

1993 3875 2156 3933 homo
2178 3878 2318 3934 desit
2354 3896 2454 3950 per
2484 3897 2648 3951 quam
2687 3884 2959 3954 sapientia
2988 3887 3333 3957 praedicetur.

2061 3966 2134 4021 Et
2155 3967 2244 4022 ille
2268 3969 2314 4023 si
2332 3975 2734 4040 perseveraverit
2766 3975 3009 4045 pulsans,
3033 3977 3153 4032 dico
3173 3978 3337 4045 vobis,
3359 3987 3407 4033 et
3428 3981 3475 4034 si
3490 3996 3597 4036 non

1991 4058 2137 4112 dabit
2179 4059 2258 4113 illi
2289 4078 2529 4132 surgens,
2570 4081 2629 4119 eo
2679 4065 2819 4134 quod
2858 4067 3058 4120 amicus
3097 4069 3210 4137 ejus
3249 4070 3338 4135 sit,
3385 4080 3598 4140 propter

1991 4149 2372 4218 improbitatem
2397 4162 2570 4206 tamen
2595 4155 2710 4224 ejus
2741 4165 2936 4225 surget,
2968 4165 3016 4208 et
3052 4157 3196 4210 dabit
3223 4157 3303 4210 illi
3341 4169 3594 4229 quotquot

1991 4239 2142 4294 habet
2173 4244 2512 4296 necessarios.
2561 4243 2630 4297 Et
2661 4262 2753 4315 ego
2793 4245 2932 4299 vobis
2973 4247 3113 4311 dico,
3151 4244 3322 4302 Petite
3362 4259 3414 4303 et
3447 4249 3594 4304 dabi-

1992 4339 2081 4383 tur
2107 4332 2272 4398 vobis,
2315 4341 2422 4388 etc.
2460 4334 2806 4404 Comparatio
2854 4344 2938 4390 est
2979 4352 3010 4390 a
3056 4338 3284 4393 minore.
3343 4338 3401 4396 Si
3441 4341 3593 4397 enim

1991 4423 2201 4478 amicus
2234 4425 2397 4480 homo
2427 4426 2600 4498 surgit
2624 4427 2696 4495 de
2723 4426 2883 4493 lecto,
2929 4435 2986 4482 et
3031 4429 3124 4484 dat
3171 4445 3279 4484 non
3321 4431 3590 4500 amicitia,

1990 4513 2086 4567 sed
2113 4513 2272 4571 taedio
2316 4516 2887 4586 compulsus,-quanto
2938 4519 3110 4588 magis
3155 4520 3248 4575 dat
3287 4519 3452 4587 Deus,
3493 4520 3590 4592 qui

1988 4605 2107 4661 sine
2137 4608 2294 4663 taadio
2320 4608 2623 4680 largissime
2643 4606 2808 4664 donat
2835 4610 2978 4680 quod
2996 4612 3230 4680 petitur!
3261 4610 3368 4668 Sed
3390 4612 3458 4668 ad
3481 4613 3588 4672 hoc

1989 4714 2048 4754 se
2068 4701 2179 4769 peti
2209 4702 2344 4768 vult,
2373 4709 2434 4755 ut
2459 4717 2688 4772 capaces
2713 4703 2981 4758 donorum
3017 4703 3132 4772 ejus
3171 4707 3320 4769 tiant,
3356 4706 3448 4775 qui
3489 4721 3586 4776 pe-

1989 4799 2128 4846 tunt.
2179 4793 2257 4847 Ne
2279 4794 2462 4865 itaque
2494 4795 2562 4849 de
2585 4795 2671 4848 via
2699 4796 2924 4851 veniens
2955 4797 3161 4852 amicus
3192 4797 3370 4852 inedia
3404 4797 3586 4867 dispe-

1986 4891 2125 4950 reat,
2160 4885 2265 4939 hoc
2291 4893 2397 4950 est,
2429 4900 2499 4940 ne
2533 4885 2746 4941 animus
2782 4901 2954 4956 nuper
2977 4887 3047 4942 ab
3078 4888 3282 4943 erroris
3311 4887 3395 4942 sui
3431 4887 3586 4942 vani-

1987 4983 2098 5031 tate
2133 4977 2480 5046 resipiscens,
2531 4976 2783 5031 desiderii
2815 4977 3111 5046 spiritualis
3157 4977 3358 5032 diutius
3397 4977 3582 5047 inopia

1987 5069 2250 5134 tabescat,
2290 5077 2541 5136 petamus
2562 5068 2750 5138 epulas
2771 5070 2945 5135 verbi,
2973 5069 3170 5139 quibus
3204 5067 3405 5135 alatur,
3432 5082 3583 5138 qum-

1986 5175 2170 5214 ramus
2216 5159 2450 5213 amicum
2489 5161 2580 5229 qui
2611 5160 2724 5226 det,
2755 5161 3032 5230 pulsemus
3064 5161 3263 5215 ostium
3313 5172 3421 5228 quo
3461 5172 3580 5212 ser-

1985 5258 2182 5304 vantur
2211 5250 2483 5305 absconsi.
2535 5251 2781 5323 Magnam
2821 5253 2967 5307 enim
3009 5265 3160 5321 spem
3190 5248 3356 5314 dedit,
3392 5254 3449 5304 et
3482 5245 3580 5304 dat

1983 5343 2092 5408 ille,
2125 5343 2216 5412 qui
2243 5344 2610 5414 promittendo
2637 5360 2745 5400 non
2785 5345 3004 5415 decipit.

2008 5486 2009 5489 η
2058 5441 2241 5498 Omnis
2263 5444 2401 5498 enim
2422 5445 2511 5516 qui
2538 5447 2687 5516 petit,
2727 5445 2935 5515 accipit,
2964 5451 3012 5497 et
3033 5441 3123 5512 qui
3141 5441 3330 5512 quierit
3353 5440 3574 5511 invenit,

1982 5543 2030 5588 et
2064 5532 2297 5605 pulsanti
2329 5535 2612 5604 aperietur.
2653 5534 2794 5606 Ergo
2826 5533 2981 5604 juxta
3010 5529 3347 5600 praemissam
3385 5538 3578 5600 postu-

1983 5624 2146 5680 lantis
2181 5625 2343 5679 amici
2363 5625 2696 5695 parabolam,
2733 5621 3139 5693 perseverantia
3186 5635 3322 5691 opus
3358 5630 3466 5690 est,
3513 5630 3575 5677 ut

1983 5715 2329 5786 accipiamus,
2352 5715 2495 5786 quod
2517 5715 2766 5784 petimus,
2796 5721 2852 5766 et
2875 5711 3229 5778 inveniamus,
3259 5712 3404 5782 quod
3425 5724 3572 5781 qua:-

1982 5808 2173 5874 rimus,
2205 5813 2260 5861 et
2280 5804 2426 5874 quod
2451 5802 2727 5872 pulsemus
2765 5801 3061 5871 aperiatur.
3101 5800 3238 5857 Nam
3284 5801 3329 5857 si
3367 5796 3574 5871 petenti
