4030 6476
460 360 568 415 307

1757 358 2108 414 SMARAGDI
2145 360 2434 416 ABBATIS

3615 368 3727 425 308

457 477 638 539 datur,
670 483 724 528 et
751 489 1000 544 quaerens
1029 475 1253 540 invenit,
1297 482 1351 529 et
1385 473 1621 544 pulsanti
1659 474 1920 544 aperitur,
1952 474 2040 529 cui
2067 475 2121 537 Α
2152 493 2172 526 ‹
2198 491 2231 530 o
2263 475 2576 547 Theophile,
2606 489 2728 546 qua!
2753 477 2915 547 cmpit
2934 477 3090 532 Jesus
3124 478 3302 534 facere
3333 489 3390 534 et
3416 481 3611 536 docere
3633 499 3721 539 us-

459 582 568 623 non
593 568 770 634 datur,
797 576 852 621 et
882 569 972 638 qui
996 583 1102 622 non
1137 568 1376 633 invenit,
1415 575 1470 622 et
1509 569 1596 624 cui
1639 584 1747 623 non
1781 570 2039 638 aperitur,

459 666 684 727 apparet
702 659 846 728 quod
869 673 976 713 non
996 659 1132 712 bene
1150 659 1388 728 petierit,
1411 659 1705 728 quaesierit,
1726 660 2039 730 pulsaverit.

530 749 663 817 Quis
689 760 862 804 autem
888 766 954 804 ea;
990 750 1131 803 uobis
1169 759 1369 819 patrem
1397 751 1521 820 petit
1558 767 1767 820 panem,
1808 751 2043 822 nunquid

457 843 689 913 lapidem
701 841 847 900 dabit
871 839 995 894 illi?
1036 840 1204 895 Panis
1223 841 1541 912 intelligitur
1563 843 1801 895 charitas
1822 850 2044 911 propter

455 929 717 998 majorem
746 929 1062 999 appetitum.
1112 929 1180 984 Et
1207 939 1315 983 tam
1357 931 1684 994 necessaria,
1726 937 1786 982 ut
1809 931 1927 984 sine
1954 930 2042 984 illa

453 1032 652 1078 cetera
673 1021 810 1076 nihil
834 1023 962 1085 sint,
995 1021 1133 1076 sicut
1155 1022 1271 1078 sine
1282 1037 1424 1090 pane
1445 1037 1630 1076 mensa
1653 1022 1810 1092 inops
1831 1032 1932 1088 est,
1955 1023 2041 1075 cui

454 1113 730 1170 contraria
754 1120 840 1168 est
870 1113 1050 1167 cordis
1071 1113 1290 1179 duritia,
1315 1127 1478 1182 quam
1496 1113 1658 1182 lapidi
1683 1115 2036 1184 comparavit.

523 1207 630 1261 Aut
656 1208 702 1262 si
734 1208 952 1278 piscem,
976 1207 1212 1278 nunquid
1256 1224 1349 1277 pro
1391 1209 1530 1278 pisce
1570 1218 1854 1279 serpentem
1897 1209 2042 1262 dabit

451 1299 581 1359 illi?
615 1300 788 1355 Piscis
809 1309 890 1354 est
915 1299 1051 1355 ﬁdes
1087 1300 1456 1363 invisibilium,
1492 1299 1579 1355 vel
1605 1308 1824 1369 propter
1844 1315 2038 1369 aquam

451 1393 733 1464 baptismi,
759 1392 842 1448 vel
862 1392 986 1461 quia
1012 1392 1077 1446 de
1105 1391 1462 1446 invisibilibus
1484 1392 1616 1446 locis
1642 1393 1868 1461 capitur.
1887 1392 2041 1458 Quod

453 1489 618 1544 etiam
645 1487 780 1542 ﬁdes
804 1485 965 1555 hujus
991 1486 1176 1540 mundi
1202 1485 1454 1540 ﬂuctibus
1491 1486 1897 1539 circumlatrata
1930 1501 2039 1540 non

451 1579 740 1650 frangitur,
788 1586 938 1632 recte
983 1577 1117 1646 pisci
1159 1586 1526 1647 comparatur,
1569 1579 1657 1632 cui
1705 1579 2038 1632 contrarium

451 1668 636 1738 posuit
683 1675 1010 1736 serpentem,
1069 1676 1287 1736 propter
1340 1683 1549 1721 venena
1608 1667 1852 1734 fallaciae,
1921 1684 2042 1738 quae

450 1761 614 1816 etiam
645 1759 818 1830 primo
840 1760 1042 1814 homini
1083 1760 1221 1813 male
1252 1759 1524 1816 suadendo
1544 1763 1964 1831 prteseminavit.

525 1852 627 1907 Aut
651 1853 695 1907 si
720 1854 925 1923 petierit
966 1869 1137 1917 ovum,
1171 1853 1406 1924 nunquid
1444 1855 1670 1924 porriget
1702 1855 1782 1908 illi
1812 1856 2038 1925 scorpio-
2064 1837 2113 1896 Β

447 1959 569 1999 nem
593 1946 619 1999 ?
644 1945 701 2000 ln
733 1960 836 2000 ovo
857 1945 1130 1999 indicatur
1155 1958 1299 2014 spes.
1333 1943 1507 1999 Ovum
1530 1946 1674 1999 enim
1694 1947 1933 2000 nondum
1955 1954 2038 2001 est

448 2037 613 2095 fretus
643 2039 936 2110 perfectus,
971 2039 1062 2093 sed
1091 2037 1321 2092 fovendo
1357 2045 1622 2108 speratur.
1681 2037 1778 2092 Cui
1814 2047 2034 2092 contra-

448 2128 590 2183 rium
617 2125 794 2196 posuit
827 2125 1186 2195 scorpionem,
1218 2123 1372 2193 cujus
1399 2123 1618 2179 aculeus
1639 2131 1933 2179 venenatus
1958 2139 2039 2177 re-

449 2229 537 2274 tro
562 2217 834 2272 timendus
855 2225 956 2282 est,
981 2217 1120 2271 sicut
1148 2217 1260 2287 spei
1296 2217 1627 2272 contrarium
1659 2224 1742 2270 est
1772 2217 2033 2285 retrospi-

449 2326 579 2369 cere
604 2353 620 2379 ,
659 2326 783 2367 cum
818 2325 944 2382 spes
982 2309 1286 2366 futurorum
1322 2311 1377 2366 in
1408 2325 1471 2366 ea
1519 2326 1642 2382 qua:
1676 2318 1801 2364 ante
1825 2318 1949 2365 sunt
1979 2325 2036 2364 se

448 2401 725 2460 extendat.

523 2493 584 2550 Si
612 2509 736 2564 ergo
763 2509 854 2547 vos
887 2509 1005 2546 cum
1045 2493 1160 2546 sitis
1195 2492 1322 2546 mali
1367 2491 1528 2546 nostis
1571 2492 1705 2546 bona
1741 2495 1870 2544 dare
1908 2490 2036 2560 ﬁliis

445 2589 650 2654 uestris,
670 2595 867 2659 quanto
888 2587 1055 2656 magis
1085 2595 1234 2656 pater
1260 2594 1426 2640 uester
1449 2586 1512 2640 de
1543 2585 1667 2638 coelo
1708 2585 1852 2638 dabit
1880 2584 2034 2653 spiri-

445 2691 558 2737 tum
580 2681 773 2736 bonum
801 2681 1092 2751 petentibus
1120 2695 1192 2732 se.
1246 2678 1524 2744 Quomodo
1545 2678 1671 2731 mali
1702 2678 1832 2731 dant
1853 2676 2035 2730 bona?

446 2772 542 2826 sed
579 2769 748 2824 malos
783 2769 1070 2838 appellavit
1106 2769 1393 2823 dilectores
1434 2768 1612 2821 adhuc
1655 2766 1833 2822 saeculi
1877 2766 2036 2835 hujus

447 2867 504 2916 et
528 2866 860 2930 peccatores.
920 2857 1068 2913 Bona
1107 2873 1236 2913 vero
1273 2871 1393 2927 quae
1426 2858 1573 2922 dant,
1610 2857 1907 2912 secundum
1944 2868 2036 2908 eo-

448 2967 570 3006 rum
603 2965 821 3006 sensum
859 2950 1000 3004 bona
1029 2950 1255 3004 dicenda
1280 2957 1425 3016 sunt,
1454 2951 1580 3019 quia
1609 2952 1722 3005 hzec
1753 2967 1850 3022 pro
1879 2947 2034 3002 bonis

447 3043 668 3107 habent,
697 3057 1004 3112 quanquam
1038 3043 1093 3097 in
1125 3058 1306 3097 rerum
1336 3051 1529 3097 natura
1570 3045 1670 3100 ista
1715 3046 1856 3100 bona
1903 3047 2029 3115 sint,

446 3133 543 3191 sed
572 3133 887 3203 temporalia
916 3140 971 3188 et
999 3134 1066 3188 ad
1089 3134 1247 3189 istam
1274 3135 1441 3189 vitam
1469 3133 1738 3191 inﬁrmam
1763 3140 2036 3208 pertinen-

445 3225 544 3289 tia,
571 3233 628 3280 et
647 3225 891 3295 quisquis
915 3241 978 3280 ea
1009 3225 1182 3280 malus
1219 3225 1328 3290 dat,
1372 3241 1479 3280 non
1512 3225 1579 3280 de
1625 3242 1724 3283 suo
1769 3229 1860 3284 dat
1893 3248 1905 3284 :
1933 3229 2038 3285 Do-

445 3317 578 3371 mini
612 3327 689 3372 est
714 3326 854 3372 terra
892 3327 940 3372 et
983 3318 1250 3390 plenitudo
1290 3319 1428 3390 ejus,
1474 3322 1563 3392 qui
1598 3319 1718 3390 fecit
1759 3322 1941 3378 caelum
1987 3334 2035 3379 et

445 3421 660 3476 terram,
689 3420 738 3466 et
767 3412 940 3466 omnia
966 3429 1083 3484 qua:
1110 3412 1164 3466 in
1185 3413 1260 3467 eis
1281 3421 1421 3467 sunt.
1467 3413 1739 3481 Quantum
1762 3431 1890 3486 ergo
1915 3433 2035 3488 spe-

447 3505 678 3559 randum
707 3513 809 3569 est,
839 3505 1091 3560 daturum
1131 3505 1301 3561 Deum
1339 3507 1496 3562 nobis
1528 3507 1668 3562 bona
1704 3511 2031 3578 petentibus,

445 3611 550 3654 nec
579 3611 678 3652 nos
711 3612 868 3666 posse
888 3597 1082 3668 decipi,
1109 3609 1170 3654 ut
1211 3600 1537 3670 accipiamus
1581 3600 1726 3654 aliud
1763 3617 1863 3671 pro
1906 3603 2031 3669 alio,

447 3703 572 3744 cum
598 3687 667 3741 ab
694 3687 810 3755 ipso
828 3688 1084 3756 petimus,
1116 3691 1330 3759 quando
1360 3707 1477 3756 nos,
1509 3692 1669 3745 etiam
1698 3707 1820 3746 cum
1851 3708 2036 3748 smnus

446 3778 596 3844 mali,
628 3777 876 3833 novimus
906 3779 958 3832 id
985 3779 1115 3835 dare
1139 3781 1280 3850 quod
1314 3782 1568 3852 petimur.
1620 3782 1736 3836 Non
1771 3784 1913 3837 enim
1946 3785 2036 3839 de—

447 3867 678 3936 cipimus
710 3866 848 3921 ﬁlios
881 3876 1114 3924 nustros.
1161 3870 1227 3924 Et
1249 3866 1640 3941 qualiacunque
1660 3873 1800 3928 bona
1823 3873 2030 3939 damus,

446 3973 557 4015 non
593 3961 658 4014 de
703 3968 912 4025 nostro,
956 3963 1051 4016 sed
1085 3962 1150 4016 de
1185 3962 1353 4032 ipsius
1396 3964 1602 4018 damus.
1651 3963 1844 4020 Aliter.
1893 3965 2035 4035 Apo-

445 4049 568 4105 stoli
592 4050 682 4119 qui
713 4049 993 4104 electionis
1024 4052 1217 4105 merito
1239 4052 1533 4106 bonitatem
1565 4054 1777 4124 generis
1811 4054 2033 4110 humani

445 4143 1080 4207 excesserant,omnibus
1096 4144 1270 4198 modis
1295 4159 1539 4214 supernze
1561 4145 1816 4200 bonitatis
1839 4147 2032 4201 intuitu

446 4233 571 4287 mali
613 4249 733 4288 esse
777 4234 1047 4288 dicuntur.
1107 4235 1244 4301 Quia
1287 4234 1418 4289 nihil
1465 4244 1545 4289 est
1586 4239 2030 4309 persemctipsum

444 4324 659 4389 stabile,
711 4323 842 4376 nihil
887 4325 1240 4389 immutabile,
1284 4327 1420 4380 nihil
1459 4328 1679 4394 bonum,
1719 4330 1820 4383 nisi
1861 4329 2033 4385 deitas

445 4411 576 4466 sola.
632 4410 832 4466 Omnes
863 4428 992 4467 vero
1033 4423 1317 4480 creaturae,
1367 4425 1422 4471 ut
1462 4417 1850 4473 beatitudinem
1881 4429 2034 4475 (eter-

444 4501 632 4556 nitatis
665 4500 747 4556 vel
787 4502 1234 4558 immutabilitatis
1274 4504 1576 4570 obtineant,
1632 4523 1740 4562 non
1788 4509 1890 4564 hoc
1936 4526 2032 4580 per

447 4607 597 4649 suam
647 4601 916 4660 naturam,
957 4596 1049 4650 sed
1085 4611 1184 4666 per
1231 4599 1494 4653 creatoris
1534 4601 1617 4654 sui
1663 4602 2031 4674 participatio-

447 4698 573 4738 nem
620 4688 674 4737 et
712 4685 941 4753 gratiam
990 4697 1413 4756 consequuntur.
1457 4690 1610 4758 Quod
1645 4707 1774 4747 vero
1811 4695 2029 4761 dicitur,

445 4782 652 4845 quanto
679 4777 852 4847 magis
892 4786 1045 4847 pater
1079 4788 1261 4834 vester
1299 4781 1366 4835 de
1405 4782 1543 4838 coelo
1585 4784 1734 4839 dabit
1784 4788 2032 4855 spiritum

444 4867 646 4922 bonum
670 4869 978 4938 petentibus
1002 4884 1079 4937 se,
1105 4873 1342 4926 ostendit
1366 4871 1625 4943 Spiritum
1657 4885 1902 4930 sanetum
1927 4877 2035 4946 ple-

445 4958 748 5012 nitudinem
777 4973 894 5014 esse
916 4959 1176 5014 bonorum
1197 4962 1313 5027 Del,
1343 4971 1396 5017 et
1415 4977 1478 5018 ea
1506 4980 1625 5033 quae
1655 4965 1910 5021 divinitus
1936 4968 2029 5022 ad—

446 5049 842 5114 ministrantur,
869 5065 972 5104 non
1001 5051 1102 5106 alia
1125 5054 1327 5122 absque
1341 5068 1404 5109 ea
1427 5055 1744 5122 subsistere,
1768 5059 1891 5127 quia
1913 5073 2030 5114 om-

445 5152 543 5193 nes
565 5139 850 5206 utilitates,
874 5156 993 5209 quaz
1011 5156 1079 5196 ex
1109 5143 1370 5199 donorum
1403 5145 1496 5201 Dei
1523 5148 1696 5217 gratia
1727 5151 2028 5220 suscipiun-

446 5237 553 5292 tur,
583 5241 649 5284 ex
680 5230 786 5285 isto
813 5230 960 5286 fonte
997 5242 1267 5287 emanant.

1076 5337 1394 5379 CONCORDIA.

516 5414 574 5467 In
607 5415 871 5484 petitione
898 5417 1178 5481 oratlonis,
1219 5427 1273 5470 et
1309 5419 1364 5472 in
1390 5423 1760 5488 acoeptatione
1789 5425 2029 5479 muneris

447 5507 676 5561 istarum
702 5508 926 5563 duarum
958 5508 1020 5566 ﬁt
1051 5510 1339 5564 concordia
1365 5509 1676 5570 lectionum.

811 5617 880 5674 IN
929 5619 1356 5676 ASCENSIONE
1402 5619 1655 5677 DOMlNl.

694 5703 886 5747 LIC'I‘IO
915 5708 1129 5748 ACTUUI
1162 5707 1564 5758 APOSTOLORUH,
1591 5709 1708 5748 CAP.
1739 5710 1778 5748 1.

528 5797 546 5832 ι
575 5779 815 5838 Primum
863 5787 1077 5858 quidem
1128 5797 1433 5841 sermonem
1485 5781 1587 5841 feci
1637 5787 1704 5840 de
1757 5787 2028 5853 omnibus,

2055 4550 2108 4610 D

2113 613 2122 617 -
2152 588 2171 620 ‹
2201 584 2306 640 que
2327 571 2381 623 in
2412 569 2553 625 diem
2576 584 2681 639 qua
2708 571 3023 641 praecipiens
3061 571 3316 640 apostolis
3345 589 3442 642 per
3463 572 3731 643 Spiritum

2153 680 2171 712 ‹
2200 668 2442 716 sanctum
2467 701 2482 724 ,
2527 674 2662 730 quos
2707 662 2867 732 elegit
2909 670 3219 730 assumptus
3265 670 3368 717 est.
3423 663 3631 730 Quibus
3670 675 3727 722 et

2151 769 2170 802 ε
2199 751 2426 820 praebuit
2455 765 2513 805 se
2548 752 2722 820 ipsum
2751 753 2931 806 vivum
2967 759 3091 821 post
3126 752 3430 821 passionem
3465 769 3639 821 suam,
3668 758 3729 812 in

2152 862 2170 892 ι
2190 843 2380 896 multis
2405 844 2757 913 argumentis,
2791 859 2888 912 per
2925 844 3042 899 dies
3067 845 3419 915 quadraginta
3459 862 3734 917 apparens

2150 951 2170 984 ι
2199 933 2300 995 eis,
2330 941 2386 986 et
2408 933 2632 1001 loquens
2661 933 2730 988 de
2753 949 2918 1004 regno
2942 936 3060 988 Dei.
3111 936 3178 989 Et
3213 951 3544 992 convescens
3587 955 3732 1008 prm-

2149 1042 2167 1072 ‹
2198 1023 2340 1092 cepit
2370 1024 2449 1077 eis
2478 1025 2543 1078 ab
2564 1024 2951 1095 Hierosolymis
2972 1041 3040 1082 ne
3058 1027 3417 1093 discederent,
3443 1031 3538 1084 sed
3564 1046 3717 1101 expe-

2151 1133 2169 1164 ε
2201 1122 2410 1169 ctarent
2427 1117 2838 1184 promissionem
2863 1117 3057 1180 Patris,
3076 1135 3237 1187 quam
3253 1121 3501 1186 audistis,
3527 1122 3730 1192 inquit,

2149 1206 2167 1257 δ
2194 1222 2291 1276 per
2312 1223 2373 1262 os
2387 1222 2594 1262 meum:
2619 1210 2743 1278 quia
2765 1208 3000 1263 Joannes
3021 1211 3236 1279 quidem
3251 1211 3547 1280 baptizavit
3564 1229 3730 1282 aqua,

2149 1315 2167 1348 ι
2198 1315 2291 1354 vos
2338 1310 2515 1354 autem
2553 1301 2957 1369 baptisabimini
2997 1299 3203 1369 Spiritu
3232 1309 3440 1364 sancto,
3474 1318 3579 1356 non
3605 1313 3729 1372 post

2148 1409 2166 1441 ‹
2192 1392 2392 1445 multos
2422 1393 2520 1445 hos
2551 1392 2686 1446 dies.
2742 1392 2910 1463 Igitur
2942 1392 3032 1460 qui
3063 1402 3454 1457 convenerant,
3499 1393 3731 1450 interro-

2147 1501 2170 1536 ι
2194 1483 2394 1554 gabant
2421 1499 2544 1539 eum
2595 1486 2834 1539 dicentes
2860 1503 2872 1537 ε
2899 1485 3145 1550 Domine,
3177 1485 3222 1538 si
3256 1486 3310 1538 in
3347 1494 3594 1556 tempore
3621 1488 3724 1542 hoc

2148 1591 2166 1626 ς
2195 1575 2447 1629 restitues
2478 1590 2703 1645 regnum
2727 1575 2936 1629 Israel?
2978 1575 3124 1628 Dixit
3151 1581 3330 1634 autem
3361 1576 3442 1629 eis
3468 1594 3481 1628 :
3507 1576 3623 1631 Non
3647 1586 3731 1631 est

2147 1685 2164 1716 ε
2193 1674 2430 1720 vestrum
2462 1681 2622 1721 nosse
2664 1675 2906 1736 tempora
2936 1666 3020 1721 vel
3072 1675 3365 1730 momenta,
3412 1683 3533 1736 qua:
3570 1667 3735 1724 Pater

2147 1775 2166 1808 ι
2192 1757 2376 1828 posuit
2409 1757 2462 1810 in
2493 1773 2589 1811 sua
2619 1766 2905 1826 potestate,
2930 1757 3024 1811 sed
3045 1757 3322 1826 accipietis
3345 1759 3604 1815 virtutem
3631 1775 3731 1814 suc

2146 1867 2165 1902 ι
2193 1849 2556 1920 pervenientis
2599 1849 2830 1918 Spiritus
2865 1851 3038 1904 sancti
3070 1850 3122 1904 in
3160 1865 3271 1911 vos,
3307 1857 3363 1904 et
3397 1851 3552 1906 eritis
3591 1853 3731 1907 mihi

2148 1962 2170 1996 ι
2197 1951 2363 1998 testes
2393 1944 2446 1996 in
2471 1943 2805 1997 Hierusalem
2828 1952 2881 1997 et
2912 1943 2965 1997 in
2992 1945 3136 1998 omni
3161 1942 3343 2000 Jndma
3381 1955 3437 2001 et
3474 1946 3730 2002 Samaria

2147 2054 2165 2084 ε
2193 2043 2248 2089 et
2279 2049 2445 2103 usque
2471 2034 2538 2086 ad
2572 2033 2820 2087 ultimum
2845 2041 3020 2088 terras.
3073 2035 3140 2088 Et
3173 2050 3296 2088 eum
3320 2035 3436 2089 haec
3477 2037 3729 2101 dixisset,

2146 2142 2164 2175 ι
2192 2123 2500 2177 videntibus
2528 2122 2634 2176 illis
2659 2123 2899 2178 elevatus
2920 2130 3025 2187 est,
3055 2131 3108 2177 et
3140 2122 3311 2180 nubes
3339 2124 3574 2193 suscepit
3600 2140 3731 2178 eum

2147 2233 2166 2267 ι
2195 2217 2262 2268 ab
2298 2215 2468 2269 oculis
2502 2229 2710 2269 eorum.
2766 2215 3008 2284 Cumque
3060 2215 3401 2270 intuerentur
3441 2216 3493 2271 in
3528 2216 3735 2272 malum

2147 2325 2165 2358 ι
2193 2315 2410 2361 euntem
2447 2306 2614 2370 illum,
2644 2321 2771 2361 ecce
2795 2307 2901 2361 duo
2924 2307 3024 2360 viri
3051 2305 3499 2374 astiteruntjuxta
3519 2307 3645 2365 illos
3667 2309 3735 2364 in

2148 2415 2166 2448 ‹
2194 2398 2435 2453 vestibus
2461 2398 2615 2461 albis,
2647 2399 2739 2466 qui
2768 2406 2824 2452 et
2857 2398 3108 2453 dixerunt
3139 2414 3153 2452 ε
3188 2399 3302 2454 Viri
3327 2399 3550 2464 Galilaei,
3589 2401 3732 2469 quid

2149 2508 2166 2542 ι
2194 2491 2351 2545 statis
2375 2492 2695 2560 aspicientes
2716 2493 2769 2545 in
2800 2491 3034 2546 caelum?
3079 2491 3178 2546 Hic
3203 2492 3359 2548 Iesus
3387 2493 3481 2562 qui
3515 2503 3733 2548 assum-

2148 2602 2166 2632 I
2193 2590 2317 2651 ptus
2347 2590 2431 2636 est
2462 2598 2493 2636 a
2521 2581 2674 2636 vobis
2697 2582 2750 2635 in
2779 2581 2994 2644 caelum,
3030 2581 3109 2636 sic
3133 2583 3331 2647 veniet,
3375 2582 3732 2651 quemadmo-

2149 2691 2165 2724 ι
2193 2673 2321 2726 dum
2343 2672 2551 2726 vidistis
2575 2685 2697 2726 eum
2728 2683 2945 2726 euntem
2972 2671 3028 2726 in
3059 2672 3277 2729 caalum.
3309 2692 3327 2725 ι

2215 2762 2454 2817 Primum
2476 2762 2685 2832 quidem
2699 2778 2988 2817 sermonem
3016 2762 3114 2831 feci
3137 2762 3199 2817 de
3227 2761 3486 2826 omnibus,
3515 2780 3544 2819 ρ
3563 2761 3729 2818 Theo-

2139 2853 2297 2926 phila,
2326 2871 2444 2924 quia
2472 2855 2620 2923 coepit
2659 2853 2816 2908 Iesus
2858 2854 3030 2922 facere
3071 2863 3122 2912 et
3152 2854 3355 2910 docere.
3402 2854 3501 2925 (Ex
3535 2854 3729 2928 Beda.)

2141 2947 2218 3002 De
2237 2945 2488 3000 omnibus
2511 2959 2570 2999 se
2599 2944 2728 2999 dicit
2751 2942 2950 3006 Christi
2974 2943 3131 3002 factis
3166 2953 3220 2999 et
3250 2944 3411 3000 dictis
3449 2945 3504 2998 in
3542 2945 3728 3000 Evan-

2140 3036 2606 3109 gelioscripsisse,
2636 3051 2744 3091 non
2774 3036 2916 3104 quod
2935 3036 3114 3092 omnia
3144 3035 3606 3104 comprehendere
3629 3051 3731 3106 po-

2143 3130 2328 3194 tuerit,
2360 3145 2428 3183 ne
2453 3129 2524 3183 sit
2552 3128 2857 3186 contrarius
2888 3127 3102 3194 Joanni,
3127 3128 3219 3196 qui
3252 3127 3328 3181 ait
3356 3145 3369 3180 :
3403 3125 3578 3181 Multa
3603 3129 3727 3198 qui-

2140 3220 2256 3276 dem
2282 3229 2329 3275 et
2356 3219 2464 3275 alia
2487 3221 2638 3290 signa
2675 3220 2794 3289 fecit
2839 3219 2993 3274 Jesus
3031 3219 3087 3274 in
3127 3229 3398 3290 conspectu
3437 3218 3730 3288 discipulo-

2138 3330 2253 3368 rum
2274 3329 2510 3378 suorum,
2541 3330 2659 3384 qua:
2685 3329 2790 3368 non
2810 3321 2931 3366 sunt
2957 3312 3150 3380 scripta
3173 3313 3229 3365 in
3256 3310 3385 3364 libro
3408 3312 3504 3364 hoc
3539 3310 3727 3382 (Joan.

2136 3403 2282 3477 ult.),
2338 3404 2433 3459 sed
2473 3405 2616 3473 quod
2653 3404 2721 3458 de
2757 3403 3007 3460 omnibus
3050 3403 3294 3472 elegerit,
3338 3403 3479 3458 unde
3518 3402 3729 3460 faceret

2137 3511 2463 3560 sermonem,
2492 3511 2614 3564 quae
2643 3493 2905 3564 judicavit
2943 3500 3068 3561 apta
3102 3502 3155 3548 et
3195 3508 3436 3562 congrua
3477 3491 3729 3548 sullicere

2136 3589 2310 3645 cilicio
2330 3589 2746 3658 dispensationis
2781 3603 2910 3642 suas.
2964 3586 3294 3656 Theophilus
3327 3587 3726 3656 interpretatur

2137 3665 2229 3736 Dei
2259 3694 2490 3747 amator,
2530 3681 2616 3736 vel
2643 3699 2672 3735 a
2703 3682 2814 3736 Deo
2843 3688 3074 3735 amatus.
3125 3679 3443 3748 Quicunque
3469 3694 3597 3749 ergo
3624 3678 3724 3734 Dei

2139 3785 2351 3831 amator
2377 3784 2477 3841 est,
2517 3776 2584 3830 ad
2620 3791 2678 3830 se
2720 3776 2980 3844 scriptum
3025 3783 3174 3829 tenet
3213 3789 3323 3829 suae
3365 3775 3456 3830 hic
3501 3774 3718 3836 animm,

2137 3871 2262 3940 quia
2309 3870 2484 3924 Lucas
2519 3870 2762 3924 medicus
2791 3871 3026 3940 scripsit,
3077 3871 3315 3924 inveniet
3355 3869 3604 3924 salutem.
3648 3869 3724 3925 Et

2137 3963 2450 4025 notandum,
2483 3962 2626 4029 quod
2656 3961 2771 4015 ait:
2803 3959 2935 4025 Quae
2962 3962 3110 4031 erepit
3146 3961 3298 4016 Jesus
3337 3960 3508 4030 facere
3543 3968 3592 4014 et
3629 3960 3725 4013 do-

2136 4069 2269 4106 cere.
2310 4051 2491 4106 Primo
2519 4051 2697 4106 facere
2721 4059 2980 4122 etpostea
3008 4053 3219 4116 docere,
3262 4053 3387 4121 quia
3428 4049 3586 4108 Jesus
3630 4051 3724 4106 bo-

2135 4159 2239 4198 nus
2264 4145 2448 4198 doctor
2476 4151 2559 4198 est
2587 4143 2893 4206 instituens,
2920 4143 3063 4198 nulla
3090 4144 3192 4198 nisi
3218 4160 3336 4213 qua:
3360 4143 3488 4198 fecit
3513 4144 3718 4198 docuit.

2211 4235 2381 4307 Usque
2401 4238 2454 4289 in
2475 4237 2632 4302 diem,
2664 4252 2767 4306 qua
2789 4235 3093 4305 pra'cipiens
3129 4235 3374 4305 apostolis
3418 4251 3512 4305 per
3551 4223 3725 4303 Spiri-

2135 4305 2245 4384 tum
2275 4305 2534 4392 sanctum,
2563 4305 2693 4398 quos
2715 4325 2866 4396 elegit
2888 4338 3184 4395 assumptus
3225 4334 3325 4390 est,
3369 4332 3472 4380 etc.
3525 4323 3726 4379 Trans-

2138 4423 2324 4477 censio
2364 4422 2651 4495 verborum
2687 4418 2931 4472 ordinem
2970 4417 3216 4482 turbans,
3250 4431 3348 4486 per
3383 4416 3724 4486 hyperbaton

2137 4513 2440 4584 legendum,
2477 4524 2647 4580 usque
2679 4509 2734 4562 in
2768 4507 2910 4562 diem
2939 4522 3044 4576 qua
3083 4515 3390 4576 assumptus
3424 4513 3528 4570 est,
3573 4519 3724 4573 prae-

2134 4607 2338 4675 cipiens
2373 4612 2495 4658 ante
2539 4601 2994 4669 assumptionem,
3040 4597 3095 4652 id
3125 4607 3228 4661 est,
3271 4603 3540 4667 praecepta
3578 4587 3726 4650 'dans

2133 4697 2412 4769 apostolis,
2439 4709 2560 4764 quae
2586 4692 2670 4746 vel
2695 4691 2783 4746 hic
2807 4690 2894 4745 vel
2917 4690 2971 4745 in
2999 4689 3302 4758 Evangeliis
3323 4689 3592 4759 leguntur.
3627 4687 3726 4740 Est

2132 4801 2262 4856 ergo
2288 4798 2514 4839 sensus:
2541 4781 2747 4849 Scripsi
2784 4780 2852 4835 de
2877 4779 3006 4836 Jesu
3046 4795 3077 4834 a
3117 4788 3358 4857 tempore
3411 4796 3521 4850 quo
3555 4779 3725 4848 erupit

2131 4881 2284 4951 signa
2316 4877 2495 4931 facere
2519 4884 2575 4930 et
2605 4874 2820 4940 docere,
2849 4889 3022 4943 usque
3065 4874 3120 4930 in
3165 4873 3330 4939 diem,
3365 4890 3470 4944 qua
3513 4873 3722 4928 eisdem

2137 4967 2539 5027 consummatis,
2565 4966 2708 5021 unde
2731 4972 2956 5020 venerat
2989 4965 3170 5031 rediit,
3207 4979 3305 5034 per
3338 4965 3453 5020 dies
3485 4967 3726 5033 quadra-

2137 5061 2282 5132 ginta
2309 5073 2574 5126 apparens
2597 5057 2698 5122 eis,
2727 5064 2781 5111 et
2811 5056 3032 5124 loquens
3072 5056 3138 5110 de
3168 5071 3335 5126 regno
3373 5056 3466 5111 Dei
3505 5066 3560 5110 et
3593 5070 3726 5109 con-

2134 5166 2379 5216 vescens,
2421 5157 2526 5205 etc.
2570 5147 2651 5204 Ad
2699 5148 3070 5203 instruendam
3121 5147 3382 5203 Dominus
3420 5147 3581 5203 ﬁdem
3611 5162 3724 5201 sua:

2135 5241 2551 5298 resurrectionis
2579 5240 2774 5308 saepius
2809 5238 3064 5308 apostolis
3089 5247 3211 5308 post
3237 5237 3541 5307 passionem
3567 5252 3722 5290 suam

2135 5334 2290 5387 vivus
2335 5339 2580 5401 apparet,
2636 5330 2787 5385 cibos
2839 5329 3020 5393 sumit,
3070 5328 3424 5397 eamdemque
3473 5342 3641 5396 quam
3693 5341 3722 5378 a

2133 5424 2364 5479 mortuis
2414 5423 2770 5477 suscitaverat
2825 5421 3147 5491 palpandam
3197 5435 3418 5476 carnem
3477 5418 3719 5474 exhibet.

2136 5514 2241 5570 Sed
2281 5515 2458 5569 altiori
2494 5516 2768 5586 mysterio,
2804 5531 2902 5585 per
2938 5517 3080 5571 hanc
3115 5513 3471 5585 quadraginta
3507 5511 3719 5565 dierum

2134 5622 2257 5661 cum
2293 5605 2567 5676 discipulis
2602 5607 3090 5672 conversationem,
3123 5602 3389 5675 signiﬁcat
3419 5617 3477 5658 se
3504 5599 3716 5656 occulta

2132 5698 2439 5769 Ρπὲεεηῑίθ,
2479 5714 2599 5767 qum
2634 5699 2957 5768 promiserat
2993 5695 3341 5767 impleturum
3383 5712 3397 5748 :
3439 5691 3578 5746 Ecce
3624 5705 3716 5760 ego

2133 5791 2397 5844 vobiscum
2434 5807 2551 5845 sunt
2588 5789 2825 5847 omnibus
2860 5789 3040 5846 diebus
3078 5803 3240 5860 usque
3277 5785 3346 5841 ad
3383 5797 3717 5842 comarumc-
