4030 6476
1104 349 1622 410 COLLECTIONES
1655 350 1726 406 IN
1766 349 2148 408 EPISTOLAS
2183 351 2272 407 ΕΤ
2312 353 2723 411 EVANGELIA.

288 423 487 536 unum
520 471 724 528 nouli.
773 468 883 527 Iste
921 469 1069 524 enim
1113 480 1371 523 numerus
1410 465 1552 522 hanc
1601 473 1865 536 tempora-
1890 466 1946 526 Α
1967 480 2089 535 qua:
2112 465 2292 520 Patris
2313 474 2460 533 sunt,
2481 468 2577 524 sed
2607 482 2714 523 non
2744 470 2995 541 expediat
3013 483 3177 530 nosse
3202 469 3544 538 mortalibus,

287 568 400 626 lem
437 575 817 635 terrenamque
852 563 1017 618 vitam
1040 601 1056 628 ,
1092 559 1179 614 vel
1212 568 1435 631 propter
1470 563 1703 628 quatuor
1736 559 1866 612 anni

287 669 558 730 tempore,
596 657 680 712 vel
715 663 934 726 propter
969 660 1199 724 quatuor
1226 660 1416 708 ventos
1442 649 1566 706 curii
1595 649 1860 720 designat.

284 749 425 809 Nam
476 757 759 820 postquam
796 742 990 815 sepulti
1027 743 1291 798 therimus
1335 757 1461 798 cum
1505 741 1722 798 Christo
1768 753 1865 809 per

283 842 615 913 baptismum
651 839 704 893 in
729 836 1096 906 morte,quasi
1116 835 1285 890 Rubri
1320 836 1486 890 maris
1521 833 1656 890 calle
1688 839 1866 886 trans-

283 933 364 988 ito
386 973 402 997 ,
457 930 824 986 necessarium
872 928 928 982 in
979 927 1082 982 hac
1118 927 1406 982 solitudine
1443 924 1656 980 Domini
1693 923 1862 977 habe-

283 1037 409 1080 mus
444 1023 720 1085 ducatum,
755 1018 848 1090 qui
886 1033 986 1073 nos
1021 1018 1089 1072 ad
1117 1017 1357 1072 coelestia
1393 1030 1557 1086 regna
1585 1015 1862 1096 perducat,

279 1125 338 1172 et
373 1114 626 1186 imaginis
656 1127 767 1167 sum
801 1111 1022 1168 denario
1059 1123 1410 1164 remunerans
1435 1106 1722 1178 praesentia
1751 1119 1868 1159 san-

279 1209 360 1265 eti
390 1207 644 1276 Spiritus,
683 1203 836 1274 quasi
866 1217 994 1257 vera
1014 1201 1201 1271 jubilei
1230 1201 1411 1270 quiete
1437 1197 1729 1253 beatiﬁcet.
1769 1195 1868 1251 Vos

279 1309 459 1358 autem
503 1296 898 1368 baptisabimini
947 1292 1148 1364 Spiritu
1173 1301 1354 1347 sancto
1385 1309 1490 1346 non
1523 1299 1637 1362 post
1677 1290 1868 1345 multos

279 1395 380 1448 hos
407 1393 518 1446 dies
543 1404 562 1442 :
611 1389 851 1444 nondum
896 1385 1110 1441 fuerant
1152 1383 1378 1455 apostoli
1422 1383 1713 1452 baptizati,
1759 1397 1868 1438 non

276 1494 464 1541 tamen
504 1497 666 1552 aqua,
711 1481 808 1534 sed
853 1477 1058 1549 Spiritu
1094 1485 1303 1541 saneto,
1347 1490 1485 1546 quos
1519 1474 1868 1545 intelligimus

275 1579 388 1649 jam
411 1575 576 1630 fuisse
603 1573 928 1643 baptizatos,
950 1572 1064 1626 sive
1089 1570 1358 1640 baptismo
1385 1567 1630 1634 Joannis,
1653 1575 1714 1622 ut
1733 1583 1869 1622 non-

278 1669 418 1724 nulli
448 1667 800 1728 arbitrantur,
833 1662 1120 1733 seu,.quod
1157 1662 1334 1733 magis
1370 1660 1629 1716 credibile
1647 1670 1748 1727 est,
1774 1660 1868 1716 ba-

244 1740 538 1836 ~ptismate
585 1759 807 1814 Christi.
865 1756 1050 1826 Neque
1095 1755 1239 1811 enim
1288 1755 1647 1809 ministerium
1689 1753 1868 1824 bapti-

278 1853 442 1909 zandi
479 1851 746 1916 defuerat,
790 1857 852 1904 ut
892 1849 1119 1903 haberet
1163 1846 1466 1916 baptizatos
1509 1861 1726 1912 servos,
1768 1860 1868 1914 per

278 1960 419 2016 quos
443 1952 670 1999 caeteros
700 1941 1021 2011 baptizaret,
1062 1940 1188 2008 quia
1235 1953 1341 1992 non
1380 1936 1627 1992 defuerat
1661 1950 1867 1991 memo-

276 2035 452 2093 rabile
474 2035 619 2091 illius
635 2033 954 2089 humilitatis
982 2030 1361 2094 ministerium,
1390 2027 1606 2098 quando
1633 2027 1714 2082 eis
1739 2027 1869 2080 lavit

276 2129 463 2200 pedes.
514 2126 649 2182 Cum
701 2140 831 2196 ergo
883 2125 1088 2178 diceret
1141 2119 1424 2185 Dominus,
1467 2119 1594 2190 quia
1631 2117 1869 2173 Joannes

276 2221 500 2292 quidem
528 2217 822 2288 baptizavit
843 2231 1003 2285 aqua,
1036 2227 1376 2283 nequaquam
1419 2211 1693 2292 subjungit
1719 2225 1734 2263 :
1762 2211 1870 2265 Vos

275 2319 462 2366 autem
486 2307 852 2380 baptizabitis,
875 2307 992 2370 sed,
1026 2302 1126 2358 Vos
1148 2312 1320 2356 autem
1344 2299 1732 2371 baptizabimini
1753 2297 1872 2368 Spi-

273 2404 386 2458 ritu
412 2410 617 2456 sancto.
673 2399 810 2465 Quia
841 2411 1016 2466 neque
1040 2394 1264 2464 apostoli
1291 2406 1462 2460 neque
1487 2405 1748 2459 sequaces
1775 2404 1869 2443 eo-

275 2509 425 2559 rum,
459 2492 551 2562 qui
578 2504 749 2559 usque
797 2487 957 2543 hodie
990 2485 1269 2554 baptizant
1307 2483 1361 2537 in
1400 2480 1667 2546 Ecclesia,
1714 2479 1872 2535 aliter

280 2598 449 2660 quam
474 2578 730 2643 Joannes,
763 2579 816 2632 id
838 2585 942 2642 est,
985 2576 1039 2630 in
1077 2589 1216 2644 aqua
1255 2573 1532 2642 baptizare
1558 2570 1869 2640 praevalent,

276 2673 376 2730 sed
401 2677 611 2727 tantum
649 2669 903 2724 invocato
937 2665 1139 2721 Christi
1180 2663 1418 2727 nomine,
1463 2662 1618 2716 adest
1647 2661 1872 2715 interior

274 2763 454 2819 virtus
499 2759 723 2832 spiritus
761 2757 952 2822 sancti,
983 2770 1121 2826 quae,
1150 2755 1368 2809 homine
1397 2769 1591 2822 aquam
1622 2753 1869 2807 tribuen-

277 2861 364 2918 te,
411 2852 810 2923 baptizatorum
844 2850 1053 2902 animas
1079 2846 1238 2902 simul
1266 2855 1320 2901 et
1339 2861 1566 2916 corpora
1598 2845 1869 2916 puriilcet,

275 2946 420 3017 quod
449 2945 504 2999 in
532 2941 756 2998 Joannis
780 2941 1049 3012 baptismo
1086 2955 1190 2993 non
1221 2937 1414 3004 flebat;
1445 2955 1548 2992 non
1578 2938 1713 2992 enim
1757 2938 1870 2990 erat

274 3039 496 3109 spiritus
527 3035 703 3103 datus,
736 3035 859 3107 quia
885 3031 1042 3088 Iesus
1069 3032 1301 3087 nondum
1336 3031 1509 3101 fuerat
1547 3031 1868 3102 gloriﬁcatus

277 3131 464 3204 (Joan.
489 3131 632 3201 vni).

1968 565 2028 611 ut
2073 571 2285 628 semper
2323 559 2514 615 incerti
2557 561 2623 614 de
2665 562 2896 617 adventu
2930 561 3148 632 iudicis,
3187 561 3267 616 sio
3307 562 3548 633 quotidie

1966 647 2170 714 vivant,
2198 650 2352 720 quasi
2379 651 2466 706 die
2489 649 2591 706 alia
2618 650 2894 720 iudicandi
2929 654 3055 709 sint.

2038 736 2142 792 Sed
2163 740 2426 809 accipietis
2448 741 2687 795 virtutem
2707 743 3111 814 supemuientis
3128 741 3360 813 Spiritus
3378 740 3548 800 sancti

1965 829 2020 884 in
2051 847 2157 895 vos,
2189 840 2293 886 etc.
2346 830 2721 901 Superveniet,
2752 835 2943 904 inquit,
2971 836 3024 890 in
3045 851 3143 891 vos
3170 833 3402 904 Spiritus
3427 848 3553 888 sau-

1967 931 2086 979 ctus
2113 942 2124 977 :
2163 939 2502 994 nequaquam
2526 939 2753 996 regnum
2779 927 2962 992 lsrael,
2990 928 3104 981 sive
3127 942 3350 999 regnum
3378 927 3472 981 Dei
3494 927 3547 982 in

1965 1013 2151 1080 Israel,
2183 1025 2244 1070 ut
2274 1017 2494 1086 putatis,
2535 1015 2746 1082 ail'eret,
2777 1017 2872 1072 sed
2900 1016 3054 1072 vobis
3089 1018 3344 1078 virtutem
3372 1019 3440 1074 de
3463 1032 3554 1074 me

1969 1109 2296 1164 testiﬁcandi
2333 1108 2611 1178 praebebit.
2664 1109 3005 1179 Tantumque
3043 1111 3196 1180 regni
3233 1112 3376 1167 illius
3417 1121 3553 1168 ωηι-

1966 1213 2103 1270 pora
2131 1199 2286 1270 longe
2313 1209 2462 1267 sunt,
2487 1209 2548 1255 ut
2567 1201 2718 1270 prius
2747 1216 2854 1255 non
2879 1199 3053 1256 solum
3077 1202 3216 1258 hanc
3244 1196 3553 1276 Hierosoly-

1967 1306 2181 1346 morum
2206 1293 2414 1358 urbem,
2462 1307 2650 1356 verum
2687 1305 2876 1366 omnes
2908 1291 3106 1347 indaga;
3141 1292 3279 1349 lines
3300 1331 3316 1358 ,
3359 1295 3554 1352 dehinc

1968 1391 2150 1436 autem
2184 1391 2238 1437 et
2262 1384 2523 1453 proximae
2546 1391 2732 1454 gentes
2755 1383 3031 1446 Samaria,
3058 1390 3116 1438 et
3152 1385 3219 1439 ad
3242 1393 3550 1444 extremum

1969 1473 2292 1528 novissimos
2345 1490 2561 1544 quoque
2616 1490 2714 1545 per
2757 1475 3042 1531 circuitum
3079 1477 3264 1532 mundi
3293 1477 3555 1534 terminos

1968 1565 2245 1634 Evangelii
2279 1565 2421 1620 fama
2444 1577 2747 1637 percurrat.

2036 1655 2109 1709 Et
2139 1673 2256 1712 sum
2297 1657 2408 1711 lucc
2435 1657 2673 1725 dixisset,
2713 1658 3004 1714 sidentibus
3041 1658 3147 1713 illis
3188 1657 3416 1713 elevatus
3455 1665 3556 1714 est.

1968 1747 2180 1812 Marcus
2228 1747 2446 1818 quidem
2489 1748 2652 1804 aliam
2697 1750 2909 1805 Domini
2949 1751 3282 1806 locutionem
3319 1766 3560 1810 eommee

1894 1827 1942 1887 Β
1970 1855 2193 1897 moratis
2220 1841 2296 1894 ait
2321 1859 2334 1893 ;
2366 1839 2438 1894 Et
2463 1841 2721 1898 Dominus
2754 1841 2965 1912 quidem
2989 1843 3146 1897 Jesus
3172 1851 3448 1913 postquam
3478 1841 3560 1896 lo—

1969 1941 2123 1986 cutus
2145 1941 2218 1986 est
2246 1933 2343 1998 eis,
2375 1942 2674 2003 assumptus
2697 1943 2772 1987 est
2795 1934 2851 1987 in
2870 1932 3074 1988 calum.
3102 1933 3209 1989 Sed
3231 1936 3357 2005 quia
3380 1935 3558 1994 Lucas

1968 2023 2364 2094 significantius
2387 2023 2623 2092 adjecit:
2650 2024 2781 2078 Cum
2801 2025 2911 2080 haec
2939 2025 3178 2090 dixisset,
3205 2024 3432 2080 eleuatus
3457 2036 3558 2095 est,

1969 2113 2209 2168 ostendit
2237 2113 2484 2182 profecto
2519 2113 2626 2168 illis
2647 2129 2782 2182 quos
2807 2124 3329 2171 commemoraverat
3351 2130 3558 2173 sermo.

1971 2205 2131 2261 nibus
2157 2205 2390 2275 expletis
2409 2205 2694 2262 Dominum
2724 2205 3034 2260 ascendisse
3058 2206 3127 2268 ad
3150 2207 3338 2262 cmies.

2044 2295 2113 2352 Et
2145 2296 2303 2352 nubes
2338 2297 2560 2368 suscepit
2595 2313 2714 2351 eum
2740 2297 2805 2351 ab
2835 2296 3001 2351 oculis
3033 2312 3233 2351 eorum.
3275 2297 3378 2355 Ubi
3408 2313 3560 2355 cres-

1975 2399 2099 2444 tura
2123 2404 2222 2443 suo
2250 2389 2484 2444 creatori
2509 2396 2736 2458 priestat
2759 2389 3098 2459 obsequium,
3114 2398 3261 2445 astra
3282 2391 3558 2450 iudicant:

1975 2486 2294 2540 nascentem
2329 2480 2650 2536 obnubilant
2674 2519 2690 2546 ,
2752 2482 3022 2551 recipiunt
3059 2483 3232 2537 nubes
3267 2484 3562 2544 ascenden-

1976 2580 2108 2638 tem,
2137 2571 2384 2629 redeuuti
2412 2572 2479 2626 ad
2498 2570 2761 2640 judicium
2789 2572 3215 2627 comitabuntur.

2047 2663 2183 2718 Ecce
2229 2664 2334 2717 duo
2397 2664 2495 2717 viri
2539 2665 2816 2718 astiterunt
2855 2665 3017 2734 juxta
3081 2663 3201 2719 illos
3247 2667 3302 2718 in
3343 2666 3562 2726 vestibus

1975 2755 2130 2816 albis.
2153 2755 2303 2809 Albae
2329 2763 2508 2809 vestes
2533 2755 2846 2809 exaltationi
2879 2756 3052 2827 magis
3080 2767 3382 2827 congruunt
3400 2775 3564 2830 quam

1975 2846 2366 2911 bumiliationi,
2411 2855 2465 2901 et
2515 2847 2638 2902 ideo
2666 2848 2893 2902 Domino
2921 2848 3277 2915 ascendente,
3323 2851 3377 2904 in
3425 2851 3566 2908 albis

1974 2940 2218 2996 vestibus
2247 2939 2422 3010 angeli
2453 2949 2746 3010 apparent,
2777 2943 2868 3010 qui
2898 2949 3028 2997 nato
3054 2941 3302 3010 Domino,
3342 2943 3397 3002 in
3427 2945 3566 3002 albis

1973 3032 2216 3087 vestibus
2251 3047 2512 3102 apparere
2553 3048 2659 3088 non
2687 3034 2965 3100 dicuntur,
2993 3035 3120 3104 quia
3149 3036 3242 3105 qui
3276 3036 3332 3089 in
3363 3036 3563 3093 nativi-

1974 3133 2087 3182 tate
2121 3142 2218 3183 sua
2256 3129 2506 3196 apparuit
2531 3127 2674 3182 Deus
2709 3128 2963 3194 humilis,
3011 3129 3068 3184 in
3106 3119 3420 3185 ascensione
3465 3145 3564 3186 sua

354 3227 528 3297 Igitur
550 3198 640 3297 qui
664 3229 1012 3278 convenerant
1040 3218 1431 3289 interrogabant
1457 3235 1574 3272 eum
1598 3219 1826 3272 dicentes
1848 3231 1868 3272 :
1897 3198 1943 3261 Ο
1975 3226 2224 3273 ostensus
2251 3225 2331 3272 est
2362 3219 2524 3272 homo
2550 3219 2814 3273 sublimis.
2878 3219 3010 3272 Nam
3040 3227 3096 3274 et
3119 3219 3270 3275 locus
3293 3220 3560 3291 congruit,

278 3317 525 3382 Domine,
562 3316 606 3370 si
642 3315 699 3368 in
734 3322 962 3391 tempore
1005 3311 1102 3364 hoc
1141 3309 1380 3362 restitues
1421 3323 1635 3378 regnum
1676 3305 1866 3360 Israel.

279 3409 548 3476 Quoniam
599 3417 864 3482 apparens
899 3403 980 3457 eis
1027 3402 1241 3456 locutus
1285 3409 1372 3454 est
1417 3399 1483 3453 de
1532 3414 1696 3470 regno
1748 3399 1870 3465 Dei,

281 3501 508 3571 spiritus
532 3511 745 3568 quoque
773 3495 943 3550 sancti
969 3510 1075 3548 non
1098 3500 1220 3564 post
1247 3492 1444 3546 multos
1471 3491 1587 3546 dies
1624 3491 1875 3561 promisit

281 3595 602 3657 adventum;
632 3598 1026 3659 consequenter
1052 3601 1174 3642 eum
1202 3587 1267 3641 de
1303 3585 1491 3640 eodem
1538 3601 1704 3655 regno
1744 3599 1870 3654 per-

281 3691 625 3749 cunctantur,
653 3689 834 3736 utrum
864 3678 1116 3734 videlicet
1146 3693 1271 3731 mox
1307 3677 1626 3732 adveniente
1665 3675 1873 3744 Spiritu

284 3785 494 3838 sancto,
525 3775 578 3828 in
606 3771 861 3843 pr:csenti
895 3768 1310 3833 restituendum,
1344 3782 1411 3820 an
1453 3767 1504 3819 in
1535 3764 1719 3819 futuro
1749 3781 1872 3819 san-

283 3868 390 3922 ctis
411 3865 796 3921 reservandum
816 3862 1039 3916 credere
1061 3861 1314 3914 debeant.
1338 3858 1594 3912 Carnales
1612 3857 1757 3911 enim
1780 3857 1873 3911 ad-

284 3961 394 4016 huc
417 3958 666 4028 discipuli
693 3955 1090 4013 resurrectione
1128 3952 1330 4008 Christi
1371 3953 1657 4022 completa,
1699 3951 1876 4007 conti-

285 4067 397 4107 nuo
429 4065 654 4119 regnum
689 4047 856 4102 lsrael
893 4047 1188 4102 credebant
1229 4061 1348 4100 esse
1380 4053 1692 4109 venturum,
1719 4045 1874 4114 juxta

285 4142 436 4213 quod
456 4139 722 4206 Cleophas
744 4138 819 4190 ait
844 4151 860 4190 :
888 4136 1001 4190 Nos
1030 4146 1204 4189 autem
1224 4135 1586 4205 sperabamus,
1607 4135 1745 4205 quod
1767 4136 1875 4203 ipse

287 4241 424 4290 esset
481 4231 841 4300 redempturus
892 4227 1085 4292 Israel,
1132 4235 1186 4282 et
1223 4228 1552 4298 evangelista
1591 4227 1874 4296 prtemisit,

289 4325 418 4397 quia
461 4321 690 4377 Domino
740 4319 1166 4390 Hierosolymam
1206 4326 1444 4395 venturo
1476 4317 1875 4382 existimarent,

221 4433 228 4442 '
289 4417 436 4487 quod
486 4413 771 4470 confestim
829 4427 1053 4483 regnum
1103 4411 1198 4466 Dei
1245 4409 1704 4465 manifestaretur.
1771 4408 1878 4464 Sed

290 4508 577 4578 oportebat
602 4504 811 4574 impleri
837 4503 1198 4574 prophetiam,
1227 4517 1334 4572 qua
1356 4499 1505 4556 Patri
1534 4517 1736 4557 canens
1761 4502 1873 4556 ait:

1978 3300 2104 3367 dum
2159 3311 2206 3364 is
2265 3311 2360 3380 qui
2409 3310 2462 3364 in
2506 3311 2696 3365 humili
2737 3311 3016 3365 eivitatula
3063 3323 3223 3366 natus
3258 3320 3362 3378 est,
3402 3313 3565 3370 homo

1977 3406 2043 3460 de
2069 3413 2250 3459 monte
2280 3404 2495 3458 sublimi
2524 3417 2803 3473 regressus
2827 3413 2909 3457 est
2935 3405 3003 3458 ad
3035 3405 3222 3458 cmlos.

2048 3497 2152 3553 Hic
2174 3497 2332 3550 Jesus
2362 3495 2450 3566 qui
2485 3503 2782 3564 assumptus
2819 3502 2892 3547 est
2922 3511 2953 3548 a
2978 3494 3118 3548 vobis
3150 3495 3206 3548 in
3239 3493 3445 3550 citium.
3481 3494 3565 3553 Ob

1977 3591 2112 3644 duas
2135 3588 2254 3642 illas
2280 3601 2474 3640 causas
2501 3584 2676 3652 angeli
2706 3585 2988 3638 videntur:
3021 3593 3082 3639 ut
3101 3584 3352 3641 videlicet
3379 3600 3568 3642 ascen-

1977 3681 2146 3736 sionis
2174 3679 2477 3744 tristitiam,
2506 3678 2868 3747 regressionis
2893 3678 3409 3732 commemoratione
3436 3693 3568 3736 con-

1977 3773 2316 3836 solarentur;
2348 3778 2406 3826 nt
2440 3779 2495 3825 et
2519 3785 2648 3825 vere
2681 3770 2734 3823 in
2767 3769 2966 3824 coelum
2990 3769 3139 3824 illum
3169 3770 3250 3825 ire
3286 3777 3561 3827 monstra-

1976 3873 2120 3929 rent,
2149 3872 2204 3918 et
2233 3878 2340 3918 non
2368 3862 2526 3932 quasi
2553 3862 2607 3915 in
2639 3861 2865 3925 ccelum,
2900 3862 3039 3915 sicut
3065 3860 3258 3915 Eliam.

2050 3954 2137 4010 Sic
2174 3956 2359 4020 veniet,
2395 3953 2836 4026 quemadmodum
2877 3953 3078 4007 vidistis
3113 3969 3231 4007 eum
3266 3959 3470 4008 euntem
3508 3953 3568 4009 its

1979 4047 2183 4101 caelum.
2223 4045 2282 4100 ld
2321 4054 2426 4110 cst,
2461 4046 2513 4099 in
2556 4045 2747 4099 eadem
2792 4043 2968 4098 forma
3009 4045 3192 4098 carnis
3231 4053 3395 4113 atque
3438 4045 3567 4099 sub-

1978 4137 2180 4191 stantia
2208 4135 2389 4189 veniet
2409 4135 2768 4204 judicaturus,
2813 4135 2866 4187 in
2909 4148 3013 4201 qua
3055 4139 3281 4188 venerat
3314 4131 3566 4201 judican-

1980 4229 2112 4294 dus,
2160 4229 2246 4283 cui
2296 4228 2539 4298 profecto
2591 4227 3052 4281 immortalitatem
3097 4227 3264 4292 dedit,
3315 4234 3565 4283 naturam

1979 4333 2088 4373 non
2131 4317 2372 4381 abstulit,
2415 4316 2568 4385 cujus
2604 4318 2768 4372 etiam
2809 4318 2978 4387 gloria
3009 4318 3213 4383 divina,
3243 4334 3362 4388 quae
3396 4334 3567 4389 quon-

1982 4407 2107 4461 dam
2148 4407 2201 4460 in
2246 4414 2430 4462 monte
2475 4407 2651 4461 tribus
2699 4408 2974 4477 discipulis
3016 4410 3288 4480 apparuit,
3344 4421 3565 4480 peracto

1973 4495 2181 4565 judicio
2210 4497 2280 4551 ab
2316 4499 2570 4556 omnibus
2608 4499 2810 4553 sanctis
2833 4499 3120 4565 videbitur,
3154 4503 3370 4572 quando
3406 4505 3563 4560 tolle-

295 4571 372 4652 T'u
411 4612 528 4651 vero
577 4571 816 4666 repuliin
839 4571 909 4649 ἐι
941 4571 1189 4665 sprevisti
1225 4601 1274 4648 et
1316 4592 1567 4647 distulisti
1612 4592 1877 4648 Christum
1903 4571 1955 4633 D
1983 4599 2071 4644 tur
2103 4591 2320 4661 impius,
2350 4607 2419 4646 ne
2446 4592 2628 4645 videat
2655 4592 2880 4661 gloriam
2908 4593 3024 4647 Dei.

293 4701 442 4745 tuum
468 4687 638 4762 (Psal.
664 4687 950 4759 Lxxxvm).
988 4686 1208 4757 Repulit
1227 4687 1390 4750 enim,
1415 4693 1470 4740 et
1491 4686 1877 4755 sprevitiilium

292 4788 472 4851 pater,
499 4779 714 4852 quando
738 4794 861 4834 eum
892 4778 947 4832 in
980 4777 1232 4848 passione
1259 4778 1500 4832 deseruit
1527 4777 1874 4846 loquentem:

292 4871 462 4934 Deus,
491 4855 633 4924 Deus
660 4886 822 4934 meus,
864 4885 1026 4941 quare
1057 4885 1138 4922 me
1172 4867 1495 4939 dereliquisti
1544 4867 1716 4939 (Paul.
1742 4867 1882 4939 xx)?

296 4962 517 5018 Distulit
536 4971 734 5027 autem,
764 4968 825 5016 ut
853 4975 1012 5030 quem
1037 4961 1205 5015 sancti
1243 4960 1336 5015 illo
1365 4970 1606 5030 tempore
1634 4969 1882 5030 regnatu-

295 5067 418 5107 rum
443 5053 723 5121 putabant,
754 5059 1068 5122 exspectent
1092 5051 1142 5104 in
1171 5052 1257 5106 die
1277 5051 1466 5118 judicii
1490 5053 1544 5107 in
1574 5068 1670 5106 sua
1713 5052 1882 5121 maje-

297 5151 441 5198 state
469 5150 777 5197 venturum.
827 5142 980 5198 Unde
1001 5150 1056 5197 et
1090 5143 1203 5212 ipse
1233 5141 1494 5198 Dominus
1535 5150 1590 5198 et
1630 5145 1884 5213 spiritua-

298 5235 404 5288 lem
432 5233 618 5299 lsrael,
645 5244 700 5288 et
729 5250 951 5304 regnum
971 5234 1189 5291 cmleste
1219 5249 1254 5290 a
1276 5236 1556 5306 prophetis
1580 5234 1744 5292 fuisse
1768 5253 1886 5308 pro-

299 5329 528 5382 missum
555 5329 836 5382 insinuans
864 5328 940 5382 ait
970 5345 984 5382 :

376 5416 501 5472 Non
525 5425 600 5472 est
623 5425 848 5472 uestrum
871 5435 1019 5473 nosse
1052 5427 1284 5490 tempora
1312 5419 1393 5474 uel
1439 5429 1724 5486 momenta,
1763 5435 1881 5492 qua:

302 5506 470 5564 Pater
492 5510 663 5580 posuit
690 5512 747 5564 in
783 5527 881 5564 sua
903 5518 1171 5580 potestate.
1209 5511 1378 5577 Illius,
1416 5513 1686 5582 inquiens,
1725 5513 1880 5582 regni

303 5609 416 5657 tam
470 5610 741 5658 secretum
783 5611 991 5672 tempus
1038 5607 1142 5668 est,
1184 5612 1243 5656 ut
1279 5602 1461 5657 Patris
1507 5605 1882 5661 tantummodo

304 5694 547 5750 scientiae
579 5702 786 5764 pateat,
828 5699 882 5747 et
929 5693 1144 5762 quando
1175 5692 1343 5747 dicit:
1375 5693 1498 5748 Non
1542 5703 1618 5748 est
1652 5703 1880 5750 vestrum

304 5785 462 5853 scire,
491 5787 728 5844 ostendit
750 5785 892 5858 quod
912 5793 968 5841 et
997 5786 1110 5857 ipse
1150 5785 1306 5851 sciat,
1343 5786 1496 5857 cujus
1523 5786 1701 5841 omnia
1733 5795 1878 5856 sunt,

2283 4702 2622 4742 EVANGELIUII
2664 4703 2848 4753 HAEC],
2888 4705 3007 4744 CAP.
3045 4706 3266 4748 UL‘HIO.

2056 4799 2074 4830 ε
2099 4778 2558 4834 Recumbentibus
2583 4779 2831 4834 undecim
2859 4781 3160 4851 discipulis,
3189 4787 3440 4855 apparuit
3459 4787 3570 4844 illis

1989 4891 2008 4924 ‹
2052 4869 2227 4934 Jesus,
2265 4877 2323 4923 et
2360 4869 2707 4939 exprobravit
2751 4870 2857 4926 illis
2890 4873 3322 4932 incredulitatem
3350 4879 3566 4936 illorum

1989 4982 2009 5016 s
2053 4972 2110 5017 et
2155 4962 2412 5017 duritiam
2462 4962 2675 5027 cordis,
2717 4964 2841 5031 quia
2884 4964 2967 5020 his
3010 4968 3102 5036 qui
3151 4969 3399 5026 viderant
3443 4987 3567 5028 eum

1995 5075 2012 5106 ι
2059 5054 2422 5110 resurrexisse
2450 5068 2556 5108 non
2586 5053 2951 5110 crediderunt.
2977 5056 3043 5111 Et
3066 5059 3202 5114 dixit
3225 5061 3344 5116 eis:
3367 5061 3568 5118 Euntes

1996 5167 2015 5201 ι
2061 5151 2116 5203 in
2167 5147 2422 5202 mundum
2497 5149 2812 5227 uqiversum
2866 5151 3156 5221 praedicate
3218 5153 3568 5224 Evangelium

1995 5257 2016 5292 ο
2060 5239 2206 5293 omni
2231 5246 2511 5293 creaturae.
2536 5236 2637 5304 Qui
2665 5239 2956 5295 crediderit
2979 5249 3034 5296 et
3055 5241 3356 5312 baptizatus
3380 5243 3564 5313 fuerit,

1997 5343 2017 5378 α
2061 5327 2240 5382 salvus
2277 5327 2399 5381 erit.
2439 5326 2540 5393 Qui
2577 5342 2707 5382 vero
2741 5345 2849 5384 non
2887 5332 3197 5395 crediderit,
3240 5335 3565 5391 condemna-

1993 5438 2013 5470 ε
2057 5419 2223 5474 bitur.
2266 5417 2428 5488 Signa
2467 5427 2647 5474 autem
2677 5435 2773 5475 eos
2815 5422 2908 5490 qui
2947 5423 3295 5489 crediderint,
3323 5424 3437 5480 haec
3480 5443 3566 5484 se-

1995 5528 2012 5561 ι
2058 5518 2312 5581 queatur.
2339 5509 2396 5564 In
2424 5512 2642 5566 nomine
2665 5527 2786 5566 meo
2811 5512 3074 5566 daemonia
3102 5511 3338 5581 ejicient,
3365 5515 3563 5590 linguis

1993 5623 2013 5657 ‹
2059 5605 2345 5675 loquentur
2390 5605 2560 5668 novis,
2595 5611 2876 5681 serpentes
2905 5603 3111 5660 tollent.
3154 5606 3219 5662 Et
3251 5609 3296 5663 si
3324 5611 3565 5667 mortife-

1993 5718 2012 5750 r
2060 5714 2178 5753 rum
2202 5698 2332 5768 quid
2362 5697 2618 5762 biberint,
2652 5713 2758 5751 non
2792 5697 2873 5753 eis
2918 5699 3151 5756 nocebit.
3185 5700 3361 5773 Super
3389 5719 3562 5776 mgros

1993 5808 2010 5842 ι
2056 5803 2245 5845 manus
2279 5791 2574 5860 imponent,
2610 5798 2665 5843 et
2700 5789 2836 5844 bene
2872 5790 3164 5850 habebunt.
3214 5795 3279 5850 Et
3303 5796 3565 5854 Dominus
