  <div class='ocr_page' id='page_1' title='image "/cluster/home/n/w/nwhite01/storage/ocr_20150623/102/hvd.32044015466808/161.png"; bbox 0 0 4030 6484; ppageno 0'>
   <div class='ocr_carea' id='block_1_1' title="bbox 511 344 610 404">
    <p class='ocr_par' dir='ltr' id='par_1_1' title="bbox 511 344 610 404">
     <span class='ocr_line' id='line_1_1' title="bbox 511 344 610 404; baseline -0.04 -1"><span class='ocrx_word' id='word_1_1' title='bbox 511 344 610 404; x_wconf 77' lang='lat' dir='ltr'><strong>5H</strong></span> 
     </span>
    </p>
   </div>
   <div class='ocr_carea' id='block_1_2' title="bbox 1804 329 2482 388">
    <p class='ocr_par' dir='ltr' id='par_1_2' title="bbox 1804 329 2482 388">
     <span class='ocr_line' id='line_1_2' title="bbox 1804 329 2482 388; baseline 0.001 -1"><span class='ocrx_word' id='word_1_2' title='bbox 1804 329 2158 388; x_wconf 79' lang='lat' dir='ltr'><strong>SMARAGDI</strong></span> <span class='ocrx_word' id='word_1_3' title='bbox 2193 331 2482 388; x_wconf 75' lang='lat' dir='ltr'><strong>ABBATIS</strong></span> 
     </span>
    </p>
   </div>
   <div class='ocr_carea' id='block_1_3' title="bbox 517 443 3796 526">
    <p class='ocr_par' dir='ltr' id='par_1_3' title="bbox 517 443 3796 526">
     <span class='ocr_line' id='line_1_3' title="bbox 517 443 3796 526; baseline -0.001 -16"><span class='ocrx_word' id='word_1_4' title='bbox 517 473 540 510; x_wconf 88' lang='lat' dir='ltr'><strong>s</strong></span> <span class='ocrx_word' id='word_1_5' title='bbox 583 453 801 526; x_wconf 81' lang='lat' dir='ltr'><strong>quidem</strong></span> <span class='ocrx_word' id='word_1_6' title='bbox 834 450 992 507; x_wconf 79' lang='lat' dir='ltr'><strong>Jesus</strong></span> <span class='ocrx_word' id='word_1_7' title='bbox 1033 456 1318 521; x_wconf 76' lang='lat' dir='ltr'><strong>postquam</strong></span> <span class='ocrx_word' id='word_1_8' title='bbox 1359 445 1572 502; x_wconf 89' lang='lat' dir='ltr'><strong>locutus</strong></span> <span class='ocrx_word' id='word_1_9' title='bbox 1617 451 1702 500; x_wconf 89' lang='lat' dir='ltr'><strong>est</strong></span> <span class='ocrx_word' id='word_1_10' title='bbox 1739 444 1838 509; x_wconf 91' lang='lat' dir='ltr'><strong>eis,</strong></span> <span class='ocrx_word' id='word_1_11' title='bbox 1880 459 2094 499; x_wconf 89' lang='lat' dir='ltr'><strong>assum-</strong></span> <span class='ocrx_word' id='word_1_12' title='bbox 2118 447 2173 508; x_wconf 79' lang='grc' dir='ltr'><strong>Α</strong></span> <span class='ocrx_word' id='word_1_13' title='bbox 2194 443 2303 498; x_wconf 90' lang='lat' dir='ltr'><strong>vuli</strong></span> <span class='ocrx_word' id='word_1_14' title='bbox 2329 443 2576 511; x_wconf 87' lang='lat' dir='ltr'><strong>credunt,</strong></span> <span class='ocrx_word' id='word_1_15' title='bbox 2608 444 2748 501; x_wconf 88' lang='lat' dir='ltr'><strong>sicut</strong></span> <span class='ocrx_word' id='word_1_16' title='bbox 2771 459 2840 501; x_wconf 90' lang='lat' dir='ltr'><strong>ex</strong></span> <span class='ocrx_word' id='word_1_17' title='bbox 2877 443 2999 502; x_wconf 88' lang='lat' dir='ltr'><strong>aliis</strong></span> <span class='ocrx_word' id='word_1_18' title='bbox 3038 457 3100 501; x_wconf 91' lang='lat' dir='ltr'><strong>ea</strong></span> <span class='ocrx_word' id='word_1_19' title='bbox 3127 459 3247 518; x_wconf 61' lang='lat' dir='ltr'><strong>qua!</strong></span> <span class='ocrx_word' id='word_1_20' title='bbox 3276 445 3386 504; x_wconf 88' lang='lat' dir='ltr'><strong>illis</strong></span> <span class='ocrx_word' id='word_1_21' title='bbox 3425 445 3483 504; x_wconf 90' lang='lat' dir='ltr'><strong>in</strong></span> <span class='ocrx_word' id='word_1_22' title='bbox 3505 447 3796 522; x_wconf 80' lang='lat' dir='ltr'><strong>baptismo</strong></span> 
     </span>
    </p>
   </div>
   <div class='ocr_carea' id='block_1_4' title="bbox 513 533 2093 616">
    <p class='ocr_par' dir='ltr' id='par_1_4' title="bbox 513 533 2093 616">
     <span class='ocr_line' id='line_1_4' title="bbox 513 533 2093 616; baseline -0.006 -16"><span class='ocrx_word' id='word_1_23' title='bbox 513 562 539 600; x_wconf 83' lang='lat' dir='ltr'><strong>s</strong></span> <span class='ocrx_word' id='word_1_24' title='bbox 583 550 824 616; x_wconf 8' lang='lat' dir='ltr'><strong>ptusvest</strong></span> <span class='ocrx_word' id='word_1_25' title='bbox 855 543 913 598; x_wconf 90' lang='lat' dir='ltr'><strong>in</strong></span> <span class='ocrx_word' id='word_1_26' title='bbox 935 540 1132 598; x_wconf 73' lang='lat' dir='ltr'><strong>cmlum</strong></span> <span class='ocrx_word' id='word_1_27' title='bbox 1171 547 1226 594; x_wconf 92' lang='lat' dir='ltr'><strong>et</strong></span> <span class='ocrx_word' id='word_1_28' title='bbox 1261 539 1414 594; x_wconf 81' lang='lat' dir='ltr'><strong>sedet</strong></span> <span class='ocrx_word' id='word_1_29' title='bbox 1449 553 1481 592; x_wconf 89' lang='lat' dir='ltr'><strong>a</strong></span> <span class='ocrx_word' id='word_1_30' title='bbox 1507 537 1716 593; x_wconf 90' lang='lat' dir='ltr'><strong>dextris</strong></span> <span class='ocrx_word' id='word_1_31' title='bbox 1744 535 1862 591; x_wconf 87' lang='lat' dir='ltr'><strong>Dei.</strong></span> <span class='ocrx_word' id='word_1_32' title='bbox 1889 533 1970 590; x_wconf 82' lang='lat' dir='ltr'><strong>Illi</strong></span> <span class='ocrx_word' id='word_1_33' title='bbox 1998 549 2093 590; x_wconf 88' lang='lat' dir='ltr'><strong>au-</strong></span> 
     </span>
    </p>
   </div>
   <div class='ocr_carea' id='block_1_5' title="bbox 515 627 2092 706">
    <p class='ocr_par' dir='ltr' id='par_1_5' title="bbox 515 627 2092 706">
     <span class='ocr_line' id='line_1_5' title="bbox 515 627 2092 706; baseline -0.006 -15"><span class='ocrx_word' id='word_1_34' title='bbox 515 654 538 691; x_wconf 89' lang='lat' dir='ltr'><strong>s</strong></span> <span class='ocrx_word' id='word_1_35' title='bbox 582 644 696 691; x_wconf 86' lang='lat' dir='ltr'><strong>tem</strong></span> <span class='ocrx_word' id='word_1_36' title='bbox 735 632 964 706; x_wconf 87' lang='lat' dir='ltr'><strong>profecti</strong></span> <span class='ocrx_word' id='word_1_37' title='bbox 1008 631 1438 702; x_wconf 70' lang='lat' dir='ltr'><strong>prmdicaverunt</strong></span> <span class='ocrx_word' id='word_1_38' title='bbox 1480 629 1702 700; x_wconf 88' lang='lat' dir='ltr'><strong>ubique,</strong></span> <span class='ocrx_word' id='word_1_39' title='bbox 1728 627 1954 704; x_wconf 87' lang='lat' dir='ltr'><strong>Domino</strong></span> <span class='ocrx_word' id='word_1_40' title='bbox 2001 643 2092 682; x_wconf 92' lang='lat' dir='ltr'><strong>co-</strong></span> 
     </span>
    </p>
   </div>
   <div class='ocr_carea' id='block_1_6' title="bbox 515 717 2091 800">
    <p class='ocr_par' dir='ltr' id='par_1_6' title="bbox 515 717 2091 800">
     <span class='ocr_line' id='line_1_6' title="bbox 515 717 2091 800; baseline -0.006 -18"><span class='ocrx_word' id='word_1_41' title='bbox 515 745 537 782; x_wconf 88' lang='lat' dir='ltr'><strong>s</strong></span> <span class='ocrx_word' id='word_1_42' title='bbox 582 733 863 800; x_wconf 82' lang='lat' dir='ltr'><strong>operante,</strong></span> <span class='ocrx_word' id='word_1_43' title='bbox 892 731 948 779; x_wconf 92' lang='lat' dir='ltr'><strong>et</strong></span> <span class='ocrx_word' id='word_1_44' title='bbox 986 737 1295 779; x_wconf 80' lang='lat' dir='ltr'><strong>sermonem</strong></span> <span class='ocrx_word' id='word_1_45' title='bbox 1333 720 1712 786; x_wconf 85' lang='lat' dir='ltr'><strong>conﬁrmante,</strong></span> <span class='ocrx_word' id='word_1_46' title='bbox 1741 717 2091 789; x_wconf 84' lang='lat' dir='ltr'><strong>sequentibus</strong></span> 
     </span>
    </p>
   </div>
   <div class='ocr_carea' id='block_1_7' title="bbox 514 820 838 891">
    <p class='ocr_par' dir='ltr' id='par_1_7' title="bbox 514 820 838 891">
     <span class='ocr_line' id='line_1_7' title="bbox 514 820 838 891; baseline -0.006 -18"><span class='ocrx_word' id='word_1_47' title='bbox 514 838 535 873; x_wconf 85' lang='lat' dir='ltr'><strong>s</strong></span> <span class='ocrx_word' id='word_1_48' title='bbox 582 820 770 891; x_wconf 85' lang='lat' dir='ltr'><strong>signis.</strong></span> <span class='ocrx_word' id='word_1_49' title='bbox 802 822 838 871; x_wconf 72' lang='grc' dir='ltr'><strong><em>ἰ</em></strong></span> 
     </span>
    </p>
   </div>
   <div class='ocr_carea' id='block_1_8' title="bbox 583 902 2090 977">
    <p class='ocr_par' dir='ltr' id='par_1_8' title="bbox 583 902 2090 977">
     <span class='ocr_line' id='line_1_8' title="bbox 583 902 2090 977; baseline -0.003 -13"><span class='ocrx_word' id='word_1_50' title='bbox 583 908 1018 964; x_wconf 84' lang='lat' dir='ltr'><strong>Recumbentibus</strong></span> <span class='ocrx_word' id='word_1_51' title='bbox 1065 907 1308 962; x_wconf 84' lang='lat' dir='ltr'><strong>undecim</strong></span> <span class='ocrx_word' id='word_1_52' title='bbox 1355 905 1648 977; x_wconf 73' lang='lat' dir='ltr'><strong>discipulis,</strong></span> <span class='ocrx_word' id='word_1_53' title='bbox 1689 906 1933 976; x_wconf 82' lang='lat' dir='ltr'><strong>apparuit</strong></span> <span class='ocrx_word' id='word_1_54' title='bbox 1981 902 2090 959; x_wconf 91' lang='lat' dir='ltr'><strong>illis</strong></span> 
     </span>
    </p>
   </div>
   <div class='ocr_carea' id='block_1_9' title="bbox 506 998 2090 1071">
    <p class='ocr_par' dir='ltr' id='par_1_9' title="bbox 506 998 2090 1071">
     <span class='ocr_line' id='line_1_9' title="bbox 506 998 2090 1071; baseline -0.003 -11"><span class='ocrx_word' id='word_1_55' title='bbox 506 1004 697 1071; x_wconf 75' lang='lat' dir='ltr'><strong>Iesus,</strong></span> <span class='ocrx_word' id='word_1_56' title='bbox 737 1011 843 1059; x_wconf 85' lang='lat' dir='ltr'><strong>etc.</strong></span> <span class='ocrx_word' id='word_1_57' title='bbox 898 1001 1554 1070; x_wconf 70' lang='lat' dir='ltr'><strong>Quomodo‘novissime?</strong></span> <span class='ocrx_word' id='word_1_58' title='bbox 1590 999 1744 1071; x_wconf 87' lang='lat' dir='ltr'><strong>quasi</strong></span> <span class='ocrx_word' id='word_1_59' title='bbox 1785 998 1902 1069; x_wconf 90' lang='lat' dir='ltr'><strong>jam</strong></span> <span class='ocrx_word' id='word_1_60' title='bbox 1947 999 2090 1056; x_wconf 90' lang='lat' dir='ltr'><strong>ultra</strong></span> 
     </span>
    </p>
   </div>
   <div class='ocr_carea' id='block_1_10' title="bbox 506 1093 2090 1165">
    <p class='ocr_par' dir='ltr' id='par_1_10' title="bbox 506 1093 2090 1165">
     <span class='ocr_line' id='line_1_10' title="bbox 506 1093 2090 1165; baseline -0.005 -10"><span class='ocrx_word' id='word_1_61' title='bbox 506 1113 634 1155; x_wconf 90' lang='lat' dir='ltr'><strong>eum</strong></span> <span class='ocrx_word' id='word_1_62' title='bbox 665 1111 772 1153; x_wconf 92' lang='lat' dir='ltr'><strong>non</strong></span> <span class='ocrx_word' id='word_1_63' title='bbox 798 1097 1075 1162; x_wconf 79' lang='lat' dir='ltr'><strong>viderent;</strong></span> <span class='ocrx_word' id='word_1_64' title='bbox 1106 1094 1459 1152; x_wconf 83' lang='lat' dir='ltr'><strong>novissimum</strong></span> <span class='ocrx_word' id='word_1_65' title='bbox 1483 1094 1680 1165; x_wconf 85' lang='lat' dir='ltr'><strong>quippe</strong></span> <span class='ocrx_word' id='word_1_66' title='bbox 1701 1093 1832 1149; x_wconf 89' lang='lat' dir='ltr'><strong>illud</strong></span> <span class='ocrx_word' id='word_1_67' title='bbox 1849 1099 1953 1158; x_wconf 90' lang='lat' dir='ltr'><strong>est,</strong></span> <span class='ocrx_word' id='word_1_68' title='bbox 1980 1108 2090 1163; x_wconf 90' lang='lat' dir='ltr'><strong>quo</strong></span> 
     </span>
    </p>
   </div>
   <div class='ocr_carea' id='block_1_11' title="bbox 506 1183 2090 1258">
    <p class='ocr_par' dir='ltr' id='par_1_11' title="bbox 506 1183 2090 1258">
     <span class='ocr_line' id='line_1_11' title="bbox 506 1183 2090 1258; baseline -0.004 -14"><span class='ocrx_word' id='word_1_69' title='bbox 506 1189 796 1246; x_wconf 90' lang='lat' dir='ltr'><strong>Dominum</strong></span> <span class='ocrx_word' id='word_1_70' title='bbox 829 1187 1060 1258; x_wconf 80' lang='lat' dir='ltr'><strong>apostoli</strong></span> <span class='ocrx_word' id='word_1_71' title='bbox 1102 1186 1158 1241; x_wconf 92' lang='lat' dir='ltr'><strong>in</strong></span> <span class='ocrx_word' id='word_1_72' title='bbox 1185 1193 1330 1242; x_wconf 87' lang='lat' dir='ltr'><strong>terra</strong></span> <span class='ocrx_word' id='word_1_73' title='bbox 1355 1185 1626 1251; x_wconf 88' lang='lat' dir='ltr'><strong>viderunt,</strong></span> <span class='ocrx_word' id='word_1_74' title='bbox 1650 1183 1868 1254; x_wconf 84' lang='lat' dir='ltr'><strong>quando</strong></span> <span class='ocrx_word' id='word_1_75' title='bbox 1901 1197 2090 1238; x_wconf 87' lang='lat' dir='ltr'><strong>ascen-</strong></span> 
     </span>
    </p>
   </div>
   <div class='ocr_carea' id='block_1_12' title="bbox 507 1273 2090 1347">
    <p class='ocr_par' dir='ltr' id='par_1_12' title="bbox 507 1273 2090 1347">
     <span class='ocr_line' id='line_1_12' title="bbox 507 1273 2090 1347; baseline -0.005 -11"><span class='ocrx_word' id='word_1_76' title='bbox 507 1281 589 1336; x_wconf 89' lang='lat' dir='ltr'><strong>dit</strong></span> <span class='ocrx_word' id='word_1_77' title='bbox 627 1280 686 1336; x_wconf 90' lang='lat' dir='ltr'><strong>in</strong></span> <span class='ocrx_word' id='word_1_78' title='bbox 712 1274 1038 1335; x_wconf 73' lang='lat' dir='ltr'><strong>cmlum.&#39;Et</strong></span> <span class='ocrx_word' id='word_1_79' title='bbox 1074 1276 1275 1335; x_wconf 72' lang='lat' dir='ltr'><strong>factum</strong></span> <span class='ocrx_word' id='word_1_80' title='bbox 1301 1285 1384 1333; x_wconf 91' lang='lat' dir='ltr'><strong>est</strong></span> <span class='ocrx_word' id='word_1_81' title='bbox 1412 1275 1829 1347; x_wconf 86' lang='lat' dir='ltr'><strong>quadragesima</strong></span> <span class='ocrx_word' id='word_1_82' title='bbox 1858 1273 1944 1329; x_wconf 93' lang='lat' dir='ltr'><strong>die</strong></span> <span class='ocrx_word' id='word_1_83' title='bbox 1967 1280 2090 1344; x_wconf 92' lang='lat' dir='ltr'><strong>post</strong></span> 
     </span>
    </p>
   </div>
   <div class='ocr_carea' id='block_1_13' title="bbox 507 1362 2090 1439">
    <p class='ocr_par' dir='ltr' id='par_1_13' title="bbox 507 1362 2090 1439">
     <span class='ocr_line' id='line_1_13' title="bbox 507 1362 2090 1439; baseline -0.004 -15"><span class='ocrx_word' id='word_1_84' title='bbox 507 1367 629 1439; x_wconf 91' lang='lat' dir='ltr'><strong>ejus</strong></span> <span class='ocrx_word' id='word_1_85' title='bbox 680 1367 1154 1425; x_wconf 84' lang='lat' dir='ltr'><strong>resurrectionem.</strong></span> <span class='ocrx_word' id='word_1_86' title='bbox 1191 1365 1568 1438; x_wconf 86' lang='lat' dir='ltr'><strong>Nunquidnam</strong></span> <span class='ocrx_word' id='word_1_87' title='bbox 1609 1372 1738 1420; x_wconf 90' lang='lat' dir='ltr'><strong>tunc</strong></span> <span class='ocrx_word' id='word_1_88' title='bbox 1796 1362 2090 1433; x_wconf 83' lang='lat' dir='ltr'><strong>exprobra-</strong></span> 
     </span>
    </p>
   </div>
   <div class='ocr_carea' id='block_1_14' title="bbox 507 1453 2090 1530">
    <p class='ocr_par' dir='ltr' id='par_1_14' title="bbox 507 1453 2090 1530">
     <span class='ocr_line' id='line_1_14' title="bbox 507 1453 2090 1530; baseline -0.004 -16"><span class='ocrx_word' id='word_1_89' title='bbox 507 1469 665 1514; x_wconf 85' lang='lat' dir='ltr'><strong>turus</strong></span> <span class='ocrx_word' id='word_1_90' title='bbox 691 1467 832 1525; x_wconf 90' lang='lat' dir='ltr'><strong>erat,</strong></span> <span class='ocrx_word' id='word_1_91' title='bbox 865 1457 1009 1530; x_wconf 92' lang='lat' dir='ltr'><strong>quod</strong></span> <span class='ocrx_word' id='word_1_92' title='bbox 1041 1471 1149 1512; x_wconf 91' lang='lat' dir='ltr'><strong>non</strong></span> <span class='ocrx_word' id='word_1_93' title='bbox 1179 1456 1539 1512; x_wconf 82' lang='lat' dir='ltr'><strong>credidissent</strong></span> <span class='ocrx_word' id='word_1_94' title='bbox 1573 1455 1676 1521; x_wconf 89' lang='lat' dir='ltr'><strong>eis,</strong></span> <span class='ocrx_word' id='word_1_95' title='bbox 1721 1454 1813 1524; x_wconf 90' lang='lat' dir='ltr'><strong>qui</strong></span> <span class='ocrx_word' id='word_1_96' title='bbox 1846 1469 1970 1510; x_wconf 88' lang='lat' dir='ltr'><strong>eum</strong></span> <span class='ocrx_word' id='word_1_97' title='bbox 2009 1453 2090 1508; x_wconf 87' lang='lat' dir='ltr'><strong>vi-</strong></span> 
     </span>
    </p>
   </div>
   <div class='ocr_carea' id='block_1_15' title="bbox 509 1546 2088 1620">
    <p class='ocr_par' dir='ltr' id='par_1_15' title="bbox 509 1546 2088 1620">
     <span class='ocr_line' id='line_1_15' title="bbox 509 1546 2088 1620; baseline -0.004 -14"><span class='ocrx_word' id='word_1_98' title='bbox 509 1551 700 1606; x_wconf 85' lang='lat' dir='ltr'><strong>derant</strong></span> <span class='ocrx_word' id='word_1_99' title='bbox 735 1549 1122 1615; x_wconf 86' lang='lat' dir='ltr'><strong>resurrexisse,</strong></span> <span class='ocrx_word' id='word_1_100' title='bbox 1153 1549 1370 1620; x_wconf 87' lang='lat' dir='ltr'><strong>quando</strong></span> <span class='ocrx_word' id='word_1_101' title='bbox 1403 1547 1568 1603; x_wconf 88' lang='lat' dir='ltr'><strong>etiam</strong></span> <span class='ocrx_word' id='word_1_102' title='bbox 1605 1556 1662 1602; x_wconf 90' lang='lat' dir='ltr'><strong>et</strong></span> <span class='ocrx_word' id='word_1_103' title='bbox 1701 1546 1800 1616; x_wconf 89' lang='lat' dir='ltr'><strong>ipsi</strong></span> <span class='ocrx_word' id='word_1_104' title='bbox 1839 1553 1963 1616; x_wconf 90' lang='lat' dir='ltr'><strong>post</strong></span> <span class='ocrx_word' id='word_1_105' title='bbox 1999 1560 2088 1600; x_wconf 92' lang='lat' dir='ltr'><strong>re-</strong></span> 
     </span>
    </p>
   </div>
   <div class='ocr_carea' id='block_1_16' title="bbox 506 1638 2087 1711">
    <p class='ocr_par' dir='ltr' id='par_1_16' title="bbox 506 1638 2087 1711">
     <span class='ocr_line' id='line_1_16' title="bbox 506 1638 2087 1711; baseline -0.004 -12"><span class='ocrx_word' id='word_1_106' title='bbox 506 1644 902 1700; x_wconf 88' lang='lat' dir='ltr'><strong>surrectionem</strong></span> <span class='ocrx_word' id='word_1_107' title='bbox 947 1643 1109 1699; x_wconf 88' lang='lat' dir='ltr'><strong>toties</strong></span> <span class='ocrx_word' id='word_1_108' title='bbox 1136 1657 1261 1698; x_wconf 92' lang='lat' dir='ltr'><strong>eum</strong></span> <span class='ocrx_word' id='word_1_109' title='bbox 1284 1641 1578 1697; x_wconf 85' lang='lat' dir='ltr'><strong>viderant?</strong></span> <span class='ocrx_word' id='word_1_110' title='bbox 1622 1639 1757 1695; x_wconf 85' lang='lat' dir='ltr'><strong>Illud</strong></span> <span class='ocrx_word' id='word_1_111' title='bbox 1783 1653 1914 1711; x_wconf 92' lang='lat' dir='ltr'><strong>ergo</strong></span> <span class='ocrx_word' id='word_1_112' title='bbox 1943 1638 2087 1694; x_wconf 87' lang='lat' dir='ltr'><strong>acci-</strong></span> 
     </span>
    </p>
   </div>
   <div class='ocr_carea' id='block_1_17' title="bbox 503 1729 2088 1804">
    <p class='ocr_par' dir='ltr' id='par_1_17' title="bbox 503 1729 2088 1804">
     <span class='ocr_line' id='line_1_17' title="bbox 503 1729 2088 1804; baseline -0.003 -16"><span class='ocrx_word' id='word_1_113' title='bbox 503 1735 721 1804; x_wconf 87' lang='lat' dir='ltr'><strong>piamus</strong></span> <span class='ocrx_word' id='word_1_114' title='bbox 759 1741 881 1804; x_wconf 91' lang='lat' dir='ltr'><strong>post</strong></span> <span class='ocrx_word' id='word_1_115' title='bbox 923 1733 1125 1789; x_wconf 89' lang='lat' dir='ltr'><strong>multas</strong></span> <span class='ocrx_word' id='word_1_116' title='bbox 1167 1731 1658 1789; x_wconf 88' lang='lat' dir='ltr'><strong>demonstrationes</strong></span> <span class='ocrx_word' id='word_1_117' title='bbox 1703 1729 1842 1800; x_wconf 87' lang='lat' dir='ltr'><strong>ejus,</strong></span> <span class='ocrx_word' id='word_1_118' title='bbox 1891 1730 2088 1800; x_wconf 89' lang='lat' dir='ltr'><strong>quibus</strong></span> 
     </span>
    </p>
   </div>
   <div class='ocr_carea' id='block_1_18' title="bbox 2195 533 3130 605">
    <p class='ocr_par' dir='ltr' id='par_1_18' title="bbox 2195 533 3130 605">
     <span class='ocr_line' id='line_1_18' title="bbox 2195 533 3130 605; baseline 0.002 -16"><span class='ocrx_word' id='word_1_119' title='bbox 2195 533 2545 589; x_wconf 89' lang='lat' dir='ltr'><strong>remittuntur</strong></span> <span class='ocrx_word' id='word_1_120' title='bbox 2575 542 2798 605; x_wconf 85' lang='lat' dir='ltr'><strong>peccata</strong></span> <span class='ocrx_word' id='word_1_121' title='bbox 2827 542 3130 592; x_wconf 88' lang='lat' dir='ltr'><strong>traxerunt.</strong></span> 
     </span>
    </p>
   </div>
   <div class='ocr_carea' id='block_1_19' title="bbox 2266 623 3788 703">
    <p class='ocr_par' dir='ltr' id='par_1_19' title="bbox 2266 623 3788 703">
     <span class='ocr_line' id='line_1_19' title="bbox 2266 623 3788 703; baseline 0.007 -23"><span class='ocrx_word' id='word_1_122' title='bbox 2266 623 2433 696; x_wconf 85' lang='lat' dir='ltr'><strong>Signa</strong></span> <span class='ocrx_word' id='word_1_123' title='bbox 2475 634 2651 681; x_wconf 85' lang='lat' dir='ltr'><strong>autem</strong></span> <span class='ocrx_word' id='word_1_124' title='bbox 2693 643 2782 682; x_wconf 92' lang='lat' dir='ltr'><strong>eos</strong></span> <span class='ocrx_word' id='word_1_125' title='bbox 2821 628 2910 697; x_wconf 86' lang='lat' dir='ltr'><strong>qui</strong></span> <span class='ocrx_word' id='word_1_126' title='bbox 2951 627 3288 703; x_wconf 79' lang='lat' dir='ltr'><strong>crediderint,</strong></span> <span class='ocrx_word' id='word_1_127' title='bbox 3329 629 3441 684; x_wconf 69' lang='lat' dir='ltr'><strong>hac</strong></span> <span class='ocrx_word' id='word_1_128' title='bbox 3476 642 3788 703; x_wconf 68' lang='lat' dir='ltr'><strong>sequentur.</strong></span> 
     </span>
    </p>
   </div>
   <div class='ocr_carea' id='block_1_20' title="bbox 2191 717 3791 796">
    <p class='ocr_par' dir='ltr' id='par_1_20' title="bbox 2191 717 3791 796">
     <span class='ocr_line' id='line_1_20' title="bbox 2191 717 3791 796; baseline 0.008 -24"><span class='ocrx_word' id='word_1_129' title='bbox 2191 717 2262 772; x_wconf 83' lang='lat' dir='ltr'><strong>In</strong></span> <span class='ocrx_word' id='word_1_130' title='bbox 2289 719 2498 773; x_wconf 78' lang='lat' dir='ltr'><strong>nomine</strong></span> <span class='ocrx_word' id='word_1_131' title='bbox 2527 735 2642 776; x_wconf 89' lang='lat' dir='ltr'><strong>meo</strong></span> <span class='ocrx_word' id='word_1_132' title='bbox 2666 720 2877 790; x_wconf 83' lang='lat' dir='ltr'><strong>ejicient</strong></span> <span class='ocrx_word' id='word_1_133' title='bbox 2911 719 3193 785; x_wconf 63' lang='lat' dir='ltr'><strong>daemonia,</strong></span> <span class='ocrx_word' id='word_1_134' title='bbox 3218 727 3326 776; x_wconf 89' lang='lat' dir='ltr'><strong>etc.</strong></span> <span class='ocrx_word' id='word_1_135' title='bbox 3359 720 3612 794; x_wconf 82' lang='lat' dir='ltr'><strong>Nunquid</strong></span> <span class='ocrx_word' id='word_1_136' title='bbox 3638 728 3791 796; x_wconf 81' lang='lat' dir='ltr'><strong>quod</strong></span> 
     </span>
    </p>
   </div>
   <div class='ocr_carea' id='block_1_21' title="bbox 2192 808 3790 880">
    <p class='ocr_par' dir='ltr' id='par_1_21' title="bbox 2192 808 3790 880">
     <span class='ocr_line' id='line_1_21' title="bbox 2192 808 3790 880; baseline 0.008 -18"><span class='ocrx_word' id='word_1_137' title='bbox 2192 808 2299 864; x_wconf 88' lang='lat' dir='ltr'><strong>ista</strong></span> <span class='ocrx_word' id='word_1_138' title='bbox 2323 809 2476 880; x_wconf 88' lang='lat' dir='ltr'><strong>signa</strong></span> <span class='ocrx_word' id='word_1_139' title='bbox 2509 825 2618 865; x_wconf 91' lang='lat' dir='ltr'><strong>non</strong></span> <span class='ocrx_word' id='word_1_140' title='bbox 2645 809 2894 876; x_wconf 82' lang='lat' dir='ltr'><strong>facimus,</strong></span> <span class='ocrx_word' id='word_1_141' title='bbox 2925 810 3148 866; x_wconf 89' lang='lat' dir='ltr'><strong>minime</strong></span> <span class='ocrx_word' id='word_1_142' title='bbox 3173 812 3481 869; x_wconf 88' lang='lat' dir='ltr'><strong>credimus?</strong></span> <span class='ocrx_word' id='word_1_143' title='bbox 3521 813 3631 871; x_wconf 88' lang='lat' dir='ltr'><strong>Sed</strong></span> <span class='ocrx_word' id='word_1_144' title='bbox 3664 817 3790 874; x_wconf 68' lang='lat' dir='ltr'><strong>hac</strong></span> 
     </span>
    </p>
   </div>
   <div class='ocr_carea' id='block_1_22' title="bbox 2190 900 3789 964">
    <p class='ocr_par' dir='ltr' id='par_1_22' title="bbox 2190 900 3789 964">
     <span class='ocr_line' id='line_1_22' title="bbox 2190 900 3789 964; baseline 0.006 -10"><span class='ocrx_word' id='word_1_145' title='bbox 2190 900 2500 954; x_wconf 89' lang='lat' dir='ltr'><strong>necessaria</strong></span> <span class='ocrx_word' id='word_1_146' title='bbox 2548 901 2604 956; x_wconf 92' lang='lat' dir='ltr'><strong>in</strong></span> <span class='ocrx_word' id='word_1_147' title='bbox 2654 901 2879 957; x_wconf 86' lang='lat' dir='ltr'><strong>exordio</strong></span> <span class='ocrx_word' id='word_1_148' title='bbox 2926 900 3185 957; x_wconf 66' lang='lat' dir='ltr'><strong>Ecclesiae</strong></span> <span class='ocrx_word' id='word_1_149' title='bbox 3237 901 3477 960; x_wconf 87' lang='lat' dir='ltr'><strong>fuerunt.</strong></span> <span class='ocrx_word' id='word_1_150' title='bbox 3529 904 3602 963; x_wconf 87' lang='lat' dir='ltr'><strong>Ut</strong></span> <span class='ocrx_word' id='word_1_151' title='bbox 3633 909 3789 964; x_wconf 87' lang='lat' dir='ltr'><strong>enim</strong></span> 
     </span>
    </p>
   </div>
   <div class='ocr_carea' id='block_1_23' title="bbox 2192 984 3784 1063">
    <p class='ocr_par' dir='ltr' id='par_1_23' title="bbox 2192 984 3784 1063">
     <span class='ocr_line' id='line_1_23' title="bbox 2192 984 3784 1063; baseline 0.008 -24"><span class='ocrx_word' id='word_1_152' title='bbox 2192 984 2261 1040; x_wconf 89' lang='lat' dir='ltr'><strong>ad</strong></span> <span class='ocrx_word' id='word_1_153' title='bbox 2314 985 2475 1042; x_wconf 90' lang='lat' dir='ltr'><strong>ﬁdem</strong></span> <span class='ocrx_word' id='word_1_154' title='bbox 2531 996 2845 1056; x_wconf 89' lang='lat' dir='ltr'><strong>cresceret,</strong></span> <span class='ocrx_word' id='word_1_155' title='bbox 2900 991 3179 1046; x_wconf 85' lang='lat' dir='ltr'><strong>miraculis</strong></span> <span class='ocrx_word' id='word_1_156' title='bbox 3234 990 3412 1048; x_wconf 80' lang='lat' dir='ltr'><strong>fuerat</strong></span> <span class='ocrx_word' id='word_1_157' title='bbox 3463 995 3784 1063; x_wconf 85' lang='lat' dir='ltr'><strong>nutrienda,</strong></span> 
     </span>
    </p>
   </div>
   <div class='ocr_carea' id='block_1_24' title="bbox 2192 1075 3790 1155">
    <p class='ocr_par' dir='ltr' id='par_1_24' title="bbox 2192 1075 3790 1155">
     <span class='ocr_line' id='line_1_24' title="bbox 2192 1075 3790 1155; baseline 0.009 -24"><span class='ocrx_word' id='word_1_158' title='bbox 2192 1075 2318 1147; x_wconf 90' lang='lat' dir='ltr'><strong>quia</strong></span> <span class='ocrx_word' id='word_1_159' title='bbox 2369 1086 2425 1134; x_wconf 92' lang='lat' dir='ltr'><strong>et</strong></span> <span class='ocrx_word' id='word_1_160' title='bbox 2467 1095 2568 1136; x_wconf 87' lang='lat' dir='ltr'><strong>nos</strong></span> <span class='ocrx_word' id='word_1_161' title='bbox 2612 1095 2736 1135; x_wconf 91' lang='lat' dir='ltr'><strong>cum</strong></span> <span class='ocrx_word' id='word_1_162' title='bbox 2783 1080 3007 1138; x_wconf 89' lang='lat' dir='ltr'><strong>arbusta</strong></span> <span class='ocrx_word' id='word_1_163' title='bbox 3057 1084 3386 1155; x_wconf 89' lang='lat' dir='ltr'><strong>plantamus,</strong></span> <span class='ocrx_word' id='word_1_164' title='bbox 3425 1094 3535 1142; x_wconf 86' lang='lat' dir='ltr'><strong>tam</strong></span> <span class='ocrx_word' id='word_1_165' title='bbox 3575 1089 3670 1144; x_wconf 88' lang='lat' dir='ltr'><strong>diu</strong></span> <span class='ocrx_word' id='word_1_166' title='bbox 3705 1089 3790 1146; x_wconf 88' lang='lat' dir='ltr'><strong>eis</strong></span> 
     </span>
    </p>
   </div>
   <div class='ocr_carea' id='block_1_25' title="bbox 2190 1168 3790 1243">
    <p class='ocr_par' dir='ltr' id='par_1_25' title="bbox 2190 1168 3790 1243">
     <span class='ocr_line' id='line_1_25' title="bbox 2190 1168 3790 1243; baseline 0.009 -22"><span class='ocrx_word' id='word_1_167' title='bbox 2190 1183 2386 1238; x_wconf 90' lang='lat' dir='ltr'><strong>aquam</strong></span> <span class='ocrx_word' id='word_1_168' title='bbox 2429 1168 2704 1227; x_wconf 90' lang='lat' dir='ltr'><strong>fundimus</strong></span> <span class='ocrx_word' id='word_1_169' title='bbox 2727 1211 2743 1238; x_wconf 94' lang='lat'><strong>,</strong></span> <span class='ocrx_word' id='word_1_170' title='bbox 2809 1187 3125 1243; x_wconf 66' lang='lat' dir='ltr'><strong>quousque:</strong></span> <span class='ocrx_word' id='word_1_171' title='bbox 3167 1189 3232 1230; x_wconf 88' lang='lat' dir='ltr'><strong>ea</strong></span> <span class='ocrx_word' id='word_1_172' title='bbox 3280 1175 3336 1230; x_wconf 92' lang='lat' dir='ltr'><strong>in</strong></span> <span class='ocrx_word' id='word_1_173' title='bbox 3386 1186 3534 1233; x_wconf 88' lang='lat' dir='ltr'><strong>terra</strong></span> <span class='ocrx_word' id='word_1_174' title='bbox 3587 1194 3790 1235; x_wconf 81' lang='lat' dir='ltr'><strong>conva-</strong></span> 
     </span>
    </p>
   </div>
   <div class='ocr_carea' id='block_1_26' title="bbox 2191 1255 3790 1336">
    <p class='ocr_par' dir='ltr' id='par_1_26' title="bbox 2191 1255 3790 1336">
     <span class='ocr_line' id='line_1_26' title="bbox 2191 1255 3790 1336; baseline 0.011 -26"><span class='ocrx_word' id='word_1_175' title='bbox 2191 1255 2358 1315; x_wconf 87' lang='lat' dir='ltr'><strong>luisse</strong></span> <span class='ocrx_word' id='word_1_176' title='bbox 2388 1259 2693 1317; x_wconf 86' lang='lat' dir='ltr'><strong>videamus.</strong></span> <span class='ocrx_word' id='word_1_177' title='bbox 2725 1259 2798 1316; x_wconf 83' lang='lat' dir='ltr'><strong>At</strong></span> <span class='ocrx_word' id='word_1_178' title='bbox 2835 1263 2882 1318; x_wconf 89' lang='lat' dir='ltr'><strong>si</strong></span> <span class='ocrx_word' id='word_1_179' title='bbox 2912 1264 3080 1320; x_wconf 89' lang='lat' dir='ltr'><strong>semel</strong></span> <span class='ocrx_word' id='word_1_180' title='bbox 3117 1266 3356 1323; x_wconf 87' lang='lat' dir='ltr'><strong>radicem</strong></span> <span class='ocrx_word' id='word_1_181' title='bbox 3383 1267 3626 1336; x_wconf 82' lang='lat' dir='ltr'><strong>ﬁxerint,</strong></span> <span class='ocrx_word' id='word_1_182' title='bbox 3659 1270 3790 1326; x_wconf 81' lang='lat' dir='ltr'><strong>irri-</strong></span> 
     </span>
    </p>
   </div>
   <div class='ocr_carea' id='block_1_27' title="bbox 2190 1353 3786 1429">
    <p class='ocr_par' dir='ltr' id='par_1_27' title="bbox 2190 1353 3786 1429">
     <span class='ocr_line' id='line_1_27' title="bbox 2190 1353 3786 1429; baseline 0.008 -24"><span class='ocrx_word' id='word_1_183' title='bbox 2190 1353 2335 1422; x_wconf 90' lang='lat' dir='ltr'><strong>gatio</strong></span> <span class='ocrx_word' id='word_1_184' title='bbox 2355 1354 2624 1426; x_wconf 87' lang='lat' dir='ltr'><strong>cessabit.</strong></span> <span class='ocrx_word' id='word_1_185' title='bbox 2665 1353 2805 1411; x_wconf 87' lang='lat' dir='ltr'><strong>Hinc</strong></span> <span class='ocrx_word' id='word_1_186' title='bbox 2843 1363 2926 1412; x_wconf 91' lang='lat' dir='ltr'><strong>est</strong></span> <span class='ocrx_word' id='word_1_187' title='bbox 2963 1358 3186 1424; x_wconf 89' lang='lat' dir='ltr'><strong>etenim,</strong></span> <span class='ocrx_word' id='word_1_188' title='bbox 3216 1360 3361 1429; x_wconf 91' lang='lat' dir='ltr'><strong>quod</strong></span> <span class='ocrx_word' id='word_1_189' title='bbox 3387 1360 3591 1417; x_wconf 88' lang='lat' dir='ltr'><strong>Paulus</strong></span> <span class='ocrx_word' id='word_1_190' title='bbox 3619 1364 3786 1419; x_wconf 86' lang='lat' dir='ltr'><strong>dicit:</strong></span> 
     </span>
    </p>
   </div>
   <div class='ocr_carea' id='block_1_28' title="bbox 2189 1441 3793 1523">
    <p class='ocr_par' dir='ltr' id='par_1_28' title="bbox 2189 1441 3793 1523">
     <span class='ocr_line' id='line_1_28' title="bbox 2189 1441 3793 1523; baseline 0.007 -27"><span class='ocrx_word' id='word_1_191' title='bbox 2189 1441 2410 1513; x_wconf 74' lang='lat' dir='ltr'><strong>Lingua:</strong></span> <span class='ocrx_word' id='word_1_192' title='bbox 2451 1445 2510 1498; x_wconf 86' lang='lat' dir='ltr'><strong>in</strong></span> <span class='ocrx_word' id='word_1_193' title='bbox 2549 1445 2698 1516; x_wconf 86' lang='lat' dir='ltr'><strong>signo</strong></span> <span class='ocrx_word' id='word_1_194' title='bbox 2737 1456 2887 1512; x_wconf 89' lang='lat' dir='ltr'><strong>sunt,</strong></span> <span class='ocrx_word' id='word_1_195' title='bbox 2914 1464 3020 1502; x_wconf 85' lang='lat' dir='ltr'><strong>non</strong></span> <span class='ocrx_word' id='word_1_196' title='bbox 3039 1448 3314 1518; x_wconf 83' lang='lat' dir='ltr'><strong>ﬁdelibus,</strong></span> <span class='ocrx_word' id='word_1_197' title='bbox 3355 1451 3445 1506; x_wconf 89' lang='lat' dir='ltr'><strong>sed</strong></span> <span class='ocrx_word' id='word_1_198' title='bbox 3488 1453 3793 1523; x_wconf 79' lang='lat' dir='ltr'><strong>inﬁdelibus</strong></span> 
     </span>
    </p>
   </div>
   <div class='ocr_carea' id='block_1_29' title="bbox 2192 1528 3792 1612">
    <p class='ocr_par' dir='ltr' id='par_1_29' title="bbox 2192 1528 3792 1612">
     <span class='ocr_line' id='line_1_29' title="bbox 2192 1528 3792 1612; baseline 0.009 -28"><span class='ocrx_word' id='word_1_199' title='bbox 2192 1529 2246 1603; x_wconf 88' lang='grc'><strong>(1</strong></span> <span class='ocrx_word' id='word_1_200' title='bbox 2273 1528 2554 1605; x_wconf 64' lang='lat' dir='ltr'><strong>Corfxrv).</strong></span> <span class='ocrx_word' id='word_1_201' title='bbox 2597 1534 2682 1590; x_wconf 84' lang='lat' dir='ltr'><strong>An</strong></span> <span class='ocrx_word' id='word_1_202' title='bbox 2713 1535 2976 1592; x_wconf 89' lang='lat' dir='ltr'><strong>habemus</strong></span> <span class='ocrx_word' id='word_1_203' title='bbox 3005 1537 3070 1592; x_wconf 90' lang='lat' dir='ltr'><strong>de</strong></span> <span class='ocrx_word' id='word_1_204' title='bbox 3097 1538 3184 1594; x_wconf 90' lang='lat' dir='ltr'><strong>his</strong></span> <span class='ocrx_word' id='word_1_205' title='bbox 3215 1539 3384 1610; x_wconf 86' lang='lat' dir='ltr'><strong>signis</strong></span> <span class='ocrx_word' id='word_1_206' title='bbox 3416 1550 3582 1612; x_wconf 88' lang='lat' dir='ltr'><strong>atque</strong></span> <span class='ocrx_word' id='word_1_207' title='bbox 3621 1543 3792 1597; x_wconf 84' lang='lat' dir='ltr'><strong>virtu-</strong></span> 
     </span>
    </p>
   </div>
   <div class='ocr_carea' id='block_1_30' title="bbox 2188 1620 3791 1692">
    <p class='ocr_par' dir='ltr' id='par_1_30' title="bbox 2188 1620 3791 1692">
     <span class='ocr_line' id='line_1_30' title="bbox 2188 1620 3791 1692; baseline 0.008 -17"><span class='ocrx_word' id='word_1_208' title='bbox 2188 1620 2366 1688; x_wconf 87' lang='lat' dir='ltr'><strong>tibus,</strong></span> <span class='ocrx_word' id='word_1_209' title='bbox 2399 1636 2521 1692; x_wconf 65' lang='lat' dir='ltr'><strong>qua</strong></span> <span class='ocrx_word' id='word_1_210' title='bbox 2560 1625 2737 1680; x_wconf 93' lang='lat' dir='ltr'><strong>adhuc</strong></span> <span class='ocrx_word' id='word_1_211' title='bbox 2773 1626 3024 1682; x_wconf 88' lang='lat' dir='ltr'><strong>subtilius</strong></span> <span class='ocrx_word' id='word_1_212' title='bbox 3065 1629 3414 1685; x_wconf 89' lang='lat' dir='ltr'><strong>considerare</strong></span> <span class='ocrx_word' id='word_1_213' title='bbox 3455 1632 3791 1688; x_wconf 86' lang='lat' dir='ltr'><strong>debeamus?</strong></span> 
     </span>
    </p>
   </div>
   <div class='ocr_carea' id='block_1_31' title="bbox 2193 1713 3793 1793">
    <p class='ocr_par' dir='ltr' id='par_1_31' title="bbox 2193 1713 3793 1793">
     <span class='ocr_line' id='line_1_31' title="bbox 2193 1713 3793 1793; baseline 0.006 -22"><span class='ocrx_word' id='word_1_214' title='bbox 2193 1713 2393 1772; x_wconf 88' lang='lat' dir='ltr'><strong>Sancta</strong></span> <span class='ocrx_word' id='word_1_215' title='bbox 2429 1717 2629 1788; x_wconf 89' lang='lat' dir='ltr'><strong>quippe</strong></span> <span class='ocrx_word' id='word_1_216' title='bbox 2664 1717 2908 1774; x_wconf 91' lang='lat' dir='ltr'><strong>Ecclesia</strong></span> <span class='ocrx_word' id='word_1_217' title='bbox 2963 1721 3206 1788; x_wconf 86' lang='lat' dir='ltr'><strong>quotidie</strong></span> <span class='ocrx_word' id='word_1_218' title='bbox 3259 1723 3621 1793; x_wconf 84' lang='lat' dir='ltr'><strong>spiritualiter</strong></span> <span class='ocrx_word' id='word_1_219' title='bbox 3658 1725 3793 1781; x_wconf 80' lang='lat' dir='ltr'><strong>facit</strong></span> 
     </span>
    </p>
   </div>
   <div class='ocr_carea' id='block_1_32' title="bbox 504 1805 3793 1898">
    <p class='ocr_par' dir='ltr' id='par_1_32' title="bbox 504 1805 3793 1898">
     <span class='ocr_line' id='line_1_32' title="bbox 504 1805 3793 1898; baseline -0.001 -26"><span class='ocrx_word' id='word_1_220' title='bbox 504 1842 604 1898; x_wconf 66' lang='lat' dir='ltr'><strong>per</strong></span> <span class='ocrx_word' id='word_1_221' title='bbox 628 1827 744 1882; x_wconf 78' lang='lat' dir='ltr'><strong>dies</strong></span> <span class='ocrx_word' id='word_1_222' title='bbox 765 1825 1123 1897; x_wconf 67' lang='lat' dir='ltr'><strong>quadraginta</strong></span> <span class='ocrx_word' id='word_1_223' title='bbox 1147 1823 1424 1894; x_wconf 74' lang='lat' dir='ltr'><strong>discipulis</strong></span> <span class='ocrx_word' id='word_1_224' title='bbox 1446 1828 1804 1894; x_wconf 59' lang='lat' dir='ltr'><strong>prmnmus</strong></span> <span class='ocrx_word' id='word_1_225' title='bbox 1831 1828 1934 1887; x_wconf 68' lang='lat' dir='ltr'><strong>est,</strong></span> <span class='ocrx_word' id='word_1_226' title='bbox 1965 1835 2090 1876; x_wconf 83' lang='lat' dir='ltr'><strong>eum</strong></span> <span class='ocrx_word' id='word_1_227' title='bbox 2116 1805 2165 1866; x_wconf 88' lang='lat' dir='ltr'><strong>B</strong></span> <span class='ocrx_word' id='word_1_228' title='bbox 2191 1805 2336 1875; x_wconf 91' lang='lat' dir='ltr'><strong>quod</strong></span> <span class='ocrx_word' id='word_1_229' title='bbox 2369 1814 2502 1898; x_wconf 82' lang='lat' dir='ltr'><strong>tunc</strong></span> <span class='ocrx_word' id='word_1_230' title='bbox 2530 1822 2629 1878; x_wconf 89' lang='lat' dir='ltr'><strong>per</strong></span> <span class='ocrx_word' id='word_1_231' title='bbox 2675 1809 2946 1878; x_wconf 89' lang='lat' dir='ltr'><strong>apostolos</strong></span> <span class='ocrx_word' id='word_1_232' title='bbox 2985 1811 3340 1881; x_wconf 84' lang='lat' dir='ltr'><strong>corporaliter</strong></span> <span class='ocrx_word' id='word_1_233' title='bbox 3364 1810 3622 1869; x_wconf 77' lang='lat' dir='ltr'><strong>faciebat.</strong></span> <span class='ocrx_word' id='word_1_234' title='bbox 3653 1814 3793 1870; x_wconf 84' lang='lat' dir='ltr'><strong>Nam</strong></span> 
     </span>
    </p>
   </div>
   <div class='ocr_carea' id='block_1_33' title="bbox 507 1911 2094 1982">
    <p class='ocr_par' dir='ltr' id='par_1_33' title="bbox 507 1911 2094 1982">
     <span class='ocr_line' id='line_1_33' title="bbox 507 1911 2094 1982; baseline -0.004 -10"><span class='ocrx_word' id='word_1_235' title='bbox 507 1916 676 1972; x_wconf 87' lang='lat' dir='ltr'><strong>etiam</strong></span> <span class='ocrx_word' id='word_1_236' title='bbox 709 1915 1003 1972; x_wconf 86' lang='lat' dir='ltr'><strong>novissime</strong></span> <span class='ocrx_word' id='word_1_237' title='bbox 1031 1913 1474 1970; x_wconf 89' lang='lat' dir='ltr'><strong>recumbentibus</strong></span> <span class='ocrx_word' id='word_1_238' title='bbox 1515 1912 1620 1968; x_wconf 89' lang='lat' dir='ltr'><strong>illis</strong></span> <span class='ocrx_word' id='word_1_239' title='bbox 1645 1911 1898 1968; x_wconf 89' lang='lat' dir='ltr'><strong>undecim</strong></span> <span class='ocrx_word' id='word_1_240' title='bbox 1928 1926 2094 1982; x_wconf 89' lang='lat' dir='ltr'><strong>appa-</strong></span> 
     </span>
    </p>
   </div>
   <div class='ocr_carea' id='block_1_34' title="bbox 506 2005 2093 2077">
    <p class='ocr_par' dir='ltr' id='par_1_34' title="bbox 506 2005 2093 2077">
     <span class='ocr_line' id='line_1_34' title="bbox 506 2005 2093 2077; baseline -0.003 -13"><span class='ocrx_word' id='word_1_241' title='bbox 506 2008 715 2076; x_wconf 87' lang='lat' dir='ltr'><strong>ruisse,</strong></span> <span class='ocrx_word' id='word_1_242' title='bbox 753 2008 809 2063; x_wconf 93' lang='lat' dir='ltr'><strong>id</strong></span> <span class='ocrx_word' id='word_1_243' title='bbox 847 2015 950 2074; x_wconf 89' lang='lat' dir='ltr'><strong>est,</strong></span> <span class='ocrx_word' id='word_1_244' title='bbox 990 2007 1106 2076; x_wconf 89' lang='lat' dir='ltr'><strong>ipso</strong></span> <span class='ocrx_word' id='word_1_245' title='bbox 1141 2005 1558 2077; x_wconf 89' lang='lat' dir='ltr'><strong>quadragesimo</strong></span> <span class='ocrx_word' id='word_1_246' title='bbox 1598 2005 1705 2061; x_wconf 91' lang='lat' dir='ltr'><strong>die.</strong></span> <span class='ocrx_word' id='word_1_247' title='bbox 1745 2005 1813 2060; x_wconf 88' lang='lat' dir='ltr'><strong>Et</strong></span> <span class='ocrx_word' id='word_1_248' title='bbox 1836 2005 2093 2075; x_wconf 90' lang='lat' dir='ltr'><strong>quoniam</strong></span> 
     </span>
    </p>
   </div>
   <div class='ocr_carea' id='block_1_35' title="bbox 501 2095 2092 2169">
    <p class='ocr_par' dir='ltr' id='par_1_35' title="bbox 501 2095 2092 2169">
     <span class='ocr_line' id='line_1_35' title="bbox 501 2095 2092 2169; baseline -0.002 -15"><span class='ocrx_word' id='word_1_249' title='bbox 501 2099 618 2169; x_wconf 89' lang='lat' dir='ltr'><strong>jam</strong></span> <span class='ocrx_word' id='word_1_250' title='bbox 656 2106 776 2154; x_wconf 90' lang='lat' dir='ltr'><strong>erat</strong></span> <span class='ocrx_word' id='word_1_251' title='bbox 808 2099 877 2154; x_wconf 90' lang='lat' dir='ltr'><strong>ab</strong></span> <span class='ocrx_word' id='word_1_252' title='bbox 905 2099 987 2153; x_wconf 89' lang='lat' dir='ltr'><strong>eis</strong></span> <span class='ocrx_word' id='word_1_253' title='bbox 1023 2110 1350 2153; x_wconf 89' lang='lat' dir='ltr'><strong>ascensurus</strong></span> <span class='ocrx_word' id='word_1_254' title='bbox 1389 2097 1444 2151; x_wconf 86' lang='lat' dir='ltr'><strong>in</strong></span> <span class='ocrx_word' id='word_1_255' title='bbox 1481 2095 1702 2162; x_wconf 60' lang='lat' dir='ltr'><strong>caelum,</strong></span> <span class='ocrx_word' id='word_1_256' title='bbox 1745 2096 1850 2153; x_wconf 89' lang='lat' dir='ltr'><strong>hoc</strong></span> <span class='ocrx_word' id='word_1_257' title='bbox 1885 2096 1966 2150; x_wconf 89' lang='lat' dir='ltr'><strong>eis</strong></span> <span class='ocrx_word' id='word_1_258' title='bbox 2003 2095 2092 2151; x_wconf 92' lang='lat' dir='ltr'><strong>illo</strong></span> 
     </span>
    </p>
   </div>
   <div class='ocr_carea' id='block_1_36' title="bbox 507 2185 2095 2259">
    <p class='ocr_par' dir='ltr' id='par_1_36' title="bbox 507 2185 2095 2259">
     <span class='ocr_line' id='line_1_36' title="bbox 507 2185 2095 2259; baseline -0.003 -15"><span class='ocrx_word' id='word_1_259' title='bbox 507 2189 595 2244; x_wconf 92' lang='lat' dir='ltr'><strong>die</strong></span> <span class='ocrx_word' id='word_1_260' title='bbox 632 2189 869 2243; x_wconf 89' lang='lat' dir='ltr'><strong>maxime</strong></span> <span class='ocrx_word' id='word_1_261' title='bbox 912 2188 1241 2259; x_wconf 78' lang='lat' dir='ltr'><strong>exprobrare</strong></span> <span class='ocrx_word' id='word_1_262' title='bbox 1276 2187 1532 2254; x_wconf 90' lang='lat' dir='ltr'><strong>voluisse,</strong></span> <span class='ocrx_word' id='word_1_263' title='bbox 1573 2186 1726 2256; x_wconf 89' lang='lat' dir='ltr'><strong>quod</strong></span> <span class='ocrx_word' id='word_1_264' title='bbox 1755 2185 1844 2242; x_wconf 90' lang='lat' dir='ltr'><strong>his</strong></span> <span class='ocrx_word' id='word_1_265' title='bbox 1885 2186 1979 2258; x_wconf 88' lang='lat' dir='ltr'><strong>qui</strong></span> <span class='ocrx_word' id='word_1_266' title='bbox 2013 2185 2095 2240; x_wconf 87' lang='lat' dir='ltr'><strong>vi-</strong></span> 
     </span>
    </p>
   </div>
   <div class='ocr_carea' id='block_1_37' title="bbox 507 2278 2094 2346">
    <p class='ocr_par' dir='ltr' id='par_1_37' title="bbox 507 2278 2094 2346">
     <span class='ocr_line' id='line_1_37' title="bbox 507 2278 2094 2346; baseline -0.003 -11"><span class='ocrx_word' id='word_1_267' title='bbox 507 2281 702 2335; x_wconf 89' lang='lat' dir='ltr'><strong>derant</strong></span> <span class='ocrx_word' id='word_1_268' title='bbox 728 2295 854 2335; x_wconf 90' lang='lat' dir='ltr'><strong>eum</strong></span> <span class='ocrx_word' id='word_1_269' title='bbox 885 2279 1248 2335; x_wconf 83' lang='lat' dir='ltr'><strong>resurrexisse</strong></span> <span class='ocrx_word' id='word_1_270' title='bbox 1279 2294 1388 2334; x_wconf 91' lang='lat' dir='ltr'><strong>non</strong></span> <span class='ocrx_word' id='word_1_271' title='bbox 1411 2278 1780 2345; x_wconf 83' lang='lat' dir='ltr'><strong>crediderant,</strong></span> <span class='ocrx_word' id='word_1_272' title='bbox 1804 2284 2094 2346; x_wconf 87' lang='lat' dir='ltr'><strong>antequam</strong></span> 
     </span>
    </p>
   </div>
   <div class='ocr_carea' id='block_1_38' title="bbox 507 2371 2094 2443">
    <p class='ocr_par' dir='ltr' id='par_1_38' title="bbox 507 2371 2094 2443">
     <span class='ocr_line' id='line_1_38' title="bbox 507 2371 2094 2443; baseline -0.001 -15"><span class='ocrx_word' id='word_1_273' title='bbox 507 2388 631 2428; x_wconf 89' lang='lat' dir='ltr'><strong>eum</strong></span> <span class='ocrx_word' id='word_1_274' title='bbox 674 2372 778 2442; x_wconf 88' lang='lat' dir='ltr'><strong>ipsi</strong></span> <span class='ocrx_word' id='word_1_275' title='bbox 824 2372 1101 2439; x_wconf 88' lang='lat' dir='ltr'><strong>viderent,</strong></span> <span class='ocrx_word' id='word_1_276' title='bbox 1153 2385 1277 2426; x_wconf 89' lang='lat' dir='ltr'><strong>cum</strong></span> <span class='ocrx_word' id='word_1_277' title='bbox 1321 2372 1508 2443; x_wconf 88' lang='lat' dir='ltr'><strong>utique</strong></span> <span class='ocrx_word' id='word_1_278' title='bbox 1553 2380 1677 2442; x_wconf 88' lang='lat' dir='ltr'><strong>post</strong></span> <span class='ocrx_word' id='word_1_279' title='bbox 1719 2371 2094 2428; x_wconf 88' lang='lat' dir='ltr'><strong>ascensionem</strong></span> 
     </span>
    </p>
   </div>
   <div class='ocr_carea' id='block_1_39' title="bbox 506 2461 2094 2534">
    <p class='ocr_par' dir='ltr' id='par_1_39' title="bbox 506 2461 2094 2534">
     <span class='ocr_line' id='line_1_39' title="bbox 506 2461 2094 2534; baseline -0.001 -17"><span class='ocrx_word' id='word_1_280' title='bbox 506 2477 682 2528; x_wconf 90' lang='lat' dir='ltr'><strong>suam,</strong></span> <span class='ocrx_word' id='word_1_281' title='bbox 732 2462 1154 2534; x_wconf 63' lang='lat' dir='ltr'><strong>praedicantibus</strong></span> <span class='ocrx_word' id='word_1_282' title='bbox 1195 2461 1302 2516; x_wconf 88' lang='lat' dir='ltr'><strong>illis</strong></span> <span class='ocrx_word' id='word_1_283' title='bbox 1336 2461 1711 2533; x_wconf 89' lang='lat' dir='ltr'><strong>Evangelium,</strong></span> <span class='ocrx_word' id='word_1_284' title='bbox 1757 2469 1945 2533; x_wconf 85' lang='lat' dir='ltr'><strong>gentes</strong></span> <span class='ocrx_word' id='word_1_285' title='bbox 1973 2477 2094 2532; x_wconf 70' lang='lat' dir='ltr'><strong>quae</strong></span> 
     </span>
    </p>
   </div>
   <div class='ocr_carea' id='block_1_40' title="bbox 505 2550 2096 2623">
    <p class='ocr_par' dir='ltr' id='par_1_40' title="bbox 505 2550 2096 2623">
     <span class='ocr_line' id='line_1_40' title="bbox 505 2550 2096 2623; baseline 0 -15"><span class='ocrx_word' id='word_1_286' title='bbox 505 2568 616 2609; x_wconf 91' lang='lat' dir='ltr'><strong>non</strong></span> <span class='ocrx_word' id='word_1_287' title='bbox 649 2554 922 2618; x_wconf 89' lang='lat' dir='ltr'><strong>viderunt,</strong></span> <span class='ocrx_word' id='word_1_288' title='bbox 960 2553 1179 2608; x_wconf 81' lang='lat' dir='ltr'><strong>fuerant</strong></span> <span class='ocrx_word' id='word_1_289' title='bbox 1209 2553 1518 2608; x_wconf 70' lang='lat' dir='ltr'><strong>creditum.</strong></span> <span class='ocrx_word' id='word_1_290' title='bbox 1563 2551 1693 2607; x_wconf 88' lang='lat' dir='ltr'><strong>Post</strong></span> <span class='ocrx_word' id='word_1_291' title='bbox 1722 2550 1872 2606; x_wconf 88' lang='lat' dir='ltr'><strong>illam</strong></span> <span class='ocrx_word' id='word_1_292' title='bbox 1897 2552 2096 2623; x_wconf 88' lang='lat' dir='ltr'><strong>quippe</strong></span> 
     </span>
    </p>
   </div>
   <div class='ocr_carea' id='block_1_41' title="bbox 507 2644 1805 2717">
    <p class='ocr_par' dir='ltr' id='par_1_41' title="bbox 507 2644 1805 2717">
     <span class='ocr_line' id='line_1_41' title="bbox 507 2644 1805 2717; baseline -0.004 -16"><span class='ocrx_word' id='word_1_293' title='bbox 507 2648 984 2717; x_wconf 81' lang='lat' dir='ltr'><strong>exprobrationem</strong></span> <span class='ocrx_word' id='word_1_294' title='bbox 1021 2654 1258 2711; x_wconf 90' lang='lat' dir='ltr'><strong>secutus,</strong></span> <span class='ocrx_word' id='word_1_295' title='bbox 1289 2645 1368 2699; x_wconf 86' lang='lat' dir='ltr'><strong>ait</strong></span> <span class='ocrx_word' id='word_1_296' title='bbox 1400 2646 1542 2700; x_wconf 91' lang='lat' dir='ltr'><strong>idem</strong></span> <span class='ocrx_word' id='word_1_297' title='bbox 1565 2644 1805 2700; x_wconf 82' lang='lat' dir='ltr'><strong>Marcus:</strong></span> 
     </span>
    </p>
   </div>
   <div class='ocr_carea' id='block_1_42' title="bbox 580 2735 2097 2805">
    <p class='ocr_par' dir='ltr' id='par_1_42' title="bbox 580 2735 2097 2805">
     <span class='ocr_line' id='line_1_42' title="bbox 580 2735 2097 2805; baseline -0.001 -14"><span class='ocrx_word' id='word_1_298' title='bbox 580 2736 649 2791; x_wconf 86' lang='lat' dir='ltr'><strong>Et</strong></span> <span class='ocrx_word' id='word_1_299' title='bbox 679 2737 814 2792; x_wconf 80' lang='lat' dir='ltr'><strong>dixit</strong></span> <span class='ocrx_word' id='word_1_300' title='bbox 848 2738 964 2795; x_wconf 89' lang='lat' dir='ltr'><strong>eis:</strong></span> <span class='ocrx_word' id='word_1_301' title='bbox 998 2736 1196 2791; x_wconf 85' lang='lat' dir='ltr'><strong>Euntes</strong></span> <span class='ocrx_word' id='word_1_302' title='bbox 1231 2736 1288 2790; x_wconf 84' lang='lat' dir='ltr'><strong>in</strong></span> <span class='ocrx_word' id='word_1_303' title='bbox 1317 2735 1570 2790; x_wconf 83' lang='lat' dir='ltr'><strong>mundum</strong></span> <span class='ocrx_word' id='word_1_304' title='bbox 1601 2736 1920 2801; x_wconf 84' lang='lat' dir='ltr'><strong>universum,</strong></span> <span class='ocrx_word' id='word_1_305' title='bbox 1960 2750 2097 2805; x_wconf 75' lang='lat' dir='ltr'><strong>prte-</strong></span> 
     </span>
    </p>
   </div>
   <div class='ocr_carea' id='block_1_43' title="bbox 507 2825 2092 2901">
    <p class='ocr_par' dir='ltr' id='par_1_43' title="bbox 507 2825 2092 2901">
     <span class='ocr_line' id='line_1_43' title="bbox 507 2825 2092 2901; baseline -0.003 -17"><span class='ocrx_word' id='word_1_306' title='bbox 507 2831 681 2885; x_wconf 88' lang='lat' dir='ltr'><strong>dicate</strong></span> <span class='ocrx_word' id='word_1_307' title='bbox 720 2828 1063 2901; x_wconf 83' lang='lat' dir='ltr'><strong>Evangelium</strong></span> <span class='ocrx_word' id='word_1_308' title='bbox 1111 2829 1254 2883; x_wconf 86' lang='lat' dir='ltr'><strong>omni</strong></span> <span class='ocrx_word' id='word_1_309' title='bbox 1301 2837 1579 2882; x_wconf 67' lang='lat' dir='ltr'><strong>creatura.</strong></span> <span class='ocrx_word' id='word_1_310' title='bbox 1650 2825 1753 2894; x_wconf 86' lang='lat' dir='ltr'><strong>Qui</strong></span> <span class='ocrx_word' id='word_1_311' title='bbox 1794 2825 2092 2893; x_wconf 83' lang='lat' dir='ltr'><strong>crediderit,</strong></span> 
     </span>
    </p>
   </div>
   <div class='ocr_carea' id='block_1_44' title="bbox 507 2915 2096 2992">
    <p class='ocr_par' dir='ltr' id='par_1_44' title="bbox 507 2915 2096 2992">
     <span class='ocr_line' id='line_1_44' title="bbox 507 2915 2096 2992; baseline -0.002 -16"><span class='ocrx_word' id='word_1_312' title='bbox 507 2929 615 2976; x_wconf 89' lang='lat' dir='ltr'><strong>etc.</strong></span> <span class='ocrx_word' id='word_1_313' title='bbox 657 2919 761 2992; x_wconf 87' lang='lat' dir='ltr'><strong>(Ex</strong></span> <span class='ocrx_word' id='word_1_314' title='bbox 785 2915 1041 2990; x_wconf 77' lang='lat' dir='ltr'><strong>August.)</strong></span> <span class='ocrx_word' id='word_1_315' title='bbox 1088 2918 1202 2973; x_wconf 87' lang='lat' dir='ltr'><strong>Hoc</strong></span> <span class='ocrx_word' id='word_1_316' title='bbox 1243 2932 1373 2989; x_wconf 88' lang='lat' dir='ltr'><strong>ergo</strong></span> <span class='ocrx_word' id='word_1_317' title='bbox 1419 2917 1786 2989; x_wconf 66' lang='lat' dir='ltr'><strong>przedicaturi,</strong></span> <span class='ocrx_word' id='word_1_318' title='bbox 1839 2916 2096 2987; x_wconf 89' lang='lat' dir='ltr'><strong>quoniam</strong></span> 
     </span>
    </p>
   </div>
   <div class='ocr_carea' id='block_1_45' title="bbox 508 3010 2097 3083">
    <p class='ocr_par' dir='ltr' id='par_1_45' title="bbox 508 3010 2097 3083">
     <span class='ocr_line' id='line_1_45' title="bbox 508 3010 2097 3083; baseline -0.001 -17"><span class='ocrx_word' id='word_1_319' title='bbox 508 3013 601 3083; x_wconf 92' lang='lat' dir='ltr'><strong>qui</strong></span> <span class='ocrx_word' id='word_1_320' title='bbox 637 3027 747 3067; x_wconf 89' lang='lat' dir='ltr'><strong>non</strong></span> <span class='ocrx_word' id='word_1_321' title='bbox 782 3010 1096 3078; x_wconf 85' lang='lat' dir='ltr'><strong>crediderit,</strong></span> <span class='ocrx_word' id='word_1_322' title='bbox 1139 3010 1613 3076; x_wconf 90' lang='lat' dir='ltr'><strong>condemnabitur,</strong></span> <span class='ocrx_word' id='word_1_323' title='bbox 1655 3026 1778 3066; x_wconf 91' lang='lat' dir='ltr'><strong>cum</strong></span> <span class='ocrx_word' id='word_1_324' title='bbox 1815 3010 1870 3065; x_wconf 91' lang='lat' dir='ltr'><strong>id</strong></span> <span class='ocrx_word' id='word_1_325' title='bbox 1911 3010 2097 3079; x_wconf 89' lang='lat' dir='ltr'><strong>utique</strong></span> 
     </span>
    </p>
   </div>
   <div class='ocr_carea' id='block_1_46' title="bbox 505 3102 2096 3174">
    <p class='ocr_par' dir='ltr' id='par_1_46' title="bbox 505 3102 2096 3174">
     <span class='ocr_line' id='line_1_46' title="bbox 505 3102 2096 3174; baseline -0.002 -13"><span class='ocrx_word' id='word_1_326' title='bbox 505 3119 617 3161; x_wconf 85' lang='lat' dir='ltr'><strong>non</strong></span> <span class='ocrx_word' id='word_1_327' title='bbox 648 3103 943 3159; x_wconf 87' lang='lat' dir='ltr'><strong>crediderit</strong></span> <span class='ocrx_word' id='word_1_328' title='bbox 976 3103 1121 3174; x_wconf 91' lang='lat' dir='ltr'><strong>quod</strong></span> <span class='ocrx_word' id='word_1_329' title='bbox 1159 3120 1268 3159; x_wconf 91' lang='lat' dir='ltr'><strong>non</strong></span> <span class='ocrx_word' id='word_1_330' title='bbox 1301 3103 1455 3169; x_wconf 88' lang='lat' dir='ltr'><strong>vidit,</strong></span> <span class='ocrx_word' id='word_1_331' title='bbox 1489 3118 1667 3160; x_wconf 87' lang='lat' dir='ltr'><strong>nonne</strong></span> <span class='ocrx_word' id='word_1_332' title='bbox 1707 3102 1808 3174; x_wconf 90' lang='lat' dir='ltr'><strong>ipsi</strong></span> <span class='ocrx_word' id='word_1_333' title='bbox 1844 3103 2096 3172; x_wconf 89' lang='lat' dir='ltr'><strong>primitus</strong></span> 
     </span>
    </p>
   </div>
   <div class='ocr_carea' id='block_1_47' title="bbox 509 3193 2093 3266">
    <p class='ocr_par' dir='ltr' id='par_1_47' title="bbox 509 3193 2093 3266">
     <span class='ocr_line' id='line_1_47' title="bbox 509 3193 2093 3266; baseline -0.001 -17"><span class='ocrx_word' id='word_1_334' title='bbox 509 3195 734 3251; x_wconf 82' lang='lat' dir='ltr'><strong>fuerant</strong></span> <span class='ocrx_word' id='word_1_335' title='bbox 795 3193 1132 3266; x_wconf 79' lang='lat' dir='ltr'><strong>obiurgandi,</strong></span> <span class='ocrx_word' id='word_1_336' title='bbox 1183 3194 1329 3266; x_wconf 91' lang='lat' dir='ltr'><strong>quod</strong></span> <span class='ocrx_word' id='word_1_337' title='bbox 1367 3201 1656 3264; x_wconf 86' lang='lat' dir='ltr'><strong>antequam</strong></span> <span class='ocrx_word' id='word_1_338' title='bbox 1681 3193 1969 3249; x_wconf 89' lang='lat' dir='ltr'><strong>Dominum</strong></span> <span class='ocrx_word' id='word_1_339' title='bbox 2016 3193 2093 3248; x_wconf 88' lang='lat' dir='ltr'><strong>vi-</strong></span> 
     </span>
    </p>
   </div>
   <div class='ocr_carea' id='block_1_48' title="bbox 507 3285 2095 3356">
    <p class='ocr_par' dir='ltr' id='par_1_48' title="bbox 507 3285 2095 3356">
     <span class='ocr_line' id='line_1_48' title="bbox 507 3285 2095 3356; baseline -0.001 -15"><span class='ocrx_word' id='word_1_340' title='bbox 507 3287 713 3342; x_wconf 86' lang='lat' dir='ltr'><strong>dissent</strong></span> <span class='ocrx_word' id='word_1_341' title='bbox 748 3301 856 3342; x_wconf 92' lang='lat' dir='ltr'><strong>non</strong></span> <span class='ocrx_word' id='word_1_342' title='bbox 890 3286 1220 3342; x_wconf 89' lang='lat' dir='ltr'><strong>crediderint</strong></span> <span class='ocrx_word' id='word_1_343' title='bbox 1257 3286 1358 3353; x_wconf 90' lang='lat' dir='ltr'><strong>eis,</strong></span> <span class='ocrx_word' id='word_1_344' title='bbox 1389 3285 1585 3356; x_wconf 87' lang='lat' dir='ltr'><strong>quibus</strong></span> <span class='ocrx_word' id='word_1_345' title='bbox 1615 3285 1876 3342; x_wconf 87' lang='lat' dir='ltr'><strong>Dominus</strong></span> <span class='ocrx_word' id='word_1_346' title='bbox 1927 3299 2095 3356; x_wconf 87' lang='lat' dir='ltr'><strong>appa-</strong></span> 
     </span>
    </p>
   </div>
   <div class='ocr_carea' id='block_1_49' title="bbox 508 3377 848 3440">
    <p class='ocr_par' dir='ltr' id='par_1_49' title="bbox 508 3377 848 3440">
     <span class='ocr_line' id='line_1_49' title="bbox 508 3377 848 3440; baseline -0.006 -8"><span class='ocrx_word' id='word_1_347' title='bbox 508 3377 746 3433; x_wconf 85' lang='lat' dir='ltr'><strong>ruisset?</strong></span> <span class='ocrx_word' id='word_1_348' title='bbox 845 3435 848 3440; x_wconf 95' lang='lat'><em>_</em></span> 
     </span>
    </p>
   </div>
   <div class='ocr_carea' id='block_1_50' title="bbox 567 3463 2096 3542">
    <p class='ocr_par' dir='ltr' id='par_1_50' title="bbox 567 3463 2096 3542">
     <span class='ocr_line' id='line_1_50' title="bbox 567 3463 2096 3542; baseline 0.001 -20"><span class='ocrx_word' id='word_1_349' title='bbox 567 3465 690 3542; x_wconf 73' lang='lat' dir='ltr'><strong>(Ea;</strong></span> <span class='ocrx_word' id='word_1_350' title='bbox 711 3463 892 3540; x_wconf 84' lang='lat' dir='ltr'><strong>Greg.)</strong></span> <span class='ocrx_word' id='word_1_351' title='bbox 927 3467 1082 3536; x_wconf 86' lang='lat' dir='ltr'><strong>Quod</strong></span> <span class='ocrx_word' id='word_1_352' title='bbox 1119 3482 1251 3524; x_wconf 90' lang='lat' dir='ltr'><strong>vero</strong></span> <span class='ocrx_word' id='word_1_353' title='bbox 1277 3467 1417 3524; x_wconf 85' lang='lat' dir='ltr'><strong>dixit</strong></span> <span class='ocrx_word' id='word_1_354' title='bbox 1441 3469 1522 3524; x_wconf 87' lang='lat' dir='ltr'><strong>eis</strong></span> <span class='ocrx_word' id='word_1_355' title='bbox 1564 3485 1578 3523; x_wconf 89' lang='lat'><strong>:</strong></span> <span class='ocrx_word' id='word_1_356' title='bbox 1619 3466 1826 3524; x_wconf 88' lang='lat' dir='ltr'><strong>Euntes</strong></span> <span class='ocrx_word' id='word_1_357' title='bbox 1854 3467 1910 3522; x_wconf 91' lang='lat' dir='ltr'><strong>in</strong></span> <span class='ocrx_word' id='word_1_358' title='bbox 1933 3482 2096 3523; x_wconf 81' lang='lat' dir='ltr'><strong>mun-</strong></span> 
     </span>
    </p>
   </div>
   <div class='ocr_carea' id='block_1_51' title="bbox 507 3558 2094 3631">
    <p class='ocr_par' dir='ltr' id='par_1_51' title="bbox 507 3558 2094 3631">
     <span class='ocr_line' id='line_1_51' title="bbox 507 3558 2094 3631; baseline -0.002 -14"><span class='ocrx_word' id='word_1_359' title='bbox 507 3562 636 3617; x_wconf 92' lang='lat' dir='ltr'><strong>dum</strong></span> <span class='ocrx_word' id='word_1_360' title='bbox 669 3559 1008 3627; x_wconf 84' lang='lat' dir='ltr'><strong>universum,</strong></span> <span class='ocrx_word' id='word_1_361' title='bbox 1048 3560 1338 3629; x_wconf 69' lang='lat' dir='ltr'><strong>praedicata</strong></span> <span class='ocrx_word' id='word_1_362' title='bbox 1372 3558 1725 3631; x_wconf 87' lang='lat' dir='ltr'><strong>Evangelium</strong></span> <span class='ocrx_word' id='word_1_363' title='bbox 1757 3559 1905 3614; x_wconf 89' lang='lat' dir='ltr'><strong>omni</strong></span> <span class='ocrx_word' id='word_1_364' title='bbox 1939 3574 2094 3616; x_wconf 83' lang='lat' dir='ltr'><strong>crea-</strong></span> 
     </span>
    </p>
   </div>
   <div class='ocr_carea' id='block_1_52' title="bbox 509 3655 2095 3726">
    <p class='ocr_par' dir='ltr' id='par_1_52' title="bbox 509 3655 2095 3726">
     <span class='ocr_line' id='line_1_52' title="bbox 509 3655 2095 3726; baseline 0 -15"><span class='ocrx_word' id='word_1_365' title='bbox 509 3664 666 3721; x_wconf 67' lang='lat' dir='ltr'><strong>turae,</strong></span> <span class='ocrx_word' id='word_1_366' title='bbox 696 3655 938 3724; x_wconf 91' lang='lat' dir='ltr'><strong>nunquid</strong></span> <span class='ocrx_word' id='word_1_367' title='bbox 969 3669 1129 3710; x_wconf 90' lang='lat' dir='ltr'><strong>suum</strong></span> <span class='ocrx_word' id='word_1_368' title='bbox 1154 3655 1505 3726; x_wconf 87' lang='lat' dir='ltr'><strong>Evangelium</strong></span> <span class='ocrx_word' id='word_1_369' title='bbox 1545 3655 1630 3710; x_wconf 86' lang='lat' dir='ltr'><strong>vel</strong></span> <span class='ocrx_word' id='word_1_370' title='bbox 1671 3655 1965 3712; x_wconf 89' lang='lat' dir='ltr'><strong>insensatis</strong></span> <span class='ocrx_word' id='word_1_371' title='bbox 2007 3671 2095 3711; x_wconf 85' lang='lat' dir='ltr'><strong>re-</strong></span> 
     </span>
    </p>
   </div>
   <div class='ocr_carea' id='block_1_53' title="bbox 508 3743 2089 3817">
    <p class='ocr_par' dir='ltr' id='par_1_53' title="bbox 508 3743 2089 3817">
     <span class='ocr_line' id='line_1_53' title="bbox 508 3743 2089 3817; baseline -0.001 -17"><span class='ocrx_word' id='word_1_372' title='bbox 508 3746 650 3811; x_wconf 87' lang='lat' dir='ltr'><strong>bus,</strong></span> <span class='ocrx_word' id='word_1_373' title='bbox 692 3744 778 3800; x_wconf 88' lang='lat' dir='ltr'><strong>vel</strong></span> <span class='ocrx_word' id='word_1_374' title='bbox 826 3745 1003 3800; x_wconf 88' lang='lat' dir='ltr'><strong>brutis</strong></span> <span class='ocrx_word' id='word_1_375' title='bbox 1052 3745 1376 3800; x_wconf 90' lang='lat' dir='ltr'><strong>animalibus</strong></span> <span class='ocrx_word' id='word_1_376' title='bbox 1427 3745 1609 3801; x_wconf 84' lang='lat' dir='ltr'><strong>fuerat</strong></span> <span class='ocrx_word' id='word_1_377' title='bbox 1653 3743 2089 3817; x_wconf 65' lang='lat' dir='ltr'><strong>praedicandum,</strong></span> 
     </span>
    </p>
   </div>
   <div class='ocr_carea' id='block_1_54' title="bbox 508 3834 2094 3913">
    <p class='ocr_par' dir='ltr' id='par_1_54' title="bbox 508 3834 2094 3913">
     <span class='ocr_line' id='line_1_54' title="bbox 508 3834 2094 3913; baseline 0.001 -22"><span class='ocrx_word' id='word_1_378' title='bbox 508 3845 571 3891; x_wconf 93' lang='lat' dir='ltr'><strong>ut</strong></span> <span class='ocrx_word' id='word_1_379' title='bbox 597 3837 663 3892; x_wconf 91' lang='lat' dir='ltr'><strong>de</strong></span> <span class='ocrx_word' id='word_1_380' title='bbox 691 3850 757 3892; x_wconf 92' lang='lat' dir='ltr'><strong>eo</strong></span> <span class='ocrx_word' id='word_1_381' title='bbox 793 3835 1072 3905; x_wconf 89' lang='lat' dir='ltr'><strong>discipulis</strong></span> <span class='ocrx_word' id='word_1_382' title='bbox 1114 3834 1351 3903; x_wconf 90' lang='lat' dir='ltr'><strong>dicatur,</strong></span> <span class='ocrx_word' id='word_1_383' title='bbox 1399 3835 1700 3907; x_wconf 68' lang='lat' dir='ltr'><strong>praedicare</strong></span> <span class='ocrx_word' id='word_1_384' title='bbox 1737 3835 1890 3913; x_wconf 1' lang='lat' dir='ltr'><strong>(omni</strong></span> <span class='ocrx_word' id='word_1_385' title='bbox 1939 3851 2094 3893; x_wconf 87' lang='lat' dir='ltr'><strong>crea-</strong></span> 
     </span>
    </p>
   </div>
   <div class='ocr_carea' id='block_1_55' title="bbox 509 3916 2092 3998">
    <p class='ocr_par' dir='ltr' id='par_1_55' title="bbox 509 3916 2092 3998">
     <span class='ocr_line' id='line_1_55' title="bbox 509 3916 2092 3998; baseline -0.001 -14"><span class='ocrx_word' id='word_1_386' title='bbox 509 3927 683 3984; x_wconf 68' lang='lat' dir='ltr'><strong>turas?</strong></span> <span class='ocrx_word' id='word_1_387' title='bbox 755 3926 861 3982; x_wconf 91' lang='lat' dir='ltr'><strong>Sed</strong></span> <span class='ocrx_word' id='word_1_388' title='bbox 898 3927 1074 3982; x_wconf 89' lang='lat' dir='ltr'><strong>omnis</strong></span> <span class='ocrx_word' id='word_1_389' title='bbox 1122 3935 1386 3983; x_wconf 67' lang='lat' dir='ltr'><strong>creaturae</strong></span> <span class='ocrx_word' id='word_1_390' title='bbox 1429 3927 1649 3982; x_wconf 88' lang='lat' dir='ltr'><strong>nomine</strong></span> <span class='ocrx_word' id='word_1_391' title='bbox 1694 3916 1874 3998; x_wconf 87' lang='lat' dir='ltr'><strong>potest</strong></span> <span class='ocrx_word' id='word_1_392' title='bbox 1915 3929 2092 3984; x_wconf 91' lang='lat' dir='ltr'><strong>omnis</strong></span> 
     </span>
    </p>
   </div>
   <div class='ocr_carea' id='block_1_56' title="bbox 509 4019 2094 4092">
    <p class='ocr_par' dir='ltr' id='par_1_56' title="bbox 509 4019 2094 4092">
     <span class='ocr_line' id='line_1_56' title="bbox 509 4019 2094 4092; baseline 0 -16"><span class='ocrx_word' id='word_1_393' title='bbox 509 4019 659 4076; x_wconf 92' lang='lat' dir='ltr'><strong>natio</strong></span> <span class='ocrx_word' id='word_1_394' title='bbox 695 4020 936 4092; x_wconf 89' lang='lat' dir='ltr'><strong>gentium</strong></span> <span class='ocrx_word' id='word_1_395' title='bbox 975 4019 1268 4090; x_wconf 88' lang='lat' dir='ltr'><strong>designari.</strong></span> <span class='ocrx_word' id='word_1_396' title='bbox 1319 4019 1460 4075; x_wconf 85' lang='lat' dir='ltr'><strong>Ante</strong></span> <span class='ocrx_word' id='word_1_397' title='bbox 1497 4020 1699 4074; x_wconf 90' lang='lat' dir='ltr'><strong>etenim</strong></span> <span class='ocrx_word' id='word_1_398' title='bbox 1738 4019 1944 4075; x_wconf 91' lang='lat' dir='ltr'><strong>dictum</strong></span> <span class='ocrx_word' id='word_1_399' title='bbox 1978 4020 2094 4076; x_wconf 81' lang='lat' dir='ltr'><strong>fue-</strong></span> 
     </span>
    </p>
   </div>
   <div class='ocr_carea' id='block_1_57' title="bbox 507 4109 2093 4184">
    <p class='ocr_par' dir='ltr' id='par_1_57' title="bbox 507 4109 2093 4184">
     <span class='ocr_line' id='line_1_57' title="bbox 507 4109 2093 4184; baseline 0.003 -20"><span class='ocrx_word' id='word_1_400' title='bbox 507 4118 594 4166; x_wconf 86' lang='lat' dir='ltr'><strong>rat</strong></span> <span class='ocrx_word' id='word_1_401' title='bbox 619 4129 632 4165; x_wconf 86' lang='lat'><strong>:</strong></span> <span class='ocrx_word' id='word_1_402' title='bbox 657 4109 727 4165; x_wconf 82' lang='lat' dir='ltr'><strong>In</strong></span> <span class='ocrx_word' id='word_1_403' title='bbox 763 4112 904 4166; x_wconf 83' lang='lat' dir='ltr'><strong>viam</strong></span> <span class='ocrx_word' id='word_1_404' title='bbox 934 4113 1166 4182; x_wconf 85' lang='lat' dir='ltr'><strong>gentium</strong></span> <span class='ocrx_word' id='word_1_405' title='bbox 1201 4127 1265 4166; x_wconf 90' lang='lat' dir='ltr'><strong>ne</strong></span> <span class='ocrx_word' id='word_1_406' title='bbox 1293 4111 1530 4166; x_wconf 87' lang='lat' dir='ltr'><strong>abieritis</strong></span> <span class='ocrx_word' id='word_1_407' title='bbox 1567 4111 1785 4182; x_wconf 78' lang='lat' dir='ltr'><strong>(Matth.</strong></span> <span class='ocrx_word' id='word_1_408' title='bbox 1811 4111 1890 4184; x_wconf 92' lang='lat' dir='ltr'><strong>x).</strong></span> <span class='ocrx_word' id='word_1_409' title='bbox 1939 4111 2093 4168; x_wconf 87' lang='lat' dir='ltr'><strong>Nunc</strong></span> 
     </span>
    </p>
   </div>
   <div class='ocr_carea' id='block_1_58' title="bbox 502 4201 2094 4270">
    <p class='ocr_par' dir='ltr' id='par_1_58' title="bbox 502 4201 2094 4270">
     <span class='ocr_line' id='line_1_58' title="bbox 502 4201 2094 4270; baseline 0.002 -12"><span class='ocrx_word' id='word_1_410' title='bbox 502 4213 690 4267; x_wconf 83' lang='lat' dir='ltr'><strong>autem</strong></span> <span class='ocrx_word' id='word_1_411' title='bbox 729 4204 929 4259; x_wconf 89' lang='lat' dir='ltr'><strong>dicitur</strong></span> <span class='ocrx_word' id='word_1_412' title='bbox 955 4222 966 4259; x_wconf 93' lang='lat'>:</span> <span class='ocrx_word' id='word_1_413' title='bbox 995 4201 1294 4258; x_wconf 71' lang='lat' dir='ltr'><strong>Praedicate</strong></span> <span class='ocrx_word' id='word_1_414' title='bbox 1323 4205 1466 4259; x_wconf 89' lang='lat' dir='ltr'><strong>omni</strong></span> <span class='ocrx_word' id='word_1_415' title='bbox 1491 4213 1769 4270; x_wconf 72' lang='lat' dir='ltr'><strong>creaturae,</strong></span> <span class='ocrx_word' id='word_1_416' title='bbox 1800 4212 1861 4259; x_wconf 89' lang='lat' dir='ltr'><strong>ut</strong></span> <span class='ocrx_word' id='word_1_417' title='bbox 1887 4205 2094 4263; x_wconf 86' lang='lat' dir='ltr'><strong>scilicet</strong></span> 
     </span>
    </p>
   </div>
   <div class='ocr_carea' id='block_1_59' title="bbox 505 4295 2093 4367">
    <p class='ocr_par' dir='ltr' id='par_1_59' title="bbox 505 4295 2093 4367">
     <span class='ocr_line' id='line_1_59' title="bbox 505 4295 2093 4367; baseline 0.001 -16"><span class='ocrx_word' id='word_1_418' title='bbox 505 4298 659 4366; x_wconf 90' lang='lat' dir='ltr'><strong>prius</strong></span> <span class='ocrx_word' id='word_1_419' title='bbox 689 4313 722 4350; x_wconf 89' lang='lat' dir='ltr'><strong>a</strong></span> <span class='ocrx_word' id='word_1_420' title='bbox 741 4295 943 4362; x_wconf 72' lang='lat' dir='ltr'><strong>Judzca,</strong></span> <span class='ocrx_word' id='word_1_421' title='bbox 972 4296 1339 4367; x_wconf 89' lang='lat' dir='ltr'><strong>apostolorum</strong></span> <span class='ocrx_word' id='word_1_422' title='bbox 1372 4296 1584 4367; x_wconf 87' lang='lat' dir='ltr'><strong>repulsa</strong></span> <span class='ocrx_word' id='word_1_423' title='bbox 1609 4297 1928 4366; x_wconf 67' lang='lat' dir='ltr'><strong>praedicatio</strong></span> <span class='ocrx_word' id='word_1_424' title='bbox 1963 4306 2093 4353; x_wconf 88' lang='lat' dir='ltr'><strong>tunc</strong></span> 
     </span>
    </p>
   </div>
   <div class='ocr_carea' id='block_1_60' title="bbox 508 4387 2093 4456">
    <p class='ocr_par' dir='ltr' id='par_1_60' title="bbox 508 4387 2093 4456">
     <span class='ocr_line' id='line_1_60' title="bbox 508 4387 2093 4456; baseline 0 -14"><span class='ocrx_word' id='word_1_425' title='bbox 508 4388 666 4442; x_wconf 89' lang='lat' dir='ltr'><strong>nobis</strong></span> <span class='ocrx_word' id='word_1_426' title='bbox 702 4387 757 4441; x_wconf 91' lang='lat' dir='ltr'><strong>in</strong></span> <span class='ocrx_word' id='word_1_427' title='bbox 796 4387 1124 4456; x_wconf 87' lang='lat' dir='ltr'><strong>adjutorium</strong></span> <span class='ocrx_word' id='word_1_428' title='bbox 1171 4387 1343 4451; x_wconf 88' lang='lat' dir='ltr'><strong>ﬁeret,</strong></span> <span class='ocrx_word' id='word_1_429' title='bbox 1371 4403 1498 4442; x_wconf 92' lang='lat' dir='ltr'><strong>cum</strong></span> <span class='ocrx_word' id='word_1_430' title='bbox 1544 4389 1686 4444; x_wconf 89' lang='lat' dir='ltr'><strong>hanc</strong></span> <span class='ocrx_word' id='word_1_431' title='bbox 1711 4387 1801 4442; x_wconf 90' lang='lat' dir='ltr'><strong>illa</strong></span> <span class='ocrx_word' id='word_1_432' title='bbox 1828 4387 1898 4444; x_wconf 86' lang='lat' dir='ltr'><strong>ad</strong></span> <span class='ocrx_word' id='word_1_433' title='bbox 1941 4389 2093 4444; x_wconf 90' lang='lat' dir='ltr'><strong>dam-</strong></span> 
     </span>
    </p>
   </div>
   <div class='ocr_carea' id='block_1_61' title="bbox 509 4476 1865 4547">
    <p class='ocr_par' dir='ltr' id='par_1_61' title="bbox 509 4476 1865 4547">
     <span class='ocr_line' id='line_1_61' title="bbox 509 4476 1865 4547; baseline -0.001 -17"><span class='ocrx_word' id='word_1_434' title='bbox 509 4476 744 4531; x_wconf 90' lang='lat' dir='ltr'><strong>nationis</strong></span> <span class='ocrx_word' id='word_1_435' title='bbox 768 4490 878 4531; x_wconf 68' lang='lat' dir='ltr'><strong>suaa</strong></span> <span class='ocrx_word' id='word_1_436' title='bbox 905 4477 1273 4531; x_wconf 89' lang='lat' dir='ltr'><strong>testimonium</strong></span> <span class='ocrx_word' id='word_1_437' title='bbox 1301 4478 1531 4546; x_wconf 90' lang='lat' dir='ltr'><strong>superba</strong></span> <span class='ocrx_word' id='word_1_438' title='bbox 1561 4477 1865 4547; x_wconf 86' lang='lat' dir='ltr'><strong>repulisset.</strong></span> 
     </span>
    </p>
   </div>
   <div class='ocr_carea' id='block_1_62' title="bbox 602 4567 2091 4638">
    <p class='ocr_par' dir='ltr' id='par_1_62' title="bbox 602 4567 2091 4638">
     <span class='ocr_line' id='line_1_62' title="bbox 602 4567 2091 4638; baseline 0.001 -16"><span class='ocrx_word' id='word_1_439' title='bbox 602 4569 706 4636; x_wconf 89' lang='lat' dir='ltr'><strong>Qui</strong></span> <span class='ocrx_word' id='word_1_440' title='bbox 746 4569 1024 4623; x_wconf 86' lang='lat' dir='ltr'><strong>crediderit</strong></span> <span class='ocrx_word' id='word_1_441' title='bbox 1073 4577 1121 4622; x_wconf 90' lang='lat' dir='ltr'><strong>et</strong></span> <span class='ocrx_word' id='word_1_442' title='bbox 1167 4567 1463 4638; x_wconf 71' lang='lat' dir='ltr'><strong>baptizatus</strong></span> <span class='ocrx_word' id='word_1_443' title='bbox 1512 4569 1709 4637; x_wconf 76' lang='lat' dir='ltr'><strong>fuerit,</strong></span> <span class='ocrx_word' id='word_1_444' title='bbox 1752 4568 1928 4625; x_wconf 73' lang='lat' dir='ltr'><strong>saluus</strong></span> <span class='ocrx_word' id='word_1_445' title='bbox 1974 4571 2091 4624; x_wconf 88' lang='lat' dir='ltr'><strong>erit.</strong></span> 
     </span>
    </p>
   </div>
   <div class='ocr_carea' id='block_1_63' title="bbox 513 4659 2096 4728">
    <p class='ocr_par' dir='ltr' id='par_1_63' title="bbox 513 4659 2096 4728">
     <span class='ocr_line' id='line_1_63' title="bbox 513 4659 2096 4728; baseline 0.002 -13"><span class='ocrx_word' id='word_1_446' title='bbox 513 4661 617 4728; x_wconf 85' lang='lat' dir='ltr'><strong>Qui</strong></span> <span class='ocrx_word' id='word_1_447' title='bbox 664 4677 780 4715; x_wconf 73' lang='lat' dir='ltr'><strong>vero</strong></span> <span class='ocrx_word' id='word_1_448' title='bbox 823 4677 929 4714; x_wconf 88' lang='lat' dir='ltr'><strong>non</strong></span> <span class='ocrx_word' id='word_1_449' title='bbox 968 4659 1286 4725; x_wconf 88' lang='lat' dir='ltr'><strong>crediderit,</strong></span> <span class='ocrx_word' id='word_1_450' title='bbox 1330 4660 1781 4714; x_wconf 87' lang='lat' dir='ltr'><strong>condemnabitur.</strong></span> <span class='ocrx_word' id='word_1_451' title='bbox 1841 4659 2096 4718; x_wconf 83' lang='lat' dir='ltr'><strong>Fortasse</strong></span> 
     </span>
    </p>
   </div>
   <div class='ocr_carea' id='block_1_64' title="bbox 510 4752 2120 4826">
    <p class='ocr_par' dir='ltr' id='par_1_64' title="bbox 510 4752 2120 4826">
     <span class='ocr_line' id='line_1_64' title="bbox 510 4752 2120 4826; baseline 0.002 -19"><span class='ocrx_word' id='word_1_452' title='bbox 510 4753 884 4823; x_wconf 86' lang='lat' dir='ltr'><strong>unusquisque</strong></span> <span class='ocrx_word' id='word_1_453' title='bbox 923 4753 1065 4823; x_wconf 92' lang='lat' dir='ltr'><strong>apud</strong></span> <span class='ocrx_word' id='word_1_454' title='bbox 1104 4754 1455 4823; x_wconf 83' lang='lat' dir='ltr'><strong>semetipsum</strong></span> <span class='ocrx_word' id='word_1_455' title='bbox 1489 4752 1622 4809; x_wconf 88' lang='lat' dir='ltr'><strong>dicit</strong></span> <span class='ocrx_word' id='word_1_456' title='bbox 1650 4771 1663 4808; x_wconf 93' lang='lat'><strong>:</strong></span> <span class='ocrx_word' id='word_1_457' title='bbox 1693 4753 1806 4826; x_wconf 88' lang='lat' dir='ltr'><strong>Ego</strong></span> <span class='ocrx_word' id='word_1_458' title='bbox 1832 4754 1946 4825; x_wconf 89' lang='lat' dir='ltr'><strong>jam</strong></span> <span class='ocrx_word' id='word_1_459' title='bbox 1979 4770 2120 4811; x_wconf 18' lang='lat' dir='ltr'><strong>cre-e</strong></span> 
     </span>
    </p>
   </div>
   <div class='ocr_carea' id='block_1_65' title="bbox 509 4843 2097 4916">
    <p class='ocr_par' dir='ltr' id='par_1_65' title="bbox 509 4843 2097 4916">
     <span class='ocr_line' id='line_1_65' title="bbox 509 4843 2097 4916; baseline 0.003 -17"><span class='ocrx_word' id='word_1_460' title='bbox 509 4844 654 4910; x_wconf 92' lang='lat' dir='ltr'><strong>didi,</strong></span> <span class='ocrx_word' id='word_1_461' title='bbox 702 4843 884 4898; x_wconf 88' lang='lat' dir='ltr'><strong>salvus</strong></span> <span class='ocrx_word' id='word_1_462' title='bbox 921 4859 1017 4900; x_wconf 90' lang='lat' dir='ltr'><strong>ero</strong></span> <span class='ocrx_word' id='word_1_463' title='bbox 1050 4863 1062 4899; x_wconf 94' lang='lat'><strong>:</strong></span> <span class='ocrx_word' id='word_1_464' title='bbox 1095 4859 1284 4900; x_wconf 90' lang='lat' dir='ltr'><strong>verum</strong></span> <span class='ocrx_word' id='word_1_465' title='bbox 1332 4844 1494 4910; x_wconf 91' lang='lat' dir='ltr'><strong>dicit,</strong></span> <span class='ocrx_word' id='word_1_466' title='bbox 1545 4846 1591 4902; x_wconf 89' lang='lat' dir='ltr'><strong>si</strong></span> <span class='ocrx_word' id='word_1_467' title='bbox 1641 4845 1802 4901; x_wconf 91' lang='lat' dir='ltr'><strong>ﬁdem</strong></span> <span class='ocrx_word' id='word_1_468' title='bbox 1841 4846 2097 4916; x_wconf 88' lang='lat' dir='ltr'><strong>operibus</strong></span> 
     </span>
    </p>
   </div>
   <div class='ocr_carea' id='block_1_66' title="bbox 515 4933 2096 5008">
    <p class='ocr_par' dir='ltr' id='par_1_66' title="bbox 515 4933 2096 5008">
     <span class='ocr_line' id='line_1_66' title="bbox 515 4933 2096 5008; baseline 0.003 -20"><span class='ocrx_word' id='word_1_469' title='bbox 515 4941 687 4989; x_wconf 91' lang='lat' dir='ltr'><strong>tenet.</strong></span> <span class='ocrx_word' id='word_1_470' title='bbox 715 4934 859 4990; x_wconf 78' lang='lat' dir='ltr'><strong>Vera</strong></span> <span class='ocrx_word' id='word_1_471' title='bbox 892 4935 1091 4990; x_wconf 91' lang='lat' dir='ltr'><strong>etenim</strong></span> <span class='ocrx_word' id='word_1_472' title='bbox 1119 4933 1254 4990; x_wconf 84' lang='lat' dir='ltr'><strong>ﬁdes</strong></span> <span class='ocrx_word' id='word_1_473' title='bbox 1287 4943 1389 5001; x_wconf 87' lang='lat' dir='ltr'><strong>est,</strong></span> <span class='ocrx_word' id='word_1_474' title='bbox 1423 4951 1543 5005; x_wconf 71' lang='lat' dir='ltr'><strong>qua:</strong></span> <span class='ocrx_word' id='word_1_475' title='bbox 1570 4936 1626 4991; x_wconf 91' lang='lat' dir='ltr'><strong>in</strong></span> <span class='ocrx_word' id='word_1_476' title='bbox 1664 4936 1768 4992; x_wconf 91' lang='lat' dir='ltr'><strong>hoc</strong></span> <span class='ocrx_word' id='word_1_477' title='bbox 1796 4937 1940 5008; x_wconf 91' lang='lat' dir='ltr'><strong>quod</strong></span> <span class='ocrx_word' id='word_1_478' title='bbox 1974 4952 2096 4993; x_wconf 90' lang='lat' dir='ltr'><strong>ver-</strong></span> 
     </span>
    </p>
   </div>
   <div class='ocr_carea' id='block_1_67' title="bbox 508 5025 2093 5096">
    <p class='ocr_par' dir='ltr' id='par_1_67' title="bbox 508 5025 2093 5096">
     <span class='ocr_line' id='line_1_67' title="bbox 508 5025 2093 5096; baseline 0.003 -18"><span class='ocrx_word' id='word_1_479' title='bbox 508 5037 638 5080; x_wconf 88' lang='lat' dir='ltr'><strong>num</strong></span> <span class='ocrx_word' id='word_1_480' title='bbox 673 5025 826 5092; x_wconf 92' lang='lat' dir='ltr'><strong>dicit,</strong></span> <span class='ocrx_word' id='word_1_481' title='bbox 853 5026 1094 5082; x_wconf 88' lang='lat' dir='ltr'><strong>moribus</strong></span> <span class='ocrx_word' id='word_1_482' title='bbox 1131 5041 1239 5081; x_wconf 90' lang='lat' dir='ltr'><strong>non</strong></span> <span class='ocrx_word' id='word_1_483' title='bbox 1274 5026 1611 5082; x_wconf 90' lang='lat' dir='ltr'><strong>contradicit.</strong></span> <span class='ocrx_word' id='word_1_484' title='bbox 1655 5025 1794 5082; x_wconf 84' lang='lat' dir='ltr'><strong>Hinc</strong></span> <span class='ocrx_word' id='word_1_485' title='bbox 1818 5035 1903 5083; x_wconf 90' lang='lat' dir='ltr'><strong>est</strong></span> <span class='ocrx_word' id='word_1_486' title='bbox 1924 5027 2093 5096; x_wconf 85' lang='lat' dir='ltr'><strong>enim,</strong></span> 
     </span>
    </p>
   </div>
   <div class='ocr_carea' id='block_1_68' title="bbox 511 5115 2092 5188">
    <p class='ocr_par' dir='ltr' id='par_1_68' title="bbox 511 5115 2092 5188">
     <span class='ocr_line' id='line_1_68' title="bbox 511 5115 2092 5188; baseline 0.002 -16"><span class='ocrx_word' id='word_1_487' title='bbox 511 5115 654 5185; x_wconf 85' lang='lat' dir='ltr'><strong>quod</strong></span> <span class='ocrx_word' id='word_1_488' title='bbox 701 5115 769 5172; x_wconf 92' lang='lat' dir='ltr'><strong>de</strong></span> <span class='ocrx_word' id='word_1_489' title='bbox 805 5117 1125 5188; x_wconf 88' lang='lat' dir='ltr'><strong>quibusdam</strong></span> <span class='ocrx_word' id='word_1_490' title='bbox 1182 5116 1334 5174; x_wconf 79' lang='lat' dir='ltr'><strong>falsis</strong></span> <span class='ocrx_word' id='word_1_491' title='bbox 1386 5117 1632 5174; x_wconf 90' lang='lat' dir='ltr'><strong>ﬁdelibus</strong></span> <span class='ocrx_word' id='word_1_492' title='bbox 1683 5118 1883 5175; x_wconf 89' lang='lat' dir='ltr'><strong>Paulus</strong></span> <span class='ocrx_word' id='word_1_493' title='bbox 1933 5119 2092 5175; x_wconf 90' lang='lat' dir='ltr'><strong>dicit:</strong></span> 
     </span>
    </p>
   </div>
   <div class='ocr_carea' id='block_1_69' title="bbox 514 5199 2098 5281">
    <p class='ocr_par' dir='ltr' id='par_1_69' title="bbox 514 5199 2098 5281">
     <span class='ocr_line' id='line_1_69' title="bbox 514 5199 2098 5281; baseline 0.004 -21"><span class='ocrx_word' id='word_1_494' title='bbox 514 5204 618 5272; x_wconf 89' lang='lat' dir='ltr'><strong>Qui</strong></span> <span class='ocrx_word' id='word_1_495' title='bbox 662 5207 980 5278; x_wconf 88' lang='lat' dir='ltr'><strong>conﬁtentur</strong></span> <span class='ocrx_word' id='word_1_496' title='bbox 1017 5224 1074 5263; x_wconf 89' lang='lat' dir='ltr'><strong>se</strong></span> <span class='ocrx_word' id='word_1_497' title='bbox 1112 5199 1264 5264; x_wconf 79' lang='lat' dir='ltr'><strong>nosse</strong></span> <span class='ocrx_word' id='word_1_498' title='bbox 1282 5208 1662 5280; x_wconf 79' lang='lat' dir='ltr'><strong>Deum,factis</strong></span> <span class='ocrx_word' id='word_1_499' title='bbox 1694 5221 1869 5266; x_wconf 83' lang='lat' dir='ltr'><strong>autem</strong></span> <span class='ocrx_word' id='word_1_500' title='bbox 1907 5220 2098 5281; x_wconf 86' lang='lat' dir='ltr'><strong>negant</strong></span> 
     </span>
    </p>
   </div>
   <div class='ocr_carea' id='block_1_70' title="bbox 514 5295 2096 5370">
    <p class='ocr_par' dir='ltr' id='par_1_70' title="bbox 514 5295 2096 5370">
     <span class='ocr_line' id='line_1_70' title="bbox 514 5295 2096 5370; baseline 0.004 -21"><span class='ocrx_word' id='word_1_501' title='bbox 514 5295 693 5367; x_wconf 83' lang='lat' dir='ltr'><strong>(Rom.</strong></span> <span class='ocrx_word' id='word_1_502' title='bbox 721 5298 805 5370; x_wconf 87' lang='grc' dir='ltr'><strong>ιι).</strong></span> <span class='ocrx_word' id='word_1_503' title='bbox 833 5296 972 5354; x_wconf 84' lang='lat' dir='ltr'><strong>Hinc</strong></span> <span class='ocrx_word' id='word_1_504' title='bbox 993 5297 1228 5355; x_wconf 85' lang='lat' dir='ltr'><strong>Joannes</strong></span> <span class='ocrx_word' id='word_1_505' title='bbox 1254 5300 1358 5354; x_wconf 91' lang='lat' dir='ltr'><strong>ait:</strong></span> <span class='ocrx_word' id='word_1_506' title='bbox 1384 5298 1489 5366; x_wconf 89' lang='lat' dir='ltr'><strong>Qui</strong></span> <span class='ocrx_word' id='word_1_507' title='bbox 1510 5301 1637 5355; x_wconf 87' lang='lat' dir='ltr'><strong>dicit</strong></span> <span class='ocrx_word' id='word_1_508' title='bbox 1657 5317 1712 5356; x_wconf 91' lang='lat' dir='ltr'><strong>se</strong></span> <span class='ocrx_word' id='word_1_509' title='bbox 1733 5317 1882 5356; x_wconf 84' lang='lat' dir='ltr'><strong>nosse</strong></span> <span class='ocrx_word' id='word_1_510' title='bbox 1903 5301 2096 5367; x_wconf 84' lang='lat' dir='ltr'><strong>Deum,</strong></span> 
     </span>
    </p>
   </div>
   <div class='ocr_carea' id='block_1_71' title="bbox 512 5391 2097 5464">
    <p class='ocr_par' dir='ltr' id='par_1_71' title="bbox 512 5391 2097 5464">
     <span class='ocr_line' id='line_1_71' title="bbox 512 5391 2097 5464; baseline 0.004 -20"><span class='ocrx_word' id='word_1_511' title='bbox 512 5398 564 5444; x_wconf 88' lang='lat' dir='ltr'><strong>et</strong></span> <span class='ocrx_word' id='word_1_512' title='bbox 582 5391 835 5447; x_wconf 87' lang='lat' dir='ltr'><strong>mandata</strong></span> <span class='ocrx_word' id='word_1_513' title='bbox 855 5393 970 5464; x_wconf 82' lang='lat' dir='ltr'><strong>ejus</strong></span> <span class='ocrx_word' id='word_1_514' title='bbox 990 5409 1093 5448; x_wconf 84' lang='lat' dir='ltr'><strong>non</strong></span> <span class='ocrx_word' id='word_1_515' title='bbox 1113 5394 1361 5460; x_wconf 87' lang='lat' dir='ltr'><strong>custodit,</strong></span> <span class='ocrx_word' id='word_1_516' title='bbox 1385 5394 1610 5448; x_wconf 77' lang='lat' dir='ltr'><strong>mendas:</strong></span> <span class='ocrx_word' id='word_1_517' title='bbox 1630 5403 1726 5450; x_wconf 89' lang='lat' dir='ltr'><strong>est.</strong></span> <span class='ocrx_word' id='word_1_518' title='bbox 1754 5393 1890 5450; x_wconf 89' lang='lat' dir='ltr'><strong>Cum</strong></span> <span class='ocrx_word' id='word_1_519' title='bbox 1915 5404 2097 5450; x_wconf 87' lang='lat' dir='ltr'><strong>autem</strong></span> 
     </span>
    </p>
   </div>
   <div class='ocr_carea' id='block_1_72' title="bbox 516 5480 2094 5552">
    <p class='ocr_par' dir='ltr' id='par_1_72' title="bbox 516 5480 2094 5552">
     <span class='ocr_line' id='line_1_72' title="bbox 516 5480 2094 5552; baseline 0.002 -17"><span class='ocrx_word' id='word_1_520' title='bbox 516 5480 728 5537; x_wconf 86' lang='lat' dir='ltr'><strong>dicatur</strong></span> <span class='ocrx_word' id='word_1_521' title='bbox 767 5499 781 5537; x_wconf 89' lang='lat'><strong>:</strong></span> <span class='ocrx_word' id='word_1_522' title='bbox 825 5482 930 5549; x_wconf 90' lang='lat' dir='ltr'><strong>Qui</strong></span> <span class='ocrx_word' id='word_1_523' title='bbox 975 5501 1093 5540; x_wconf 81' lang='lat' dir='ltr'><strong>uero</strong></span> <span class='ocrx_word' id='word_1_524' title='bbox 1144 5501 1250 5540; x_wconf 85' lang='lat' dir='ltr'><strong>non</strong></span> <span class='ocrx_word' id='word_1_525' title='bbox 1292 5484 1593 5552; x_wconf 86' lang='lat' dir='ltr'><strong>crediderit,</strong></span> <span class='ocrx_word' id='word_1_526' title='bbox 1642 5486 2094 5552; x_wconf 84' lang='lat' dir='ltr'><strong>condemnabitur,</strong></span> 
     </span>
    </p>
   </div>
   <div class='ocr_carea' id='block_1_73' title="bbox 515 5568 2097 5644">
    <p class='ocr_par' dir='ltr' id='par_1_73' title="bbox 515 5568 2097 5644">
     <span class='ocr_line' id='line_1_73' title="bbox 515 5568 2097 5644; baseline 0.003 -21"><span class='ocrx_word' id='word_1_527' title='bbox 515 5568 645 5639; x_wconf 91' lang='lat' dir='ltr'><strong>quid</strong></span> <span class='ocrx_word' id='word_1_528' title='bbox 671 5570 760 5626; x_wconf 92' lang='lat' dir='ltr'><strong>hic</strong></span> <span class='ocrx_word' id='word_1_529' title='bbox 785 5572 1015 5628; x_wconf 89' lang='lat' dir='ltr'><strong>dicimus</strong></span> <span class='ocrx_word' id='word_1_530' title='bbox 1043 5573 1112 5628; x_wconf 92' lang='lat' dir='ltr'><strong>de</strong></span> <span class='ocrx_word' id='word_1_531' title='bbox 1133 5572 1396 5644; x_wconf 88' lang='lat' dir='ltr'><strong>parvulis,</strong></span> <span class='ocrx_word' id='word_1_532' title='bbox 1425 5572 1518 5641; x_wconf 92' lang='lat' dir='ltr'><strong>qui</strong></span> <span class='ocrx_word' id='word_1_533' title='bbox 1548 5587 1645 5643; x_wconf 87' lang='lat' dir='ltr'><strong>per</strong></span> <span class='ocrx_word' id='word_1_534' title='bbox 1679 5581 1895 5629; x_wconf 64' lang='lat' dir='ltr'><strong>aetatem</strong></span> <span class='ocrx_word' id='word_1_535' title='bbox 1923 5573 2097 5628; x_wconf 91' lang='lat' dir='ltr'><strong>adhuc</strong></span> 
     </span>
    </p>
   </div>
   <div class='ocr_carea' id='block_1_74' title="bbox 515 5660 2096 5732">
    <p class='ocr_par' dir='ltr' id='par_1_74' title="bbox 515 5660 2096 5732">
     <span class='ocr_line' id='line_1_74' title="bbox 515 5660 2096 5732; baseline 0.003 -18"><span class='ocrx_word' id='word_1_536' title='bbox 515 5660 738 5716; x_wconf 88' lang='lat' dir='ltr'><strong>credere</strong></span> <span class='ocrx_word' id='word_1_537' title='bbox 774 5678 883 5718; x_wconf 92' lang='lat' dir='ltr'><strong>non</strong></span> <span class='ocrx_word' id='word_1_538' title='bbox 911 5663 1124 5730; x_wconf 89' lang='lat' dir='ltr'><strong>valent;</strong></span> <span class='ocrx_word' id='word_1_539' title='bbox 1171 5678 1298 5717; x_wconf 91' lang='lat' dir='ltr'><strong>nam</strong></span> <span class='ocrx_word' id='word_1_540' title='bbox 1338 5662 1402 5716; x_wconf 90' lang='lat' dir='ltr'><strong>de</strong></span> <span class='ocrx_word' id='word_1_541' title='bbox 1438 5660 1735 5731; x_wconf 81' lang='lat' dir='ltr'><strong>majoribus</strong></span> <span class='ocrx_word' id='word_1_542' title='bbox 1769 5662 1917 5718; x_wconf 86' lang='lat' dir='ltr'><strong>nulla</strong></span> <span class='ocrx_word' id='word_1_543' title='bbox 1952 5677 2096 5732; x_wconf 73' lang='lat' dir='ltr'><strong>qua:-</strong></span> 
     </span>
    </p>
   </div>
   <div class='ocr_carea' id='block_1_75' title="bbox 516 5749 2094 5824">
    <p class='ocr_par' dir='ltr' id='par_1_75' title="bbox 516 5749 2094 5824">
     <span class='ocr_line' id='line_1_75' title="bbox 516 5749 2094 5824; baseline 0.004 -20"><span class='ocrx_word' id='word_1_544' title='bbox 516 5749 620 5805; x_wconf 85' lang='lat' dir='ltr'><strong>stio</strong></span> <span class='ocrx_word' id='word_1_545' title='bbox 643 5751 767 5808; x_wconf 83' lang='lat' dir='ltr'><strong>est?</strong></span> <span class='ocrx_word' id='word_1_546' title='bbox 801 5751 859 5807; x_wconf 86' lang='lat' dir='ltr'><strong>In</strong></span> <span class='ocrx_word' id='word_1_547' title='bbox 895 5752 1139 5809; x_wconf 89' lang='lat' dir='ltr'><strong>Ecclesia</strong></span> <span class='ocrx_word' id='word_1_548' title='bbox 1175 5767 1310 5824; x_wconf 90' lang='lat' dir='ltr'><strong>ergo</strong></span> <span class='ocrx_word' id='word_1_549' title='bbox 1343 5752 1628 5809; x_wconf 87' lang='lat' dir='ltr'><strong>salvatoris</strong></span> <span class='ocrx_word' id='word_1_550' title='bbox 1666 5767 1766 5824; x_wconf 88' lang='lat' dir='ltr'><strong>per</strong></span> <span class='ocrx_word' id='word_1_551' title='bbox 1801 5753 1935 5811; x_wconf 90' lang='lat' dir='ltr'><strong>alios</strong></span> <span class='ocrx_word' id='word_1_552' title='bbox 1970 5769 2094 5824; x_wconf 88' lang='lat' dir='ltr'><strong>par-</strong></span> 
     </span>
    </p>
   </div>
   <div class='ocr_carea' id='block_1_76' title="bbox 2193 1897 3791 1976">
    <p class='ocr_par' dir='ltr' id='par_1_76' title="bbox 2193 1897 3791 1976">
     <span class='ocr_line' id='line_1_76' title="bbox 2193 1897 3791 1976; baseline 0.006 -21"><span class='ocrx_word' id='word_1_553' title='bbox 2193 1897 2505 1955; x_wconf 89' lang='lat' dir='ltr'><strong>sacerdotes</strong></span> <span class='ocrx_word' id='word_1_554' title='bbox 2528 1899 2648 1971; x_wconf 89' lang='lat' dir='ltr'><strong>ejus</strong></span> <span class='ocrx_word' id='word_1_555' title='bbox 2675 1915 2799 1956; x_wconf 92' lang='lat' dir='ltr'><strong>cum</strong></span> <span class='ocrx_word' id='word_1_556' title='bbox 2839 1917 2938 1972; x_wconf 89' lang='lat' dir='ltr'><strong>per</strong></span> <span class='ocrx_word' id='word_1_557' title='bbox 2961 1903 3257 1959; x_wconf 78' lang='lat' dir='ltr'><strong>exorcismi</strong></span> <span class='ocrx_word' id='word_1_558' title='bbox 3295 1908 3525 1976; x_wconf 78' lang='lat' dir='ltr'><strong>gratiam</strong></span> <span class='ocrx_word' id='word_1_559' title='bbox 3565 1923 3791 1964; x_wconf 88' lang='lat' dir='ltr'><strong>manum</strong></span> 
     </span>
    </p>
   </div>
   <div class='ocr_carea' id='block_1_77' title="bbox 2195 1989 3795 2069">
    <p class='ocr_par' dir='ltr' id='par_1_77' title="bbox 2195 1989 3795 2069">
     <span class='ocr_line' id='line_1_77' title="bbox 2195 1989 3795 2069; baseline 0.006 -23"><span class='ocrx_word' id='word_1_560' title='bbox 2195 1989 2543 2046; x_wconf 87' lang='lat' dir='ltr'><strong>credentibus</strong></span> <span class='ocrx_word' id='word_1_561' title='bbox 2571 1990 2875 2063; x_wconf 89' lang='lat' dir='ltr'><strong>imponunt,</strong></span> <span class='ocrx_word' id='word_1_562' title='bbox 2907 2001 2963 2048; x_wconf 88' lang='lat' dir='ltr'><strong>et</strong></span> <span class='ocrx_word' id='word_1_563' title='bbox 2987 1993 3238 2050; x_wconf 83' lang='lat' dir='ltr'><strong>habitare</strong></span> <span class='ocrx_word' id='word_1_564' title='bbox 3267 1995 3538 2068; x_wconf 89' lang='lat' dir='ltr'><strong>malignos</strong></span> <span class='ocrx_word' id='word_1_565' title='bbox 3564 1999 3795 2069; x_wconf 85' lang='lat' dir='ltr'><strong>spiritus</strong></span> 
     </span>
    </p>
   </div>
   <div class='ocr_carea' id='block_1_78' title="bbox 2194 2078 3793 2158">
    <p class='ocr_par' dir='ltr' id='par_1_78' title="bbox 2194 2078 3793 2158">
     <span class='ocr_line' id='line_1_78' title="bbox 2194 2078 3793 2158; baseline 0.009 -25"><span class='ocrx_word' id='word_1_566' title='bbox 2194 2078 2248 2134; x_wconf 92' lang='lat' dir='ltr'><strong>in</strong></span> <span class='ocrx_word' id='word_1_567' title='bbox 2279 2094 2468 2135; x_wconf 92' lang='lat' dir='ltr'><strong>eorum</strong></span> <span class='ocrx_word' id='word_1_568' title='bbox 2502 2089 2686 2137; x_wconf 89' lang='lat' dir='ltr'><strong>mente</strong></span> <span class='ocrx_word' id='word_1_569' title='bbox 2725 2085 3138 2151; x_wconf 89' lang='lat' dir='ltr'><strong>contradicunt,</strong></span> <span class='ocrx_word' id='word_1_570' title='bbox 3181 2087 3312 2156; x_wconf 87' lang='lat' dir='ltr'><strong>quid</strong></span> <span class='ocrx_word' id='word_1_571' title='bbox 3357 2088 3507 2144; x_wconf 89' lang='lat' dir='ltr'><strong>aliud</strong></span> <span class='ocrx_word' id='word_1_572' title='bbox 3555 2090 3793 2158; x_wconf 79' lang='lat' dir='ltr'><strong>faciunt,</strong></span> 
     </span>
    </p>
   </div>
   <div class='ocr_carea' id='block_1_79' title="bbox 2193 2171 3796 2252">
    <p class='ocr_par' dir='ltr' id='par_1_79' title="bbox 2193 2171 3796 2252">
     <span class='ocr_line' id='line_1_79' title="bbox 2193 2171 3796 2252; baseline 0.007 -26"><span class='ocrx_word' id='word_1_573' title='bbox 2193 2171 2300 2228; x_wconf 90' lang='lat' dir='ltr'><strong>nisi</strong></span> <span class='ocrx_word' id='word_1_574' title='bbox 2337 2173 2602 2228; x_wconf 75' lang='lat' dir='ltr'><strong>daemonia</strong></span> <span class='ocrx_word' id='word_1_575' title='bbox 2639 2173 2901 2245; x_wconf 87' lang='lat' dir='ltr'><strong>ejiciunt?</strong></span> <span class='ocrx_word' id='word_1_576' title='bbox 2939 2176 3006 2232; x_wconf 90' lang='lat' dir='ltr'><strong>Et</strong></span> <span class='ocrx_word' id='word_1_577' title='bbox 3045 2175 3234 2233; x_wconf 87' lang='lat' dir='ltr'><strong>ﬁdeles</strong></span> <span class='ocrx_word' id='word_1_578' title='bbox 3273 2179 3503 2250; x_wconf 91' lang='lat' dir='ltr'><strong>quique,</strong></span> <span class='ocrx_word' id='word_1_579' title='bbox 3539 2182 3634 2251; x_wconf 86' lang='lat' dir='ltr'><strong>qui</strong></span> <span class='ocrx_word' id='word_1_580' title='bbox 3674 2183 3796 2252; x_wconf 89' lang='lat' dir='ltr'><strong>jam</strong></span> 
     </span>
    </p>
   </div>
   <div class='ocr_carea' id='block_1_80' title="bbox 2191 2264 3796 2345">
    <p class='ocr_par' dir='ltr' id='par_1_80' title="bbox 2191 2264 3796 2345">
     <span class='ocr_line' id='line_1_80' title="bbox 2191 2264 3796 2345; baseline 0.008 -26"><span class='ocrx_word' id='word_1_581' title='bbox 2191 2264 2319 2320; x_wconf 66' lang='lat' dir='ltr'><strong>vita</strong></span> <span class='ocrx_word' id='word_1_582' title='bbox 2361 2267 2564 2322; x_wconf 88' lang='lat' dir='ltr'><strong>veteris</strong></span> <span class='ocrx_word' id='word_1_583' title='bbox 2614 2269 2898 2326; x_wconf 67' lang='lat' dir='ltr'><strong>saecularia</strong></span> <span class='ocrx_word' id='word_1_584' title='bbox 2943 2271 3107 2327; x_wconf 90' lang='lat' dir='ltr'><strong>verba</strong></span> <span class='ocrx_word' id='word_1_585' title='bbox 3157 2271 3554 2345; x_wconf 86' lang='lat' dir='ltr'><strong>derelinquunt,</strong></span> <span class='ocrx_word' id='word_1_586' title='bbox 3584 2288 3796 2332; x_wconf 86' lang='lat' dir='ltr'><strong>sancta</strong></span> 
     </span>
    </p>
   </div>
   <div class='ocr_carea' id='block_1_81' title="bbox 2193 2359 3794 2429">
    <p class='ocr_par' dir='ltr' id='par_1_81' title="bbox 2193 2359 3794 2429">
     <span class='ocr_line' id='line_1_81' title="bbox 2193 2359 3794 2429; baseline 0.007 -19"><span class='ocrx_word' id='word_1_587' title='bbox 2193 2362 2376 2412; x_wconf 90' lang='lat' dir='ltr'><strong>autem</strong></span> <span class='ocrx_word' id='word_1_588' title='bbox 2426 2359 2686 2429; x_wconf 88' lang='lat' dir='ltr'><strong>mysteria</strong></span> <span class='ocrx_word' id='word_1_589' title='bbox 2730 2361 3022 2427; x_wconf 89' lang='lat' dir='ltr'><strong>insonant,</strong></span> <span class='ocrx_word' id='word_1_590' title='bbox 3095 2364 3392 2419; x_wconf 90' lang='lat' dir='ltr'><strong>conditoris</strong></span> <span class='ocrx_word' id='word_1_591' title='bbox 3437 2366 3521 2420; x_wconf 91' lang='lat' dir='ltr'><strong>sui</strong></span> <span class='ocrx_word' id='word_1_592' title='bbox 3568 2365 3794 2422; x_wconf 84' lang='lat' dir='ltr'><strong>laudem</strong></span> 
     </span>
    </p>
   </div>
   <div class='ocr_carea' id='block_1_82' title="bbox 2194 2448 3793 2528">
    <p class='ocr_par' dir='ltr' id='par_1_82' title="bbox 2194 2448 3793 2528">
     <span class='ocr_line' id='line_1_82' title="bbox 2194 2448 3793 2528; baseline 0.007 -26"><span class='ocrx_word' id='word_1_593' title='bbox 2194 2455 2251 2502; x_wconf 92' lang='lat' dir='ltr'><strong>et</strong></span> <span class='ocrx_word' id='word_1_594' title='bbox 2295 2448 2624 2518; x_wconf 88' lang='lat' dir='ltr'><strong>potentiam,</strong></span> <span class='ocrx_word' id='word_1_595' title='bbox 2661 2460 2925 2522; x_wconf 89' lang='lat' dir='ltr'><strong>quantum</strong></span> <span class='ocrx_word' id='word_1_596' title='bbox 2970 2454 3294 2524; x_wconf 63' lang='lat' dir='ltr'><strong>praevalent,</strong></span> <span class='ocrx_word' id='word_1_597' title='bbox 3348 2464 3611 2523; x_wconf 90' lang='lat' dir='ltr'><strong>narrant,</strong></span> <span class='ocrx_word' id='word_1_598' title='bbox 3662 2459 3793 2528; x_wconf 87' lang='lat' dir='ltr'><strong>quid</strong></span> 
     </span>
    </p>
   </div>
   <div class='ocr_carea' id='block_1_83' title="bbox 2197 2537 3793 2618">
    <p class='ocr_par' dir='ltr' id='par_1_83' title="bbox 2197 2537 3793 2618">
     <span class='ocr_line' id='line_1_83' title="bbox 2197 2537 3793 2618; baseline 0.009 -26"><span class='ocrx_word' id='word_1_599' title='bbox 2197 2537 2346 2594; x_wconf 87' lang='lat' dir='ltr'><strong>aliud</strong></span> <span class='ocrx_word' id='word_1_600' title='bbox 2375 2538 2602 2606; x_wconf 85' lang='lat' dir='ltr'><strong>faciunt,</strong></span> <span class='ocrx_word' id='word_1_601' title='bbox 2630 2542 2736 2597; x_wconf 90' lang='lat' dir='ltr'><strong>nisi</strong></span> <span class='ocrx_word' id='word_1_602' title='bbox 2767 2544 2921 2598; x_wconf 88' lang='lat' dir='ltr'><strong>novis</strong></span> <span class='ocrx_word' id='word_1_603' title='bbox 2949 2544 3146 2615; x_wconf 80' lang='lat' dir='ltr'><strong>linguis</strong></span> <span class='ocrx_word' id='word_1_604' title='bbox 3175 2547 3504 2618; x_wconf 84' lang='lat' dir='ltr'><strong>loquuntur?</strong></span> <span class='ocrx_word' id='word_1_605' title='bbox 3533 2547 3639 2616; x_wconf 90' lang='lat' dir='ltr'><strong>Qui</strong></span> <span class='ocrx_word' id='word_1_606' title='bbox 3664 2549 3793 2606; x_wconf 86' lang='lat' dir='ltr'><strong>dum</strong></span> 
     </span>
    </p>
   </div>
   <div class='ocr_carea' id='block_1_84' title="bbox 2193 2629 3792 2693">
    <p class='ocr_par' dir='ltr' id='par_1_84' title="bbox 2193 2629 3792 2693">
     <span class='ocr_line' id='line_1_84' title="bbox 2193 2629 3792 2693; baseline 0.006 -9"><span class='ocrx_word' id='word_1_607' title='bbox 2193 2629 2353 2685; x_wconf 87' lang='lat' dir='ltr'><strong>bonis</strong></span> <span class='ocrx_word' id='word_1_608' title='bbox 2380 2631 2494 2686; x_wconf 89' lang='lat' dir='ltr'><strong>suis</strong></span> <span class='ocrx_word' id='word_1_609' title='bbox 2516 2633 2984 2690; x_wconf 85' lang='lat' dir='ltr'><strong>exhortationibus</strong></span> <span class='ocrx_word' id='word_1_610' title='bbox 3005 2635 3270 2691; x_wconf 88' lang='lat' dir='ltr'><strong>malitiam</strong></span> <span class='ocrx_word' id='word_1_611' title='bbox 3293 2637 3361 2692; x_wconf 91' lang='lat' dir='ltr'><strong>de</strong></span> <span class='ocrx_word' id='word_1_612' title='bbox 3391 2636 3586 2693; x_wconf 86' lang='lat' dir='ltr'><strong>alienis</strong></span> <span class='ocrx_word' id='word_1_613' title='bbox 3612 2638 3792 2693; x_wconf 86' lang='lat' dir='ltr'><strong>cordi-</strong></span> 
     </span>
    </p>
   </div>
   <div class='ocr_carea' id='block_1_85' title="bbox 2196 2719 3792 2800">
    <p class='ocr_par' dir='ltr' id='par_1_85' title="bbox 2196 2719 3792 2800">
     <span class='ocr_line' id='line_1_85' title="bbox 2196 2719 3792 2800; baseline 0.005 -24"><span class='ocrx_word' id='word_1_614' title='bbox 2196 2719 2300 2778; x_wconf 86' lang='lat' dir='ltr'><strong>bus</strong></span> <span class='ocrx_word' id='word_1_615' title='bbox 2330 2721 2603 2789; x_wconf 86' lang='lat' dir='ltr'><strong>auferunt,</strong></span> <span class='ocrx_word' id='word_1_616' title='bbox 2648 2733 2932 2796; x_wconf 83' lang='lat' dir='ltr'><strong>serpentes</strong></span> <span class='ocrx_word' id='word_1_617' title='bbox 2969 2726 3186 2782; x_wconf 88' lang='lat' dir='ltr'><strong>tollunt.</strong></span> <span class='ocrx_word' id='word_1_618' title='bbox 3227 2728 3296 2783; x_wconf 89' lang='lat' dir='ltr'><strong>Et</strong></span> <span class='ocrx_word' id='word_1_619' title='bbox 3330 2730 3459 2784; x_wconf 88' lang='lat' dir='ltr'><strong>dum</strong></span> <span class='ocrx_word' id='word_1_620' title='bbox 3506 2728 3792 2800; x_wconf 85' lang='lat' dir='ltr'><strong>pestiferas</strong></span> 
     </span>
    </p>
   </div>
   <div class='ocr_carea' id='block_1_86' title="bbox 2198 2812 3794 2889">
    <p class='ocr_par' dir='ltr' id='par_1_86' title="bbox 2198 2812 3794 2889">
     <span class='ocr_line' id='line_1_86' title="bbox 2198 2812 3794 2889; baseline 0.003 -21"><span class='ocrx_word' id='word_1_621' title='bbox 2198 2812 2478 2869; x_wconf 88' lang='lat' dir='ltr'><strong>suasiones</strong></span> <span class='ocrx_word' id='word_1_622' title='bbox 2512 2814 2768 2882; x_wconf 88' lang='lat' dir='ltr'><strong>audiunt,</strong></span> <span class='ocrx_word' id='word_1_623' title='bbox 2811 2815 2906 2872; x_wconf 91' lang='lat' dir='ltr'><strong>sed</strong></span> <span class='ocrx_word' id='word_1_624' title='bbox 2941 2822 3122 2872; x_wconf 81' lang='lat' dir='ltr'><strong>ta’men</strong></span> <span class='ocrx_word' id='word_1_625' title='bbox 3159 2818 3226 2873; x_wconf 91' lang='lat' dir='ltr'><strong>ad</strong></span> <span class='ocrx_word' id='word_1_626' title='bbox 3264 2818 3638 2888; x_wconf 88' lang='lat' dir='ltr'><strong>operationem</strong></span> <span class='ocrx_word' id='word_1_627' title='bbox 3666 2833 3794 2889; x_wconf 86' lang='lat' dir='ltr'><strong>pra-</strong></span> 
     </span>
    </p>
   </div>
   <div class='ocr_carea' id='block_1_87' title="bbox 2195 2904 3792 2980">
    <p class='ocr_par' dir='ltr' id='par_1_87' title="bbox 2195 2904 3792 2980">
     <span class='ocr_line' id='line_1_87' title="bbox 2195 2904 3792 2980; baseline 0.004 -23"><span class='ocrx_word' id='word_1_628' title='bbox 2195 2919 2322 2959; x_wconf 90' lang='lat' dir='ltr'><strong>vam</strong></span> <span class='ocrx_word' id='word_1_629' title='bbox 2359 2904 2584 2960; x_wconf 90' lang='lat' dir='ltr'><strong>minime</strong></span> <span class='ocrx_word' id='word_1_630' title='bbox 2620 2907 3035 2977; x_wconf 87' lang='lat' dir='ltr'><strong>pertrahuntur,</strong></span> <span class='ocrx_word' id='word_1_631' title='bbox 3074 2907 3415 2964; x_wconf 90' lang='lat' dir='ltr'><strong>mortiferum</strong></span> <span class='ocrx_word' id='word_1_632' title='bbox 3456 2910 3677 2980; x_wconf 90' lang='lat' dir='ltr'><strong>quidem</strong></span> <span class='ocrx_word' id='word_1_633' title='bbox 3705 2918 3792 2964; x_wconf 86' lang='lat' dir='ltr'><strong>est</strong></span> 
     </span>
    </p>
   </div>
   <div class='ocr_carea' id='block_1_88' title="bbox 2198 2995 3794 3073">
    <p class='ocr_par' dir='ltr' id='par_1_88' title="bbox 2198 2995 3794 3073">
     <span class='ocr_line' id='line_1_88' title="bbox 2198 2995 3794 3073; baseline 0.004 -23"><span class='ocrx_word' id='word_1_634' title='bbox 2198 2997 2343 3066; x_wconf 90' lang='lat' dir='ltr'><strong>quod</strong></span> <span class='ocrx_word' id='word_1_635' title='bbox 2369 2995 2580 3063; x_wconf 92' lang='lat' dir='ltr'><strong>bibunt,</strong></span> <span class='ocrx_word' id='word_1_636' title='bbox 2608 2997 2704 3053; x_wconf 90' lang='lat' dir='ltr'><strong>sed</strong></span> <span class='ocrx_word' id='word_1_637' title='bbox 2732 3013 2840 3054; x_wconf 91' lang='lat' dir='ltr'><strong>non</strong></span> <span class='ocrx_word' id='word_1_638' title='bbox 2871 2998 2951 3054; x_wconf 90' lang='lat' dir='ltr'><strong>eis</strong></span> <span class='ocrx_word' id='word_1_639' title='bbox 2988 3001 3224 3068; x_wconf 91' lang='lat' dir='ltr'><strong>nocebit,</strong></span> <span class='ocrx_word' id='word_1_640' title='bbox 3253 3002 3380 3072; x_wconf 89' lang='lat' dir='ltr'><strong>quia</strong></span> <span class='ocrx_word' id='word_1_641' title='bbox 3424 3003 3640 3072; x_wconf 89' lang='lat' dir='ltr'><strong>quoties</strong></span> <span class='ocrx_word' id='word_1_642' title='bbox 3667 3017 3794 3073; x_wconf 89' lang='lat' dir='ltr'><strong>pro-</strong></span> 
     </span>
    </p>
   </div>
   <div class='ocr_carea' id='block_1_89' title="bbox 2197 3087 3790 3163">
    <p class='ocr_par' dir='ltr' id='par_1_89' title="bbox 2197 3087 3790 3163">
     <span class='ocr_line' id='line_1_89' title="bbox 2197 3087 3790 3163; baseline 0.005 -24"><span class='ocrx_word' id='word_1_643' title='bbox 2197 3087 2376 3143; x_wconf 84' lang='lat' dir='ltr'><strong>ximos</strong></span> <span class='ocrx_word' id='word_1_644' title='bbox 2421 3102 2549 3144; x_wconf 89' lang='lat' dir='ltr'><strong>suos</strong></span> <span class='ocrx_word' id='word_1_645' title='bbox 2594 3089 2652 3144; x_wconf 88' lang='lat' dir='ltr'><strong>in</strong></span> <span class='ocrx_word' id='word_1_646' title='bbox 2697 3090 2841 3146; x_wconf 92' lang='lat' dir='ltr'><strong>bono</strong></span> <span class='ocrx_word' id='word_1_647' title='bbox 2886 3106 3051 3162; x_wconf 89' lang='lat' dir='ltr'><strong>opere</strong></span> <span class='ocrx_word' id='word_1_648' title='bbox 3107 3091 3374 3148; x_wconf 87' lang='lat' dir='ltr'><strong>inﬁrmari</strong></span> <span class='ocrx_word' id='word_1_649' title='bbox 3423 3093 3790 3163; x_wconf 85' lang='lat' dir='ltr'><strong>conspiciunt,</strong></span> 
     </span>
    </p>
   </div>
   <div class='ocr_carea' id='block_1_90' title="bbox 2199 3177 3792 3254">
    <p class='ocr_par' dir='ltr' id='par_1_90' title="bbox 2199 3177 3792 3254">
     <span class='ocr_line' id='line_1_90' title="bbox 2199 3177 3792 3254; baseline 0.004 -20"><span class='ocrx_word' id='word_1_650' title='bbox 2199 3177 2328 3234; x_wconf 92' lang='lat' dir='ltr'><strong>dum</strong></span> <span class='ocrx_word' id='word_1_651' title='bbox 2352 3179 2434 3235; x_wconf 92' lang='lat' dir='ltr'><strong>eis</strong></span> <span class='ocrx_word' id='word_1_652' title='bbox 2465 3187 2576 3235; x_wconf 89' lang='lat' dir='ltr'><strong>tota</strong></span> <span class='ocrx_word' id='word_1_653' title='bbox 2612 3181 2816 3238; x_wconf 89' lang='lat' dir='ltr'><strong>virtute</strong></span> <span class='ocrx_word' id='word_1_654' title='bbox 2864 3191 3232 3250; x_wconf 89' lang='lat' dir='ltr'><strong>concurrunt,</strong></span> <span class='ocrx_word' id='word_1_655' title='bbox 3278 3193 3333 3240; x_wconf 91' lang='lat' dir='ltr'><strong>et</strong></span> <span class='ocrx_word' id='word_1_656' title='bbox 3376 3185 3628 3254; x_wconf 84' lang='lat' dir='ltr'><strong>exemplo</strong></span> <span class='ocrx_word' id='word_1_657' title='bbox 3677 3200 3792 3240; x_wconf 63' lang='lat' dir='ltr'><strong>suae</strong></span> 
     </span>
    </p>
   </div>
   <div class='ocr_carea' id='block_1_91' title="bbox 2193 3269 3790 3348">
    <p class='ocr_par' dir='ltr' id='par_1_91' title="bbox 2193 3269 3790 3348">
     <span class='ocr_line' id='line_1_91' title="bbox 2193 3269 3790 3348; baseline 0.004 -23"><span class='ocrx_word' id='word_1_658' title='bbox 2193 3269 2526 3340; x_wconf 85' lang='lat' dir='ltr'><strong>operationis</strong></span> <span class='ocrx_word' id='word_1_659' title='bbox 2570 3271 2783 3328; x_wconf 88' lang='lat' dir='ltr'><strong>illorum</strong></span> <span class='ocrx_word' id='word_1_660' title='bbox 2811 3273 2974 3328; x_wconf 88' lang='lat' dir='ltr'><strong>vitam</strong></span> <span class='ocrx_word' id='word_1_661' title='bbox 3018 3273 3298 3341; x_wconf 87' lang='lat' dir='ltr'><strong>roborant,</strong></span> <span class='ocrx_word' id='word_1_662' title='bbox 3339 3276 3431 3346; x_wconf 89' lang='lat' dir='ltr'><strong>qui</strong></span> <span class='ocrx_word' id='word_1_663' title='bbox 3481 3276 3535 3330; x_wconf 93' lang='lat' dir='ltr'><strong>in</strong></span> <span class='ocrx_word' id='word_1_664' title='bbox 3567 3276 3790 3348; x_wconf 87' lang='lat' dir='ltr'><strong>propria</strong></span> 
     </span>
    </p>
   </div>
   <div class='ocr_carea' id='block_1_92' title="bbox 2194 3363 3794 3438">
    <p class='ocr_par' dir='ltr' id='par_1_92' title="bbox 2194 3363 3794 3438">
     <span class='ocr_line' id='line_1_92' title="bbox 2194 3363 3794 3438; baseline 0.003 -21"><span class='ocrx_word' id='word_1_665' title='bbox 2194 3363 2406 3418; x_wconf 90' lang='lat' dir='ltr'><strong>actione</strong></span> <span class='ocrx_word' id='word_1_666' title='bbox 2457 3363 2785 3432; x_wconf 89' lang='lat' dir='ltr'><strong>titubabant,</strong></span> <span class='ocrx_word' id='word_1_667' title='bbox 2831 3367 2960 3437; x_wconf 89' lang='lat' dir='ltr'><strong>quid</strong></span> <span class='ocrx_word' id='word_1_668' title='bbox 3001 3365 3148 3423; x_wconf 91' lang='lat' dir='ltr'><strong>aliud</strong></span> <span class='ocrx_word' id='word_1_669' title='bbox 3192 3366 3418 3432; x_wconf 88' lang='lat' dir='ltr'><strong>faciunt,</strong></span> <span class='ocrx_word' id='word_1_670' title='bbox 3466 3367 3574 3422; x_wconf 91' lang='lat' dir='ltr'><strong>nisi</strong></span> <span class='ocrx_word' id='word_1_671' title='bbox 3625 3382 3794 3438; x_wconf 89' lang='lat' dir='ltr'><strong>super</strong></span> 
     </span>
    </p>
   </div>
   <div class='ocr_carea' id='block_1_93' title="bbox 2193 3457 3793 3528">
    <p class='ocr_par' dir='ltr' id='par_1_93' title="bbox 2193 3457 3793 3528">
     <span class='ocr_line' id='line_1_93' title="bbox 2193 3457 3793 3528; baseline 0.002 -18"><span class='ocrx_word' id='word_1_672' title='bbox 2193 3462 2426 3526; x_wconf 71' lang='lat' dir='ltr'><strong>aegrotos</strong></span> <span class='ocrx_word' id='word_1_673' title='bbox 2461 3471 2655 3512; x_wconf 89' lang='lat' dir='ltr'><strong>manus</strong></span> <span class='ocrx_word' id='word_1_674' title='bbox 2693 3457 3005 3528; x_wconf 90' lang='lat' dir='ltr'><strong>imponunt,</strong></span> <span class='ocrx_word' id='word_1_675' title='bbox 3054 3466 3115 3512; x_wconf 89' lang='lat' dir='ltr'><strong>ut</strong></span> <span class='ocrx_word' id='word_1_676' title='bbox 3154 3459 3292 3514; x_wconf 89' lang='lat' dir='ltr'><strong>bene</strong></span> <span class='ocrx_word' id='word_1_677' title='bbox 3333 3458 3606 3513; x_wconf 83' lang='lat' dir='ltr'><strong>habeant?</strong></span> <span class='ocrx_word' id='word_1_678' title='bbox 3658 3457 3793 3525; x_wconf 68' lang='lat' dir='ltr'><strong>Quae</strong></span> 
     </span>
    </p>
   </div>
   <div class='ocr_carea' id='block_1_94' title="bbox 2194 3546 3795 3618">
    <p class='ocr_par' dir='ltr' id='par_1_94' title="bbox 2194 3546 3795 3618">
     <span class='ocr_line' id='line_1_94' title="bbox 2194 3546 3795 3618; baseline 0.002 -18"><span class='ocrx_word' id='word_1_679' title='bbox 2194 3546 2452 3601; x_wconf 90' lang='lat' dir='ltr'><strong>nimirum</strong></span> <span class='ocrx_word' id='word_1_680' title='bbox 2493 3547 2754 3603; x_wconf 85' lang='lat' dir='ltr'><strong>miracula</strong></span> <span class='ocrx_word' id='word_1_681' title='bbox 2788 3555 2939 3603; x_wconf 89' lang='lat' dir='ltr'><strong>tanto</strong></span> <span class='ocrx_word' id='word_1_682' title='bbox 2981 3547 3190 3617; x_wconf 85' lang='lat' dir='ltr'><strong>majora</strong></span> <span class='ocrx_word' id='word_1_683' title='bbox 3228 3557 3384 3614; x_wconf 90' lang='lat' dir='ltr'><strong>sunt,</strong></span> <span class='ocrx_word' id='word_1_684' title='bbox 3428 3559 3630 3618; x_wconf 88' lang='lat' dir='ltr'><strong>quanto</strong></span> <span class='ocrx_word' id='word_1_685' title='bbox 3679 3548 3795 3618; x_wconf 86' lang='lat' dir='ltr'><strong>spi-</strong></span> 
     </span>
    </p>
   </div>
   <div class='ocr_carea' id='block_1_95' title="bbox 2194 3633 3792 3712">
    <p class='ocr_par' dir='ltr' id='par_1_95' title="bbox 2194 3633 3792 3712">
     <span class='ocr_line' id='line_1_95' title="bbox 2194 3633 3792 3712; baseline 0.004 -24"><span class='ocrx_word' id='word_1_686' title='bbox 2194 3633 2476 3699; x_wconf 90' lang='lat' dir='ltr'><strong>ritaliora;</strong></span> <span class='ocrx_word' id='word_1_687' title='bbox 2513 3641 2664 3691; x_wconf 87' lang='lat' dir='ltr'><strong>tanto</strong></span> <span class='ocrx_word' id='word_1_688' title='bbox 2701 3636 2910 3707; x_wconf 90' lang='lat' dir='ltr'><strong>majora</strong></span> <span class='ocrx_word' id='word_1_689' title='bbox 2951 3646 3109 3703; x_wconf 90' lang='lat' dir='ltr'><strong>sunt,</strong></span> <span class='ocrx_word' id='word_1_690' title='bbox 3152 3645 3355 3708; x_wconf 86' lang='lat' dir='ltr'><strong>quanto</strong></span> <span class='ocrx_word' id='word_1_691' title='bbox 3393 3653 3490 3712; x_wconf 87' lang='lat' dir='ltr'><strong>per</strong></span> <span class='ocrx_word' id='word_1_692' title='bbox 3525 3640 3642 3695; x_wconf 60' lang='lat' dir='ltr'><strong>haec</strong></span> <span class='ocrx_word' id='word_1_693' title='bbox 3679 3653 3792 3695; x_wconf 88' lang='lat' dir='ltr'><strong>non</strong></span> 
     </span>
    </p>
   </div>
   <div class='ocr_carea' id='block_1_96' title="bbox 2194 3725 3183 3795">
    <p class='ocr_par' dir='ltr' id='par_1_96' title="bbox 2194 3725 3183 3795">
     <span class='ocr_line' id='line_1_96' title="bbox 2194 3725 3183 3795; baseline 0.003 -15"><span class='ocrx_word' id='word_1_694' title='bbox 2194 3738 2447 3795; x_wconf 89' lang='lat' dir='ltr'><strong>corpora,</strong></span> <span class='ocrx_word' id='word_1_695' title='bbox 2477 3725 2574 3780; x_wconf 91' lang='lat' dir='ltr'><strong>sed</strong></span> <span class='ocrx_word' id='word_1_696' title='bbox 2602 3725 2798 3782; x_wconf 63' lang='lat' dir='ltr'><strong>anima:</strong></span> <span class='ocrx_word' id='word_1_697' title='bbox 2825 3727 3183 3784; x_wconf 88' lang='lat' dir='ltr'><strong>suscitantur.</strong></span> 
     </span>
    </p>
   </div>
   <div class='ocr_carea' id='block_1_97' title="bbox 2201 3834 3784 3920">
    <p class='ocr_par' dir='ltr' id='par_1_97' title="bbox 2201 3834 3784 3920">
     <span class='ocr_line' id='line_1_97' title="bbox 2201 3834 3784 3920; baseline 0.006 -31"><span class='ocrx_word' id='word_1_698' title='bbox 2201 3879 2205 3882; x_wconf 93' lang='lat'><strong>.</strong></span> <span class='ocrx_word' id='word_1_699' title='bbox 2265 3834 2333 3890; x_wconf 85' lang='lat' dir='ltr'><strong>Et</strong></span> <span class='ocrx_word' id='word_1_700' title='bbox 2353 3835 2611 3892; x_wconf 86' lang='lat' dir='ltr'><strong>Dominus</strong></span> <span class='ocrx_word' id='word_1_701' title='bbox 2631 3838 2839 3909; x_wconf 84' lang='lat' dir='ltr'><strong>quidem</strong></span> <span class='ocrx_word' id='word_1_702' title='bbox 2857 3838 2895 3893; x_wconf 79' lang='lat' dir='ltr'><strong><em>J</em></strong></span> <span class='ocrx_word' id='word_1_703' title='bbox 2897 3856 3015 3896; x_wconf 89' lang='lat' dir='ltr'><strong>esus</strong></span> <span class='ocrx_word' id='word_1_704' title='bbox 3033 3850 3308 3920; x_wconf 85' lang='lat' dir='ltr'><strong>postquam</strong></span> <span class='ocrx_word' id='word_1_705' title='bbox 3329 3841 3535 3898; x_wconf 81' lang='lat' dir='ltr'><strong>locutus</strong></span> <span class='ocrx_word' id='word_1_706' title='bbox 3555 3850 3656 3908; x_wconf 90' lang='lat' dir='ltr'><strong>est,</strong></span> <span class='ocrx_word' id='word_1_707' title='bbox 3679 3850 3784 3898; x_wconf 85' lang='lat' dir='ltr'><strong>etc.</strong></span> 
     </span>
    </p>
   </div>
   <div class='ocr_carea' id='block_1_98' title="bbox 2194 3926 3786 4003">
    <p class='ocr_par' dir='ltr' id='par_1_98' title="bbox 2194 3926 3786 4003">
     <span class='ocr_line' id='line_1_98' title="bbox 2194 3926 3786 4003; baseline 0.003 -20"><span class='ocrx_word' id='word_1_708' title='bbox 2194 3926 2659 3983; x_wconf 82' lang='lat' dir='ltr'><strong>Considerandum</strong></span> <span class='ocrx_word' id='word_1_709' title='bbox 2685 3929 2841 3984; x_wconf 89' lang='lat' dir='ltr'><strong>nobis</strong></span> <span class='ocrx_word' id='word_1_710' title='bbox 2865 3939 2971 3997; x_wconf 89' lang='lat' dir='ltr'><strong>est,</strong></span> <span class='ocrx_word' id='word_1_711' title='bbox 2996 3931 3127 4002; x_wconf 86' lang='lat' dir='ltr'><strong>quid</strong></span> <span class='ocrx_word' id='word_1_712' title='bbox 3158 3939 3241 3988; x_wconf 88' lang='lat' dir='ltr'><strong>est</strong></span> <span class='ocrx_word' id='word_1_713' title='bbox 3269 3933 3414 4003; x_wconf 90' lang='lat' dir='ltr'><strong>quod</strong></span> <span class='ocrx_word' id='word_1_714' title='bbox 3438 3932 3656 3988; x_wconf 87' lang='lat' dir='ltr'><strong>Marcus</strong></span> <span class='ocrx_word' id='word_1_715' title='bbox 3679 3934 3786 3987; x_wconf 86' lang='lat' dir='ltr'><strong>ait:</strong></span> 
     </span>
    </p>
   </div>
   <div class='ocr_carea' id='block_1_99' title="bbox 2196 4015 3788 4092">
    <p class='ocr_par' dir='ltr' id='par_1_99' title="bbox 2196 4015 3788 4092">
     <span class='ocr_line' id='line_1_99' title="bbox 2196 4015 3788 4092; baseline 0.004 -21"><span class='ocrx_word' id='word_1_716' title='bbox 2196 4015 2356 4072; x_wconf 90' lang='lat' dir='ltr'><strong>Sedet</strong></span> <span class='ocrx_word' id='word_1_717' title='bbox 2390 4034 2422 4070; x_wconf 90' lang='lat' dir='ltr'><strong>a</strong></span> <span class='ocrx_word' id='word_1_718' title='bbox 2444 4016 2644 4071; x_wconf 71' lang='lat' dir='ltr'><strong>dextris</strong></span> <span class='ocrx_word' id='word_1_719' title='bbox 2666 4017 2787 4086; x_wconf 88' lang='lat' dir='ltr'><strong>Dei,</strong></span> <span class='ocrx_word' id='word_1_720' title='bbox 2823 4028 2880 4074; x_wconf 91' lang='lat' dir='ltr'><strong>et</strong></span> <span class='ocrx_word' id='word_1_721' title='bbox 2906 4019 3214 4092; x_wconf 88' lang='lat' dir='ltr'><strong>Stephanus</strong></span> <span class='ocrx_word' id='word_1_722' title='bbox 3240 4021 3371 4078; x_wconf 90' lang='lat' dir='ltr'><strong>dicit</strong></span> <span class='ocrx_word' id='word_1_723' title='bbox 3395 4040 3408 4076; x_wconf 92' lang='lat'><strong>:</strong></span> <span class='ocrx_word' id='word_1_724' title='bbox 3444 4021 3608 4077; x_wconf 84' lang='lat' dir='ltr'><strong>Video</strong></span> <span class='ocrx_word' id='word_1_725' title='bbox 3631 4022 3788 4078; x_wconf 71' lang='lat' dir='ltr'><strong>celos</strong></span> 
     </span>
    </p>
   </div>
   <div class='ocr_carea' id='block_1_100' title="bbox 2193 4108 3786 4178">
    <p class='ocr_par' dir='ltr' id='par_1_100' title="bbox 2193 4108 3786 4178">
     <span class='ocr_line' id='line_1_100' title="bbox 2193 4108 3786 4178; baseline 0.005 -18"><span class='ocrx_word' id='word_1_726' title='bbox 2193 4115 2435 4178; x_wconf 86' lang='lat' dir='ltr'><strong>apertos,</strong></span> <span class='ocrx_word' id='word_1_727' title='bbox 2490 4116 2538 4162; x_wconf 90' lang='lat' dir='ltr'><strong>et</strong></span> <span class='ocrx_word' id='word_1_728' title='bbox 2582 4108 2755 4177; x_wconf 87' lang='lat' dir='ltr'><strong>ﬁlium</strong></span> <span class='ocrx_word' id='word_1_729' title='bbox 2802 4110 3028 4166; x_wconf 83' lang='lat' dir='ltr'><strong>hominis</strong></span> <span class='ocrx_word' id='word_1_730' title='bbox 3074 4121 3298 4167; x_wconf 86' lang='lat' dir='ltr'><strong>stantem</strong></span> <span class='ocrx_word' id='word_1_731' title='bbox 3349 4130 3382 4167; x_wconf 90' lang='lat' dir='ltr'><strong>a</strong></span> <span class='ocrx_word' id='word_1_732' title='bbox 3427 4112 3626 4168; x_wconf 70' lang='lat' dir='ltr'><strong>dextris</strong></span> <span class='ocrx_word' id='word_1_733' title='bbox 3665 4113 3786 4168; x_wconf 86' lang='lat' dir='ltr'><strong>Dei.</strong></span> 
     </span>
    </p>
   </div>
   <div class='ocr_carea' id='block_1_101' title="bbox 2193 4197 3788 4274">
    <p class='ocr_par' dir='ltr' id='par_1_101' title="bbox 2193 4197 3788 4274">
     <span class='ocr_line' id='line_1_101' title="bbox 2193 4197 3788 4274; baseline 0.005 -24"><span class='ocrx_word' id='word_1_734' title='bbox 2193 4197 2335 4264; x_wconf 85' lang='lat' dir='ltr'><strong>Quid</strong></span> <span class='ocrx_word' id='word_1_735' title='bbox 2364 4205 2478 4264; x_wconf 90' lang='lat' dir='ltr'><strong>est,</strong></span> <span class='ocrx_word' id='word_1_736' title='bbox 2515 4199 2660 4270; x_wconf 90' lang='lat' dir='ltr'><strong>quod</strong></span> <span class='ocrx_word' id='word_1_737' title='bbox 2694 4200 2840 4255; x_wconf 91' lang='lat' dir='ltr'><strong>hunc</strong></span> <span class='ocrx_word' id='word_1_738' title='bbox 2879 4200 3095 4258; x_wconf 88' lang='lat' dir='ltr'><strong>Marcus</strong></span> <span class='ocrx_word' id='word_1_739' title='bbox 3131 4203 3443 4269; x_wconf 91' lang='lat' dir='ltr'><strong>sedentem,</strong></span> <span class='ocrx_word' id='word_1_740' title='bbox 3479 4203 3788 4274; x_wconf 89' lang='lat' dir='ltr'><strong>Stephanus</strong></span> 
     </span>
    </p>
   </div>
   <div class='ocr_carea' id='block_1_102' title="bbox 2192 4291 3788 4366">
    <p class='ocr_par' dir='ltr' id='par_1_102' title="bbox 2192 4291 3788 4366">
     <span class='ocr_line' id='line_1_102' title="bbox 2192 4291 3788 4366; baseline 0.004 -24"><span class='ocrx_word' id='word_1_741' title='bbox 2192 4304 2323 4344; x_wconf 90' lang='lat' dir='ltr'><strong>vero</strong></span> <span class='ocrx_word' id='word_1_742' title='bbox 2363 4296 2595 4346; x_wconf 85' lang='lat' dir='ltr'><strong>stantem</strong></span> <span class='ocrx_word' id='word_1_743' title='bbox 2637 4305 2696 4346; x_wconf 88' lang='lat' dir='ltr'><strong>se</strong></span> <span class='ocrx_word' id='word_1_744' title='bbox 2739 4291 2942 4347; x_wconf 84' lang='lat' dir='ltr'><strong>vidisse</strong></span> <span class='ocrx_word' id='word_1_745' title='bbox 2967 4294 3235 4348; x_wconf 83' lang='lat' dir='ltr'><strong>testatur?</strong></span> <span class='ocrx_word' id='word_1_746' title='bbox 3276 4291 3385 4348; x_wconf 87' lang='lat' dir='ltr'><strong>Sed</strong></span> <span class='ocrx_word' id='word_1_747' title='bbox 3408 4294 3630 4360; x_wconf 87' lang='lat' dir='ltr'><strong>scimus,</strong></span> <span class='ocrx_word' id='word_1_748' title='bbox 3662 4296 3788 4366; x_wconf 84' lang='lat' dir='ltr'><strong>quia</strong></span> 
     </span>
    </p>
   </div>
   <div class='ocr_carea' id='block_1_103' title="bbox 2195 4381 3787 4457">
    <p class='ocr_par' dir='ltr' id='par_1_103' title="bbox 2195 4381 3787 4457">
     <span class='ocr_line' id='line_1_103' title="bbox 2195 4381 3787 4457; baseline 0.002 -21"><span class='ocrx_word' id='word_1_749' title='bbox 2195 4382 2383 4438; x_wconf 88' lang='lat' dir='ltr'><strong>sedere</strong></span> <span class='ocrx_word' id='word_1_750' title='bbox 2425 4381 2723 4452; x_wconf 86' lang='lat' dir='ltr'><strong>judicantis</strong></span> <span class='ocrx_word' id='word_1_751' title='bbox 2768 4393 2882 4450; x_wconf 90' lang='lat' dir='ltr'><strong>est,</strong></span> <span class='ocrx_word' id='word_1_752' title='bbox 2943 4393 3089 4441; x_wconf 87' lang='lat' dir='ltr'><strong>stare</strong></span> <span class='ocrx_word' id='word_1_753' title='bbox 3134 4401 3266 4441; x_wconf 90' lang='lat' dir='ltr'><strong>vero</strong></span> <span class='ocrx_word' id='word_1_754' title='bbox 3311 4386 3642 4457; x_wconf 78' lang='lat' dir='ltr'><strong>pugnantis,</strong></span> <span class='ocrx_word' id='word_1_755' title='bbox 3703 4385 3787 4441; x_wconf 86' lang='lat' dir='ltr'><strong>vel</strong></span> 
     </span>
    </p>
   </div>
   <div class='ocr_carea' id='block_1_104' title="bbox 2119 4473 3790 4576">
    <p class='ocr_par' dir='ltr' id='par_1_104' title="bbox 2119 4473 3790 4576">
     <span class='ocr_line' id='line_1_104' title="bbox 2119 4473 3790 4576; baseline 0.002 -48"><span class='ocrx_word' id='word_1_756' title='bbox 2119 4513 2174 4576; x_wconf 67' lang='grc' dir='ltr'><strong><em>Β</em></strong></span> <span class='ocrx_word' id='word_1_757' title='bbox 2200 4473 2503 4543; x_wconf 88' lang='lat' dir='ltr'><strong>adjuvantis</strong></span> <span class='ocrx_word' id='word_1_758' title='bbox 2552 4482 2653 4530; x_wconf 89' lang='lat' dir='ltr'><strong>est.</strong></span> <span class='ocrx_word' id='word_1_759' title='bbox 2725 4475 2862 4543; x_wconf 89' lang='lat' dir='ltr'><strong>Quia</strong></span> <span class='ocrx_word' id='word_1_760' title='bbox 2911 4476 3080 4548; x_wconf 85' lang='lat' dir='ltr'><strong>igitur</strong></span> <span class='ocrx_word' id='word_1_761' title='bbox 3119 4478 3429 4548; x_wconf 85' lang='lat' dir='ltr'><strong>redemptor</strong></span> <span class='ocrx_word' id='word_1_762' title='bbox 3470 4485 3658 4532; x_wconf 88' lang='lat' dir='ltr'><strong>noster</strong></span> <span class='ocrx_word' id='word_1_763' title='bbox 3703 4493 3790 4532; x_wconf 88' lang='lat' dir='ltr'><strong>as-</strong></span> 
     </span>
    </p>
   </div>
   <div class='ocr_carea' id='block_1_105' title="bbox 2203 4564 3791 4638">
    <p class='ocr_par' dir='ltr' id='par_1_105' title="bbox 2203 4564 3791 4638">
     <span class='ocr_line' id='line_1_105' title="bbox 2203 4564 3791 4638; baseline 0.001 -18"><span class='ocrx_word' id='word_1_764' title='bbox 2203 4575 2450 4635; x_wconf 89' lang='lat' dir='ltr'><strong>sumptus</strong></span> <span class='ocrx_word' id='word_1_765' title='bbox 2496 4565 2552 4620; x_wconf 89' lang='lat' dir='ltr'><strong>in</strong></span> <span class='ocrx_word' id='word_1_766' title='bbox 2599 4564 2818 4632; x_wconf 70' lang='lat' dir='ltr'><strong>ctelum,</strong></span> <span class='ocrx_word' id='word_1_767' title='bbox 2867 4574 2924 4622; x_wconf 92' lang='lat' dir='ltr'><strong>et</strong></span> <span class='ocrx_word' id='word_1_768' title='bbox 2970 4581 3116 4623; x_wconf 91' lang='lat' dir='ltr'><strong>nunc</strong></span> <span class='ocrx_word' id='word_1_769' title='bbox 3153 4568 3337 4623; x_wconf 90' lang='lat' dir='ltr'><strong>omnia</strong></span> <span class='ocrx_word' id='word_1_770' title='bbox 3365 4567 3592 4638; x_wconf 89' lang='lat' dir='ltr'><strong>judicat,</strong></span> <span class='ocrx_word' id='word_1_771' title='bbox 3623 4575 3682 4621; x_wconf 89' lang='lat' dir='ltr'><strong>et</strong></span> <span class='ocrx_word' id='word_1_772' title='bbox 3723 4567 3791 4622; x_wconf 90' lang='lat' dir='ltr'><strong>ad</strong></span> 
     </span>
    </p>
   </div>
   <div class='ocr_carea' id='block_1_106' title="bbox 2203 4657 3792 4731">
    <p class='ocr_par' dir='ltr' id='par_1_106' title="bbox 2203 4657 3792 4731">
     <span class='ocr_line' id='line_1_106' title="bbox 2203 4657 3792 4731; baseline 0.001 -16"><span class='ocrx_word' id='word_1_773' title='bbox 2203 4669 2510 4716; x_wconf 75' lang='lat' dir='ltr'><strong>extremm</strong></span> <span class='ocrx_word' id='word_1_774' title='bbox 2545 4657 2712 4729; x_wconf 84' lang='lat' dir='ltr'><strong>judex</strong></span> <span class='ocrx_word' id='word_1_775' title='bbox 2757 4660 3001 4715; x_wconf 91' lang='lat' dir='ltr'><strong>omnium</strong></span> <span class='ocrx_word' id='word_1_776' title='bbox 3040 4661 3247 4726; x_wconf 88' lang='lat' dir='ltr'><strong>veniet,</strong></span> <span class='ocrx_word' id='word_1_777' title='bbox 3281 4670 3336 4717; x_wconf 92' lang='lat' dir='ltr'><strong>et</strong></span> <span class='ocrx_word' id='word_1_778' title='bbox 3365 4661 3511 4716; x_wconf 90' lang='lat' dir='ltr'><strong>hunc</strong></span> <span class='ocrx_word' id='word_1_779' title='bbox 3545 4668 3671 4731; x_wconf 89' lang='lat' dir='ltr'><strong>post</strong></span> <span class='ocrx_word' id='word_1_780' title='bbox 3705 4675 3792 4716; x_wconf 84' lang='lat' dir='ltr'><strong>as-</strong></span> 
     </span>
    </p>
   </div>
   <div class='ocr_carea' id='block_1_107' title="bbox 2203 4751 3793 4824">
    <p class='ocr_par' dir='ltr' id='par_1_107' title="bbox 2203 4751 3793 4824">
     <span class='ocr_line' id='line_1_107' title="bbox 2203 4751 3793 4824; baseline 0 -18"><span class='ocrx_word' id='word_1_781' title='bbox 2203 4751 2568 4822; x_wconf 89' lang='lat' dir='ltr'><strong>sumptionem</strong></span> <span class='ocrx_word' id='word_1_782' title='bbox 2617 4751 2834 4807; x_wconf 87' lang='lat' dir='ltr'><strong>Marcus</strong></span> <span class='ocrx_word' id='word_1_783' title='bbox 2896 4753 3084 4810; x_wconf 90' lang='lat' dir='ltr'><strong>sedere</strong></span> <span class='ocrx_word' id='word_1_784' title='bbox 3141 4753 3436 4819; x_wconf 90' lang='lat' dir='ltr'><strong>describit,</strong></span> <span class='ocrx_word' id='word_1_785' title='bbox 3482 4753 3610 4822; x_wconf 90' lang='lat' dir='ltr'><strong>quia</strong></span> <span class='ocrx_word' id='word_1_786' title='bbox 3668 4761 3793 4824; x_wconf 87' lang='lat' dir='ltr'><strong>post</strong></span> 
     </span>
    </p>
   </div>
   <div class='ocr_carea' id='block_1_108' title="bbox 2203 4841 3788 4913">
    <p class='ocr_par' dir='ltr' id='par_1_108' title="bbox 2203 4841 3788 4913">
     <span class='ocr_line' id='line_1_108' title="bbox 2203 4841 3788 4913; baseline -0.001 -15"><span class='ocrx_word' id='word_1_787' title='bbox 2203 4842 2538 4898; x_wconf 89' lang='lat' dir='ltr'><strong>ascensionis</strong></span> <span class='ocrx_word' id='word_1_788' title='bbox 2582 4857 2693 4898; x_wconf 71' lang='lat' dir='ltr'><strong>suae</strong></span> <span class='ocrx_word' id='word_1_789' title='bbox 2738 4843 2988 4913; x_wconf 89' lang='lat' dir='ltr'><strong>gloriam,</strong></span> <span class='ocrx_word' id='word_1_790' title='bbox 3027 4842 3194 4912; x_wconf 80' lang='lat' dir='ltr'><strong>judex</strong></span> <span class='ocrx_word' id='word_1_791' title='bbox 3243 4845 3299 4899; x_wconf 89' lang='lat' dir='ltr'><strong>in</strong></span> <span class='ocrx_word' id='word_1_792' title='bbox 3344 4843 3451 4897; x_wconf 91' lang='lat' dir='ltr'><strong>ﬁne</strong></span> <span class='ocrx_word' id='word_1_793' title='bbox 3493 4841 3788 4897; x_wconf 89' lang='lat' dir='ltr'><strong>videbitur.</strong></span> 
     </span>
    </p>
   </div>
   <div class='ocr_carea' id='block_1_109' title="bbox 2204 4933 3792 5008">
    <p class='ocr_par' dir='ltr' id='par_1_109' title="bbox 2204 4933 3792 5008">
     <span class='ocr_line' id='line_1_109' title="bbox 2204 4933 3792 5008; baseline 0.001 -19"><span class='ocrx_word' id='word_1_794' title='bbox 2204 4933 2512 5005; x_wconf 88' lang='lat' dir='ltr'><strong>Stephanus</strong></span> <span class='ocrx_word' id='word_1_795' title='bbox 2550 4949 2681 4990; x_wconf 92' lang='lat' dir='ltr'><strong>vero</strong></span> <span class='ocrx_word' id='word_1_796' title='bbox 2717 4937 2772 4990; x_wconf 91' lang='lat' dir='ltr'><strong>in</strong></span> <span class='ocrx_word' id='word_1_797' title='bbox 2810 4937 3013 4994; x_wconf 90' lang='lat' dir='ltr'><strong>laboris</strong></span> <span class='ocrx_word' id='word_1_798' title='bbox 3051 4938 3348 4994; x_wconf 86' lang='lat' dir='ltr'><strong>certamine</strong></span> <span class='ocrx_word' id='word_1_799' title='bbox 3381 4936 3616 5008; x_wconf 88' lang='lat' dir='ltr'><strong>positus,</strong></span> <span class='ocrx_word' id='word_1_800' title='bbox 3641 4944 3792 4991; x_wconf 82' lang='lat' dir='ltr'><strong>stan-</strong></span> 
     </span>
    </p>
   </div>
   <div class='ocr_carea' id='block_1_110' title="bbox 2198 5025 3790 5100">
    <p class='ocr_par' dir='ltr' id='par_1_110' title="bbox 2198 5025 3790 5100">
     <span class='ocr_line' id='line_1_110' title="bbox 2198 5025 3790 5100; baseline 0 -18"><span class='ocrx_word' id='word_1_801' title='bbox 2198 5035 2307 5082; x_wconf 90' lang='lat' dir='ltr'><strong>tem</strong></span> <span class='ocrx_word' id='word_1_802' title='bbox 2335 5025 2492 5092; x_wconf 92' lang='lat' dir='ltr'><strong>vidit,</strong></span> <span class='ocrx_word' id='word_1_803' title='bbox 2529 5041 2692 5097; x_wconf 90' lang='lat' dir='ltr'><strong>quem</strong></span> <span class='ocrx_word' id='word_1_804' title='bbox 2727 5027 3030 5098; x_wconf 88' lang='lat' dir='ltr'><strong>adjutorem</strong></span> <span class='ocrx_word' id='word_1_805' title='bbox 3070 5030 3292 5096; x_wconf 88' lang='lat' dir='ltr'><strong>habuit,</strong></span> <span class='ocrx_word' id='word_1_806' title='bbox 3333 5030 3459 5100; x_wconf 91' lang='lat' dir='ltr'><strong>quia</strong></span> <span class='ocrx_word' id='word_1_807' title='bbox 3496 5035 3560 5083; x_wconf 91' lang='lat' dir='ltr'><strong>ut</strong></span> <span class='ocrx_word' id='word_1_808' title='bbox 3594 5027 3699 5083; x_wconf 87' lang='lat' dir='ltr'><strong>iste</strong></span> <span class='ocrx_word' id='word_1_809' title='bbox 3731 5027 3790 5082; x_wconf 90' lang='lat' dir='ltr'><strong>in</strong></span> 
     </span>
    </p>
   </div>
   <div class='ocr_carea' id='block_1_111' title="bbox 2199 5119 3789 5190">
    <p class='ocr_par' dir='ltr' id='par_1_111' title="bbox 2199 5119 3789 5190">
     <span class='ocr_line' id='line_1_111' title="bbox 2199 5119 3789 5190; baseline 0 -16"><span class='ocrx_word' id='word_1_810' title='bbox 2199 5128 2345 5174; x_wconf 90' lang='lat' dir='ltr'><strong>terra</strong></span> <span class='ocrx_word' id='word_1_811' title='bbox 2390 5127 2800 5189; x_wconf 88' lang='lat' dir='ltr'><strong>persecutorum</strong></span> <span class='ocrx_word' id='word_1_812' title='bbox 2849 5119 3222 5177; x_wconf 88' lang='lat' dir='ltr'><strong>inﬁdelitatem</strong></span> <span class='ocrx_word' id='word_1_813' title='bbox 3269 5121 3530 5186; x_wconf 89' lang='lat' dir='ltr'><strong>vinceret,</strong></span> <span class='ocrx_word' id='word_1_814' title='bbox 3558 5135 3660 5190; x_wconf 90' lang='lat' dir='ltr'><strong>pro</strong></span> <span class='ocrx_word' id='word_1_815' title='bbox 3696 5119 3789 5175; x_wconf 92' lang='lat' dir='ltr'><strong>illo</strong></span> 
     </span>
    </p>
   </div>
   <div class='ocr_carea' id='block_1_112' title="bbox 2199 5208 3118 5285">
    <p class='ocr_par' dir='ltr' id='par_1_112' title="bbox 2199 5208 3118 5285">
     <span class='ocr_line' id='line_1_112' title="bbox 2199 5208 3118 5285; baseline 0.001 -20"><span class='ocrx_word' id='word_1_816' title='bbox 2199 5209 2268 5265; x_wconf 91' lang='lat' dir='ltr'><strong>de</strong></span> <span class='ocrx_word' id='word_1_817' title='bbox 2298 5208 2437 5266; x_wconf 61' lang='lat' dir='ltr'><strong>calo</strong></span> <span class='ocrx_word' id='word_1_818' title='bbox 2465 5209 2611 5266; x_wconf 91' lang='lat' dir='ltr'><strong>illius</strong></span> <span class='ocrx_word' id='word_1_819' title='bbox 2637 5212 2812 5283; x_wconf 87' lang='lat' dir='ltr'><strong>gratia</strong></span> <span class='ocrx_word' id='word_1_820' title='bbox 2838 5213 3118 5285; x_wconf 86' lang='lat' dir='ltr'><strong>pugnavit.</strong></span> 
     </span>
    </p>
   </div>
   <div class='ocr_carea' id='block_1_113' title="bbox 2272 5299 3789 5374">
    <p class='ocr_par' dir='ltr' id='par_1_113' title="bbox 2272 5299 3789 5374">
     <span class='ocr_line' id='line_1_113' title="bbox 2272 5299 3789 5374; baseline 0.001 -20"><span class='ocrx_word' id='word_1_821' title='bbox 2272 5299 2366 5355; x_wconf 87' lang='lat' dir='ltr'><strong>Illi</strong></span> <span class='ocrx_word' id='word_1_822' title='bbox 2393 5310 2566 5356; x_wconf 89' lang='lat' dir='ltr'><strong>autem</strong></span> <span class='ocrx_word' id='word_1_823' title='bbox 2587 5302 2808 5373; x_wconf 81' lang='lat' dir='ltr'><strong>profecti</strong></span> <span class='ocrx_word' id='word_1_824' title='bbox 2827 5303 3267 5374; x_wconf 74' lang='lat' dir='ltr'><strong>prwdicaverunt,</strong></span> <span class='ocrx_word' id='word_1_825' title='bbox 3295 5312 3403 5361; x_wconf 86' lang='lat' dir='ltr'><strong>etc.</strong></span> <span class='ocrx_word' id='word_1_826' title='bbox 3443 5302 3585 5372; x_wconf 88' lang='lat' dir='ltr'><strong>Quid</strong></span> <span class='ocrx_word' id='word_1_827' title='bbox 3619 5302 3676 5358; x_wconf 88' lang='lat' dir='ltr'><strong>in</strong></span> <span class='ocrx_word' id='word_1_828' title='bbox 3701 5301 3789 5356; x_wconf 85' lang='lat' dir='ltr'><strong>his</strong></span> 
     </span>
    </p>
   </div>
   <div class='ocr_carea' id='block_1_114' title="bbox 2199 5394 3785 5466">
    <p class='ocr_par' dir='ltr' id='par_1_114' title="bbox 2199 5394 3785 5466">
     <span class='ocr_line' id='line_1_114' title="bbox 2199 5394 3785 5466; baseline -0.001 -15"><span class='ocrx_word' id='word_1_829' title='bbox 2199 5394 2654 5451; x_wconf 89' lang='lat' dir='ltr'><strong>considerandum</strong></span> <span class='ocrx_word' id='word_1_830' title='bbox 2678 5403 2781 5461; x_wconf 90' lang='lat' dir='ltr'><strong>est,</strong></span> <span class='ocrx_word' id='word_1_831' title='bbox 2811 5397 2942 5466; x_wconf 89' lang='lat' dir='ltr'><strong>quid</strong></span> <span class='ocrx_word' id='word_1_832' title='bbox 2971 5399 3247 5454; x_wconf 75' lang='lat' dir='ltr'><strong>memorize</strong></span> <span class='ocrx_word' id='word_1_833' title='bbox 3275 5395 3785 5460; x_wconf 84' lang='lat' dir='ltr'><strong>commendandum,</strong></span> 
     </span>
    </p>
   </div>
   <div class='ocr_carea' id='block_1_115' title="bbox 2199 5484 3789 5556">
    <p class='ocr_par' dir='ltr' id='par_1_115' title="bbox 2199 5484 3789 5556">
     <span class='ocr_line' id='line_1_115' title="bbox 2199 5484 3789 5556; baseline 0.001 -18"><span class='ocrx_word' id='word_1_834' title='bbox 2199 5484 2306 5539; x_wconf 87' lang='lat' dir='ltr'><strong>nisi</strong></span> <span class='ocrx_word' id='word_1_835' title='bbox 2327 5484 2469 5553; x_wconf 90' lang='lat' dir='ltr'><strong>quod</strong></span> <span class='ocrx_word' id='word_1_836' title='bbox 2497 5495 2828 5556; x_wconf 70' lang='lat' dir='ltr'><strong>pmceptum</strong></span> <span class='ocrx_word' id='word_1_837' title='bbox 2863 5489 3202 5544; x_wconf 76' lang='lat' dir='ltr'><strong>obedientize.</strong></span> <span class='ocrx_word' id='word_1_838' title='bbox 3245 5487 3618 5546; x_wconf 90' lang='lat' dir='ltr'><strong>Obedientiam</strong></span> <span class='ocrx_word' id='word_1_839' title='bbox 3655 5501 3789 5541; x_wconf 88' lang='lat' dir='ltr'><strong>vero</strong></span> 
     </span>
    </p>
   </div>
   <div class='ocr_carea' id='block_1_116' title="bbox 2199 5575 3785 5650">
    <p class='ocr_par' dir='ltr' id='par_1_116' title="bbox 2199 5575 3785 5650">
     <span class='ocr_line' id='line_1_116' title="bbox 2199 5575 3785 5650; baseline 0.003 -21"><span class='ocrx_word' id='word_1_840' title='bbox 2199 5575 2354 5647; x_wconf 89' lang='lat' dir='ltr'><strong>signa</strong></span> <span class='ocrx_word' id='word_1_841' title='bbox 2380 5584 2565 5631; x_wconf 81' lang='lat' dir='ltr'><strong>secuta</strong></span> <span class='ocrx_word' id='word_1_842' title='bbox 2594 5585 2741 5632; x_wconf 88' lang='lat' dir='ltr'><strong>sunt.</strong></span> <span class='ocrx_word' id='word_1_843' title='bbox 2775 5578 2964 5635; x_wconf 80' lang='lat' dir='ltr'><strong>Restat</strong></span> <span class='ocrx_word' id='word_1_844' title='bbox 2991 5595 3122 5635; x_wconf 88' lang='lat' dir='ltr'><strong>sane</strong></span> <span class='ocrx_word' id='word_1_845' title='bbox 3147 5580 3376 5650; x_wconf 58' lang='lat' dir='ltr'><strong>quaestio</strong></span> <span class='ocrx_word' id='word_1_846' title='bbox 3405 5594 3513 5635; x_wconf 90' lang='lat' dir='ltr'><strong>non</strong></span> <span class='ocrx_word' id='word_1_847' title='bbox 3537 5578 3785 5641; x_wconf 88' lang='lat' dir='ltr'><strong>minima,</strong></span> 
     </span>
    </p>
   </div>
   <div class='ocr_carea' id='block_1_117' title="bbox 2197 5667 3789 5739">
    <p class='ocr_par' dir='ltr' id='par_1_117' title="bbox 2197 5667 3789 5739">
     <span class='ocr_line' id='line_1_117' title="bbox 2197 5667 3789 5739; baseline 0.001 -19"><span class='ocrx_word' id='word_1_848' title='bbox 2197 5668 2466 5736; x_wconf 91' lang='lat' dir='ltr'><strong>quomodo</strong></span> <span class='ocrx_word' id='word_1_849' title='bbox 2502 5667 2781 5738; x_wconf 85' lang='lat' dir='ltr'><strong>scripserit</strong></span> <span class='ocrx_word' id='word_1_850' title='bbox 2819 5669 2962 5725; x_wconf 89' lang='lat' dir='ltr'><strong>idem</strong></span> <span class='ocrx_word' id='word_1_851' title='bbox 2997 5669 3347 5739; x_wconf 88' lang='lat' dir='ltr'><strong>evangelista,</strong></span> <span class='ocrx_word' id='word_1_852' title='bbox 3381 5669 3584 5725; x_wconf 89' lang='lat' dir='ltr'><strong>dixisse</strong></span> <span class='ocrx_word' id='word_1_853' title='bbox 3620 5681 3789 5736; x_wconf 81' lang='lat' dir='ltr'><strong>ange-</strong></span> 
     </span>
    </p>
   </div>
   <div class='ocr_carea' id='block_1_118' title="bbox 2198 5758 3784 5833">
    <p class='ocr_par' dir='ltr' id='par_1_118' title="bbox 2198 5758 3784 5833">
     <span class='ocr_line' id='line_1_118' title="bbox 2198 5758 3784 5833; baseline 0 -19"><span class='ocrx_word' id='word_1_854' title='bbox 2198 5758 2310 5815; x_wconf 92' lang='lat' dir='ltr'><strong>lum</strong></span> <span class='ocrx_word' id='word_1_855' title='bbox 2339 5759 2696 5818; x_wconf 88' lang='lat' dir='ltr'><strong>mulieribus:</strong></span> <span class='ocrx_word' id='word_1_856' title='bbox 2722 5761 2826 5829; x_wconf 90' lang='lat' dir='ltr'><strong>Ite,</strong></span> <span class='ocrx_word' id='word_1_857' title='bbox 2870 5764 3028 5819; x_wconf 85' lang='lat' dir='ltr'><strong>dicite</strong></span> <span class='ocrx_word' id='word_1_858' title='bbox 3068 5761 3340 5833; x_wconf 86' lang='lat' dir='ltr'><strong>discipulis</strong></span> <span class='ocrx_word' id='word_1_859' title='bbox 3375 5763 3491 5833; x_wconf 86' lang='lat' dir='ltr'><strong>ejus</strong></span> <span class='ocrx_word' id='word_1_860' title='bbox 3529 5769 3577 5816; x_wconf 86' lang='lat' dir='ltr'><strong>et</strong></span> <span class='ocrx_word' id='word_1_861' title='bbox 3599 5758 3784 5823; x_wconf 85' lang='lat' dir='ltr'><strong>Petro,</strong></span> 
     </span>
    </p>
   </div>
  </div>
