4030 6454
250 383 360 441 513

1068 357 1586 423 COLLECTIONES
1621 358 1690 414 1N
1727 353 2105 413 EPISTOLAS
2143 351 2232 408 ET
2270 349 2680 407 EVANGELIA.

3387 347 3494 402 5M

247 499 377 572 quia
417 493 673 568 praecum
715 505 806 546 vos
849 488 907 543 in
938 484 1247 550 Galilaeam;
1289 483 1363 538 ibi
1403 495 1522 536 eum
1563 476 1820 541 videbitis,
1848 478 1903 538 Α
1926 481 2135 538 avocat,
2163 479 2221 526 ut
2251 470 2394 526 aliud
2425 469 2719 524 habeamus
2765 467 2821 522 in
2859 467 3039 534 corde,
3071 477 3125 524 et
3147 469 3290 526 aliud
3317 461 3498 540 prdie-

247 565 386 647 sicut
417 565 552 642 dixit
585 583 755 646 vobis,
794 594 894 636 nec
930 585 1109 634 tamen
1156 575 1231 631 ibi
1267 574 1441 628 visum
1482 585 1513 624 a
1547 565 1824 638 discipulis

248 681 571 743 Dominum,
618 676 673 731 in
709 673 818 728 ullo
849 676 972 742 post
1005 670 1121 724 haec
1154 663 1427 736 Evangelii
1467 661 1548 716 sui
1587 659 1706 714 loco
1742 670 1826 710 re-

247 774 460 838 tulerit,
491 770 585 827 sed
609 767 751 839 quod
784 767 857 821 ita
891 765 959 819 ab
984 759 1174 834 angelo
1205 765 1261 814 et
1302 773 1334 812 a
1359 753 1587 810 Domino
1621 751 1827 806 dictum

251 869 326 924 sit
351 862 646 937 prophetiae
672 860 872 915 dictum
893 853 1264 926 accipiendum
1291 857 1377 905 est
1401 867 1412 902 :
1435 846 1652 903 Galilaaa
1673 857 1826 897 nam-

251 934 369 1030 que
398 934 785 1024 interpretatur
811 945 1215 1016 transmigratio
1238 941 1325 996 vel
1364 938 1650 1001 revelatio;
1676 934 1828 1004 prius

251 1029 440 1120 itaque
485 1041 780 1102 secundum
824 1033 1315 1108 transmigrationis
1359 1029 1826 1102 significationem,

251 1119 386 1213 quid
429 1136 574 1193 aliud
618 1132 855 1190 occurrit
902 1127 1328 1199 intelligendum,
1360 1120 1616 1195 praecedet
1650 1135 1741 1174 vos
1773 1119 1829 1172 in

253 1232 556 1296 Galilwam,
595 1230 668 1283 ibi
707 1244 825 1283 eum
865 1225 1123 1290 videbitis,
1171 1224 1308 1278 sicut
1349 1220 1486 1274 dixit
1523 1217 1684 1282 vobis,
1726 1214 1831 1270 nisi

253 1325 384 1396 quia
405 1322 607 1378 Christi
641 1320 815 1392 gratia
846 1318 914 1372 de
946 1316 1142 1389 populo
1178 1312 1344 1370 Israel
1381 1310 1833 1378 transmigratura

253 1421 375 1470 erat
409 1412 477 1468 ad
508 1419 725 1481 gentes,
758 1410 957 1480 quibus
991 1405 1220 1479 apostoli
1266 1403 1625 1475 praedicantes
1657 1399 1835 1453 Evan-

254 1507 482 1578 gelium,
509 1503 655 1559 nullo
681 1503 841 1558 modo
867 1501 1170 1565 crederent,
1193 1497 1298 1552 nisi
1327 1496 1406 1552 eis
1435 1495 1549 1564 ipse
1573 1491 1836 1547 Dominus

254 1599 403 1653 viam
438 1597 495 1650 in
527 1594 781 1652 cordibus
808 1593 1086 1649 hominum
1125 1586 1494 1661 prmpararet?
1528 1585 1595 1639 Et
1620 1586 1724 1638 hoc
1747 1583 1834 1636 in-

257 1689 581 1760 telligimus,
621 1685 876 1757 praecedet
914 1699 1005 1738 vos
1043 1683 1100 1737 in
1123 1679 1419 1736 Galilaeam.
1469 1676 1624 1743 Quod
1653 1681 1836 1729 autem

257 1781 586 1836 mirarentur
614 1776 909 1846 gaudentes
935 1773 1192 1843 disruptis
1215 1778 1269 1825 et
1295 1769 1488 1826 evictis
1514 1765 1830 1822 difﬁcultati--

1925 580 2107 621 ramus
2143 563 2200 617 in
2221 577 2372 626 voce,
2405 576 2525 616 cum
2555 559 2850 615 intentione
2874 560 3082 616 sincera
3110 560 3278 616 Deum
3306 561 3497 616 debeat

1925 672 2033 713 non
2058 670 2222 710 sonus
2249 653 2416 718 vocis,
2446 652 2540 707 sed
2567 651 2758 707 animae
2787 667 2978 707 sensus
3009 666 3187 708 orare.

1995 769 2128 824 Ante
2157 766 2332 822 omnia
2362 773 2535 818 autem
2562 775 2799 818 mutuam
2830 764 2886 817 in
2912 763 3289 834 nobismetipsis
3321 763 3499 817 chari-

1927 870 2084 916 tatem
2121 855 2715 914 continuam'habentes.
2766 854 2912 910 Bene
2947 856 3122 922 addit,
3158 855 3494 921 continuam,

1927 967 2034 1022 qua
2068 964 2278 1019 semper
2305 947 2525 1018 diligere
2560 945 2838 1000 valeamus
2859 987 2874 1011 ,
2907 961 3118 1015 semper
3153 954 3330 1001 autem
3367 944 3505 1015 vigi-

1930 1044 2042 1098 lare
2085 1043 2141 1096 in
2178 1041 2530 1104 orationibus,
2574 1038 2861 1110 fragilitate
2897 1038 3077 1092 carnis
3113 1038 3382 1103 obstante,
3411 1051 3506 1092 nep

1930 1135 2166 1205 quimus.
2211 1131 2438 1203 Semper
2477 1132 2583 1197 his,
2617 1147 2753 1201 quas
2788 1127 3083 1200 subjungit,
3112 1130 3400 1185 virtutibus
3424 1130 3508 1184 in-

1930 1225 2124 1280 sistere
2173 1224 2394 1278 minime
2438 1223 2735 1278 valeamus.
2789 1222 2915 1277 ldeo
2962 1219 3316 1289 hospitalitati
3344 1261 3360 1285 ,
3415 1220 3510 1275 do-

1931 1317 2144 1381 ctrinae,
2186 1315 2642 1370 administrationi
2695 1314 3014 1384 gratiarum,
3055 1311 3140 1366 vel
3175 1313 3512 1368 communio—

1933 1422 2063 1461 num
2097 1405 2181 1460 vel
2216 1404 2541 1474 spiritalium
2574 1405 2629 1459 in
2655 1403 2951 1472 proximos,
2981 1402 3298 1471 casterisque
3328 1400 3513 1469 hujus-

1934 1498 2102 1562 modi,
2137 1496 2262 1567 quia
2295 1497 2412 1552 haec
2450 1495 2729 1561 nimirum,
2759 1503 2816 1548 et
2851 1508 2950 1564 per
2987 1491 3222 1548 ofﬁcium
3270 1489 3514 1560 corporis

1934 1602 1989 1650 et
2021 1601 2266 1661 tempora
2303 1598 2604 1661 opportuna
2630 1588 2750 1644 ﬁeri
2775 1603 3001 1643 necesse
3045 1594 3147 1643 est.
3184 1586 3303 1655 Ipsa
3334 1592 3517 1639 autem

1937 1686 2197 1751 charitas,
2238 1685 2392 1755 cujus
2439 1682 2719 1748 instinctu,
2762 1682 2880 1737 haec
2920 1680 3068 1736 foras
3113 1685 3366 1749 aguntur,
3397 1689 3518 1744 qua:

1937 1779 2187 1834 interiori
2236 1776 2442 1831 homini
2483 1775 2762 1846 praesidet,
2820 1788 3034 1844 semper
3083 1770 3284 1826 ibidem
3328 1765 3520 1823 haberi

257 1873 383 1938 bus,
413 1869 610 1940 aperiri
646 1867 750 1923 sibi
780 1866 981 1921 ostium
1021 1864 1078 1918 in
1106 1863 1335 1918 Domino
1361 1875 1462 1931 per
1487 1858 1838 1914 illuminatio-
1864 1852 1911 1913 B
1939 1879 2152 1943 potest,
2197 1868 2444 1939 quamvis
2489 1868 2545 1922 in
2580 1866 2856 1938 publicum
2897 1879 3010 1920 ηοη
3056 1875 3270 1931 semper
3308 1855 3521 1915 οειεηάί

257 1977 389 2019 nem
419 1960 683 2024 ﬁdelium,
716 1958 821 2014 hoc
853 1955 1192 2025 intelligitur,
1224 1954 1296 2008 ibi
1335 1969 1454 2006 eum
1487 1949 1745 2013 videbitis,
1782 1949 1839 2003 id

259 2069 369 2124 est,
399 2059 642 2114 membra
675 2057 794 2128 ejus
829 2053 1147 2118 invenietis,
1181 2051 1254 2106 ibi
1294 2058 1350 2106 et
1402 2048 1476 2103 ibi
1511 2049 1691 2102 vivum
1720 2061 1842 2100 cor-

258 2164 365 2219 pus
403 2149 519 2218 ejus
556 2157 611 2204 et
658 2148 713 2203 in
749 2147 829 2202 eis
862 2145 955 2216 qui
990 2160 1086 2200 vos
1134 2141 1474 2210 susceperint
1515 2137 1838 2209 agnoscetis.

263 2241 576 2298 Secundum
614 2239 743 2296 illud
780 2247 991 2302 autem,
1035 2235 1176 2305 quod
1200 2233 1419 2289 Galilaea
1456 2231 1845 2299 interpretatur

261 2333 554 2397 revelatio,
595 2348 704 2386 non
747 2329 864 2399 jam
912 2329 968 2382 in
1020 2325 1194 2381 forma
1243 2322 1384 2378 servi
1438 2318 1846 2388 intelligendum

262 2433 370 2490 est,
405 2425 501 2480 sed
530 2426 584 2478 in
613 2423 706 2476 illa
742 2437 849 2492 qna
877 2417 1100 2489 aequalis
1128 2423 1211 2470 est
1233 2414 1398 2485 patri,
1430 2413 1574 2481 quod
1600 2409 1850 2480 promisit

265 2514 413 2584 apud
438 2511 702 2568 Joannem
737 2508 1088 2565 dilectoribus
1134 2505 1267 2569 suis,
1316 2518 1439 2558 cum
1485 2501 1732 2556 diceret:
1778 2497 1849 2552 Et

263 2620 362 2676 ego
383 2603 599 2673 diligam
629 2619 780 2667 eum,
821 2608 870 2653 et
903 2597 1174 2652 ostendam
1205 2594 1457 2663 meipsum
1494 2589 1591 2644 illi.
1627 2589 1719 2644 Illa
1748 2587 1853 2643 erit

265 2695 532 2753 revelatio
565 2702 819 2763 tanquam
850 2705 981 2746 vera
1011 2687 1253 2753 Galilaea,
1289 2701 1409 2739 cum
1441 2681 1636 2739 similes
1671 2681 1718 2735 ei
1749 2682 1851 2734 eri-

266 2807 409 2854 mus,
443 2787 530 2841 ubi
561 2803 678 2841 eum
719 2784 1002 2840 videbimus
1043 2781 1196 2837 sicuti
1239 2788 1332 2833 est.
1377 2776 1496 2846 Ipsa
1543 2775 1653 2830 erit
1687 2773 1851 2828 etiam

268 2881 482 2938 beatior
512 2876 917 2948 transmigratio
951 2889 1021 2929 ex
1053 2873 1159 2928 isto
1192 2869 1390 2926 saeculo
1428 2867 1482 2921 in
1517 2866 1664 2921 illam
1696 2872 1855 2918 aeter-

271 2972 520 3036 nitatem,
561 2969 606 3024 si
645 2967 763 3037 ejus
795 2974 1064 3036 praecepta
1101 2963 1181 3019 sic
1227 2960 1638 3031 amplectamur,
1685 2963 1747 3010 ut
1786 2955 1854 3010 ad

273 3065 524 3120 dextram
551 3062 668 3133 ejus
696 3059 966 3132 segregari
992 3071 1318 3113 mercamur.
1349 3053 1501 3108 Tunc
1525 3051 1670 3106 enim
1700 3049 1856 3104 ibunt

275 3152 483 3211 sinistri
523 3154 578 3208 in
613 3151 1043 3209 combustionem
1085 3156 1342 3204 aeternam
1365 3184 1380 3210 ,
1411 3142 1543 3213 justi
1579 3149 1758 3196 autem
1797 3141 1854 3195 in

276 3246 448 3300 vitam
479 3236 756 3300 aeternam.

912 3344 1227 3387 CONCORDIA.

351 3445 412 3500 In
440 3444 803 3515 assumptione
843 3441 1175 3498 ascensionis
1203 3435 1438 3504 Domini,
1471 3437 1698 3491 istarum
1725 3431 1862 3489 dua-

284 3551 408 3591 rum
445 3535 506 3590 lit
534 3533 822 3590 concordia
854 3533 1170 3588 lectionum.

404 3663 726 3723 DOMINICA
762 3662 938 3720 POST
974 3659 1453 3719 ASCENSIONEM
1490 3656 1746 3715 DOMINI.

499 3771 756 3812 EPISTOLA
796 3770 960 3810 PRIIIA
997 3769 1158 3809 ΒΕΛΤῙ
1198 3768 1378 3818 PETRI,
1419 3767 1537 3806 CAP.
1581 3764 1654 3804 ιν.

368 3889 388 3924 ι
423 3871 606 3927 Estote
632 3870 926 3940 prudentes
949 3876 1005 3924 et
1029 3868 1249 3939 vigilate
1271 3868 1327 3922 in
1353 3864 1708 3922 orationibus.
1731 3861 1871 3919 Ante

294 3980 315 4014 ι
361 3963 544 4018 omnia
557 3969 748 4016 autem
771 3969 1012 4016 mutuam
1040 3961 1095 4014 in
1121 3958 1524 4028 vobismetipsis
1549 3956 1869 4012 charitatem

294 4070 317 4104 ι
363 4051 678 4107 continuam
709 4051 988 4113 habentes,
1003 4050 1132 4118 quia
1162 4049 1404 4103 charitas
1433 4046 1610 4115 operit
1632 4044 1875 4100 multitu-

295 4161 316 4195 ι
367 4141 549 4196 dinem
575 4148 937 4210 peccatorum.
968 4138 1275 4234 yospitales
1300 4138 1553 4202 invicem,
1587 4137 1704 4191 sine
1726 4152 1873 4191 mur-

298 4254 319 4287 ι
365 4231 688 4288 muratione.
719 4227 1099 4300 Unusquisque
1125 4230 1266 4285 sicut
1297 4229 1506 4298 accepit
1534 4229 1784 4299 gratiam,
1819 4227 1874 4281 in

300 4349 320 4381 ι
370 4329 691 4384 alterutrum
736 4326 1174 4382 administrantes
1221 4324 1387 4388 illam.
1419 4325 1560 4379 sicut
1595 4324 1724 4378 boni
1769 4323 1876 4378 dis-

302 4439 322 4472 ι
369 4428 687 4491 pensatores
741 4415 1087 4472 multiformis
1116 4401 1304 4488 gratiae
1328 4415 1444 4471 Dei.
1477 4413 1535 4470 Si
1557 4414 1678 4484 quis
1705 4413 1878 4483 loqui-

304 4533 324 4568 ‹
372 4522 480 4579 tur,
516 4511 670 4583 quasi
707 4523 983 4566 sermones
1010 4508 1137 4574 Dei,
1173 4509 1218 4565 si
1253 4509 1376 4580 quis
1411 4508 1704 4576 ministrat,
1753 4516 1874 4564 tan-

306 4627 325 4659 ι
373 4621 536 4676 quam
580 4619 648 4659 ex
682 4603 885 4658 virtute
923 4617 1084 4672 quam
1121 4601 1465 4657 administrat
1506 4600 1668 4665 Deus,
1719 4609 1778 4654 ut
1821 4600 1877 4655 in

307 4719 326 4751 ‹
375 4698 622 4754 omnibus
659 4694 1048 4752 honoriﬁcetur
1073 4693 1216 4750 Deus
1249 4709 1349 4764 per
1383 4691 1569 4750 Jesum
1604 4692 1878 4749 Christum

309 4813 327 4845 ι
375 4791 660 4848 Dominum
685 4797 950 4844 nostrum.
1000 4807 1019 4840 ι

378 4883 557 4938 Estote
585 4879 862 4950 prudentes
893 4887 941 4932 et
974 4877 1180 4949 vigilate
1210 4879 1268 4932 in
1302 4879 1648 4934 orationibus.
1682 4877 1750 4932 Et
1778 4877 1884 4932 Do-

306 4977 486 5032 minus
523 4974 577 5027 in
600 4970 893 5042 Evangelio
920 4985 1020 5025 nos
1048 4970 1237 5024 incerti
1277 4969 1400 5024 finis
1437 4969 1634 5024 intuitu
1670 4983 1884 5039 semper

307 5081 468 5123 orare
499 5079 562 5120 ac
593 5062 819 5134 vigilare
847 5061 1133 5133 praecepit;
1165 5061 1241 5114 ait
1267 5075 1524 5129 namque,
1559 5059 1786 5129 loquens
1818 5061 1884 5116 de

309 5161 396 5215 die
419 5156 606 5228 iudicii
642 5171 656 5209 :
696 5153 918 5226 Vigilate
954 5155 1129 5217 itaque
1169 5153 1310 5206 omni
1351 5161 1606 5222 tempore,
1653 5162 1885 5219 orantes,

309 5259 368 5304 ut
410 5248 555 5318 digni
595 5245 890 5301 habeamini
919 5245 1097 5315 fugere
1143 5243 1246 5296 ista
1287 5243 1482 5306 omnia,
1528 5259 1647 5313 quae
1706 5243 1890 5313 futura

310 5350 455 5405 sunt,
503 5347 550 5393 et
595 5347 736 5392 stare
778 5345 898 5390 ante
937 5334 1108 5404 ﬁlium
1148 5334 1394 5389 hominis.
1422 5334 1566 5388 Bene
1611 5341 1793 5389 autem
1834 5335 1890 5389 in

312 5432 653 5492 orationibus
690 5430 913 5501 vigilare
963 5428 1240 5498 iubemur,
1289 5437 1350 5482 ut
1400 5443 1523 5484 cum
1571 5436 1780 5484 stamus
1823 5428 1892 5484 ad

316 5528 660 5590 orationem,
709 5522 964 5594 cogitatio
1009 5520 1186 5575 omnis
1237 5519 1470 5573 carnalis
1517 5527 1576 5574 et
1619 5519 1893 5576 srecularis

319 5618 594 5684 abscedat,
619 5631 687 5671 ne
709 5614 999 5686 quidquam
1028 5619 1159 5666 tunc
1182 5609 1398 5664 animus
1418 5617 1617 5679 praeter
1641 5609 1696 5664 id
1719 5608 1894 5665 solum

320 5713 524 5785 cogitet
571 5709 715 5780 quod
763 5713 1033 5778 precatur.
1104 5702 1349 5772 Subripit
1391 5702 1538 5757 enim
1585 5699 1895 5770 frequenter

322 5803 520 5869 hostis,
557 5810 614 5858 et
656 5797 924 5857 subtiliter
973 5794 1164 5852 fallens
1202 5808 1394 5864 preces
1442 5800 1677 5859 nostras,
1724 5806 1756 5846 a
1783 5789 1895 5849 Deo

1940 1970 2139 2035 potest.

2014 2065 2154 2143 Quia
2180 2076 2410 2130 charitas
2435 2072 2596 2144 operit
2619 2071 3010 2126 multitudinem
3028 2074 3383 2138 peccatorum,
3411 2069 3519 2116 etc.

1941 2170 2002 2226 in
2025 2183 2091 2224 eo
2118 2167 2371 2230 maxime,
2387 2181 2508 2220 cum
2535 2163 2806 2218 veraciter
2830 2161 2941 2215 Deo
2967 2159 3166 2215 dicitur
3188 2175 3200 2209 :
3227 2155 3298 2210 Et
3325 2153 3528 2207 dimitte

1947 2261 2093 2316 nobis
2125 2258 2297 2312 debita
2333 2265 2544 2318 nostra,
2599 2256 2732 2309 sicut
2779 2263 2827 2308 et
2861 2269 2954 2307 nos
2988 2249 3298 2305 dimittimus
3331 2244 3531 2299 debito-

1947 2351 2092 2405 ribus
2126 2349 2336 2403 nostris.
2377 2347 2447 2400 Et
2483 2346 2753 2414 siquidem
2794 2351 2990 2398 cuncta
3031 2354 3194 2409 opera
3235 2340 3374 2392 bona
3406 2349 3528 2406 quae

1948 2440 2210 2503 facimus,
2248 2437 2433 2507 culpas
2471 2451 2606 2504 quas
2643 2434 2869 2490 fecimus
2912 2433 3118 2486 diluere
3159 2437 3215 2486 et
3251 2425 3534 2496 cooperire

1949 2541 2157 2588 certum
2197 2537 2298 2585 est.
2349 2527 2456 2582 Sed
2495 2528 2598 2582 hoc
2640 2527 2760 2580 ideo
2803 2523 3111 2596 specialiter
3151 2522 3219 2576 de
3265 2519 3533 2574 charitate

1950 2623 2167 2686 dicitur,
2210 2635 2308 2690 per
2349 2633 2510 2688 quam
2534 2617 2798 2687 proximis
2839 2615 3061 2678 nostris,
3099 2626 3163 2667 ea
3212 2624 3333 2681 quas
3377 2608 3535 2664 nobis

1950 2713 2168 2777 debent,
2200 2711 2484 2771 donamus,
2515 2706 2642 2777 quia
2673 2705 3035 2776 iustissimum
3063 2709 3144 2757 est
3173 2701 3313 2769 apud
3340 2700 3532 2763 Deum,

1950 2811 2012 2858 ut
2044 2801 2200 2871 juxta
2249 2812 2561 2854 mensuram
2611 2796 2830 2866 pietatis
2881 2809 2987 2864 qua
3033 2791 3207 2847 mensi
3253 2789 3537 2853 fuerimus,

1952 2893 2270 2950 remetietur
2309 2890 2485 2945 nobis.
2558 2886 2711 2944 Sicut
2764 2893 2987 2940 econtra
3027 2881 3342 2938 terribiliter
3377 2881 3544 2933 duros

1953 2985 2134 3044 cordis
2158 2983 2242 3037 vir
2277 2981 2494 3052 sapiens
2526 2978 2722 3049 arguit,
2751 2976 2938 3032 dicens
2964 2992 2976 3026 :
3005 2973 3178 3028 Homo
3203 2971 3400 3026 homini
3433 2985 3544 3024 ser-

1954 3089 2038 3135 vat
2059 3079 2218 3139 iram,
2241 3085 2289 3130 et
2313 3093 2345 3128 a
2368 3073 2476 3128 Deo
2505 3073 2695 3143 qurerit
2716 3068 2990 3124 medelam.
3021 3065 3132 3122 Nec
3157 3063 3538 3128 dubitandum,

1958 3172 2102 3243 quod
2148 3171 2204 3226 in
2248 3183 2314 3224 eo
2355 3181 2588 3237 quoque,
2628 3164 2718 3234 qui
2766 3173 2864 3233 per
2911 3161 3235 3216 charitatem
3284 3158 3544 3228 quidquid

1960 3265 2103 3320 valet
2127 3277 2255 3332 erga
2280 3258 2671 3316 correctionem
2699 3253 2934 3324 proximi
2977 3249 3340 3314 admonendo,
3369 3249 3547 3302 incre«

1960 3355 2157 3426 pando,
2215 3347 2529 3419 castigando
2581 3350 2857 3414 operatur,
2909 3340 3146 3396 charitas
3198 3340 3315 3408 ipsa
3369 3337 3547 3406 operit

1964 3435 2364 3502 multitudinem
2396 3444 2767 3510 peccatorum.

2035 3555 2094 3613 Si
2124 3556 2242 3628 quis
2279 3554 2530 3624 loquitur,
2561 3550 2714 3622 quasi
2751 3561 3013 3603 sermones
3039 3543 3156 3599 Dei.
3211 3539 3430 3594 Timens
3468 3537 3550 3592 vi-

1965 3626 2175 3711 delicet,
2218 3660 2284 3700 ne
2318 3652 2513 3714 praeter
2541 3641 2873 3696 voluntatem
2895 3636 3017 3702 Dei,
3056 3632 3142 3689 vel
3168 3637 3367 3702 praeter
3405 3626 3551 3698 quod

1967 3744 2022 3798 iu
2059 3740 2262 3796 sanctis
2298 3734 2598 3805 Scripturis
2626 3731 2904 3787 evidenter
2931 3725 3261 3799 praecipitur,
3294 3720 3382 3776 vel
3408 3719 3552 3775 dicat

1967 3831 2200 3902 aliquid,
2237 3830 2323 3884 vel
2360 3829 2618 3896 imperet,
2658 3831 2711 3879 et
2747 3820 3052 3877 inveniatur
3089 3825 3347 3894 tanquam
3380 3810 3551 3880 falsus

1970 3901 2126 3978 testis
2158 3921 2277 3986 Dei,
2321 3926 2414 3974 aut
2458 3915 2772 3986 sacrilegus,
2823 3911 2910 3967 vel
2957 3908 3305 3964 introducens
3350 3901 3555 3972 aliquid

1971 4013 2206 4067 alienum
2249 4027 2280 4065 a
2310 4008 2553 4064 doctrina
2583 4004 2817 4069 Domini,
2847 4001 2931 4056 vel
2966 4007 3115 4055 certe
3144 3994 3556 4062 subrelinquens

1970 4112 2027 4161 et
2051 4102 2372 4175 praeteriens
2409 4097 2612 4168 aliquid
2651 4107 2840 4148 eorum
2872 4089 3127 4160 quae.Deo
3163 4084 3364 4155 placita
3407 4087 3554 4143 sunt,

1973 4212 2096 4251 cum
2135 4197 2252 4264 ipse
2297 4188 2740 4247 manifestissime
2789 4177 3238 4254 praedicatoribus
3283 4170 3553 4234 veritatis,

1974 4286 2041 4341 de
2067 4257 2316 4353 his-quos
2345 4281 2412 4334 ad
2437 4279 2604 4333 vitam
2655 4274 2961 4330 imbuerant
3003 4265 3281 4340 praecipiat
3333 4257 3550 4316 dicens:

1973 4380 2227 4436 Docentes
2249 4393 2334 4431 eos
2361 4389 2566 4428 servare
2582 4372 2759 4426 omnia
2782 4380 3103 4440 quaecunque
3131 4359 3381 4416 mandavi
3412 4354 3558 4411 vobis

1978 4472 2194 4546 (Matth.
2225 4457 2494 4539 ultimo);
2545 4465 2745 4522 etenim
2796 4477 2916 4532 qua:
2965 4461 3080 4530 ipse
3130 4453 3408 4511 mandavit
3450 4465 3560 4508 non

1900 4561 1954 4622 D
1981 4542 2104 4628 alia,
2136 4570 2192 4617 et
2223 4562 2337 4616 haec
2371 4574 2478 4614 non
2509 4573 2576 4613 ex
2600 4563 2776 4626 parte,
2807 4553 2899 4609 sed
2933 4549 3117 4607 omnia
3155 4546 3268 4602 suis
3296 4542 3560 4600 auditori-

1985 4655 2086 4710 bus
2117 4653 2184 4707 ad
2218 4650 2542 4709 servandum
2578 4647 2794 4703 tradere
2814 4642 2988 4713 jubet.

2061 4761 2119 4817 Si
2141 4761 2255 4829 quis
2285 4759 2572 4820 ministrat,
2611 4765 2859 4824 tanquam
2888 4768 2952 4806 ea:
2982 4751 3167 4803 virtute
3199 4762 3356 4819 quam
3387 4744 3560 4798 admio

1990 4852 2176 4906 nistrat
2203 4847 2367 4901 Deus.
2408 4843 2581 4898 Tanto
2609 4840 2866 4897 humilius
2897 4836 3169 4909 impendat
3193 4834 3422 4904 quisque
3439 4841 3564 4900 pro-

1989 4944 2135 4998 ximo
2168 4942 2366 4996 bonum
2396 4950 2556 4992 omne
2591 4933 2735 5004 quod
2777 4937 2972 5000 potest,
3021 4933 3223 4997 quanto
3263 4920 3565 4979 certissime

1991 5033 2162 5096 novit,
2193 5031 2321 5100 quia
2357 5044 2389 5083 a
2415 5025 2705 5096 semetipso
2736 5037 2841 5078 non
2869 5025 3047 5092 potest
3071 5017 3273 5072 habere
3293 5013 3434 5085 quod
3458 5011 3562 5065 im-

1991 5124 2208 5197 pendat.

2069 5235 2135 5290 Ut
2165 5237 2222 5290 in
2253 5233 2488 5287 omnibus
2520 5229 2896 5298 honoriﬁcetur
2917 5225 3059 5281 Deus
3095 5239 3187 5294 per
3209 5221 3389 5275 Iesum
3415 5214 3567 5270 Chri-

1995 5338 2152 5384 stum.
2199 5325 2371 5396 Juxta
2407 5324 2575 5394 ipsius
2619 5322 2746 5378 Jesu
2789 5319 2990 5376 Christi
3035 5323 3380 5387 pmceptum,
3426 5308 3568 5379 quod

1998 5424 2112 5478 ait:
2151 5420 2371 5476 Videant
2402 5429 2568 5474 vestra
2599 5435 2756 5489 opera
2786 5417 2940 5479 bona,
2967 5421 3016 5467 et
3033 5406 3325 5488 gloriﬁcent
3355 5401 3570 5458 Patrem

1997 5523 2220 5570 vestrum
2250 5513 2340 5584 qui
2380 5521 2455 5567 est
2492 5511 2548 5565 in
2585 5485 2725 5564 erilis
2766 5505 2982 5581 (Matth.
3015 5500 3112 5568 Vl).
3175 5485 3572 5553 HonOrilicatur

1996 5623 2127 5680 ergo
2149 5608 2291 5663 Deus
2333 5608 2387 5660 in
2425 5606 2634 5661 actibus
2675 5601 2898 5666 nostris,
2930 5611 3051 5653 cum
3083 5609 3244 5650 omne
3269 5593 3411 5665 quod
3436 5594 3574 5648 bene

1963 5706 2062 5758 'ac
2111 5697 2777 5756 secundum.voluntatem
2835 5690 2953 5760 ejus
3000 5689 3255 5754 faciams,
3313 5703 3418 5742 non
3472 5685 3576 5740 hoc

1995 5792 2200 5850 nostris
2251 5789 2483 5855 meritis,
2512 5786 2606 5843 sed
2629 5783 2747 5854 ejus
2773 5785 2964 5855 gratias
2991 5783 3299 5840 tribuimus.
3338 5775 3576 5837 Eoontra
