4030 6452
530 321 633 380 315

1797 311 1928 368 SMA
1938 313 2144 372 RAGDI
2179 315 2470 374 ABBATIS

3673 332 3788 402 δια

529 445 711 500 autem
761 435 900 500 mala
947 417 1065 504 quas
1111 432 1376 504 gerimus,
1427 439 1628 488 nostrm
1664 429 1838 488 solum
1878 428 2096 486 malitiae
2123 430 2173 504 Α
2197 429 2489 499 pmdicare
2522 429 2664 498 quod
2704 429 2903 499 nostis,
2942 430 3088 500 quod
3122 439 3181 497 ιιι
3219 433 3382 498 modq
3422 449 3530 500 non
3573 436 3787 514 (acim.

536 533 621 590 vel
654 529 863 588 inertia)
887 527 972 582 vel
1000 525 1313 597 ignorantia:
1337 525 1677 596 deputamus.

878 633 1212 680 EVANGELIUI
1249 633 1482 684 JOANNIS,
1523 635 1641 673 CAP.
1675 633 1763 672 ιν.

607 733 626 770 ι
672 714 803 771 Cum
841 721 1019 774 autem
1052 710 1262 768 venerit
1296 711 1617 780 paracietus,
1655 725 1814 779 quem
1843 722 1944 779 ego
1979 708 2103 772 mit-

541 828 561 862 ι
603 817 714 865 tam
741 807 889 870 vobis
929 821 959 866 a
985 814 1139 876 patre
1175 805 1421 874 spiritum
1470 804 1734 870 veritatis,
1773 802 1863 873 qui
1896 819 1926 856 a
1949 809 2102 874 patre

535 919 553 951 ι
598 897 859 970 procedit,
899 895 989 960 ille
1036 896 1402 958 testimonium
1440 896 1746 972 pcrbibebit
1782 894 1848 956 de
1890 909 1994 958 me.
2037 893 2103 948 Et

535 1011 554 1043 ι
600 1006 695 1047 vos
735 989 1102 1046 testimonium
1145 988 1517 1056 perhibebitis,
1561 988 1682 1056 quia
1714 988 1781 1042 ab
1808 986 1961 1041 initio
1991 1001 2104 1040 me-

535 1101 552 1136 ι
599 1099 721 1138 cum
755 1083 904 1140 estis.
954 1081 1079 1138 Harc
1117 1081 1325 1138 locutus
1363 1097 1480 1135 sum
1517 1081 1692 1146 vobis,
1724 1088 1783 1136 ut
1811 1095 1916 1134 non
1947 1094 2104 1134 scan-

532 1193 551 1226 ι
597 1173 922 1229 dalizemini.
988 1171 1207 1244 Absque
1256 1172 1544 1243 synagogis
1592 1170 1790 1226 facient
1829 1185 1956 1235 vos,
2009 1169 2102 1236 sed

531 1281 552 1317 ι
596 1265 743 1320 venit
772 1265 925 1330 hora,
957 1270 1016 1320 ut
1043 1264 1219 1320 omnis
1248 1264 1339 1332 qui
1381 1263 1637 1318 interﬁcit
1669 1278 1780 1328 vos,
1810 1263 2104 1328 arbitretur

449 1413 456 1428 ,
535 1377 555 1412 ι
599 1359 915 1428 obsequium
939 1372 997 1414 se
1021 1366 1277 1427 praestare
1303 1357 1433 1411 Deo.
1468 1357 1534 1411 Et
1562 1357 1675 1412 haec
1703 1355 1901 1414 facient
1926 1355 2100 1421 vobis,

443 1439 453 1481 ί
535 1467 555 1508 ι
600 1449 725 1520 quia
769 1465 878 1504 non
920 1457 1186 1512 noverunt
1227 1457 1436 1526 patrem
1480 1464 1652 1518 neque
1694 1464 1798 1503 me.
1853 1447 1958 1504 Sed
1989 1449 2102 1506 haec

433 1536 449 1546 ”
533 1559 554 1604 ι
598 1542 808 1600 locutus
855 1556 976 1605 sum
1023 1541 1195 1608 vobis.
1237 1549 1295 1598 ut
1336 1556 1456 1604 cum
1495 1541 1705 1596 venerit
1736 1542 1868 1598 hora
1913 1556 2100 1604 eorum

535 1651 554 1693 ι
602 1632 1050 1698 reminiscamini,
1078 1635 1204 1704 quia
1235 1647 1332 1700 ego
1364 1633 1476 1690 dixi
1506 1633 1676 1688 vobis.
1726 1651 1744 1686 ι

598 1720 729 1780 Cum
760 1734 933 1780 autem
968 1725 1161 1778 venerit
1188 1723 1416 1793 Spiritus
1458 1724 1784 1796 paracletus,
1821 1742 1972 1796 quem
2008 1741 2100 1796 ego

523 1814 728 1878 mittam
757 1815 895 1870 vobis
930 1833 960 1868 a
991 1811 1150 1870 Patre
1191 1831 1324 1879 meo,
1369 1814 1625 1885 Spiritum
1654 1817 1902 1879 veritatis,
1941 1818 2029 1888 qui
2068 1834 2101 1878 α

527 1903 687 1958 Patre
707 1907 958 1975 procedit.
1007 1907 1083 1958 Ex
1115 1905 1298 1959 multis
1337 1907 1511 1960 sancti
1539 1906 1814 1975 Evangelii
1849 1905 1981 1960 locis
2020 1907 2102 1961 in-

520 1996 788 2061 venimus,
819 1997 944 2068 quia
973 1995 1223 2067 discipuli
1266 2007 1393 2052 ante
1431 1999 1720 2052 adventum
1764 1998 1936 2052 sancti
1975 1999 2100 2069 Spi-

521 2087 658 2142 ritus
687 2088 864 2144 minus
899 2105 1126 2162 capaces
1157 2099 1313 2145 erant
1352 2093 1418 2145 ad
1454 2091 1857 2160 intelligendum
1904 2107 2101 2148 arcana

522 2181 714 2238 divina:
759 2165 1131 2249 sublimitatis,
1159 2185 1338 2239 minus
1374 2182 1543 2238 fortes
1594 2182 1660 2238 ad
1693 2185 1968 2238 toleranda
2008 2184 2101 2238 ad-

518 2286 676 2325 versa
713 2272 960 2326 humanae
999 2274 1304 2342 pravitatis,
1330 2275 1424 2329 sed
1457 2275 1537 2329 eis
1560 2275 1878 2329 adveniente
1908 2275 2101 2344 spiritu

519 2379 640 2418 cum
694 2373 980 2436 augmento
1032 2366 1225 2421 divina:
1279 2368 1574 2439 agnitionis
1620 2369 1744 2423 data
1796 2376 1881 2423 est
1935 2370 2101 2423 etiam

519 2454 822 2509 constantia
876 2455 1124 2510 vincendi
1178 2457 1426 2512 humanae
1478 2459 1873 2527 persecutionis
1927 2465 2101 2512 tenta-

521 2553 722 2599 menta.
789 2543 936 2600 Unde
977 2563 1068 2602 eos
1109 2547 1332 2619 spiritus
1372 2549 1544 2603 sancti
1585 2549 1814 2602 adventu
1856 2550 2103 2618 promisit

522 2635 857 2692 roborandos
884 2653 1022 2704 esse,
1059 2637 1141 2692 vel
1185 2639 1250 2694 ad
1282 2639 1531 2693 fiduciam
1565 2641 1986 2710 praedicationis,
2017 2641 2102 2696 vel

520 2726 587 2779 ad
636 2727 993 2780 constantiam
1042 2729 1338 2797 passionis,
1396 2729 1533 2782 sicut
1589 2730 1642 2782 in
1696 2731 1809 2799 ipso
1861 2731 2101 2802 principe

519 2815 886 2888 apostolorum
924 2816 1124 2872 factum
1167 2833 1285 2872 esse
1329 2819 1697 2888 cognovimus,
1733 2821 1823 2888 qui
1855 2821 2005 2890 prius
2034 2805 2100 2875 ad

519 2908 680 2962 unius
744 2909 954 2968 ancillae
1010 2925 1195 2965 vocem
1244 2910 1515 2965 Christum
1582 2912 1760 2965 timuit
1831 2913 2098 2977 confiteri,

519 3013 677 3067 quem
707 3005 895 3070 postea
933 2999 1106 3068 palam
1146 3007 1200 3054 et
1227 3001 1478 3054 Omnibus
1513 3001 1722 3054 caeteris
1767 3003 2102 3057 constantius

517 3071 936 3156 sancto-spiritu
975 3089 1263 3143 roboratus
1303 3089 1484 3144 multis
1509 3087 1812 3143 Judzeorum
1858 3089 2094 3145 millibus

515 3178 850 3248 praedicavit,
879 3179 953 3233 ita
989 3189 1048 3234 ut
1085 3179 1152 3234 ad
1177 3178 1292 3248 ejus
1322 3179 1756 3250 przedicationem
1795 3181 1896 3235 tria
1928 3181 2093 3235 millia

516 3269 758 3326 virorum
799 3271 1026 3342 legimus
1066 3274 1382 3338 credidisse,
1424 3281 1477 3328 et
1514 3273 1817 3343 baptizatos
1863 3289 2002 3341 esse,
2041 3284 2095 3330 et

514 3375 622 3414 non
662 3370 784 3432 post
837 3363 1062 3417 multum
1123 3365 1380 3434 temporis
1426 3367 1592 3420 etiam
1642 3368 1878 3438 quinque
1926 3369 2092 3424 millia

515 3452 828 3507 credidisse.
867 3454 1020 3520 Quod
1049 3470 1178 3509 vero
1204 3457 1315 3509 ait:
1345 3456 1447 3522 Qui
1487 3475 1519 3511 a
1546 3457 1706 3512 Patre
1747 3461 1998 3528 procedit,
2039 3471 2093 3516 et

515 3543 696 3594 statim
733 3541 1029 3609 subjunxit,
1059 3561 1212 3615 quem
1252 3563 1344 3616 ego
1373 3548 1597 3608 mittam,
1645 3549 1912 3618 significat
1947 3550 2092 3604 enim

515 3633 657 3700 quod
709 3635 988 3702 mqualiter
1034 3637 1174 3691 idem
1230 3639 1454 3708 spiritus
1499 3648 1716 3694 sanctus
1767 3657 1794 3693 a
1841 3652 1994 3710 patre
2039 3653 2093 3698 et

516 3720 627 3775 ﬁlio
655 3725 916 3791 procedit,
955 3733 1011 3781 et
1039 3727 1317 3796 aequaliter
1358 3745 1385 3782 a
1409 3738 1565 3799 patre
1602 3739 1656 3785 et
1689 3731 1795 3786 filio
1824 3733 2088 3801 mittitur;

515 3813 610 3867 sed
658 3823 878 3884 propter
923 3816 1325 3874 distinctionem
1369 3835 1721 3889 personarum
1767 3825 1855 3877 hic
1897 3824 2093 3879 dicitur

516 3919 547 3957 a
595 3911 748 3972 patre
791 3905 1084 3972 procedere
1111 3948 1125 3973 ,
1167 3915 1222 3962 et
1269 3925 1299 3962 a
1329 3909 1441 3964 ﬁlio
1485 3912 1661 3976 mitti,
1709 3921 1764 3966 et
1808 3914 1860 3966 in
1902 3915 2090 3969 eadem

517 3991 864 4049 distinctione
891 4011 1243 4066 personarum
1267 4015 1428 4053 unam
1459 4016 1576 4056 esse
1607 4005 1996 4072 operationem,
2027 4022 2090 4060 ac

514 4081 845 4137 voluntatem
892 4101 1044 4140 suam
1089 4101 1211 4142 cum
1262 4091 1434 4158 patris
1469 4092 1738 4147 voluntate
1791 4096 2086 4152 denuntiet.

513 4171 672 4229 Venit
719 4177 882 4231 etiam
929 4187 984 4234 et
1032 4195 1127 4234 sua
1175 4191 1383 4251 sponte,
1423 4185 1515 4253 qui
1566 4186 1786 4254 aequalis
1829 4195 1912 4242 est
1949 4187 2088 4256 patri

511 4274 568 4319 et
616 4267 762 4332 lilio,
821 4286 926 4339 quo
973 4282 1332 4342 cognoscatur
1381 4291 1541 4330 unam
1598 4293 1717 4333 esse
1760 4278 2089 4334 voluntatem

513 4365 674 4426 atque
712 4364 1076 4429 Operationem
1115 4375 1318 4421 sanctae
1351 4367 1652 4423 Trinitatis.

592 4447 713 4513 Ille,
740 4451 928 4521 inquit,
974 4457 1328 4509 testimonium
1369 4459 1651 4526 perhibebit
1689 4460 1752 4512 de
1790 4478 1890 4525 me,
1925 4471 1974 4514 et
2003 4479 2089 4516 vos

517 4543 871 4597 testimonium
903 4547 1254 4615 perhibebitis.
1290 4547 1428 4614 Quia
1457 4565 1576 4618 quze
1604 4553 1794 4619 spiritu
1823 4553 1968 4609 intus
1996 4556 2088 4610 do-

513 4641 669 4686 cente
705 4647 1076 4704 perceperunt,
1109 4637 1225 4693 haec
1256 4640 1470 4708 abjecto
1505 4641 1697 4696 timore
1726 4645 2090 4712 praestiterunt

513 4719 647 4776 foris
672 4722 939 4793 loquendo
963 4737 1018 4783 et
1038 4729 1158 4786 aliis
1187 4731 1563 4785 ministrando.
1595 4732 1710 4802 ipse
1731 4749 1960 4806 namque
1982 4737 2087 4806 spi-

514 4819 651 4873 ritus
695 4821 857 4876 oorda
903 4837 1113 4888 eorum,
1157 4833 1212 4878 et
1260 4825 1327 4878 ad
1365 4825 1644 4881 scientiam
1693 4829 1932 4882 veritatis
1968 4830 2088 4883 illu-

513 4911 726 4976 stravit,
750 4920 804 4967 et
831 4912 898 4967 ad
926 4914 1164 4970 docenda
1193 4931 1314 4986 qua:
1339 4925 1560 4973 nossent
1587 4916 1818 4973 culmine
1841 4919 2086 4974 veritatis

513 5000 708 5055 erexit.
1935 5023 1941 5034 ·

581 5090 714 5146 Cum
758 5103 932 5148 autem
973 5099 1168 5151 venerit
1196 5095 1502 5154 Paracletus
1527 5140 1541 5166 ,
1599 5100 1687 5153 ille
1731 5101 2082 5156 testimonium

509 5188 791 5259 perhibebit
821 5189 885 5243 de
916 5207 1016 5244 me.
1045 5190 1322 5262 Tanquam
1345 5191 1589 5248 diceret:
1615 5191 1750 5247 0dio
1781 5191 2083 5248 habuerunt

507 5286 564 5334 et
593 5280 905 5336 occiderunt
942 5281 1207 5350 videntes,
1257 5283 1350 5337 sed
1395 5283 1502 5338 tale
1542 5283 1608 5336 de
1655 5298 1741 5340 me
1769 5282 2082 5346 Paracletus

511 5371 873 5428 testimonium
906 5376 1228 5448 perliibebit,
1260 5384 1320 5434 ut
1360 5390 1452 5430 eos
1473 5374 1635 5432 faciat
1666 5375 1721 5430 in
1749 5390 1836 5430 me
1859 5375 2080 5434 credere

509 5478 618 5520 non
650 5467 910 5525 videntes.

581 5554 651 5611 Et
687 5575 804 5624 vos,
839 5561 1033 5634 inquit,
1079 5564 1430 5618 testimonium
1467 5563 1816 5633 perlaibebitis,
1850 5563 1974 5633 quia
2013 5561 2079 5624 ab

507 5649 660 5728 initio
684 5670 882 5710 mecum
913 5658 1054 5712 estis.
1107 5657 1422 5712 Perhibebit
1447 5655 1669 5726 spiritus
1700 5667 1936 5720 sanctus,
1965 5670 2082 5724 per-

510 5739 764 5800 hibebitis
794 5754 849 5805 et
868 5760 986 5811 vos,
1009 5747 1135 5816 quia
1155 5746 1223 5802 ab
1245 5746 1398 5802 initio
1426 5760 1636 5804 mecum
1665 5745 1822 5808 estis;
1851 5745 2080 5818 potestis

2201 520 2345 580 illius
2371 521 2591 592 spiritus
2617 521 2891 592 plenitudo
2919 521 3156 588 nondum
3182 525 3333 594 adest
3360 528 3536 590 vobis.

2284 611 2414 666 Hcce
2457 611 2658 668 locutus
2701 630 2816 672 sum
2861 613 3033 680 vobis,
3059 624 3114 668 ut
3157 632 3262 670 non
3299 619 3787 686 scandalizemini:

2201 707 2392 779 absque
2419 709 2696 777 synagogis
2729 709 2922 778 facient
2962 726 3066 770 vos.
3125 709 3350 776 Curavit
3385 729 3622 790 namque
3661 721 3789 790 pius

2201 801 2460 872 magister
2504 801 2686 856 futura
2734 801 3012 873 discipulis
3061 817 3355 874 pravorum
3401 807 3544 874 bella
3589 815 3788 880 pandi.

2201 909 2344 960 cere,
2375 909 2483 964 quo
2513 895 2692 950 minus
2721 895 2836 951 haec
2862 910 2955 952 eos
2983 896 3254 960 venientia
3291 909 3511 967 possent
3542 904 3787 964 turbare.

2204 983 2390 1040 Solent
2425 987 2569 1040 enim
2607 985 2780 1046 levius,
2813 985 2944 1044 ferri
2985 987 3211 1052 adversa
3248 1005 3370 1058 quas
3402 993 3788 1060 pmsciuntur,

2203 1096 2365 1149 quam
2405 1094 2524 1149 qua:
2561 1080 2740 1138 subito
2778 1095 2844 1134 ex
2881 1079 3166 1152 desperato
3207 1084 3614 1152 superveniunt,
3649 1086 3792 1144 sicut

2203 1172 2257 1228 in
2306 1171 2549 1226 saaculari
2595 1171 2897 1232 litteratura
2948 1169 3145 1242 legitur
3186 1188 3200 1227 :
3254 1191 3272 1226 ι
3311 1172 3465 1244 διεριε
3514 1179 3789 1246 repentini

2203 1279 2361 1324 casus
2413 1263 2840 1334 perturbationis
2890 1263 3216 1328 fortissimos
3259 1281 3501 1336 quosque
3551 1267 3606 1326 in
3649 1269 3789 1326 bello

2202 1354 2402 1412 milites
2432 1352 2657 1421 fatigare
2685 1353 2879 1410 solent.
2906 1373 2925 1410 ι

2275 1442 2381 1500 Sed
2423 1445 2552 1498 venit
2590 1444 2742 1508 liora,
2781 1452 2836 1498 ut
2879 1445 3046 1506 omnis
3085 1445 3177 1516 qui
3216 1446 3462 1514 inter/icit
3503 1465 3613 1512 vos,
3651 1449 3792 1502 arbi-

2202 1541 2367 1592 tretur
2398 1533 2698 1603 obsequium
2731 1549 2784 1588 se
2804 1543 3055 1603 pra'stare
3082 1533 3209 1598 Deo.
3241 1535 3668 1602 Arbitrabantur
3704 1542 3792 1594 ob-

2203 1624 2448 1693 sequium
2489 1638 2547 1678 se
2587 1633 2846 1692 prgestare
2882 1626 2992 1678 Deo
3022 1623 3220 1687 Judazi,
3256 1627 3308 1688 in
3351 1643 3415 1688 eo
3461 1630 3606 1700 quod
3637 1631 3792 1686 mini-

2203 1723 2345 1770 stros
2368 1713 2500 1768 Novi
2526 1713 2857 1772 Testamenti
2882 1715 3020 1778 odiis
3057 1717 3480 1787 insequebantur
3509 1729 3563 1776 et
3592 1731 3788 1782 morte.

2128 1787 2310 1862 BSed
2379 1805 2520 1860 sicut
2587 1805 2693 1862 illis
2748 1807 3117 1864 testimonium
3176 1810 3426 1880 perhibet
3473 1811 3788 1882 Apostolus,

2202 1899 2597 1956 aemulationem
2623 1899 2717 1960 Dei
2746 1899 2970 1965 habent,
3006 1901 3100 1966 sed
3135 1917 3242 1960 non
3279 1903 3578 1970 secundum
3612 1906 3790 1962 scien-

2202 1989 2354 2044 tiam.
2393 1989 2740 2048 Arbitrantur
2770 2005 2898 2062 ergo
2938 1991 3068 2062 legis
3094 1994 3438 2055 aemulatores
3465 1997 3790 2072 obsequium

2203 2096 2262 2137 se
2295 2089 2553 2151 praestare
2583 2081 2712 2148 Deo,
2758 2083 2884 2140 dum
2920 2086 3256 2154 praeconibus
3281 2087 3471 2162 gratim
3515 2104 3680 2152 neces
3712 2091 3792 2146 in-

2199 2174 2409 2240 ferunt,
2449 2174 2542 2233 sed
2579 2175 2802 2234 frustra.
2843 2177 3042 2248 Legem
3077 2194 3197 2250 quae
3231 2194 3328 2250 per
3358 2179 3618 2240 famulum
3661 2182 3791 2238 data

2201 2275 2282 2322 est
2311 2268 2622 2333 defendunt,
2666 2270 2756 2338 qui
2800 2270 3033 2338 gratiam
3062 2286 3224 2341 quam
3273 2272 3386 2341 ipse
3425 2272 3561 2336 filius
3596 2269 3789 2336 offert,

2202 2359 2445 2430 accipere
2469 2367 2718 2423 renuunt,
2738 2359 3008 2416 incassum
3035 2360 3145 2416 Deo
3159 2376 3218 2416 se
3239 2362 3382 2432 patri
3401 2361 3614 2432 placere
3641 2364 3794 2419 testi-

2200 2462 2374 2518 mant,
2419 2453 2510 2523 qui
2539 2452 2634 2514 Dei
2665 2452 2836 2510 tilium
2885 2461 3254 2521 contemnere,
3302 2455 3413 2518 im,o,
3451 2454 3619 2518 etiam
3663 2470 3792 2526 per—

2201 2544 2353 2614 sequi
2392 2558 2455 2600 ac
2491 2543 2861 2614 blasphemare
2898 2544 3162 2604 laborant.
3195 2545 3310 2600 Duo
3347 2546 3482 2608 dixit
3523 2546 3631 2601 illis
3667 2562 3790 2602 esse

2200 2643 2426 2690 ventura
2463 2649 2493 2694 a
2519 2632 2749 2700 Judacis,
2792 2634 2843 2698 id
2883 2643 2986 2700 est,
3027 2643 3089 2694 ut
3121 2650 3216 2696 eos
3253 2643 3406 2704 extra
3455 2651 3787 2708 synagogam

2200 2726 2464 2794 facerent,
2495 2735 2550 2781 et
2583 2734 2642 2782 ut
2672 2742 2766 2784 eos
2802 2727 3194 2794 interficerent,
3225 2744 3344 2798 quae
3377 2729 3543 2783 etiam
3580 2730 3650 2783 ad
3692 2745 3788 2783 cu-

2202 2817 2406 2879 mulum
2435 2817 2797 2874 damnationis
2841 2818 2984 2874 illius
3017 2819 3198 2890 populi
3228 2819 3592 2890 pertinebant,
3630 2826 3684 2873 et
3716 2818 3786 2876 ad
3887 2841 3892 2846 ε

2201 2908 2431 2969 salutem
2455 2910 2693 2979 gentium
2722 2908 3002 2981 profutura
3029 2909 3288 2976 fuissent,
3331 2910 3473 2964 sicut
3499 2909 3784 2972 Paulusiin

2199 2998 2425 3055 Actibus
2455 3001 2821 3070 apostolorum
2862 3000 2966 3056 illis
3008 2999 3208 3065 Judaeis
3250 3000 3429 3066 dixit:
3467 3001 3608 3076 Quia
3640 3001 3782 3058 indi-

2200 3106 2328 3162 gnos
2352 3107 2437 3146 vos
2460 3091 2610 3144 verbo
2633 3090 2728 3145 Dei
2761 3091 2974 3160 fecistis,
3000 3108 3114 3145 ecce
3137 3091 3485 3145 convertimur
3515 3091 3586 3147 ad
3609 3101 3783 3161 gentes

2199 3178 2337 3250 (Act.
2370 3181 2512 3251 xm).
2549 3180 2640 3236 Sic
2667 3182 2809 3236 enim
2840 3183 3099 3252 praecepit
3141 3182 3297 3237 nobis
3324 3180 3624 3248 Dominus:
3649 3179 3784 3234 Ecce

2195 3273 2314 3326 dedi
2351 3283 2398 3325 te
2428 3275 2482 3326 in
2516 3272 2681 3327 lucem
2717 3275 2970 3343 gentium,
3005 3284 3058 3326 ut
3089 3275 3160 3327 sis
3196 3273 3340 3327 sal-us
3377 3290 3493 3327 mea
3529 3289 3690 3342 usque
3713 3273 3781 3324 ad

2194 3375 2480 3419 extremum
2514 3374 2666 3419 teme
2690 3365 2824 3436 (Isa.
2859 3366 3027 3435 XLIX).
3075 3361 3351 3434 Sequitur.

2264 3453 2330 3506 Et
2357 3453 2466 3506 Ita'c
2490 3455 2705 3524 facient,
2732 3457 2853 3526 quia
2883 3473 2983 3509 non
3031 3465 3279 3509 noverunt
3307 3470 3385 3508 me
3411 3495 3426 3518 ,
3479 3469 3646 3524 neque
3672 3453 3779 3507 Pa-

2195 3556 2323 3600 trem
2351 3564 2542 3600 meum.
2570 3547 2705 3614 Quia
2734 3548 2876 3601 enim
2918 3547 3083 3602 Filius
3110 3549 3162 3601 in
3191 3547 3369 3611 Patre,
3412 3555 3467 3601 et
3489 3546 3654 3600 Pater
3699 3558 3784 3601 est

2193 3637 2246 3690 in
2275 3637 2428 3699 Filio,
2463 3638 2628 3704 etqui
2652 3637 2797 3694 videt
2828 3637 3053 3703 Filium,
3099 3639 3241 3693 videt
3273 3647 3327 3692 et
3357 3637 3595 3702 Patrem,
3633 3645 3781 3706 patet

2191 3728 2599 3799 profecto,quia
2629 3731 2936 3799 quicunque
2957 3730 3078 3786 Filii
3100 3731 3476 3791 credulitatem
3505 3732 3779 3787 obstinate

2195 3819 2467 3887 t‘cjiciunt,
2499 3838 2598 3878 nec
2623 3821 2841 3880 Patrem
2866 3839 3025 3880 nosse
3055 3823 3371 3896 probantur.

2266 3910 2370 3965 Sed
2399 3911 2509 3965 ha’c
2549 3911 2751 3968 locutus
2779 3929 2896 3968 sum
2930 3914 3069 3970 vobis
3098 3955 3114 3980 ,
3164 3924 3218 3972 ut
3248 3931 3366 3978 cum
3396 3917 3590 3972 venerit
3644 3917 3774 3978 liora

2191 4018 2393 4066 eorum,
2428 4003 2856 4070 reminiscamini,
2880 4013 2984 4060 etc.
3023 4005 3214 4074 Magna
3266 4006 3566 4062 consolatio
3595 4016 3680 4074 est
3705 4008 3779 4064 di-

2192 4092 2540 4161 scipulorum,
2573 4103 2631 4148 ut
2676 4097 3087 4152 reminiscerent
3138 4106 3261 4152 ante
3313 4097 3571 4170 praedicta
3597 4113 3720 4153 esse
3746 4114 3776 4152 a

2192 4185 2452 4256 magistro
2480 4201 2599 4255 quae
2637 4187 2850 4258 passuri
2874 4190 3078 4253 essent‘,
3104 4197 3167 4242 ut
3192 4189 3440 4248 eumdem
3472 4205 3528 4245 se
3575 4192 3777 4248 scirent

2192 4279 2394 4336 habere
2420 4278 2742 4350 adiutorem,
2775 4290 2829 4338 et
2864 4291 3346 4346 remuneratorem,
3370 4298 3470 4354 pro
3491 4283 3648 4354 cujus
3688 4299 3776 4339 no-

2192 4373 2338 4432 mine
2363 4373 2487 4430 talia
2517 4391 2771 4448 passuros
2798 4391 2856 4432 se
2881 4392 3020 4442 esse,
3042 4380 3363 4447 praedictum
3392 4386 3477 4446 est
3502 4378 3627 4442 illis.

2267 4463 2397 4520 Hmc
2435 4469 2498 4520 ab
2523 4466 2670 4524 initio
2709 4466 2847 4524 vobis
2880 4485 2981 4522 non
3003 4469 3138 4533 dixi,
3163 4469 3284 4540 quia
3323 4469 3584 4528 vobiscum
3608 4486 3770 4525 eram.

2193 4553 2324 4621 Qua:
2362 4562 2487 4610 sunt
2515 4570 2633 4624 quae
2657 4557 2724 4612 ab
2755 4555 2909 4612 initio
2940 4557 3044 4613 illis
3073 4574 3182 4614 non
3209 4544 3346 4618 dixit
3367 4559 3530 4622 etiam
3581 4560 3648 4618 de
3675 4559 3776 4628 spi-

2191 4647 2298 4701 ritu
2329 4657 2538 4714 sancto,
2563 4665 2722 4718 quem
2760 4650 3022 4706 missurus
3047 4659 3165 4710 erat
3204 4651 3308 4710 illis
3348 4667 3378 4710 a
3404 4659 3590 4720 patre,
3629 4659 3684 4705 et
3711 4653 3774 4706 de

2189 4740 2556 4795 consolatione
2581 4749 2635 4794 et
2663 4739 3072 4796 confirmatione
3096 4743 3336 4812 ejusdem
3366 4741 3589 4812 spiritus
3613 4781 3631 4809 ,
3667 4758 3774 4811 quo

2187 4830 2501 4886 consolandi
2529 4839 2581 4890 et
2620 4833 2907 4892 roborandi
2959 4831 3233 4892 fuissent?
3265 4831 3335 4888 Ut
3363 4833 3544 4896 omnia
3589 4834 3771 4888 mundi

2188 4919 2432 4982 adversa,
2468 4920 2550 4974 vel
2581 4919 2887 4978 Jud:eorum
2933 4923 3182 4984 scandala
3225 4931 3278 4978 et
3325 4924 3732 4993 persecutiones
3757 4965 3771 4986 ,

2184 5011 2355 5092 libero
2413 5012 2593 5068 animo
2658 5013 2950 5070 formidare
2990 5031 3097 5070 non
3139 5015 3464 5078 debuissent.
3528 5015 3655 5072 Haec
3707 5017 3773 5069 ab

2182 5102 2339 5158 initio
2371 5118 2476 5158 non
2504 5103 2634 5168 dixi,
2668 5104 2795 5172 quia
2825 5105 3102 5162 vobiscum
3137 5121 3306 5172 eram,
3332 5105 3459 5174 quia
3486 5121 3609 5166 mea
3635 5120 3775 5176 pras-

2183 5193 2362 5247 sentia
2392 5192 2773 5252 consolabatur
2803 5209 2916 5250 vos.

2815 5303 3134 5350 CONCORDIA.

2252 5376 2481 5436 lstarum
2504 5379 2734 5436 duarum
2763 5379 2817 5433 in
2845 5381 3127 5438 charitatis
3155 5379 3336 5438 ofﬁcio
3389 5380 3446 5440 fit
3473 5379 3773 5446 concordia

2181 5467 2492 5526 lectionum.

2526 5559 2594 5621 IN
2635 5559 2946 5618 SABBATO
2983 5560 3401 5626 PENTECOST.

2373 5667 2563 5713 LECTIO
2600 5669 2813 5710 Αςτυυιι
2850 5670 3263 5724 Αιιοετοιμοιιυιι,
3303 5671 3419 5710 CAP.
3457 5671 3573 5718 XIX.

2261 5767 2276 5800 ι
2314 5744 2537 5806 Factum
2556 5759 2636 5805 est
2661 5765 2784 5810 cum
2810 5751 2999 5822 Apollo
3027 5761 3173 5816 esset
3194 5751 3457 5816 Corinthi,
3488 5761 3545 5806 ut
3566 5750 3772 5816 Paulos
