4030 6452
186 383 283 444 5η

994 366 1508 426 COLLECTIONES
1544 364 1611 420 ΙΝ
1655 361 2026 421 EPISTOLAS
2065 366 2152 422 ET
2190 367 2597 426 EVANGELIA.

3311 375 3414 432 5l8

192 514 211 549 ι
236 487 539 564 peragratis
551 483 918 554 superioribus
939 481 1200 550 partibus,
1217 479 1425 534 veniret
1443 477 1738 547 Ephesum,
1766 475 1819 538 Α
1844 480 1950 530 tur.
2004 475 2072 532 Ut
2102 477 2194 546 qui
2217 478 2534 540 illecebrosa
2572 485 2922 551 persuasione
2950 500 3069 552 sua,
3092 491 3306 559 generis
3324 456 3420 548 hu.-

191 605 211 642 ι
240 593 296 640 et
329 580 596 638 inveniret
617 576 878 646 quosdam
903 572 1191 642 discipulos
1209 611 1223 636 ,
1256 570 1498 638 dixitque
1524 568 1592 624 ad
1622 583 1746 624 eos:

189 698 211 734 ι
240 677 301 735 Si
314 673 564 747 spiritum
578 677 819 728 sanctum
835 666 1121 737 accepistis
1145 664 1461 722 credentes?
1488 661 1642 720 Atilii
1664 662 1746 717 di-

188 790 209 827 s
239 776 474 826 xerunt:
511 764 618 822 Sed
641 777 812 830 neque
837 761 881 816 si
901 759 1122 830 spiritus
1160 765 1379 812 sanctus
1420 763 1504 812 est
1553 754 1753 810 audivi-

186 882 208 920 t
235 879 374 919 mus.
399 860 490 915 ille
515 872 644 914 vero
666 857 778 912 ait:
809 855 866 910 in
893 869 999 922 quo
1019 867 1146 922 ergo
1175 851 1429 920 baptizati
1458 849 1622 903 estis?
1649 847 1753 914 Qui

186 973 207 1008 ε
242 955 542 1009 dixerunt:
583 949 642 1004 In
694 945 916 1002 Joannis
975 944 1314 1014 baptismate.
1385 941 1528 996 Dixit
1571 948 1754 995 autem

188 1065 207 1098 ο
237 1045 475 1100 Paulus:
503 1040 738 1096 Joannes
781 1036 1074 1105 baptizavit
1118 1035 1384 1104 baptismo
1429 1032 1756 1103 paenitentiae

185 1155 205 1190 ε
233 1135 526 1208 populum,
567 1131 786 1185 dicens:
828 1129 883 1184 in
917 1143 1040 1183 eum
1097 1127 1188 1196 qui
1217 1135 1476 1184 venturus
1517 1134 1599 1180 est
1638 1131 1759 1194 post

183 1247 203 1280 ‹
239 1230 415 1298 ipsum
443 1234 504 1279 ut
525 1223 824 1285 crederent,
854 1222 957 1276 hoc
980 1228 1063 1278 est
1089 1220 1144 1273 in
1172 1218 1375 1278 Jesum.
1419 1218 1513 1272 liis
1541 1217 1756 1281 auditis,

181 1338 202 1371 ι
233 1317 490 1388 baptizati
535 1321 662 1369 sunt
708 1314 761 1366 in
789 1313 1004 1368 nomine
1042 1310 1252 1366 Domini
1300 1308 1467 1373 Jesu,
1520 1317 1575 1362 et
1630 1323 1754 1362 cum

182 1426 201 1458 α
236 1404 584 1476 imposuisset
627 1401 733 1455 illis
776 1415 967 1455 manus
1011 1399 1234 1464 Paulus,
1265 1399 1412 1452 venit
1466 1409 1625 1465 Super
1668 1411 1762 1450 eos

119 1566 123 1570 ι
180 1517 200 1550 ι
236 1499 460 1568 spiritus
482 1501 721 1558 sanctus,
753 1499 807 1546 et
852 1492 1208 1560 loquebantur
1237 1489 1434 1558 linguis
1457 1496 1511 1543 et
1539 1489 1764 1557 prophe-

115 1571 119 1577 ’
179 1611 200 1644 ε
236 1593 443 1646 tabant.
485 1589 659 1642 Erant
706 1594 888 1640 autem
935 1599 1123 1639 omnes
1158 1583 1260 1637 viri
1293 1583 1406 1636 fere
1460 1582 1759 1636 duodecim.

178 1701 200 1734 ι
229 1683 601 1752 lntrogressus
627 1685 806 1732 autem
847 1691 1191 1747 synagogam,
1211 1691 1332 1729 cum
1358 1674 1553 1728 ﬁducia
1582 1675 1766 1743 loque-

179 1793 200 1824 ε
232 1774 414 1836 batur,
447 1786 544 1841 per
587 1778 698 1824 tres
749 1783 980 1832 menses,
1006 1769 1306 1837 disputans,
1337 1775 1392 1821 et
1416 1766 1654 1820 suadens
1700 1766 1766 1820 de

178 1885 198 1916 ε
237 1880 405 1933 regno
428 1863 544 1917 Dei.
586 1880 605 1914 ι

248 1955 478 2009 Factum
500 1964 594 2018 est,
631 1969 748 2008 cum
774 1951 958 2022 Apollo
984 1959 1113 2005 esset
1145 1949 1416 2014 Corinthi,
1469 1959 1526 2003 ut
1556 1947 1761 2004 Paulus

169 2045 468 2117 peragratis
490 2042 850 2114 superioribus
891 2040 1151 2109 partibus,
1178 2041 1368 2094 veniret
1400 2031 1684 2109 Ephesum,
1713 2048 1760 2092 et

169 2137 428 2190 inueniret
450 2134 705 2205 quosdam
728 2130 1034 2201 discipulos,
1057 2131 1291 2200 dixitque
1313 2130 1382 2184 ad
1414 2144 1534 2183 eos:
1560 2129 1620 2183 Si
1651 2127 1767 2200 Spi-

171 2229 340 2281 ritum
365 2235 605 2280 sanctum
650 2223 920 2294 accepistis
950 2221 1253 2275 credentes?
1281 2221 1347 2274 At
1385 2221 1465 2274 illi
1498 2222 1764 2285 dixerunt,

170 2325 287 2373 etc.
319 2317 422 2386 (Ex
440 2313 628 2385 Beda.)
644 2313 777 2367 Cum
794 2312 1047 2367 Ecclesia:
1069 2311 1252 2380 regula
1275 2311 1364 2375 sit,
1380 2310 1565 2364 fideles
1593 2311 1647 2362 in
1673 2325 1770 2364 no-

170 2409 334 2466 mine
358 2418 560 2464 saneea
589 2405 875 2460 Trinitatis
895 2404 1185 2473 baptizari,
1214 2403 1476 2472 quaeritur
1505 2402 1771 2471 quomodo

169 2499 471 2568 Lucaspcr
485 2507 655 2552 totum
684 2495 848 2550 libelli
867 2495 1024 2564 hujus
1039 2501 1242 2550 textum
1266 2509 1372 2547 non
1401 2493 1578 2557 aliter,
1602 2507 1765 2561 quam

173 2592 239 2646 in
279 2590 500 2644 nomine
525 2587 652 2642 Jesu
677 2586 923 2650 Christi,
977 2584 1305 2652 baptismum
1358 2581 1476 2636 dari
1526 2589 1768 2636 testetur.

175 2685 340 2752 Quod
362 2683 437 2736 ita
464 2683 652 2736 beatus
673 2678 993 2733 Ambrosius
1018 2676 1199 2741 solvit,
1222 2674 1349 2744 quia
1389 2689 1484 2744 per
1506 2673 1772 2726 unitatem

179 2777 422 2832 nominis
434 2774 709 2843 impletum
725 2770 1039 2842 mysterium
1059 2770 1151 2831 sit,
1171 2768 1261 2836 qui
1281 2769 1393 2821 sive
1405 2766 1684 2821 Christum
1701 2765 1777 2818 di-

182 2883 306 2932 cas,
321 2874 375 2921 et
399 2867 566 2920 Deum
591 2863 827 2924 Patrem,
843 2875 952 2929 quo
973 2865 1170 2914 unctus
1193 2863 1278 2912 est
1305 2855 1496 2922 Filius,
1524 2866 1581 2911 et
1598 2855 1777 2924 ipsum

180 2958 280 3026 qui
315 2964 510 3010 unctus
533 2954 726 3007 Filium
748 2960 804 3006 et
828 2950 1090 3022 Spiritum
1120 2963 1228 3018 quo
1248 2955 1443 3003 unctus
1468 2957 1553 3003 est
1575 2988 1590 3012 ,
1641 2947 1776 3002 desi-

182 3046 388 3118 gnasti.
426 3044 701 3114 Scriptum
729 3050 813 3098 est
841 3042 986 3096 enim
1012 3059 1024 3095 :
1052 3039 1236 3095 Jesum
1265 3057 1298 3093 a
1324 3039 1619 3104 Nazareni,
1649 3055 1778 3109 quo-

180 3143 344 3196 modo
371 3141 667 3194 unxiteum
709 3137 850 3191 Deus
881 3134 1083 3207 Spiritu
1134 3142 1334 3188 sancto.
1385 3130 1512 3187 Sive
1561 3131 1778 3186 Patrem

1852 567 2016 631 mani,
2045 567 2136 636 qui
2167 568 2219 622 in
2242 570 2537 638 primordio
2561 575 2644 627 sui
2687 577 3010 646 spiraculum
3029 580 3154 636 vitta
3199 600 3420 657 accepe-

1853 670 1958 726 rat,
1987 658 2259 716 habitator
2282 670 2419 728 erat,
2458 662 2574 731 ejus
2600 666 2798 724 virtute
2855 681 2911 727 et
2939 676 3303 734 sacratissimo
3349 682 3423 735 si-

1851 768 1957 824 gno
1980 768 2076 822 per
2105 754 2465 811 ministerium
2511 761 2848 818 sacerdotum
2867 767 3016 823 exire
3035 780 3274 840 cogatur.
3319 773 3422 840 Qui

1853 855 1909 900 et
1937 845 1992 899 in
2016 845 2306 916 discipulos
2325 862 2450 903 suos
2471 848 2790 919 insulllasse,
2805 865 2858 911 et
2872 860 3093 928 spiritus
3121 864 3427 922 immundos

1857 935 2170 1005 increpasse
2196 937 2406 1007 legitur.
2441 938 2593 996 Unde
2631 951 2687 997 et
2717 948 3056 1004 exorcizatur
3093 953 3236 1009 idem
3275 956 3429 1012 mali-

1860 1045 1997 1099 gnus
2024 1030 2263 1099 spiritus,
2297 1040 2354 1085 ut
2382 1041 2539 1088 exeat
2565 1044 2620 1089 et
2642 1039 2857 1096 recedat
2895 1043 2963 1095 ab
3000 1044 3090 1098 ilio
3123 1048 3426 1117 plasmate,-

1857 1124 2002 1192 quod
2050 1123 2363 1191 jamdudum
2390 1141 2486 1196 per
2515 1139 2796 1198 peccatum
2824 1135 2984 1202 primi
3006 1137 3240 1194 hominis
3264 1144 3432 1211 possi-

1859 1216 2036 1274 debat.
2063 1217 2128 1272 Et
2151 1219 2275 1286 quia
2315 1236 2416 1274 non
2445 1230 2551 1288 est,
2590 1224 2742 1292 juxta
2767 1225 3082 1294 Apostolum
3109 1270 3123 1294 ,
3167 1235 3430 1287 conventio

1861 1306 2056 1365 Christi
2087 1319 2132 1364 et
2161 1310 2350 1378 Belial,
2375 1330 2466 1367 nec
2487 1316 2706 1370 societas
2728 1315 2834 1370 luci
2855 1318 2924 1370 ad
2957 1320 3227 1387 tenebras,
3282 1338 3433 1392 egre-

1863 1399 2080 1456 diantur
2109 1404 2342 1458 tenehrm
2385 1412 2440 1458 et
2483 1405 2574 1460 lux
2603 1423 2729 1462 vera
2781 1407 3029 1466 Christus
3084 1413 3432 1483 ingrediatur.

1861 1490 2208 1548 Exoreismus
2253 1504 2516 1562 przeterea
2564 1507 2648 1552 est
2679 1515 2859 1554 sermo
2905 1501 3284 1572 increpationis
3325 1506 3438 1561 sive

1865 1583 2270 1648 conjurationis.
2301 1586 2452 1641 Unde
2471 1597 2526 1642 et
2547 1590 2600 1643 in
2627 1590 2852 1646 Actibus
2889 1595 3253 1663 apostolorum
3283 1610 3441 1651 exor—
3505 1651 3508 1654 ,

1866 1673 2018 1732 cistte
2044 1674 2209 1731 fuisse
2236 1677 2484 1746 leguntur
2505 1680 2642 1751 (Act.
2675 1685 2825 1754 xix),
2867 1697 2923 1741 et
2967 1698 3154 1744 sancta
3200 1691 3439 1748 Ecclesia

1867 1764 2010 1818 inter
2051 1766 2252 1832 gradus
2299 1769 2692 1828 ecclesiasticos
2719 1777 3111 1834 exorcistarum
3134 1782 3297 1837 etiam
3343 1785 3444 1838 mi-

1791 1857 1840 1916 B
1867 1858 2152 1916 nisterium
2199 1861 2377 1916 habet.
2413 1862 2702 1919 Sciendum
2750 1883 2982 1939 namque
3030 1880 3132 1938 est,
3164 1875 3289 1943 quia
3319 1891 3442 1930 cum

1865 1951 2191 2006 exorcizatio
2220 1952 2310 2018 sit,
2340 1953 2430 2007 ille
2449 1949 2635 2023 procul
2667 1958 2828 2014 dubio
2852 1962 3208 2031 exorcizatur,
3253 1966 3344 2034 qui
3391 1975 3446 2022 et

1863 2041 2176 2112 baptismati
2228 2055 2282 2100 et
2309 2046 2469 2100 saluti
2501 2046 2754 2115 ﬁdelium,
2781 2058 2835 2105 et
2865 2055 3118 2109 omnibus
3146 2056 3442 2110 virtutibus

1866 2137 2172 2192 contrarius
2230 2146 2329 2192 est.
2380 2138 2473 2193 Ilio
2523 2141 2666 2195 enim
2709 2144 3046 2210 exorcizato,
3104 2147 3218 2201 sive
3262 2148 3446 2218 expui-

1868 2243 1950 2292 so,
1983 2228 2150 2283 divini
2181 2229 2330 2284 verbi
2361 2230 2764 2287 condimentum
2795 2235 3144 2290 credentibus
3171 2237 3348 2292 datur.
3380 2236 3450 2292 Et

1869 2319 2090 2382 idcirco,
2121 2320 2176 2373 hi
2205 2320 2296 2387 qui
2329 2321 2637 2389 baptizandi
2671 2333 2814 2390 sunt,
2843 2326 3008 2380 salem
3035 2328 3088 2382 in
3112 2338 3450 2384 sacramento

1871 2410 2160 2478 accipiunt,
2184 2417 2244 2462 ut
2273 2411 2390 2481 ejus
2418 2420 2575 2480 gustu
2611 2416 3010 2470 condimentum
3039 2419 3312 2487 sapientia:
3333 2434 3450 2489 per-

1873 2501 2094 2570 cipiant,
2131 2516 2304 2571 neque
2330 2518 2362 2556 a
2399 2518 2592 2572 sapore
2619 2503 2822 2560 Christi
2847 2507 3135 2576 desipiant,
3165 2517 3219 2563 et
3239 2510 3345 2564 sint
3366 2511 3451 2564 in-

1871 2595 2005 2649 sulsi
2029 2604 2084 2650 et
2108 2595 2259 2650 fatui.
2293 2597 2420 2651 Post
2441 2598 2898 2653 exorcizationem
2923 2609 2979 2653 et
3023 2599 3450 2656 exsuﬁlationem

1873 2687 2098 2758 symboli
2146 2689 2388 2757 sequitur
2443 2690 2679 2744 traditio.
2726 2689 2878 2757 Quod
2926 2691 3226 2762 symbolum
3267 2692 3456 2749 Graece

1873 2780 2143 2850 σύμϐολον,
2177 2777 2366 2834 Latine
2395 2779 2652 2832 indicium
2707 2779 2790 2834 vel
2829 2781 3042 2848 signum
3066 2821 3082 2847 ,
3130 2781 3215 2836 vel
3244 2782 3455 2837 collatio

1876 2871 2276 2939 interpretatur.
2316 2869 2575 2924 Indicium
2597 2909 2612 2935 ,
2657 2870 2782 2939 quia
2817 2886 2912 2940 per
2943 2871 2995 2925 id
3034 2871 3303 2926 indicatur
3331 2872 3454 2926 ﬁdei

1877 2963 2176 3031 integritas.
2228 2962 2469 3034 Signum,
2513 2963 2654 3032 quod
2683 2979 2748 3018 eo
2786 2965 2922 3019 bene
2949 2973 3160 3021 retento
3206 2974 3262 3021 et
3301 2967 3458 3021 intel-

1877 3055 2037 3122 lecto,
2072 3055 2256 3110 ﬁdeles
2298 3057 2366 3110 ab
2401 3056 2706 3111 infidelibus
2751 3057 3150 3111 discernuntur.
3192 3055 3455 3124 Coilatio,

1879 3149 2002 3217 quia
2026 3148 2080 3202 in
2104 3163 2169 3202 eo
2195 3147 2420 3217 apostoli
2441 3163 2656 3203 omnem
2691 3149 3059 3220 integritatem
3086 3150 3453 3205 contulerunt.

183 3234 360 3297 dicas,
387 3242 442 3287 et
463 3231 657 3285 Filium
687 3229 822 3298 ejus,
846 3238 901 3284 et
915 3228 1176 3298 Spiritum
1197 3227 1309 3281 oris
1333 3226 1542 3295 pariter
1570 3225 1774 3280 indica-
1801 3209 1845 3271 Ο
1877 3209 2030 3306 ῥυοά
2062 3209 2244 3293 δαιοιῆ
2270 3254 2460 3294 omnes
2503 3240 2620 3309 pari
2654 3239 2776 3294 ﬁdei
2803 3209 3114 3295 gincemm
3135 3242 3299 3296 corde
3331 3240 3460 3294 reti.

182 3327 278 3387 sti.
307 3326 353 3379 si
385 3333 564 3379 tamen
617 3324 671 3378 id
708 3323 871 3377 etiam
927 3319 1090 3376 corde
1141 3319 1604 3387 comprehendas,
1659 3316 1774 3371 sive

184 3417 450 3487 Spiritum
475 3416 648 3480 dicas,
678 3423 732 3468 et
756 3415 922 3467 Deum
937 3412 1177 3476 Patrem,
1197 3426 1227 3464 a
1250 3426 1356 3479 quo
1381 3409 1628 3480 procedit
1655 3407 1776 3478 Spi-

182 3509 348 3572 ritus,
375 3514 432 3560 et
458 3507 671 3571 Filium,
703 3505 828 3574 quia
853 3504 974 3557 Filii
1025 3516 1239 3572 quoque
1266 3508 1318 3555 et
1364 3501 1598 3570 Spiritus
1641 3516 1777 3554 nun-

185 3597 423 3668 cupasti,
453 3601 513 3651 ut
541 3595 734 3650 rationi
773 3593 1054 3663 copuletur
1101 3591 1416 3646 auctoritas.
1465 3589 1524 3646 In
1572 3589 1777 3658 Spiritu

186 3703 406 3758 quoque
435 3695 583 3741 recte
609 3685 872 3756 baptizari
904 3698 1062 3754 posse
1112 3681 1393 3750 Scriptura
1420 3681 1648 3744 indicat,
1703 3679 1778 3733 (li-

189 3789 352 3836 cente
382 3780 648 3834 Domino:
691 3777 792 3831 Vos
822 3786 996 3831 autem
1042 3772 1435 3845 baptizabimini
1479 3772 1537 3825 in
1575 3771 1777 3840 Spiritu

190 3883 398 3936 sancto,
424 3882 485 3926 ut
510 3871 798 3942 Apostolus
827 3869 903 3924 ait
928 3887 940 3922 :
966 3867 1158 3921 Omnes
1191 3866 1329 3920 enim
1354 3865 1409 3918 in
1435 3864 1543 3933 ipso
1565 3875 1778 3930 corpore

189 3965 245 4018 in
283 3981 390 4018 uno
413 3961 612 4032 Spiritu
651 3960 896 4031 baptisati
927 3975 1128 4012 sumus.
1156 3956 1331 4010 Aliter
1359 3953 1625 4023 praecipue
1655 3964 1780 4005 oon-

194 4057 341 4128 gruit
362 4070 462 4108 nos
494 4055 546 4108 in
574 4053 790 4107 nomine
826 4049 1038 4103 Domini
1071 4046 1195 4101 Jesu
1236 4045 1436 4101 Christi
1468 4041 1732 4112 baptizari
1758 4081 1772 4105 ,

195 4149 342 4218 quia,
370 4145 511 4198 sicut
537 4142 824 4210 Apostolus
839 4141 915 4193 ait
938 4157 951 4192 :
975 4137 1288 4220 Quicunque
1318 4134 1568 4206 baptizati
1597 4149 1778 4187 sumus

194 4242 251 4293 in
271 4238 484 4292 Christo
506 4232 655 4297 Jesu,
679 4233 734 4285 in
757 4238 920 4284 morte
959 4229 1121 4298 ipsius
1171 4227 1421 4295 baptizati
1442 4241 1638 4286 sumus,
1671 4230 1775 4277 etc.

197 4329 377 4402 (Rom.
408 4326 507 4396 νι).

268 4420 584 4488 Quicunque
612 4415 756 4470 enim
778 4413 844 4468 ad
877 4411 1147 4484 apostolos
1168 4409 1452 4464 credentes
1478 4405 1782 4477 baptizandi

199 4511 578 4574 adveniebant,
611 4508 1017 4563 instruebantur
1045 4514 1098 4560 et
1139 4504 1474 4560 docebantur
1514 4503 1581 4558 ab
1603 4502 1703 4567 eis,
1726 4509 1783 4556 et

198 4602 451 4659 instructi
479 4610 532 4656 et
561 4573 703 4655 docti
753 4599 818 4653 de
846 4603 1186 4652 sacramento
1230 4593 1586 4664 baptismatis,
1617 4601 1672 4648 et
1715 4593 1780 4648 de
1805 4573 1857 4633 D

199 4696 415 4750 cateris
461 4693 661 4764 regulis
684 4691 808 4746 ﬁdei
845 4689 1182 4760 accipiebant
1226 4694 1630 4743 sacrosanctum
1657 4700 1778 4755 my-

199 4787 429 4842 sterium
453 4783 809 4854 baptismatis.

151 4912 181 4936 ο
275 4899 710 4956 Catechumenus
762 4905 961 4960 autem,
991 4893 1212 4948 audiens
1235 4893 1349 4947 sive
1384 4890 1682 4945 instructus
1707 4889 1784 4943 in-

205 4998 556 5062 terpretatur.
585 4988 766 5044 Genus
793 4987 935 5040 enim
965 4987 1260 5040 humanum
1285 4981 1455 5045 audit,
1485 4989 1539 5035 et
1569 4980 1783 5033 instrui-

204 5093 314 5147 tur,
351 5089 634 5150 antequam
681 5079 748 5132 ad
797 5077 1120 5148 baptismum
1148 5074 1345 5128 veniat.
1397 5073 1462 5126 Et
1497 5072 1638 5140 quod
1687 5086 1785 5141 per

206 5174 391 5229 Mosen
408 5173 676 5243 quondam
704 5169 946 5224 audierat
970 5186 983 5220 :
1001 5167 1158 5231 Audi,
1176 5162 1367 5230 Israel,
1381 5162 1634 5217 Dominus
1646 5161 1793 5215 Deus

205 5277 350 5329 tuus,
375 5265 517 5318 Deus
538 5274 673 5317 unus
695 5271 768 5317 est
785 5262 959 5334 (Deut.
986 5259 1062 5330 vn)
1091 5299 1105 5325 ,
1153 5265 1208 5313 et
1236 5271 1332 5328 per
1385 5255 1554 5326 legem
1583 5263 1637 5310 et
1663 5270 1788 5324 pro-

206 5360 403 5430 phetas
429 5353 816 5418 instruebatur,
845 5353 911 5406 ad
940 5351 1098 5406 unius
1128 5350 1238 5404 veri
1263 5347 1356 5402 Dei
1381 5346 1606 5411 cultum,
1629 5345 1789 5400 modo

207 5464 308 5522 per
332 5447 673 5502 sacerdotum
722 5442 1098 5505 ministerium,
1133 5447 1192 5494 ut
1239 5439 1461 5494 audiens
1486 5437 1787 5503 efﬁciatur,

209 5551 267 5597 et
296 5537 486 5594 instrui
513 5535 704 5599 valeat,
730 5543 790 5589 ut
824 5534 1012 5589 relicto
1034 5531 1160 5596 ritu,
1189 5547 1296 5601 quo
1322 5539 1586 5586 creatum
1610 5529 1789 5584 deser-

207 5631 418 5697 viebat,
443 5631 541 5684 soli
565 5628 794 5684 creatori
829 5627 939 5680 Deo
967 5624 1254 5680 deserviat.
1278 5623 1336 5677 In
1365 5638 1593 5693 quorum
1625 5622 1788 5675 etiam

212 5721 354 5777 facie
394 5737 422 5774 a
449 5721 728 5775 sacerdote
756 5733 852 5789 per
897 5715 1320 5772 exsuiliationem
1375 5713 1587 5785 signum
1613 5712 1792 5767 crucis

214 5813 297 5882 ﬁt,
319 5821 380 5870 ut
396 5821 452 5870 et
469 5813 713 5869 diabolus
735 5811 1030 5884 fugaretur,
1046 5818 1101 5865 et
1115 5807 1332 5864 Christo
1349 5807 1435 5862 via
1461 5820 1790 5877 praeparare-

1874 3332 2095 3396 nebant,
2127 3347 2220 3386 ore
2243 3331 2473 3386 confessi
2500 3339 2645 3396 sunt,
2673 3339 2730 3387 et
2754 3332 2948 3402 singuli
2974 3334 3220 3403 proprias
3247 3341 3461 3388 senten-

1875 3424 1980 3478 tias
1999 3423 2358 3488 conferentes,
2397 3423 2714 3494 symbolum,
2751 3423 2804 3478 id
2841 3431 2943 3487 est,
2962 3424 3130 3478 totius
3151 3422 3271 3479 ﬁdei
3299 3423 3462 3479 colla-

1878 3517 2082 3570 tionem
2121 3515 2421 3570 ediderunt.
2458 3513 2762 3570 Discessuri
2787 3515 2931 3570 enim
2955 3514 3024 3568 ab
3047 3515 3305 3580 invicem,
3334 3530 3462 3570 nor-

1876 3622 2021 3663 mam
2051 3606 2243 3660 luturze
2265 3605 2661 3676 praedicationis
2702 3605 2757 3659 in
2797 3603 3070 3660 communi
3113 3612 3460 3669 statuerunt,

1876 3715 1944 3755 ne
1973 3699 2212 3754 localiter
2228 3699 2296 3753 ab
2321 3698 2555 3753 invicem
2577 3697 2917 3754 discedentes
2930 3697 3200 3752 diversum
3223 3695 3460 3766 aliquod,

1876 3794 1962 3848 vel
1989 3793 2266 3849 dissonum
2309 3792 2690 3862 praedicarent.
2727 3792 3181 3848 Decentissimum
3230 3804 3464 3860 namque

1877 3895 1932 3942 et
1955 3886 2084 3941 utile
2117 3892 2335 3950 erat,ut
2355 3883 2551 3956 quibus
2586 3891 2706 3939 erat
2733 3883 2912 3938 anima
2939 3901 3065 3950 una,
3096 3891 3149 3938 et
3175 3900 3270 3940 eor
3295 3899 3463 3938 unum

1877 3976 1932 4031 in
1967 3976 2210 4041 Domino,
2239 3981 2294 4028 et
2321 3988 2454 4043 quos
2475 3974 2648 4028 sancti
2675 3974 2896 4043 spiritus
2911 3974 3120 4029 alilatus
3151 3976 3457 4044 vegetabat,

1879 4076 1934 4120 et
1963 4065 2086 4120 ﬁdei
2132 4065 2296 4120 etiam
2327 4064 2486 4119 unius
2514 4064 2783 4119 confessio
2817 4073 3122 4120 exornaret.
3155 4066 3265 4120 Nec
3293 4067 3458 4131 enim,

1880 4157 2162 4221 dirimi,in
2200 4155 2379 4223 aliquo
2417 4154 2498 4208 vel
2543 4163 2826 4224 poterant,
2868 4155 2950 4210 vel
3008 4154 3314 4219 debebant,
3369 4155 3460 4225 qui

1879 4247 2039 4300 unius
2069 4246 2190 4301 ﬁdei
2219 4245 2433 4299 vinculo
2492 4247 2863 4300 nectebantur.
2922 4244 3080 4299 Fides
3105 4260 3224 4315 qua:
3273 4245 3329 4300 in
3362 4247 3463 4300 hoc

1881 4335 2124 4407 symbolo
2157 4335 2486 4401 continetur,
2512 4333 2584 4389 ita
2625 4336 2694 4390 ab
2736 4335 2821 4390 his
2862 4335 2954 4404 qui
2999 4335 3306 4405 baptizandi
3342 4347 3465 4392 sunt

1883 4427 2109 4498 intelligi
2144 4426 2324 4491 debet,
2349 4433 2407 4480 ut
2435 4426 2661 4480 credant
2698 4425 2752 4480 in
2784 4425 2951 4479 Deum
2974 4433 3181 4495 patrem
3215 4427 3461 4497 omnipo-

1883 4527 2082 4574 tentem
2109 4517 2659 4587 creatoremomnium
2686 4517 2974 4571 visibilium
3007 4523 3061 4572 et
3091 4517 3458 4585 invisibilium,

1885 4611 1977 4681 qui
2009 4609 2174 4673 solus,
2200 4609 2292 4679 qui
2319 4625 2428 4663 non
2452 4617 2536 4663 est
2574 4608 2640 4663 de
2663 4607 2789 4663 alio.
2824 4605 2950 4662 ideo
2983 4607 3129 4663 solus
3165 4610 3466 4678 appellatur

1887 4702 2188 4772 ingenitus,
2228 4708 2284 4756 et
2320 4701 2375 4754 in
2417 4699 2600 4754 Jesum
2626 4697 2900 4753 Christum
2955 4697 3122 4753 ﬁlium
3168 4698 3311 4766 ejus,
3372 4716 3468 4770 per

1887 4809 2048 4864 quem
2074 4793 2256 4848 omnia
2284 4792 2422 4846 facta
2450 4798 2606 4855 sunt,
2649 4805 2838 4845 verum
2886 4790 3054 4846 Deum
3091 4791 3462 4862 unigenitum,

1887 4899 2182 4954 verumque
2209 4883 2304 4937 Dei
2331 4882 2534 4946 ﬁlium,
2591 4897 2699 4936 non
2742 4881 2941 4936 factum
2993 4883 3300 4954 adoptivum
3326 4924 3339 4950 ,
3374 4882 3467 4938 sed

1889 4977 2151 5050 genitum,
2176 4982 2232 5029 et
2254 4975 2414 5028 unius
2459 4991 2584 5032 cum
2612 4982 2767 5045 patre
2796 4975 3142 5039 substantiae,
3179 4983 3340 5045 atque
3391 4975 3466 5028 ita

1890 5085 1986 5140 per
2005 5067 2186 5122 omnia
2208 5067 2469 5136 aequalem
2498 5067 2609 5122 Deo
2640 5065 2804 5136 patri,
2836 5074 2892 5120 ut
2917 5081 3017 5120 nec
3045 5074 3284 5137 tempore
3305 5107 3318 5130 ,
3365 5080 3466 5120 nec

1889 5158 2078 5229 gradu,
2107 5171 2208 5210 nec
2239 5163 2505 5225 potestate
2532 5169 2654 5209 esse
2676 5155 2848 5223 possit
2882 5153 3119 5217 inl‘erior,
3153 5161 3468 5220 tantumque

1889 5263 2009 5304 esse
2037 5247 2184 5300 illum
2210 5246 2301 5315 qui
2331 5253 2415 5301 est
2445 5246 2655 5318 genitus
2687 5253 2922 5316 quantus
2975 5251 3060 5299 est
3105 5243 3191 5297 ille
3234 5241 3325 5311 qui
3377 5255 3467 5314 ge-

1889 5342 2028 5404 nuit,
2057 5339 2279 5394 credant
2303 5353 2425 5392 eum
2458 5338 2622 5393 etiam
2648 5345 2832 5392 natum
2861 5337 2928 5391 de
2959 5335 3150 5406 spiritu
3177 5342 3386 5397 sancto,
3414 5339 3470 5386 et

1890 5431 2059 5488 Maria
2090 5444 2303 5500 semper
2325 5430 2552 5504 virgine,
2579 5431 2632 5485 id
2655 5439 2755 5496 est,
2783 5438 2843 5484 ut
2890 5428 3079 5498 spiritu
3108 5434 3295 5481 sancto
3342 5440 3465 5480 eoo-

1888 5530 2138 5596 perante,
2168 5538 2353 5579 verum
2383 5524 2488 5580 sibi
2523 5537 2719 5596 corpus
2741 5539 2808 5580 ex
2837 5520 3070 5590 virgine,
3105 5519 3242 5572 idem
3279 5517 3374 5574 Dei
3400 5517 3467 5574 ﬁ.

1889 5618 1993 5673 lius
2015 5619 2389 5688 assumpserit,
2416 5626 2476 5674 ut
2507 5621 2596 5688 qui
2625 5627 2742 5674 erat
2767 5619 2820 5672 in
2847 5611 3128 5673 divinitate
3163 5610 3255 5671 Dei
3300 5612 3473 5684 patris

1891 5711 2051 5776 ﬁlius,
2078 5713 2192 5783 ipse
2232 5711 2406 5786 factus
2436 5712 2506 5766 sit
2553 5712 2609 5765 in
2638 5709 2968 5765 humanitate
3017 5709 3249 5768 hominis
3277 5716 3467 5766 matris

1890 5805 2051 5862 illius.
2067 5804 2301 5861 Credam
2325 5806 2490 5860 etiam
2511 5817 2634 5859 eum
2648 5802 2986 5860 descendisse
3011 5804 3199 5863 ultimo
3225 5809 3466 5878 tempore
