4030 6458
562 361 668 419 819

1849 343 2200 405 SMARAGDI
2236 345 2524 403 ABBATIS

3727 356 3838 413 530

573 460 672 550 pro
699 473 1067 546 redemptione
1090 467 1274 524 mundi
1303 481 1334 520 a
1362 475 1535 537 patre,
1567 465 1660 535 qui
1679 477 1956 533 nunquam
1990 460 2152 529 desiit
2175 460 2230 519 Α
2253 462 2552 515 contradico
2597 461 2732 534 (Isa.
2768 463 2841 534 ι).
2898 466 3214 522 Retrorsum
3243 482 3351 523 non
3399 465 3546 534 abii,
3596 478 3660 523 ut
3711 485 3842 540 qua

567 584 689 625 esse
725 582 847 622 cum
873 574 1044 637 patre,
1077 570 1132 618 et
1155 560 1429 616 hominem
1476 573 1665 614 verum
1692 557 1914 622 factum,
1939 564 1999 609 ut
2051 555 2152 609 hu-

566 673 787 714 manum
817 672 985 728 genus
1009 656 1171 710 homo
1214 652 1512 717 liberaret,
1560 659 1616 706 et
1661 651 1777 720 ipse
1805 649 1898 719 qui
1947 649 2150 716 absque

568 749 744 814 initio,
767 748 1125 803 aeternitatem
1160 760 1283 800 cum
1312 752 1464 813 patre
1487 750 1542 797 et
1589 741 1780 812 Spiritu
1811 749 2000 795 sancto
2026 756 2151 810 pos-

569 840 726 905 sidet,
760 840 812 894 in
853 839 962 893 ﬁne
1011 837 1351 902 saeculorum,
1382 834 1683 906 perfectum
1717 841 1922 887 natura:
1949 842 2150 889 nostrae

570 927 843 982 hominem
861 929 1178 997 susceperit,
1205 936 1260 982 et
1280 927 1508 982 verbum
1531 939 1660 980 caro
1672 924 1870 978 factum
1886 925 1974 988 sit,
1992 941 2148 980 assu-

564 1016 759 1072 mendo
782 1017 1201 1084 humanitatem,
1255 1033 1362 1072 non
1391 1015 1746 1087 permutando
1773 1015 2142 1082 divinitatem;

571 1109 989 1178 credantetiam
1035 1124 1158 1164 eum
1182 1108 1470 1178 pertulisse
1489 1107 1795 1178 passionem
1825 1114 1881 1160 et
1898 1114 2145 1173 mortem,

563 1213 672 1254 non
701 1200 901 1254 virtute
927 1200 1247 1263 divinitatis,
1277 1199 1374 1254 sed
1406 1199 1460 1253 in
1508 1199 1821 1254 infirmitate
1846 1200 2150 1254 humanita-

565 1289 657 1354 tis,
695 1299 966 1345 mortuum
1007 1306 1136 1346 vera
1164 1291 1343 1346 carnis
1368 1297 1561 1355 morte,
1607 1291 1971 1346 resurrexisse
2019 1306 2148 1346 vera

567 1381 750 1434 carnis
772 1381 1192 1448 resurrectione,
1223 1390 1279 1436 et
1298 1382 1692 1437 resurrectione
1726 1397 1824 1438 sua
1862 1397 2014 1452 spem
2051 1399 2150 1438 no-

565 1470 652 1524 bis
681 1473 1094 1528 resurrectionis
1123 1473 1437 1529 contulisse.
1492 1474 1572 1529 lta
1600 1474 1881 1540 duntaxat,
1905 1481 1981 1530 ut-
2009 1473 2151 1530 sicut

563 1558 652 1614 ille
675 1563 831 1616 tertia
855 1563 942 1618 die
995 1564 1297 1620 resurrexit
1327 1565 1484 1620 vivus
1509 1580 1540 1620 a
1565 1566 1816 1631 mortuis,
1844 1567 1920 1621 ita
1954 1574 2009 1620 et
2046 1582 2148 1623 nos

563 1647 616 1705 in
644 1651 750 1708 ﬁne
772 1655 1093 1711 saeculorum
1119 1672 1488 1728 resurgamus,
1520 1659 1574 1713 in
1601 1658 1790 1713 eadem
1809 1700 1823 1724 ,
1867 1675 1973 1728 qua
2005 1675 2148 1714 nunc

562 1745 792 1802 vivimus
821 1763 1002 1803 carne.
1055 1748 1291 1804 Credant
1317 1750 1502 1816 etiam,
1533 1766 1655 1806 eum
1692 1752 1746 1805 in
1786 1753 1977 1807 eodem
2029 1768 2146 1808 cor-

2252 551 2568 620 spiritaliter
2592 553 2840 608 dicuntur
2866 555 3182 625 spiritaliter
3211 555 3488 612 audientes
3507 557 3574 612 ad
3602 560 3836 628 spirita-

2251 645 2379 700 lium
2411 662 2632 714 operum
2664 649 3022 704 emolumenta
3042 650 3374 720 perveniant.
3413 651 3548 719 Quia
3570 667 3704 723 ergo
3753 655 3837 710 di-

2251 739 2446 792 vinitas
2469 739 2739 795 hominem
2770 757 3068 807 assumens,
3099 745 3366 814 quoddam
3399 760 3465 800 ex
3489 748 3837 804 connexione

2251 831 2478 885 duarum
2501 832 2947 898 substantiarum,
2962 835 3017 888 in
3039 851 3145 890 una
3170 835 3263 890 Dei
3288 836 3380 889 ﬁlii
3403 851 3637 905 persona
3667 839 3837 910 colly-

2249 920 2386 975 rium
2414 919 2559 988 fecit,
2585 924 2725 978 unde
2746 939 2916 994 genus
2938 925 3231 980 humanum
3260 928 3402 996 quod
3424 942 3626 982 caecum
3659 943 3692 982 a
3720 931 3833 997 pri-

2249 1010 2352 1065 mis
2372 1014 2683 1080 pareutibus
2731 1025 2916 1069 natum
2944 1025 3084 1083 erat,
3110 1016 3475 1082 illuminaret,
3511 1033 3618 1073 non
3652 1021 3727 1074 ab
3777 1035 3834 1075 re

2249 1112 2407 1173 sputo
2443 1119 2602 1159 aures
2630 1113 2921 1176 tanguntur
2953 1118 3007 1161 et
3051 1123 3230 1174 nares,
3261 1117 3321 1162 ut
3337 1111 3428 1178 qui
3456 1125 3706 1180 expuens
3735 1111 3834 1165 lin-

2248 1209 2408 1264 guam
2429 1195 2562 1248 muti
2584 1195 2853 1267 tetigerat,
2879 1205 2935 1252 et
2955 1206 3112 1267 sputo
3130 1199 3300 1253 lutum
3326 1199 3548 1265 fecerat,
3563 1209 3615 1254 et
3646 1203 3835 1258 oculos

2247 1285 2375 1340 caeci
2397 1286 2510 1340 nati
2531 1299 2836 1354 aperuerat,
2866 1304 3011 1343 nunc
3044 1305 3142 1359 per
3180 1289 3540 1346 ministerium
3579 1294 3835 1348 sacerdo-

2247 1382 2378 1438 tum,
2407 1382 2461 1430 et
2490 1376 2732 1431 auditum
2771 1378 3087 1446 spiritalem,
3116 1380 3202 1435 his
3223 1382 3316 1450 qui
3341 1381 3653 1450 baptizandi
3703 1393 3828 1438 sunt

2247 1466 2465 1529 tribuat,
2483 1475 2537 1521 et
2551 1475 2696 1523 recte
2719 1468 2992 1538 loquendi,
3008 1469 3060 1525 id
3073 1479 3176 1534 est,
3192 1469 3352 1525 ﬁdem
3366 1487 3554 1526 veram
3575 1472 3835 1527 conﬁten-

2248 1557 2302 1613 di
2328 1557 2637 1614 facultatem
2668 1561 2925 1629 praebeat,
2959 1569 3015 1615 et
3037 1577 3194 1617 nares
3218 1563 3413 1632 quibus
3457 1565 3660 1618 bonum
3681 1563 3832 1618 Chri-

2248 1649 2316 1704 sti
2345 1649 2564 1704 odorem
2592 1653 2808 1720 capiant
2853 1652 3078 1722 aperiat.
3127 1653 3323 1709 Pectus
3363 1654 3508 1709 enim
3553 1656 3704 1711 illius
3749 1660 3837 1727 qui

2248 1739 2554 1809 baptizatur
2574 1740 2830 1797 refertum
2843 1758 3056 1813 semper
3083 1757 3202 1798 esse
3225 1743 3408 1809 debet,
3424 1753 3481 1798 et
3512 1745 3682 1800 divini
3710 1748 3835 1802 odo~

564 1855 716 1910 pore,
747 1836 890 1909 quod
919 1837 986 1895 de
1011 1837 1222 1909 virgine
1258 1815 1550 1909 assumpsi;
1571 1881 1585 1906 ,
1615 1849 1669 1895 ει
1697 1842 2002 1911 passionem
2032 1859 2152 1900 sus.
2177 1815 2225 1875 Β
2253 1831 2330 1885 ris
2357 1839 2577 1887 nectare
2605 1840 2660 1886 et
2689 1832 2916 1902 spiritali
2941 1834 3192 1890 unctione
3217 1833 3530 1890 delibutum.
3570 1835 3735 1891 Unde
3786 1847 3837 1893 et

562 1931 747 1998 tinuit,
779 1939 834 1986 et
875 1930 1196 1998 resurrexit,
1223 1933 1536 1990 ascendisse
1567 1933 1622 1989 in
1650 1935 1868 2002 coelum,
1898 1946 1952 1992 et
1978 1937 2033 1992 in
2059 1953 2152 1994 eo-

563 2023 708 2089 dem,
735 2033 790 2079 et
815 2039 958 2079 nunc
984 2039 1102 2080 esse
1148 2032 1202 2080 et
1227 2026 1295 2080 ad
1319 2024 1583 2094 judicium
1611 2036 1895 2082 venturum
1926 2045 2068 2097 esse,
2097 2039 2151 2088 et

563 2114 900 2170 resuscitatis
923 2114 1194 2180 omnibus,
1219 2115 1349 2170 dare
1375 2115 1494 2171 aliis
1518 2133 1615 2186 pro
1642 2119 1879 2187 peccatis
1903 2121 2148 2190 supplicii

563 2205 752 2267 teterni
769 2205 1115 2271 sententiam,
1132 2205 1275 2271 aliis,
1299 2220 1398 2276 pro
1420 2205 1644 2274 justitiae
1680 2210 1907 2274 meritis,
1933 2220 2149 2269 mtemze

567 2293 915 2350 beatitudinis
965 2296 1265 2365 praemium.
1322 2296 1558 2351 Credant
1584 2307 1638 2352 et
1667 2299 1719 2352 in
1750 2299 1998 2369 spiritum
2025 2317 2149 2356 san-

561 2388 729 2448 etum,
762 2381 932 2436 Deum
952 2397 1164 2449 verum,
1199 2399 1268 2439 ex
1291 2391 1444 2454 patre
1476 2385 1694 2457 ﬁlioque
1729 2391 2110 2457 procedentem
2130 2433 2145 2459 ,

558 2473 821 2545 aequalem
872 2489 971 2544 per
997 2475 1177 2530 omnia
1206 2477 1349 2545 patri
1375 2485 1431 2532 et
1478 2477 1611 2544 ﬁlio,
1639 2479 1916 2535 voluntate
1938 2522 1952 2547 ,
1995 2492 2149 2552 pote-

561 2574 724 2628 state,
748 2565 1070 2632 aeternitate,
1104 2567 1430 2632 substantia,
1464 2583 1566 2624 nec
1600 2584 1722 2624 esse
1751 2571 1805 2624 in
1837 2572 1938 2626 hac
1959 2582 2148 2628 saneta

562 2654 827 2710 Trinitate
857 2655 994 2711 ullos
1020 2659 1235 2728 gradus,
1267 2660 1462 2730 quibus
1491 2661 1685 2731 aliquis
1705 2665 1978 2732 superior,
2012 2666 2149 2721 infe-

562 2744 740 2798 riorve
763 2745 869 2800 dici
899 2748 1088 2817 possit.
1111 2747 1343 2804 Credant
1361 2751 1525 2805 etiam
1567 2761 1809 2807 sanctam
1851 2755 2148 2812 Ecclesium

563 2836 905 2904 catholicam,
928 2840 984 2894 id
1005 2848 1111 2908 est,
1139 2843 1518 2910 universalem,
1562 2846 1746 2900 nonin
1774 2858 2019 2903 sanctam
2043 2850 2147 2905 Ec-

565 2927 804 2996 clesiam,
830 2940 890 2984 ut
919 2933 1200 2989 credentes
1218 2935 1273 2988 in
1298 2933 1636 3003 Trinitatem,
1654 2939 1881 2996 credant
1906 2939 2146 3008 ejusdem

565 3027 766 3075 sanctae
795 3019 1078 3077 Trinitatis
1107 3025 1304 3079 donum
1329 3041 1468 3094 esse,
1499 3037 1742 3084 sanctam
1764 3031 2084 3098 Ecclesiam,
2115 3048 2148 3087 a

564 3110 717 3180 cujus
745 3114 1122 3171 communione
1154 3116 1516 3185 discedentes,
1543 3120 1872 3177 schismatici
1898 3131 1952 3177 et
1981 3124 2146 3178 haere-

563 3199 654 3255 tici
684 3209 962 3270 vocantur,
995 3213 1050 3260 et
1083 3214 1286 3262 aeterna
1323 3210 1672 3268 damnatione
1718 3215 2035 3284 puniuntur.
2084 3216 2143 3270 In

561 3289 676 3360 ejus
721 3310 851 3351 vero
895 3300 1272 3356 communione
1310 3313 1721 3371 permanentes,
1789 3315 1845 3362 et
1900 3309 2143 3364 membra

561 3384 759 3441 Christi
804 3401 944 3454 esse,
967 3397 1024 3444 et
1055 3390 1427 3447 remissionem
1453 3403 1796 3464 peccatorum
1828 3399 2142 3466 percipere,

562 3480 628 3534 ad
648 3481 816 3535 vitam
852 3490 1109 3538 aeternam
1132 3487 1424 3559 pertinere.
1461 3488 1596 3553 Quia
1631 3504 1759 3560 ergo
1780 3490 1987 3559 parvuli
2017 3507 2144 3546 nec-

563 3571 689 3624 dum
717 3573 928 3628 ratione
950 3583 1186 3640 utentes,
1214 3577 1330 3632 hzec
1377 3577 1602 3633 minime
1648 3595 1841 3649 capere
1886 3590 2140 3649 possunt,

565 3668 781 3730 oportet
807 3672 867 3716 ut
883 3677 1005 3718 cum
1027 3666 1094 3719 ad
1125 3667 1512 3738 intelligibilem
1535 3678 1746 3726 aetatem
1779 3676 2142 3742 pervenerint,

567 3752 859 3806 doceantur
878 3761 933 3806 et
967 3754 1092 3810 ﬁdei
1148 3759 1522 3824 sacramentis,
1545 3768 1599 3814 et
1649 3762 2000 3817 confessionis
2035 3780 2145 3820 suae

568 3841 863 3911 mysteriis,
879 3845 1208 3900 etveraciter
1218 3847 1461 3913 credant,
1487 3857 1542 3904 et
1555 3851 1796 3924 diligenti
1813 3870 1941 3908 cura
1965 3865 2145 3912 custo-

568 3931 717 3987 diant
745 3933 1138 3992 confessionem
1163 3954 1336 3994 suam.
1362 3940 1525 3996 Plane
1549 3944 1802 4012 diximus,
1820 3947 1946 4016 quia
1963 3964 2146 4018 quam-

565 4025 647 4080 vis
673 4025 749 4080 illi
783 4029 1009 4083 necdum
1037 4030 1180 4101 loqui
1211 4035 1420 4102 possint
1454 4051 1554 4105 pro
1588 4036 1694 4092 illis
1722 4049 1777 4093 et
1819 4041 2146 4097 conﬁtentur

565 4125 620 4172 et
646 4117 956 4188 loquuntur,
986 4124 1076 4193 qui
1125 4139 1220 4180 eos
1245 4125 1312 4182 de
1367 4125 1586 4183 lavacro
1617 4128 1778 4185 fontis
1823 4133 2140 4202 suscipiunt.

566 4204 675 4262 Nec
703 4209 973 4267 immerito
1025 4213 1245 4285 dignum
1281 4224 1382 4282 est,
1409 4225 1468 4272 ut
1502 4220 1594 4288 qui
1630 4220 1857 4276 aliorum
1907 4226 2144 4293 peccatis

566 4299 784 4355 obnoxii
814 4311 960 4368 sunt,
988 4305 1216 4361 aliorum
1247 4309 1412 4364 etiam
1468 4310 1826 4381 confessione,
1859 4331 1954 4384 per
1982 4317 2144 4373 minio

570 4389 791 4441 sterium
820 4391 1159 4460 baptismatis
1192 4399 1566 4457 remissionem
1597 4405 1937 4475 originalium
1962 4411 2141 4479 perci-

570 4476 718 4544 piant
740 4489 1105 4546 peccatorum.

533 4588 555 4644 _,:
607 4657 611 4658 ν
641 4570 954 4641 Tanguntur
979 4577 1159 4648 itaque
1192 4581 1258 4636 de
1289 4591 1444 4652 sputo
1473 4601 1633 4642 nares
1680 4597 1734 4643 et
1773 4605 1951 4658 aures,
1981 4602 2036 4650 et
2063 4597 2142 4651 di-

570 4657 712 4712 citur
759 4660 936 4716 effeta.
983 4664 1249 4733 Nares,ut
1271 4671 1542 4728 Christum
1569 4678 1621 4731 in
1650 4679 1815 4736 odore
1843 4695 2140 4755 unguento-

573 4762 691 4802 rum
715 4763 1010 4840 Sequantur
1053 4766 1107 4811 et
1133 4759 1349 4814 dicant:
1394 4762 1562 4819 Trahc
1600 4785 1680 4823 me
1708 4782 1822 4838 post
1860 4783 1926 4840 te,
1961 4793 2142 4831 curre-

570 4852 686 4891 mus
738 4836 916 4909 (Cant.
949 4842 1007 4912 ι),
1041 4853 1244 4901 etcum
1276 4849 1533 4920 Apostolo
1555 4836 1930 4927 conﬁteantur,
1955 4866 2142 4921 dicen-

726 4927 920 5026 Christi
969 4933 1131 5026 bonuus
1183 4937 1314 4992 odor
1360 4958 1539 4998 sumus
1573 4947 1682 5002 Deo
1737 4951 1821 5022 (II
1851 4951 1971 5008 Cor.
2003 4956 2065 5026 ι),
2089 4967 2146 5014 et

571 5013 715 5069 illius
744 5021 984 5074 membra
1009 5022 1325 5091 efﬁciantur,
1351 5030 1439 5083 cui
1467 5032 1663 5089 dicitur
1692 5055 1703 5090 :
1738 5013 1807 5091 Et
1833 5041 1963 5094 odor
1989 5013 2146 5098 vesti?

570 5117 861 5162 mentorum
889 5127 1103 5166 suorum
1145 5132 1301 5185 super
1337 5122 1512 5175 omnia
1539 5136 1797 5182 aromata.
1832 5129 2148 5202 Tanguntur

571 5208 625 5255 et
647 5216 806 5274 aures
835 5209 894 5256 ut
941 5205 1221 5262 audientes
1245 5210 1409 5264 verba
1441 5212 1556 5280 Dei,
1588 5225 1644 5270 et
1673 5217 1938 5278 facientes
1971 5239 2034 5278 ea
2075 5227 2148 5281 si-

572 5291 726 5388 miles
762 5295 891 5360 sint,
918 5299 1208 5354 secundum
1243 5299 1611 5375 Evangelium,
1640 5311 1749 5364 viro
1777 5315 2016 5383 sapienti,
2057 5320 2147 5388 qui

571 5382 850 5452 adiﬁcavit
899 5385 1110 5440 domum
1137 5405 1284 5443 suam
1315 5408 1476 5462 supra
1510 5405 1710 5473 petram
1738 5382 1950 5469 (Matth.
2005 5382 2101 5473 Vti)
2125 5444 2141 5471 ,

572 5481 627 5527 et
653 5474 875 5542 spiritali
903 5478 1086 5533 auditu
1129 5495 1342 5551 semper
1391 5471 1649 5552 spiritalia
1692 5489 1996 5546 auscultent
2023 5533 2037 5558 ,
2082 5471 2143 5547 ut

573 5581 695 5623 cum
735 5567 902 5623 David
957 5572 1136 5628 dicere
1187 5576 1437 5644 possint:
1469 5579 1695 5634 Audiam
1741 5585 1866 5649 quid
1898 5586 2144 5658 loquatur

572 5659 630 5712 in
665 5674 746 5711 me
775 5659 1027 5718 Dominus
1056 5664 1194 5720 Deus
1219 5664 1390 5737 (Psaf.
1418 5671 1660 5741 Lxxxxv).
1687 5673 1755 5727 Et
1800 5690 1920 5730 cum
1961 5677 2094 5735 Isaia
2123 5699 2135 5734 :

574 5750 830 5807 Dominus
864 5753 1004 5812 Deus
1032 5761 1234 5831 aperuit
1288 5762 1414 5816 mihi
1443 5779 1620 5818 aurem
1641 5806 1656 5830 ,
1704 5782 1795 5836 ego
1825 5777 1998 5823 autem
2038 5789 2141 5828 non

2250 1925 2413 1978 etiam
2441 1925 2524 1978 his
2555 1925 2646 1993 qui
2668 1925 2976 1994 baptizandi
3008 1933 3149 1988 sunt,
3175 1933 3363 1996 pectus
3385 1927 3451 1982 de
3470 1927 3613 1991 oleo,
3639 1937 3696 1981 et
3723 1944 3836 1985 sea-

2247 2014 2386 2085 pulae
2410 2023 2722 2085 tanguntur,
2750 2025 2810 2069 ut
2831 2015 2975 2070 illius
2999 2015 3105 2070 olei
3131 2017 3306 2071 sancti
3328 2017 3578 2072 videlicet
3607 2018 3838 2087 spiritus

2249 2106 2502 2162 unctione
2529 2106 2668 2160 liniti
2695 2147 2709 2172 ,
2756 2107 2824 2162 de
2853 2123 2961 2177 quo
3011 2107 3302 2178 Apostolus
3326 2111 3438 2164 ait:
3473 2107 3618 2164 Sicut
3650 2113 3836 2166 unctio

2247 2195 2359 2265 eius
2405 2197 2553 2252 docet
2587 2214 2674 2252 vos
2714 2198 2778 2250 de
2809 2198 3049 2252 omnibus
3109 2199 3160 2270 (I
3189 2197 3353 2253 Joan.
3386 2201 3446 2271 ιι)
3485 2208 3604 2255 ante
3651 2210 3716 2254 et
3761 2217 3841 2256 re-

2248 2297 2332 2341 tro
2362 2287 2575 2352 muniti,
2614 2288 2667 2342 id
2715 2295 2819 2354 est,
2849 2297 3037 2343 contra
3079 2291 3259 2344 omnia
3280 2305 3528 2360 prospera
3573 2291 3700 2345 sive
3757 2294 3840 2348 ad-

2246 2393 2399 2433 versa
2425 2379 2534 2432 sint
2563 2379 2958 2450 circumspecti,
2974 2389 3028 2434 et
3051 2382 3354 2437 cmlestium
3374 2381 3688 2437 animalium
3714 2383 3837 2438 imi-

2247 2471 2449 2526 tatione
2483 2479 2605 2524 ante
2629 2478 2686 2527 et
2713 2482 2860 2527 retro
2889 2473 3033 2542 pleni
3057 2475 3381 2538 sint-oculis,
3413 2476 3466 2529 id
3488 2486 3590 2539 est,
3620 2477 3672 2529 in
3695 2493 3836 2546 pra:-

2247 2563 2467 2616 teritum
2519 2570 2576 2616 et
2601 2561 2838 2617 futurum
2867 2564 3248 2634 respicientes,
3295 2564 3483 2619 salutis
3499 2561 3622 2619 'sua:
3656 2577 3837 2622 custo-

2248 2655 2387 2708 diam
2412 2669 2517 2708 non
2553 2654 2821 2708 amittant.
2853 2655 3113 2725 Tangitur
3141 2657 3219 2711 eis
3254 2666 3444 2726 pectus
3473 2666 3532 2710 ut
3554 2671 3675 2710 cum
3733 2657 3835 2711 Da-

2246 2745 2336 2800 vid
2375 2745 2552 2801 dicere
2590 2747 2800 2814 possint
2843 2766 2855 2800 :
2892 2745 2960 2799 Et
2997 2746 3360 2801 misericordia
3395 2746 3511 2816 ejus
3547 2749 3832 2815 prmeniet

2247 2853 2326 2890 me
2356 2836 2525 2908 (Psal.
2563 2838 2738 2910 Lvm).
2770 2838 3087 2909 Tanguntur
3130 2837 3382 2907 scapulm,
3408 2846 3469 2890 ut
3489 2853 3615 2892 cum
3640 2838 3836 2891 eodem

2247 2931 2429 2987 dicant
2457 2949 2469 2984 :
2500 2933 2569 2986 Et
2600 2931 2958 2985 misericordia
2985 2931 3100 3000 ejus
3126 2931 3466 3002 subsequetur
3491 2947 3574 2984 me
3596 2971 3611 2994 ,
3657 2931 3709 2985 id
3753 2939 3835 2985 est

2249 3025 2540 3091 anteriora,
2567 3031 2625 3078 ut
2649 3022 2785 3076 bene
2807 3022 2992 3086 velint,
3016 3023 3314 3090 posteriora
3339 3063 3354 3086 ,
3401 3036 3471 3076 ne
3512 3020 3712 3075 frustra
3749 3037 3834 3077 ve-

2247 3115 2365 3170 lint.
2395 3115 2452 3170 ln
2479 3115 2661 3178 cordis
2688 3114 2902 3169 nomine
2932 3128 3074 3182 ssepe
3107 3127 3258 3167 mens
3285 3113 3602 3180 designatur
3628 3155 3643 3178 ,
3691 3113 3834 3169 sicut

2246 3217 2332 3263 est
2379 3207 2509 3262 illud
2556 3224 2568 3260 :
2614 3205 2681 3260 In
2722 3213 2827 3259 toto
2876 3203 3032 3257 corde
3095 3221 3206 3259 meo
3251 3202 3503 3273 exquisivi
3549 3211 3598 3256 te
3657 3201 3830 3272 (Psaf.

2245 3304 2456 3370 cxvm).
2491 3299 2558 3353 Et
2585 3299 2640 3352 in
2674 3295 2777 3351 olei
2808 3296 3023 3351 nomine
3050 3295 3384 3366 intelligitur,
3417 3295 3608 3349 unctio
3653 3295 3834 3350 sancti

2243 3390 2486 3459 spiritus,
2506 3388 2618 3444 sive
2643 3402 2803 3457 opera
2830 3387 3046 3440 luminis
3073 3394 3128 3440 et
3167 3385 3576 3440 misericordiw.
3627 3383 3826 3440 Cordis

2245 3483 2396 3537 locus
2419 3481 2674 3536 unctione
2705 3479 2959 3548 utrinque
2989 3478 3249 3541 munitur,
3273 3478 3326 3533 id
3347 3486 3461 3542 est,
3493 3477 3738 3532 anterius
3784 3486 3835 3531 et

2244 3574 2534 3644 posterius,
2563 3580 2624 3626 ut
2651 3571 2885 3639 undique
2907 3584 3060 3623 mens
3080 3569 3396 3634 Christiani,
3423 3576 3478 3622 et
3502 3567 3833 3638 pinguedine

2247 3667 2418 3721 sancti
2450 3665 2690 3734 spiritus,
2715 3672 2770 3718 et
2796 3663 3048 3731 operibus
3083 3661 3302 3716 luminis
3325 3669 3490 3730 atque
3524 3661 3834 3715 misericor-

2246 3757 2347 3811 dia:
2369 3757 2647 3810 exuberet.
2687 3755 2894 3821 Quibus
2942 3753 3082 3807 bene
3109 3753 3407 3817 exuberat,
3466 3752 3512 3807 si
3564 3751 3835 3806 abrenun-

2244 3848 2430 3903 tiando
2460 3846 2671 3902 diabolo
2702 3855 2758 3900 et
2775 3845 3030 3914 operibus
3063 3843 3199 3912 ejus,
3235 3844 3659 3899 dominationem
3689 3842 3833 3898 illius

2245 3951 2583 4011 aspernatur,
2625 3948 2680 3994 et
2707 3940 2897 4010 jugum
2927 3938 3070 4008 quod
3105 3954 3163 3993 se
3201 3939 3508 4008 premebat,
3545 3937 3689 3991 illius
3726 3936 3832 3992 olei

2243 4031 2497 4086 unctione
2525 4029 2784 4092 fatescat,
2841 4037 2896 4083 et
2923 4028 3210 4098 impleatur
3246 4028 3373 4082 illud
3410 4028 3827 4097 propheticum:

2246 4123 2631 4194 Computrescet
2651 4123 2840 4192 jugum
2871 4138 2904 4174 a
2947 4121 3080 4190 facie
3108 4119 3207 4174 olei
3235 4120 3370 4191 (lsa.
3425 4121 3504 4190 ι).
3540 4119 3830 4174 Abrenun-

2244 4217 2382 4270 tiare
2412 4214 2611 4270 etenim
2645 4214 2772 4284 poni
2808 4213 2944 4269 solet
2965 4228 3064 4282 pro
3109 4229 3175 4267 eo
3200 4213 3342 4282 quod
3368 4219 3480 4277 est,
3539 4227 3826 4280 spernere,
3905 4221 3910 4226 '

2244 4307 2461 4377 ejicere,
2493 4307 2885 4369 contradicere,
2913 4306 3026 4360 sive
3057 4305 3198 4359 aliud
3228 4306 3376 4374 quid,
3399 4305 3542 4374 quod
3574 4306 3677 4360 hoc
3703 4321 3826 4361 vcr-

2242 4401 2313 4456 bo
2342 4401 2395 4454 in
2422 4399 2524 4453 hoc
2552 4413 2711 4453 sensu
2759 4397 2986 4467 exprimi
3027 4405 3224 4466 potest.
3262 4397 3432 4464 Quam
3475 4398 3827 4452 abrenuntia-

2165 4508 2220 4568 ι)
2245 4493 2444 4548 tionem
2468 4499 2612 4546 recte
2629 4489 2896 4545 confessio
2919 4498 3117 4544 sancta:
3138 4489 3420 4545 Trinitatis
3442 4493 3727 4560 sequitur:
3762 4491 3826 4546 Ut

2240 4584 2331 4637 ubi
2343 4583 2624 4637 abundavit
2647 4591 2937 4652 peccatum,
2960 4582 3341 4651 supera-bunda
3359 4585 3530 4652 gratia
3548 4582 3730 4653 (Rom.
3749 4586 3822 4655 v).

2244 4674 2458 4732 Satanas
2483 4675 2627 4728 enim
2666 4673 2757 4743 qui
2801 4682 2856 4727 et
2889 4673 3133 4728 diabolus
3157 4684 3497 4746 nuncupatur
3521 4692 3552 4729 a
3577 4676 3826 4732 ﬁdelibus

2245 4766 2675 4829 abrenuntiatur,
2705 4772 2764 4818 ut
2794 4764 3020 4819 Domino
3052 4765 3309 4820 salvatori
3350 4765 3573 4822 liberius
3622 4769 3827 4822 servia-

2245 4866 2351 4922 tur,
2375 4858 2499 4926 quia
2521 4855 2673 4925 juxta
2708 4856 2946 4925 ejusdem
2979 4859 3192 4914 Domini
3248 4875 3432 4915 vocem
3459 4879 3470 4912 :
3515 4859 3685 4914 Nemo
3733 4879 3825 4932 po-

2245 4958 2341 5002 test
2369 4948 2569 5002 duobus
2623 4948 2845 5002 dominis
2871 4950 3060 5003 servire
3085 4949 3299 5020 (Matth.
3331 4951 3430 5019 vr).
3460 4951 3826 5006 Abrenuntia—

2246 5048 2335 5094 tur
2355 5040 2518 5094 etiam
2547 5021 2796 5110 cperibus
2825 5041 2964 5110 ejus,
2995 5040 3120 5110 quia
3147 5055 3312 5110 opera
3363 5039 3501 5096 illius
3544 5044 3823 5097 contraria

2246 5139 2373 5186 sunt
2399 5130 2693 5185 Salvatoris
2712 5131 2982 5200 operibus,
3013 5146 3114 5185 nec
3138 5131 3317 5187 minus
3343 5132 3395 5186 in
3436 5141 3580 5187 terra
3613 5135 3824 5203 pompis

2249 5221 2368 5291 ejus
2395 5223 2819 5284 abrenuntiatur,
2863 5237 2981 5291 quae
3007 5222 3195 5291 utique
3239 5237 3400 5292 opera
3427 5232 3552 5278 sunt
3581 5221 3820 5290 Satanae,

2247 5316 2342 5371 sed
2377 5331 2441 5371 eo
2482 5316 2636 5385 quasi
2664 5315 2892 5371 discerni
2948 5315 3198 5370 videntur
3226 5331 3256 5369 a
3307 5317 3520 5372 caeteris
3565 5319 3823 5388 operibus

2248 5406 2385 5474 ejus,
2403 5407 2528 5474 quia
2547 5407 2599 5460 in
2622 5407 2700 5460 eis
2722 5405 2989 5476 superbia,
3007 5405 3160 5476 cujus
3185 5416 3374 5462 auctor
3399 5407 3486 5462 ille
3509 5418 3617 5472 est,
3635 5419 3821 5480 etquae

2247 5511 2369 5551 eum
2393 5497 2604 5567 dejecit,
2631 5497 3021 5566 quodammodo
3058 5500 3384 5570 designatur.
3416 5499 3632 5570 Pompa:
3656 5503 3823 5572 igitur

2246 5587 2361 5658 ejus
2381 5598 2524 5654 sunt,
2549 5591 2788 5655 ambitio,
2819 5592 3143 5661 arrogantia,
3172 5608 3308 5646 vana
3329 5593 3516 5663 gloria,
3548 5604 3601 5650 et
3623 5605 3824 5651 caetera

2247 5681 2630 5751 hujuscemodi,
2664 5698 2782 5752 quae
2806 5681 2952 5737 fonte
2983 5684 3246 5754 superbiae
3268 5685 3560 5755 procedere
3584 5702 3819 5742 noscun-

2246 5784 2354 5830 tur.
2378 5774 2519 5831 Fons
2538 5792 2749 5846 quoque
2772 5779 3023 5850 baptismi
3043 5781 3449 5837 similitudinem
3477 5783 3617 5854 gerit
3639 5785 3816 5856 sepul—
