4030 6514
253 470 375 526 521

1088 467 1608 528 COLLECTIONES
1646 469 1714 526 IN
1755 468 2135 528 EPISTOLAS
2174 470 2263 527 ET
2303 470 2722 529 EVANGELIA.

3425 483 3534 540 52!

249 581 346 637 cri
400 578 623 644 Christi,
650 579 792 649 quod
831 593 1027 634 novum
1080 578 1244 635 fuisse
1290 583 1516 653 legitur,
1568 583 1694 654 quia
1733 583 1846 653 qui—
1870 584 1924 645 Α
1946 590 2179 654 quatuor
2198 585 2382 639 mundi
2413 587 2889 656 partes,orientem
2911 589 3163 648 videlicet
3186 599 3244 649 et
3271 597 3525 654 occiden-

252 685 484 741 cunque
504 670 558 724 in
585 685 649 725 eo
675 669 1034 741 consepelitur
1064 670 1301 738 Christo,
1329 682 1383 729 et
1408 675 1456 729 ei
1483 683 1856 747 conresurget,

251 762 569 820 sccundum
585 763 832 816 eumdem
857 762 1191 832 Apostolum,
1218 767 1271 821 in
1320 768 1558 823 novitate
1589 767 1713 822 vitae
1742 783 1858 822 am-

253 855 460 910 bulare
481 852 660 919 debet,
691 851 844 921 cujus
872 852 1039 909 fontis
1087 871 1179 910 sex
1208 857 1406 929 gradus
1432 866 1558 912 sunt
1587 899 1602 924 ,
1647 867 1758 912 tres
1800 859 1855 912 in

256 951 556 1017 descensu,
586 960 696 1007 tres
721 959 942 1018 noctes,
972 960 1026 1006 et
1052 960 1164 1008 tres
1193 953 1249 1006 in
1279 966 1504 1008 ascensu
1528 993 1542 1017 ,
1581 960 1690 1006 tres
1738 949 1855 1005 dies

256 1043 574 1114 signiﬁcare
611 1044 880 1099 videntur.
934 1044 1142 1100 Idcirco
1174 1053 1351 1100 autem
1402 1039 1703 1115 baptismus
1745 1059 1854 1099 non

256 1135 518 1200 iteratur,
549 1136 672 1204 quia
695 1145 751 1190 et
797 1135 1044 1191 Christus
1080 1153 1186 1191 non
1216 1136 1446 1206 amplius
1475 1151 1637 1206 quam
1686 1135 1854 1190 semel

257 1225 519 1279 moritur.
548 1224 773 1281 Peccata
809 1227 975 1291 enim,
997 1242 1117 1297 quze
1149 1236 1273 1299 post
1317 1228 1644 1298 baptismum
1701 1241 1851 1280 com-

256 1317 577 1382 mittuntur,
602 1318 932 1387 paenitentiae
957 1319 1234 1390 lacrymis,
1265 1319 1648 1390 eleemosynis,
1675 1327 1730 1372 et
1750 1333 1853 1372 cae-

261 1407 401 1463 teris
428 1408 693 1462 bonorum
737 1424 962 1480 Operum
991 1411 1439 1470 exhibitionibus,
1502 1425 1610 1464 non
1653 1408 1853 1477 baptis-

259 1499 429 1553 matis
456 1499 740 1554 iteratione
777 1500 1043 1555 delentur.
1090 1501 1372 1557 Dominico
1399 1501 1604 1554 interea
1635 1499 1850 1568 corpori

260 1588 592 1657 sepeliendo,
637 1590 987 1644 mundissima
1014 1590 1346 1655 linteamina,
1375 1597 1430 1644 et
1461 1596 1706 1642 aromata
1755 1588 1849 1641 ad-

262 1679 550 1745 hibentur,
576 1681 699 1749 quia
728 1689 782 1736 et
808 1681 854 1736 is
878 1682 971 1751 qui
993 1681 1208 1736 Christo
1244 1681 1460 1750 sepeliri
1485 1680 1775 1744 desiderat,
1801 1679 1848 1734 si

258 1770 374 1840 jam
407 1781 537 1829 aetas
569 1775 865 1843 permittit,
898 1775 1142 1844 quamvis
1172 1784 1415 1831 mortuus
1463 1776 1535 1829 sit
1557 1790 1654 1844 per
1691 1773 1849 1843 origi-

263 1864 390 1918 nale
415 1864 716 1942 peccatum,
743 1867 885 1936 quod
921 1868 1098 1922 adhuc
1130 1875 1330 1937 portat,
1361 1866 1522 1922 debet
1545 1873 1724 1920 tamen
1753 1865 1848 1918 bo—

1959 681 2088 740 tem,
2117 676 2534 744 septentrionem
2557 684 2611 732 et
2636 679 2939 747 meridiem,
2975 682 3217 738 derivata
3245 694 3347 742 est.
3383 687 3538 747 Hunc

1956 765 2098 818 enim
2123 766 2390 834 spiritum,
2419 768 2509 836 qui
2547 783 2577 822 a
2625 778 2782 838 patre
2832 771 3048 844 ﬁlioque
3091 779 3356 845 procedit,
3393 781 3536 837 idem

1955 856 2216 915 Dominus
2237 863 2515 931 apostolis.
2539 871 2594 918 et
2619 880 2716 935 per
2737 867 3104 934 apostolorum
3127 879 3184 926 et
3209 887 3393 927 eorum
3416 889 3540 930 suc-

1957 961 2231 1004 cessorum
2289 952 2648 1007 ministerium
2680 964 2880 1011 sanctae
2914 973 3024 1014 suae
3048 961 3237 1016 tribuit
3260 963 3538 1030 Ecclesiae,

1955 1037 2107 1106 cujus
2135 1042 2291 1106 dona,
2319 1058 2625 1113 quanquam
2650 1062 2716 1101 ex
2737 1047 2894 1103 unius
2916 1049 3135 1119 spiritus
3175 1052 3321 1111 fonte
3347 1071 3538 1125 proce-
3577 1049 3579 1051 ’

1955 1129 2378 1193 dant,videntur
2402 1135 2801 1204 quodammodo
2845 1140 3105 1208 quasdam
3156 1141 3356 1200 habere
3406 1163 3532 1217 pro-

1951 1221 2227 1288 prietates.
2254 1224 2414 1281 Aliud
2448 1235 2532 1282 est
2553 1230 2698 1283 enim
2725 1246 2936 1301 sapere,
2991 1233 3136 1288 aliud
3195 1233 3491 1308 intelligere
3516 1282 3530 1306 ,

1952 1312 2076 1380 quia
2105 1315 2254 1369 multi
2269 1318 2484 1398 quidem
2505 1329 2708 1376 aeterna
2732 1324 2965 1394 sapiunt,
2982 1327 3074 1381 sed
3098 1326 3214 1382 haec
3236 1329 3538 1402 intelligere

1951 1403 2174 1460 minime
2200 1419 2444 1476 possunt.
2472 1409 2749 1481 Sapientia
2777 1431 2906 1486 ergo
2935 1426 3171 1474 mentem
3193 1435 3355 1489 quam
3391 1422 3534 1477 inse-

1951 1489 2114 1557 derit,
2153 1494 2219 1548 de
2241 1503 2565 1552 aeternorum
2601 1517 2696 1571 spe
2721 1511 2776 1557 et
2811 1506 3133 1562 certitudine
3159 1509 3346 1578 replet.
3379 1510 3540 1567 Intel-

1949 1582 2120 1640 lectus
2145 1602 2210 1640 ρο
2249 1591 2390 1657 quod
2435 1602 2647 1649 secreta
2669 1606 2935 1666 penetrat,
2968 1615 3063 1655 cor
3105 1602 3248 1670 quod
3275 1603 3536 1672 tetigerit,

1949 1677 2239 1734 reﬁciendo
2293 1681 2407 1749 ejus
2444 1687 2694 1743 tenebras
2745 1689 2996 1745 illustrat.
3031 1692 3361 1762 Consilium,
3409 1698 3536 1753 dum

1949 1783 2068 1824 esse
2105 1773 2413 1842 quempiam
2457 1778 2786 1847 praecipitem
2837 1782 3126 1849 prohibet,
3176 1785 3385 1841 ratione
3421 1787 3538 1840 ani-

1948 1873 2094 1914 mum
2122 1861 2310 1929 replet.
2337 1863 2619 1921 Fortitudo
2646 1882 2775 1941 vero
2798 1883 2922 1924 cum
2946 1873 3170 1927 adversa
3187 1889 3294 1929 non
3321 1876 3534 1941 metuit,

263 1971 458 2010 norum
475 1940 696 2027 operum
726 1958 1055 2014 exhibitione
1076 1936 1320 2030 [158mm,
1360 1967 1413 2013 et
1455 1958 1672 2012 mundis
1696 1956 1844 2010 indui
1871 1937 1921 1997 Β
1948 1950 2238 2018 trepidanti
2269 1956 2432 2009 menti
2460 1936 2839 2013 conﬁdentiam
2890 1962 3110 2030 praebet.
3145 1962 3381 2019 Scientia
3407 1936 3533 2021 cuni

262 2047 521 2102 vestibus.
556 2049 631 2102 De
653 2048 850 2118 quibus
874 2049 1132 2118 propheta
1185 2049 1495 2104 sacerdOtes
1519 2047 1669 2102 indui
1698 2055 1839 2113 orat,

263 2150 387 2190 cum
417 2137 582 2192 dicit:
618 2137 926 2193 Sacerdotes
985 2140 1064 2194 tui
1090 2140 1382 2194 induantur
1419 2141 1632 2210 justitla
1662 2137 1837 2209 (Psal.

261 2227 470 2298 cxxxi).
499 2227 633 2295 Quia
657 2244 786 2301 ergo
810 2231 991 2286 omnia
1017 2231 1071 2286 in
1098 2231 1351 2301 baptismi
1374 2232 1582 2310 ratione
1602 2230 1844 2286 redolent

259 2321 538 2390 mysteriis
592 2330 648 2377 et
686 2323 986 2377 exuberant
1048 2324 1432 2390 sacramentis,
1482 2331 1843 2394 Opportunum

257 2420 400 2476 erat,
414 2421 476 2466 ut
492 2428 662 2468 novus
681 2415 844 2470 homo
856 2431 992 2469 nova
1005 2416 1278 2485 acciperet
1288 2417 1629 2482 vestimenta,
1653 2424 1707 2470 et
1717 2431 1844 2484 pur-

257 2509 422 2572 gatus
457 2504 656 2559 veteris
697 2521 853 2560 noxa:
885 2505 1210 2573 colluvione,
1237 2506 1589 2561 candidarum
1614 2505 1844 2560 vestium

258 2593 582 2650 indueretur
605 2597 800 2652 nitore.
834 2597 1006 2653 Moses
1029 2599 1174 2654 enim
1221 2599 1403 2653 Aaron
1444 2606 1498 2652 et
1535 2597 1675 2653 ﬁlios
1727 2598 1844 2668 ejus

258 2686 413 2756 prius
437 2701 575 2757 aqua
597 2688 816 2754 lavavit,
840 2698 894 2744 et
921 2698 1043 2759 post
1077 2690 1236 2745 lineis
1279 2689 1452 2744 induit
1483 2690 1838 2745 vestimentis.

217 2841 221 2845 ,
261 2776 400 2844 Quia
429 2786 612 2834 noster
637 2795 798 2835 verus
839 2780 1013 2835 Moses
1053 2781 1145 2850 qui
1185 2780 1443 2850 pupulum
1485 2781 1552 2835 de
1590 2780 1841 2851 Egyptia

261 2870 539 2936 servitute,
570 2871 636 2926 de
663 2871 978 2941 gentilitatis
1002 2873 1252 2929 videlicet
1279 2887 1464 2940 errore
1506 2873 1723 2938 liberat,
1748 2873 1842 2943 qui

260 2969 346 3016 est
367 2961 628 3018 mediator
640 2964 734 3018 Dei
764 2972 818 3020 et
835 2967 1136 3030 hominum,
1161 2966 1244 3021 sui
1270 2982 1367 3021 nos
1393 2966 1739 3021 inenarrabili
1754 2981 1840 3021 sa-

262 3055 520 3109 cramenti
537 3055 676 3110 unda
690 3055 959 3124 puriﬁcat,
973 3065 1026 3111 et
1039 3059 1302 3113 bonorum
1324 3073 1546 3128 operum
1563 3059 1842 3114 indumen-

263 3147 334 3202 tis
362 3153 605 3201 exornat.
641 3145 1037 3216 Baptizatorum
1075 3148 1261 3219 itaque
1319 3150 1497 3220 capita
1545 3150 1839 3205 chrismate

261 3237 538 3300 liniuntur,
561 3244 620 3290 ut
643 3237 698 3291 in
730 3253 892 3309 regno
922 3248 977 3293 et
996 3240 1298 3295 sacerdotio
1329 3239 1584 3295 Ecclesiae
1615 3241 1836 3296 delibuti

261 3341 313 3385 et
337 3330 626 3386 Christiani
653 3334 884 3388 nominis
907 3335 1314 3405 praerogativam
1335 3334 1622 3404 accipiant,
1644 3343 1700 3390 et
1721 3334 1837 3403 ejus

259 3424 521 3490 membra,
549 3425 640 3494 qui
677 3441 770 3480 eos
797 3425 1042 3489 redemit,
1066 3433 1121 3480 et
1145 3441 1333 3481 eorum
1373 3434 1538 3495 caput
1567 3433 1672 3492 est,
1698 3425 1836 3482 elﬁci

259 3512 491 3566 valeant.
506 3513 697 3582 Capita
713 3513 891 3582 itaque
907 3529 1094 3569 eorum
1109 3516 1201 3584 qui
1218 3523 1682 3584 regeneranturex
1697 3531 1836 3586 aqua

260 3614 316 3661 et
341 3607 529 3676 spiritu
563 3613 749 3660 sancto
776 3606 1005 3676 mystico
1030 3606 1295 3662 velamine
1325 3615 1579 3677 teguntur
1601 3647 1617 3674 ,
1653 3614 1713 3662 ut
1757 3607 1838 3662 eis

261 3712 357 3768 per
393 3697 611 3752 Petrum
642 3697 889 3752 dicatur:
929 3695 1032 3751 Vos
1059 3698 1182 3751 estis
1216 3714 1376 3768 genus
1402 3696 1636 3763 electum,
1667 3697 1837 3768 regale

259 3790 643 3855 sacerdotium,
694 3804 816 3860 gens
865 3797 1076 3855 sancta,
1121 3788 1342 3860 populus
1397 3789 1751 3859 acquisitionis
1782 3787 1836 3858 (Ι

261 3875 406 3932 Petr.
428 3876 510 3948 ιι),
545 3885 599 3933 et
626 3879 730 3933 hoc
768 3877 1032 3933 velamine
1059 3886 1115 3934 et
1139 3879 1386 3934 diadema
1414 3879 1642 3948 regium,
1672 3884 1727 3932 et
1750 3893 1836 3932 sa-

261 3970 548 4026 cerdotalis
576 3970 764 4040 capitis
808 3970 1167 4025 velamentum
1218 3969 1582 4041 signiﬁcetur;
1626 3977 1680 4024 et
1709 3969 1835 4039 quia

257 4078 355 4134 per
375 4069 536 4130 caput
588 4075 738 4116 mens
763 4060 1077 4130 plerumque
1106 4061 1161 4115 in
1189 4076 1344 4117 sacro
1395 4062 1606 4132 eloquio
1663 4061 1833 4130 accipi

257 4152 412 4216 solet,
445 4149 600 4219 juxta
650 4149 815 4204 illud:
845 4150 1103 4223 Respicite
1155 4163 1204 4206 et
1253 4153 1414 4208 levate
1465 4156 1639 4224 capita
1667 4164 1834 4209 vestra

259 4243 408 4315 (Luc.
434 4241 574 4311 xxi),
600 4254 752 4295 mens
778 4251 1088 4297 renatomm
1109 4249 1166 4297 et
1184 4243 1344 4313 regiae
1368 4244 1645 4314 dignitatis
1670 4260 1832 4299 orna-

259 4341 462 4397 menta,
489 4339 544 4387 et
574 4331 920 4387 sacerdotalis
947 4333 1167 4388 verticis
1198 4333 1395 4388 habeat
1421 4341 1749 4403 tegumenta,
1775 4343 1836 4388 ut

260 4435 314 4482 et
347 4433 530 4481 contra
562 4424 693 4479 vitia
716 4425 1035 4480 sacerdotali
1056 4425 1320 4481 velamine
1343 4426 1636 4490 muniatur,
1653 4435 1707 4480 et
1729 4427 1836 4481 vir-

263 4524 430 4571 tutum
455 4515 680 4585 gemmis
701 4515 1014 4584 spiritaliter
1041 4524 1356 4582 exornetur,
1379 4524 1433 4572 et
1473 4517 1726 4572 unctione
1750 4533 1834 4573 sa—

261 4607 524 4663 crosancti
555 4606 864 4662 chrismatis
889 4606 1128 4670 liniatur,
1154 4607 1349 4677 quibus
1387 4607 1549 4662 etiam
1591 4607 1832 4678 septifor-

258 4698 362 4752 mis
397 4696 580 4767 gratiae
609 4697 833 4766 spiritus
885 4711 983 4765 per
1010 4696 1318 4752 chrismatis
1351 4699 1659 4754 unctionem
1706 4714 1835 4754 con-

259 4787 488 4853 ceditur,
515 4797 703 4842 utnon
725 4788 898 4844 solum
928 4788 1099 4844 sancti
1142 4789 1382 4858 spiritus,
1414 4789 1505 4858 qui
1547 4790 1706 4844 unius
1752 4799 1834 4845 est

260 4895 382 4937 cum
410 4887 563 4949 patre
586 4888 641 4935 et
667 4879 776 4935 ﬁlio
798 4879 1126 4942 substantiae,
1145 4881 1238 4935 sed
1263 4882 1425 4936 totius
1445 4891 1646 4936 sanctae
1659 4881 1836 4936 Trini-

258 4971 386 5026 tatis
410 4971 770 5026 habitaculum
799 4970 935 5024 eilici
978 4978 1304 5026 mereantur.
1337 4969 1570 5040 Spiritus
1592 4971 1838 5041 paracle-

261 5070 348 5118 tus
372 5061 699 5131 septiformis
732 5061 893 5115 etiam
921 5061 1108 5132 gratiae
1137 5061 1333 5115 dicitur
1354 5062 1392 5126 ,'
1424 5069 1641 5131 propter
1665 5070 1835 5131 septe-

260 5152 398 5206 narii
433 5151 641 5206 numeri
678 5151 1016 5221 mysterium,
1063 5151 1118 5206 in
1164 5166 1272 5222 quo
1304 5167 1514 5206 summa
1574 5152 1834 5221 perfectio

262 5243 594 5314 intelligitur.
621 5242 719 5297 Est
745 5243 887 5297 enim
909 5243 1234 5313 compositus
1256 5258 1322 5298 ex
1349 5250 1462 5298 toto
1483 5243 1658 5312 primo
1691 5244 1831 5313 pari,

261 5343 319 5390 et
343 5350 408 5390 ex
437 5344 549 5389 toto
582 5336 756 5405 primo
781 5335 972 5404 impari
999 5354 1012 5390 :
1044 5350 1108 5389 ex
1135 5343 1248 5391 toto
1275 5335 1450 5404 primo
1471 5336 1587 5404 pari
1599 5337 1720 5407 ,qui
1747 5337 1831 5391 di—

261 5428 371 5481 vidi
404 5434 602 5496 potest,
627 5435 682 5481 et
705 5441 770 5480 ex
799 5434 913 5480 toto
958 5427 1132 5496 primo
1161 5427 1374 5498 impari,
1404 5428 1496 5498 qui
1525 5427 1691 5482 dividi
1726 5445 1834 5485 non

261 5528 458 5592 potest.
484 5518 657 5575 Habet
682 5519 826 5574 enim
853 5520 904 5572 in
930 5520 1164 5575 ternario
1189 5523 1504 5591 mysterium
1535 5521 1837 5591 Trinitatis,

264 5612 322 5667 in
342 5612 690 5682 quaternario
708 5611 1000 5681 Evangelii.
1018 5610 1145 5666 Sive
1163 5613 1306 5666 enim
1331 5622 1440 5669 tres
1463 5630 1561 5684 per
1581 5625 1836 5686 quatuor,

265 5707 380 5762 sive
401 5714 633 5776 quatuor
657 5721 754 5775 per
779 5713 886 5761 tres
907 5704 1345 5776 multiplicentur,
1363 5707 1430 5761 ad
1451 5707 1839 5766 duodenarium

268 5811 555 5851 numerum
583 5797 841 5866 surgitur,
875 5797 998 5866 quia
1025 5796 1346 5867 mysterium
1372 5805 1576 5855 sancta:
1599 5798 1840 5858 Trinita-

273 5887 344 5944 tis
367 5897 425 5944 et
475 5889 716 5946 doctrina
740 5889 1012 5963 Evangelii
1037 5906 1133 5962 per
1161 5891 1442 5949 duodecim
1494 5895 1764 5964 apostolOs
1785 5895 1841 5953 in

1860 4656 1912 4715 D

1945 2038 2308 2110 ignorantiam
2349 2044 2517 2116 fugat,
2551 2055 2606 2102 et
2625 2047 2827 2103 lumine
2868 2065 2966 2104 suo
2996 2067 3119 2106 eum
3148 2068 3310 2122 quem
3362 2054 3535 2123 reple-

1943 2130 2083 2184 verit
2131 2133 2380 2190 illustrat.
2410 2137 2591 2193 Pietas
2618 2179 2632 2204 ,
2679 2139 3066 2196 misericordia:
3119 2143 3372 2211 operibus
3409 2159 3533 2199 eum

1943 2239 2105 2293 quem
2142 2227 2452 2296 repleverit,
2481 2230 2782 2287 exuberare
2832 2233 3098 2288 concedit.
3133 2234 3351 2299 Timor,
3406 2237 3532 2293 dum

1941 2317 2392 2382 premitmentem
2416 2335 2483 2374 ne
2511 2321 2576 2376 de
2620 2324 2973 2392 praesentibus
3003 2325 3298 2395 superbiat,
3331 2325 3396 2381 de
3438 2326 3522 2382 fu-

1943 2406 2079 2458 turis
2097 2406 2243 2460 illam
2268 2409 2380 2476 spei
2394 2409 2687 2466 refectione
2700 2413 2990 2468 confortat.
3008 2413 3100 2468 Sic
3123 2417 3270 2470 enim
3292 2417 3529 2485 quodam

1943 2496 2268 2553 adminiculo
2295 2500 2378 2554 sui
2404 2500 2638 2557 invicem
2668 2504 2770 2558 sibi
2806 2513 3149 2570 succurrunt,
3174 2514 3233 2560 ut
3262 2507 3392 2560 dum
3419 2508 3527 2561 alia

1943 2592 2062 2648 aliae
2095 2593 2440 2666 suffragatur,
2480 2597 2605 2653 vita:
2647 2600 2780 2655 ordo
2825 2611 2880 2656 et
2927 2609 3100 2657 status
3152 2601 3532 2658 decentissime

1942 2694 2312 2752 componatur.
2354 2686 2528 2742 Minor
2554 2687 2752 2758 quippe
2803 2697 2885 2744 est
2916 2690 3197 2760 sapientia,
3235 2691 3282 2745 si
3325 2690 3534 2746 intelle:

1940 2782 2028 2828 ctu
2055 2783 2259 2830 careat.
2285 2776 2352 2830 Et
2372 2777 2528 2833 valde
2571 2778 2781 2834 inutilis
2808 2779 3112 2836 intellectus
3133 2789 3239 2847 est,
3266 2782 3312 2836 si
3349 2795 3415 2836 ex
3447 2797 3532 2837 sa-

1938 2868 2141 2937 pientia
2169 2885 2276 2924 non
2299 2871 2577 2925 subsistat.
2623 2871 2760 2938 Quia
2787 2887 2910 2927 cum
2939 2873 3133 2928 altiora
3173 2873 3291 2928 sine
3318 2873 3531 2944 sapien-

1938 2958 2029 3014 tiae
2085 2959 2324 3029 pondere
2370 2968 2648 3028 penetrat,
2711 2974 2808 3017 sua
2859 2962 3009 3017 illum
3074 2963 3266 3019 levitas
3314 2964 3529 3034 gravius

1938 3051 2207 3105 ruiturum
2247 3052 2408 3106 levat.
2447 3053 2563 3108 Vile
2591 3061 2677 3108 est
2701 3054 3009 3120 consilium,
3037 3055 3124 3111 cui
3177 3055 3339 3111 robor
3375 3054 3532 3109 forti-

1939 3140 2138 3196 tudinis
2163 3143 2331 3208 deest,
2371 3145 2497 3212 quia
2529 3147 2672 3214 quod
2725 3147 3007 3202 tractando
3063 3146 3289 3212 invenit,
3336 3163 3530 3203 carens

1937 3231 2166 3296 viribus,
2195 3248 2368 3301 usque
2391 3235 2456 3288 ad
2496 3233 2883 3304 perfectionem
2909 3237 3087 3306 Operis
3122 3253 3228 3293 non
3257 3239 3528 3308 perducit,

1938 3330 1993 3376 et
2016 3323 2170 3378 valde
2203 3323 2462 3380 fortitudo
2486 3327 2804 3390 destruitur,
2839 3328 2942 3382 nisi
2986 3344 3084 3398 per
3112 3330 3399 3385 consilium
3428 3329 3532 3383 ful-

1937 3413 2129 3476 ciatur,
2157 3414 2282 3482 quia
2313 3430 2420 3484 quo
2461 3415 2582 3483 plus
2621 3431 2676 3470 se
2726 3430 2884 3486 posse
2927 3419 3208 3488 conspicit,
3257 3434 3324 3474 eo
3353 3420 3530 3476 virtus

1937 3503 2055 3558 sine
2095 3506 2320 3560 rationis
2349 3507 2716 3562 moderamine
2743 3507 2980 3563 deterius
3016 3508 3069 3562 in
3099 3524 3340 3579 prteceps
3397 3511 3526 3565 ruit.

1934 3592 2091 3648 Nulla
2116 3603 2200 3650 est
2247 3596 2492 3662 scientia,
2534 3597 2579 3652 si
2605 3597 2893 3652 utilitatem
2935 3598 3156 3670 pietatis
3183 3615 3292 3655 non
3335 3601 3524 3668 habet,

1937 3684 2064 3753 quia
2094 3684 2219 3739 dum
2250 3686 2390 3741 bona
2421 3688 2634 3758 cognita
2660 3689 2881 3756 exsequi
2916 3689 3158 3759 negligit,
3190 3705 3312 3746 sese
3334 3692 3403 3746 ad
3439 3691 3526 3761 ju-

1936 3781 2135 3836 dicium
2165 3782 2367 3837 arctius
2409 3782 2644 3853 stringit,
2673 3791 2729 3838 et
2766 3783 2920 3838 valde
2947 3783 3154 3840 inutilis
3174 3792 3258 3840 est
3305 3785 3481 3856 pietas
3505 3825 3522 3851 ,

1936 3872 1980 3926 si
2012 3873 2238 3927 scientia
2286 3874 2610 3929 discretione
2646 3883 2815 3941 caret,
2870 3875 2996 3945 quia
3030 3876 3159 3930 dum
3192 3876 3339 3931 nulla
3387 3878 3531 3934 hanc

1936 3966 2160 4021 scientia
2193 3966 2480 4034 illuminat,
2503 3965 2772 4037 quomodo
2817 3969 3142 4024 misereatur
3165 3968 3397 4040 ignorat.
3433 3969 3526 4026 Ti-

1935 4071 2054 4111 mor
2073 4072 2288 4127 quoque
2319 4057 2450 4128 ipse,
2499 4058 2602 4112 nisi
2632 4059 2731 4113 has
2761 4059 2924 4114 etiam
2951 4060 3179 4116 virtutes
3228 4060 3518 4126 habuerit,

1937 4147 2005 4201 ad
2029 4147 2233 4202 nullum
2257 4163 2391 4216 opus
2440 4147 2628 4217 procul
2666 4147 2827 4203 dubio
2872 4150 3026 4204 bonae
3067 4150 3295 4203 actionis
3323 4151 3516 4219 surgit,

1934 4240 2061 4310 quia
2090 4240 2217 4294 dum
2241 4242 2313 4295 ad
2343 4247 2538 4295 cuncta
2584 4241 2838 4310 trepidat,
2881 4243 2998 4312 ipsa
3037 4243 3117 4297 sui
3163 4241 3450 4298 formidine
3495 4261 3526 4298 a

1932 4328 2090 4385 bonis
2114 4329 2364 4397 operibus
2387 4337 2608 4398 torpens
2627 4340 2802 4386 vacat.
2848 4330 3200 4402 Summopere
3228 4333 3410 4404 itaque
3436 4336 3527 4391 ob-

1934 4423 2258 4478 servandum
2308 4431 2410 4487 est,
2438 4429 2494 4476 et
2523 4421 2692 4491 ipsius
2718 4424 2891 4479 sancti
2941 4425 3164 4493 spiritus
3191 4423 3518 4494 adjutorium

1935 4513 2349 4583 implorandum,
2373 4528 2440 4567 ne
2468 4511 2730 4582 sapientia
2757 4514 2950 4580 elevet,
2979 4530 3046 4570 ne
3071 4515 3376 4572 intellectus
3392 4517 3519 4572 dum

1935 4604 2205 4660 subtiliter
2227 4605 2417 4668 currit,
2441 4604 2678 4670 aberret,
2704 4622 2773 4662 ne
2817 4606 3102 4661 consilium
3136 4606 3266 4662 dum
3303 4623 3364 4663 se
3383 4608 3522 4664 mul-

1941 4696 2166 4767 tiplicat,
2201 4695 2513 4763 confundat,
2547 4711 2614 4751 ne
2670 4695 2928 4752 fortitudo
2950 4698 3076 4752 dum
3106 4697 3356 4754 ﬁduciam
3384 4715 3523 4768 pra:-

1939 4788 2029 4843 bet
2057 4789 2377 4859 praecipitet,
2414 4805 2483 4844 ne
2513 4789 2742 4844 scientia
2771 4790 2899 4844 dum
2926 4791 3076 4845 novit
3105 4798 3160 4846 et
3195 4807 3300 4846 non
3328 4791 3522 4862 diligit,

1939 4875 2109 4942 inﬂet,
2147 4892 2213 4931 ne
2240 4877 2414 4947 pietas
2467 4878 2590 4933 dum
2617 4894 2675 4934 se
2698 4887 2851 4934 extra
2876 4881 3258 4936 rectitudinem
3298 4882 3524 4938 inclinat

1938 4966 2264 5036 intorqueat,
2295 4983 2362 5022 ne
2397 4967 2560 5022 timor
2582 4967 2709 5023 dum
2731 4967 2853 5038 plus
2872 4969 3020 5040 justo
3047 4971 3297 5041 trepidat,
3329 4971 3384 5026 in
3431 4973 3524 5028 de-

1909 5107 1911 5109 .
1938 5058 2258 5128 sperationis
2288 5058 2498 5113 foveam
2527 5069 2752 5130 mergat.

2007 5149 2079 5203 Et
2107 5166 2225 5203 cum
2267 5150 2594 5220 imposuisset
2621 5149 2727 5206 illis
2754 5167 2940 5207 manus
2984 5150 3213 5220 Paulus,
3237 5155 3371 5208 venit
3393 5153 3518 5223 Spi-

1911 5291 1913 5293 .
1936 5242 2069 5296 ritus
2087 5251 2300 5296 sanctus
2325 5259 2482 5314 super
2510 5259 2617 5310 eos,
2646 5252 2695 5296 et
2716 5242 3063 5316 loquebantur
3093 5244 3306 5314 linguis,
3333 5252 3382 5296 et
3402 5259 3521 5312 pro-

1907 5334 2234 5406 .phetabant.
2266 5334 2435 5390 Erant
2454 5352 2630 5391 omnes
2652 5338 2748 5391 uiri
2783 5336 2890 5406 fere
2907 5335 3202 5400 duodecim,
3225 5343 3330 5389 etc.
3364 5333 3518 5400 Quae-

1937 5426 2042 5481 stio
2069 5427 2259 5483 crebra
2283 5427 2572 5484 ventilatur
2598 5470 2614 5493 ,
2668 5429 2713 5485 si
2743 5429 2816 5484 illi
2868 5429 2959 5498 qui
3015 5442 3112 5497 per
3157 5426 3515 5496 ignorantiam

1937 5518 2074 5575 forte
2101 5534 2209 5574 non
2253 5520 2644 5590 baptizati,sed
2677 5528 2856 5574 tamen
2881 5525 3040 5572 recta:
3068 5515 3192 5570 ﬁdei
3245 5515 3515 5585 aliquibus

1938 5611 2194 5682 baptizati
2237 5621 2383 5680 sunt,
2414 5614 2607 5668 iterum
2635 5610 2898 5682 baptizari
2935 5608 3185 5674 debeant,
3210 5623 3371 5678 quam
3415 5609 3521 5666 hoc

1940 5703 2174 5773 capitulo
2223 5703 2519 5774 expositam
2570 5715 2724 5764 reor;
2754 5697 2883 5767 quid
2909 5696 3052 5750 enim
3082 5694 3284 5763 diﬁ‘ert,
3331 5705 3516 5752 utrum

1940 5811 2068 5858 tunc
2089 5811 2216 5873 ante
2269 5801 2481 5856 initium
2516 5796 2769 5866 baptismi
2809 5793 3052 5860 Christi,
3105 5811 3174 5850 an
3211 5809 3355 5851 nunc
3399 5794 3518 5848 sine

1940 5895 2279 5952 successione
2304 5892 2543 5963 ejusdem
2573 5888 2799 5959 quisque
2845 5887 3166 5960 haptizetur,
3195 5902 3317 5944 cum
3351 5886 3518 5941 etiam
