4030 6490
1842 421 2197 487 SMARAGDI
2226 419 2525 479 ‘ABBATIS

3731 426 3843 485 δυ

552 556 669 629 ipse
690 552 928 610 leannes
953 558 1047 607 eos
1078 563 1214 621 quos
1242 547 1299 603 in
1350 543 1459 602 ﬁde
1490 551 1546 602 et
1577 543 1634 603 in
1658 543 1876 601 nomine
1926 540 2130 599 Christi
2154 543 2209 611 Α
2232 541 2360 596 tatis
2383 538 2590 606 oculos,
2623 537 2822 610 quibus
2860 536 3198 596 solummodo
3224 541 3451 612 spiritus
3490 551 3729 602 sanctus
3756 549 3841 606 vi-

552 647 683 703 licet
700 644 914 701 venturi
940 642 1331 713 baptizaverat,
1363 639 1558 694 iterum
1584 635 1940 707 hoptisandos
1972 649 2096 693 esse
2119 665 2133 690 ν

550 738 927 812 prmdicaverit
947 736 1172 791 dicens:
1209 733 1323 804 Ego
1377 732 1582 803 baptiso
1609 748 1697 787 eos
1739 747 1900 803 qua,
1919 728 2010 787 ille
2039 729 2134 786 ba-

508 900 509 903 η
548 831 766 903 ptisabit
789 846 876 884 vos
900 828 956 882 in
979 826 1182 898 Spiritu
1208 833 1407 880 sancto.
1684 838 1700 853 °

502 908 510 921 “
624 919 823 975 Verum
870 917 1074 989 judicia
1108 916 1324 972 Domini
1349 915 1574 988 abyssus
1598 914 1788 971 multa.
1825 915 1964 971 Ecce
2007 913 2134 970 Asia

551 1026 726 1081 nuper
746 1008 1112 1080 apostolorum
1160 1020 1260 1063 nec
1289 1007 1597 1063 visitatione
1626 1007 1787 1077 digna
1814 1046 1831 1073 ,
1881 1022 2026 1062 nunc
2079 1013 2137 1062 et

546 1100 844 1174 apostolico
891 1106 1106 1155 sacrato
1132 1113 1360 1153 numero
1380 1106 1436 1153 et
1458 1098 1757 1169 prophetali
1783 1107 1866 1153 est
1911 1111 2135 1153 munere

549 1194 858 1259 sublimata,
879 1200 933 1247 et
955 1192 1247 1246 notandum
1266 1192 1410 1262 quod
1425 1190 1660 1260 Spiritus
1671 1200 1891 1246 sanctus
1912 1199 1967 1246 et
1978 1191 2066 1245 hic
2080 1190 2135 1245 in

550 1284 834 1341 duodecim
864 1283 1159 1353 discipulos
1177 1292 1231 1338 et
1268 1298 1432 1353 supra
1460 1284 1513 1338 in
1541 1292 1761 1338 centum
1817 1291 1871 1338 et
1898 1284 2091 1354 viginti
2116 1324 2131 1350 ,

546 1375 640 1445 qui
669 1383 754 1429 est
775 1374 1134 1429 duodenarius
1156 1389 1411 1429 numerus
1436 1374 1615 1429 decies
1655 1375 1848 1430 ductus
1870 1375 2135 1431 adventus

548 1465 635 1520 sui
660 1464 813 1535 signa
839 1466 1248 1531 monstraverit,
1282 1465 1412 1519 illud
1462 1465 1517 1519 in
1542 1464 1899 1532 Hierusalem,
1928 1467 2032 1521 hoc
2080 1465 2134 1520 in

548 1557 780 1628 Epheso,
810 1566 930 1627 quas
952 1565 1037 1612 est
1054 1558 1248 1613 civitas
1268 1556 1585 1613 Grecorum
1608 1596 1624 1622 ,
1668 1560 1828 1613 credo
1857 1566 1918 1613 ut
1952 1564 2137 1613 osten-

547 1648 702 1705 deret
734 1663 812 1713 se,
837 1648 951 1704 sive
975 1649 1042 1703 de
1072 1647 1272 1704 Judeis
1311 1663 1407 1703 seu
1454 1648 1703 1717 gentibus
1735 1650 1920 1704 credat
1978 1649 2132 1719 quis,

545 1753 645 1795 eos
672 1741 1059 1804 tantummodo,
1092 1740 1185 1810 qui
1222 1739 1421 1794 unitati
1456 1739 1713 1796 Ecclesia:
1758 1741 2038 1797 catholica:
2060 1729 2138 1797 αν

546 1842 654 1902 que
683 1832 989 1903 apostolica
1014 1831 1436 1896 communicent,
1467 1831 1709 1902 implere.

902 1932 1240 1975 EVANGELIUK
1267 1935 1501 1987 IOANNIS,
1528 1937 1646 1978 CAP.
1679 1937 1789 1977 ΧΠ.

625 2017 737 2071 «εί
763 2016 987 2088 diligitis
1033 2032 1140 2083 me,
1185 2019 1441 2073 mandata
1488 2032 1611 2071 mea
1654 2024 1887 2071 servate.
1926 2014 1995 2070 Et
2033 2028 2134 2087 ego

553 2118 573 2156 ι
611 2108 813 2178 rogabo
841 2115 1073 2178 patrem,
1105 2116 1162 2163 et
1202 2109 1369 2164 alium
1399 2107 1743 2163 Paracletum
1784 2107 1936 2162 dabit
1961 2107 2132 2173 vobis,

552 2212 572 2247 ι
605 2206 666 2252 ιιι
709 2200 928 2254 maneat
971 2200 1251 2256 vobiscum
1293 2201 1349 2255 in
1376 2208 1656 2265 aeternum,
1703 2199 1950 2269 spiritum
1986 2199 2138 2255 veri-

553 2308 573 2342 ι
609 2290 757 2356 tatis,
788 2306 950 2361 quem
983 2293 1217 2348 mundus
1243 2306 1353 2348 non
1377 2299 1557 2363 potest
1580 2292 1849 2362 accipere,
1878 2290 2006 2361 quia
2028 2304 2137 2347 non

555 2401 574 2434 ι
606 2382 745 2437 vidit
786 2392 942 2448 eum,
980 2395 1081 2439 nec
1121 2385 1228 2439 scit
1257 2396 1402 2441 eum.
1437 2383 1547 2439 Vos
1590 2390 1770 2439 autem
1800 2385 2137 2454 cognoscetis

550 2489 571 2524 ι
607 2482 754 2539 eum,
781 2474 910 2543 quia
935 2475 1078 2545 apud
1105 2486 1204 2531 vos
1228 2475 1487 2541 manebit,
1519 2475 1650 2529 etin
1676 2474 1831 2530 vobis
1857 2472 1983 2530 erit.
2015 2474 2135 2529 Non

549 2581 571 2616 ι
606 2564 908 2636 relinquam
937 2580 1035 2622 vos
1074 2567 1368 2637 orphanos,
1416 2566 1633 2621 veniam
1677 2566 1745 2621 ad
1778 2581 1897 2621 vos.
1945 2566 2137 2621 Adhuc

550 2672 571 2707 ι
606 2652 903 2723 modicum,
922 2664 979 2710 et
1001 2657 1234 2711 mundus
1256 2658 1370 2727 jam
1393 2671 1481 2711 me
1497 2672 1606 2711 non
1627 2655 1792 2710 videt.
1825 2656 1934 2712 Vos
1955 2664 2135 2711 autem

553 2758 574 2798 t
609 2747 807 2802 videtis
842 2760 951 2813 me,
983 2748 1113 2818 quia
1140 2760 1241 2818 ego
1286 2748 1428 2813 vivo,
1463 2756 1518 2803 et
1545 2760 1643 2803 vos
1683 2748 1899 2803 vivetis.
1948 2747 2008 2803 in
2045 2748 2136 2803 illo

551 2850 571 2887 ι
605 2832 695 2894 die
731 2852 828 2894 vos
853 2840 1216 2911 cognoscetis,
1250 2840 1377 2910 quia
1407 2853 1507 2911 ego
1533 2840 1591 2893 in
1618 2846 1772 2910 patre
1813 2853 1936 2894 meo
1959 2850 2016 2895 et
2039 2855 2136 2895 vos

552 2938 573 2979 ι
607 2929 660 2983 in
689 2940 792 2995 me,
822 2936 878 2985 et
900 2944 1000 3000 ego
1031 2931 1087 2984 iu
1110 2929 1283 2986 vobis.
1315 2930 1421 2997 Qui
1457 2931 1619 2985 habet
1645 2930 1902 2986 mandata
1933 2946 2055 2986 mea
2081 2941 2137 2987 et

523 3014 573 3069 ιὰ
607 3028 791 3073 servat
810 3034 897 3085 ea,
929 3020 1020 3074 ille
1053 3028 1158 3083 est,
1188 3021 1281 3089 Qui
1322 3020 1499 3089 diligit
1526 3035 1631 3075 me.
1673 3020 1777 3087 Qui
1804 3030 1987 3075 autem
2012 3021 2134 3077 dili-

552 3124 573 3162 ι
603 3112 681 3181 git
710 3126 817 3178 me,
850 3112 1105 3183 diligetur
1130 3126 1162 3167 a
1184 3121 1339 3183 patre
1367 3126 1508 3168 meo.
1535 3112 1602 3167 Et
1627 3126 1728 3183 ego
1763 3112 1986 3185 diligam
2009 3122 2136 3168 eum

550 3212 572 3251 ι
609 3209 666 3256 et
693 3200 1053 3259 manifestabo
1072 3204 1123 3258 ei
1147 3218 1235 3259 me
1259 3203 1486 3274 ipsum.»

2240 632 2354 691 deri
2383 638 2584 703 potest,
2605 639 2660 687 et
2689 631 2819 688 sciri
2840 639 2895 687 et
2922 632 3143 688 sciendo
3168 632 3412 705 intelligi.

2320 708 2422 780 Vos
2449 733 2622 781 autem
2650 725 2968 795 cognoscetis
2989 740 3130 791 eum,
3158 725 3287 795 quia
3314 726 3456 797 apud
3482 743 3570 783 vos
3597 732 3839 791 manebit

2238 826 2289 875 et
2312 818 2369 873 in
2390 817 2531 872 vobis
2551 817 2670 872 erit.
2716 816 2834 873 Erit
2873 824 2933 870 ut
2959 828 3177 875 maneat
3213 816 3270 873 in
3310 826 3598 876 aeternum.
3647 820 3839 879 Domi-

2238 926 2368 968 num
2396 926 2632 982 namque
2664 911 2989 969 salvatorem
3014 918 3071 966 et
3093 910 3340 971 inﬁdeles
3359 920 3485 969 ante
3513 915 3836 987 passionem

2237 1003 2294 1063 in
2322 1018 2488 1058 carne
2509 1003 2780 1070 viderunt,
2813 1004 2908 1060 sed
2936 1003 3065 1074 quia
3092 1002 3236 1059 ﬁlius
3261 1004 3356 1059 Dei
3380 1015 3544 1071 esset,
3573 1009 3714 1078 quia
3743 1010 3839 1067 Pa-

2238 1095 2473 1153 racletus
2501 1112 2534 1151 a
2574 1095 2804 1152 Domino
2843 1095 3044 1151 missus
3072 1094 3132 1149 in
3154 1096 3438 1164 mundum,
3467 1113 3578 1153 non
3616 1100 3728 1155 nisi
3771 1105 3834 1156 li-

2234 1187 2384 1243 deles
2410 1187 2551 1243 scire
2575 1196 2886 1257 potuerunt.
2930 1185 3191 1257 Spiritum
3219 1197 3415 1245 autem
3455 1200 3713 1246 unctum
3740 1208 3832 1248 ne-

2235 1296 2343 1351 que
2379 1280 2551 1337 oculis
2594 1281 2778 1337 videre
2817 1280 3082 1347 inﬁdeles,
3132 1297 3307 1352 neque
3349 1283 3533 1349 animo
3576 1284 3835 1340 valebant

2235 1386 2585 1442 cognoscere,
2616 1371 2741 1442 quia
2780 1386 2887 1427 non
2917 1371 3140 1429 indutus
3180 1374 3518 1430 humanitate
3546 1376 3832 1447 discipulis

2236 1466 2504 1536 apparuit,
2537 1467 2634 1522 sed
2662 1467 2736 1521 ita
2757 1465 2826 1521 ad
2853 1481 2949 1522 eos
2975 1467 3185 1533 venire,
3227 1468 3304 1522 ita
3331 1468 3473 1539 apud
3511 1484 3610 1526 eos
3640 1471 3833 1526 maluit

2236 1572 2477 1621 manere,
2506 1564 2568 1612 ut
2591 1558 2648 1612 in
2676 1557 2915 1627 ipsorum
2939 1559 3195 1615 cordibus
3222 1560 3589 1631 gratissimam
3615 1563 3729 1617 sibi
3758 1579 3832 1618 se-

2238 1649 2359 1704 dem
2382 1657 2743 1705 consecraret.
2778 1650 2892 1706 iioc
2911 1659 2995 1707 est
3020 1650 3166 1706 enim
3192 1651 3337 1721 quod
3364 1652 3477 1707 ait:
3523 1650 3623 1709 Vos
3656 1664 3833 1709 autem

2235 1741 2557 1812 cognoscetis
2584 1743 2880 1827 euquuia
2923 1742 3067 1813 apud
3100 1759 3187 1797 vos
3235 1743 3491 1809 manebit,
3522 1753 3571 1799 et
3598 1744 3661 1798 in
3691 1745 3831 1799 vobis

2234 1834 2353 1889 erit.
2384 1833 2486 1901 Qui
2513 1841 2695 1888 autem
2739 1833 3084 1891 invisibiliter
3108 1834 3165 1889 in
3209 1833 3313 1890 hac
3336 1834 3442 1888 vita
3483 1843 3674 1909 manet
3712 1851 3833 1890 cum

2163 1918 2212 1995 Β
2238 1923 2447 1988 electis,
2478 1922 2760 1979 visibiliter
2787 1922 2974 1994 utique
3000 1923 3081 1978 eis
3106 1922 3340 1993 gratiam
3361 1938 3474 1979 suae
3500 1923 3833 1995 cognitionis

2235 2019 2473 2073 exhibet.

2310 2108 2435 2163 Non
2466 2108 2758 2180 relinquam
2781 2125 2873 2164 vos
2910 2108 3195 2178 orphauos,
3246 2105 3448 2162 veniant
3481 2106 3552 2160 ad
3587 2123 3705 2162 nos.
3754 2104 3837 2161 Vi-

2235 2200 2462 2257 debatur
2489 2200 2817 2265 inﬁdelibus,
2847 2199 2975 2269 quia
3002 2199 3242 2257 mon'ens
3264 2197 3321 2252 in
3346 2210 3522 2263 cruce,
3552 2205 3611 2251 ut
3638 2196 3836 2252 Domi-

2235 2307 2339 2347 nus
2371 2290 2665 2360 discipulos
2709 2289 3039 2360 relinqueret
3081 2289 3377 2359 orpbanos,
3419 2286 3509 2343 sed
3549 2301 3665 2343 non
3711 2286 3836 2342 reli-

2235 2384 2353 2455 quit
2400 2384 2694 2452 orphanos,
2748 2382 2946 2452 quibus
2985 2389 3044 2437 et
3077 2381 3307 2452 praebuit
3351 2380 3583 2450 seipsum
3637 2379 3835 2435 vivum

2233 2482 2357 2546 post
2377 2476 2684 2546 passionem
2709 2490 2865 2530 suam
2894 2475 2949 2531 in
2992 2474 3181 2529 multis
3209 2473 3544 2545 argumentis
3583 2486 3688 2541 per
3721 2473 3833 2527 dies

2235 2567 2614 2637 quadraginta,
2640 2573 2696 2620 et
2736 2573 2861 2635 post
2897 2566 3013 2621 dies
3049 2564 3237 2621 decem
3278 2563 3664 2633 assumptionis
3696 2578 3830 2629 suae,

2236 2658 2459 2727 spiritus
2493 2656 2668 2713 sancti
2698 2656 2803 2712 illis
2830 2658 2898 2712 de
2938 2656 3076 2712 coelo
3114 2656 3414 2711 chrismata
3454 2653 3695 2717 donavit,
3744 2651 3833 2708 ubi

2235 2748 2414 2818 ipsum
2444 2747 2722 2804 Christum
2748 2748 2816 2803 ad
2844 2763 2939 2804 eos
2964 2748 3199 2813 venisse,
3234 2746 3415 2803 nullus
3457 2742 3709 2817 ambigit,
3743 2746 3831 2816 qui

2235 2838 2653 2910 inseparabilem
2692 2846 2893 2894 sancta;
2940 2837 3200 2895 trinitatis
3236 2846 3489 2893 naturam
3527 2836 3741 2892 virtute
3784 2844 3833 2893 et

2232 2934 2548 3005 operatione
2574 2947 2694 2989 esse
2714 2932 2985 3002 cognovit.

2304 3025 2492 3080 Adhuc
2534 3024 2817 3091 modicum,
2861 3032 2910 3078 et
2952 3022 3178 3079 mundus
3209 3038 3290 3076 me
3325 3022 3445 3091 jam
3470 3036 3577 3075 non
3609 3018 3826 3075 uidebit.

2236 3113 2508 3171 Modicum
2548 3122 2664 3169 erat
2693 3128 2864 3183 usque
2907 3113 2976 3169 ad
3017 3121 3229 3183 tempus
3266 3110 3492 3181 expietis
3533 3108 3827 3181 passionis,

2235 3220 2305 3261 ex
2360 3221 2468 3276 quo
2520 3205 2673 3261 illum
2725 3204 2947 3275 reprobi
2998 3204 3185 3260 videre
3242 3218 3352 3257 non
3390 3200 3671 3266 valebant;
3731 3200 3829 3257 soli

618 3290 679 3348 Si
720 3290 941 3365 diligitis
970 3310 1072 3363 me,
1114 3295 1367 3349 mandata
1412 3309 1529 3349 mea
1573 3303 1794 3349 seruate.
1839 3293 1980 3363 Quid
2025 3304 2130 3362 est,
2159 3285 2204 3348 C
2235 3294 2438 3351 etenim
2461 3293 2611 3363 justi,
2651 3294 2744 3365 qui
2786 3302 2964 3351 morte
3009 3293 3153 3349 illius
3177 3299 3334 3349 erant
3369 3291 3676 3349 contristati
3696 3306 3832 3363 gau-

545 3387 688 3455 quod
714 3386 865 3454 dicit,
912 3388 1057 3459 quod
1101 3388 1450 3460 diligentibus
1484 3387 1657 3443 Deum
1698 3396 1753 3443 et
1792 3387 2135 3443 servantibus

544 3480 797 3535 mandata
821 3478 958 3549 ejus,
984 3481 1207 3552 spiritus
1233 3480 1536 3552 paracletus
1566 3480 1808 3547 daretur,
1832 3480 1959 3535 dum
1990 3480 2134 3536 Deus

546 3569 717 3640 diiigi,
748 3576 804 3624 et
832 3571 1085 3624 mandata
1106 3570 1224 3638 ejus
1251 3570 1455 3625 servari
1493 3583 1602 3623 non
1630 3578 1877 3638 possunt,
1904 3571 2010 3625 nisi
2036 3584 2136 3641 per

546 3659 801 3729 spiritum
838 3661 1128 3715 sanctum?
1164 3659 1293 3728 quid
1330 3668 1415 3713 est
1444 3657 1606 3722 aliud,
1648 3659 1773 3724 nisi,
1819 3667 1879 3713 ut
1917 3659 2009 3728 qui
2037 3673 2136 3728 per

547 3752 799 3822 spiritum
837 3759 1085 3807 sanetum
1122 3750 1298 3821 diligit
1328 3750 1514 3814 Deum,
1559 3759 1802 3804 meretur
1840 3751 2131 3821 diligendo,

548 3849 613 3899 ut
645 3843 766 3914 plus
794 3842 1007 3905 habeat,
1038 3848 1093 3897 et
1126 3842 1248 3911 plus
1268 3839 1534 3908 habendo,
1569 3841 1690 3911 plus
1715 3842 1944 3913 diligat?
1969 3842 2134 3897 Para-

548 3930 721 3992 cietus
760 3934 1067 3991 consOlator
1100 3929 1525 4003 interpretatur:
1555 3941 1611 3989 et
1647 3934 1870 4003 spiritus
1914 3944 2134 3992 sanctus

549 4035 695 4085 recte
730 4026 1043 4083 Paracletus
1083 4035 1331 4092 vocatur,
1385 4026 1513 4096 quia
1559 4028 1721 4082 corda
1765 4027 2025 4093 ﬁdelium,
2063 4044 2134 4084 ne

546 4123 690 4179 inter
730 4123 886 4193 hujus
926 4123 1107 4178 smcuii
1141 4122 1369 4177 adversa
1414 4120 1689 4186 deﬁciant,
1738 4120 1974 4177 calcatis
2009 4122 2134 4177 vitae

548 4217 830 4273 desideriis
852 4215 1120 4281 sublevat,
1151 4230 1215 4270 ao
1238 4214 1434 4270 reﬁcit.

618 4308 688 4363 Et
715 4316 809 4380 cg‘o
836 4308 1027 4379 rogabo
1066 4307 1302 4373 Patrem,
1346 4315 1395 4361 et
1431 4306 1595 4361 alium
1624 4304 1962 4362 Paraclctum
1988 4308 2133 4362 dabit

548 4402 707 4457 vobis.
732 4402 1036 4457 Ostendens
1060 4400 1296 4469 seipsum
1315 4414 1437 4455 esse
1462 4399 1821 4454 Paracletum.
1852 4399 2133 4455 Habebunt

547 4504 741 4555 autem
771 4500 825 4550 et
867 4495 1017 4569 prius
1054 4492 1415 4558 Paracleturn,
1460 4494 1636 4562 ipsum
1665 4494 1915 4549 videlicet
1951 4495 2132 4549 Domi-

547 4596 679 4644 num
720 4582 903 4642 secum
948 4587 1005 4639 in
1051 4590 1214 4639 Carne
1256 4593 1699 4647 commorantem,
1732 4600 1854 4639 cum
1883 4595 1937 4640 et
1965 4585 2130 4640 mira-

547 4677 793 4734 culorum
821 4674 1101 4731 dul‘cediue
1144 4681 1198 4728 et
1231 4689 1333 4744 ope
1356 4672 1779 4744 praedicationis,
1811 4690 1879 4728 ne
1907 4684 2128 4745 propter

548 4768 842 4826 inﬁdelium
868 4767 1302 4838 persecutionem
1343 4765 1699 4820 scandalizari
1729 4767 1958 4835 possint,
1991 4769 2129 4840 erigi

546 4871 603 4918 et
628 4858 923 4916 confortari
950 4858 1194 4914 solebant
1220 4876 1233 4912 :
1272 4857 1487 4929 Rogabo
1511 4858 1663 4922 dixit,
1693 4867 1914 4929 propter
1940 4861 2128 4916 huma-

545 4952 790 5014 nitatem,
827 4950 918 5021 qui
948 4948 1040 5005 dat
1066 4958 1188 5004 cuin
1209 4955 1365 5020 patre
1391 4964 1488 5020 per
1515 4948 1873 5005 divinitatem.

622 5042 687 5098 Ut
725 5053 935 5098 maneat
954 5043 1211 5098 vobiscum
1236 5042 1290 5096 in
1313 5051 1582 5096 (sternam.
1613 5041 1671 5096 In
1689 5052 1952 5098 :eternnm
1975 5060 2125 5100 nam-

545 5138 651 5208 que
680 5140 862 5189 manet
891 5134 1013 5188 cum
1056 5133 1275 5200 sanctis,
1307 5144 1444 5203 quos
1482 5138 1537 5188 et
1562 5133 1615 5187 in
1645 5134 1750 5189 hac
1774 5135 1881 5189 vita
1912 5150 2125 5206 semper

545 5222 889 5286 invisibiliter
914 5226 1059 5282 intus
1091 5224 1343 5293 illustrat,
1381 5232 1436 5280 et
1467 5226 1522 5279 in
1560 5225 1741 5281 futuro
1769 5227 1836 5282 ad
1877 5235 2121 5283 contem-

543 5322 800 5394 plandum
848 5322 1110 5394 perpetuo
1160 5318 1397 5390 Speciem
1450 5332 1562 5374 sua:
1612 5320 1907 5391 majestatis
1954 5320 2125 5378 inti‘o-

544 5412 711 5469 ducit.

618 5505 874 5577 Spiritum
914 5504 1169 5571 veritatis,
1216 5512 1369 5577 quem
1410 5502 1494 5556 hic
1536 5504 1765 5558 munitus
1810 5518 1914 5559 non
1956 5512 2123 5577 potest

544 5597 798 5667 accipere,
827 5597 952 5669 quia
980 5612 1082 5652 non
1121 5594 1246 5650 uidit
1288 5596 1426 5659 eum,
1456 5609 1548 5647 nec
1573 5595 1667 5648 scit
1697 5610 1834 5649 eum.
1870 5596 2124 5652 Mundum

542 5695 721 5743 autem
749 5688 979 5759 appellat
1026 5686 1273 5742 homines
1313 5684 1495 5739 mundi
1536 5683 1695 5754 hujus
1736 5687 1907 5743 amori
1946 5689 2118 5746 datos.

544 5778 771 5836 Mundus
800 5795 930 5850 ergo
948 5786 1072 5834 eum
1096 5775 1342 5848 accipere
1365 5788 1471 5832 non
1510 5782 1705 5847 potest,
1737 5778 1792 5834 id
1830 5788 1935 5847 est,
1966 5792 2122 5839 mun-

544 5869 713 5929 diales
741 5870 1006 5937 homines,
1039 5870 1163 5941 quia
1208 5884 1313 5925 non
1360 5869 1559 5925 habent
1599 5872 1895 5931 invisibiles
1941 5876 2121 5931 chari-

2235 3385 2385 3441 dium
2412 3386 2828 3441 resurrectionis
2851 3384 2968 3454 ejus
2993 3384 3178 3440 videre
3204 3390 3541 3439 meruerunt.

2318 3477 2419 3535 Vos
2444 3489 2618 3534 autem
2642 3479 2829 3534 uidetis
2857 3495 2957 3545 me,
2987 3480 3113 3550 quia
3138 3494 3231 3550 ego
3257 3478 3390 3544 vivo,
3418 3485 3468 3533 et
3497 3493 3586 3533 vos
3627 3476 3825 3546 sinetis,

2235 3572 2378 3641 Quid
2405 3580 2510 3638 est,
2531 3572 2660 3642 quia
2678 3587 2779 3643 ego
2809 3572 2955 3639 vivo,
2979 3580 3034 3628 et
3055 3586 3152 3628 vos
3179 3571 3414 3627 vivetis?
3444 3568 3555 3625 Cur
3580 3569 3649 3626 de
3677 3585 3826 3640 pra:-

2234 3664 2376 3720 senti
2405 3678 2463 3721 se
2503 3664 2643 3718 dixit
2684 3664 2886 3729 vivere,
2919 3662 3039 3719 illos
3064 3670 3244 3718 autem
3286 3662 3353 3718 de
3378 3659 3561 3716 futuro
3600 3674 3720 3715 esse
3750 3660 3828 3715 vi-

2236 3765 2443 3821 cturos,
2470 3755 2575 3811 nisi
2600 3755 2769 3810 vitam
2803 3755 2966 3810 etiam
3005 3754 3188 3810 carnis
3235 3753 3421 3824 utique
3466 3751 3826 3822 resurgentis,

2235 3848 2412 3919 qualis
2443 3848 2498 3903 in
2544 3848 2660 3917 ipso
2704 3847 3062 3917 praecedebat,
3093 3853 3149 3900 et
3186 3844 3292 3901 illis
3326 3852 3412 3900 est
3443 3843 3716 3914 pollicitus
3741 3859 3829 3899 se-

2233 3950 2502 4006 cuturam,
2530 3948 2585 3994 et
2619 3938 2747 4009 quia
2788 3938 2958 4008 ipsius
2982 3952 3107 3993 mox
3136 3936 3315 3991 futura
3358 3932 3538 3989 fuerat
3581 3949 3829 3989 resurre-

2235 4031 2364 4096 ctio,
2393 4031 2675 4101 praesentis
2702 4031 2882 4101 posuit
2909 4029 3169 4100 temporis
3208 4028 3452 4092 verbum,
3493 4036 3718 4098 propter
3746 4028 3825 4085 si—

2234 4121 2593 4193 gniﬁcandam
2660 4121 3029 4187 celeritatem;
3064 4120 3279 4177 illorum
3321 4126 3527 4185 autem,
3566 4118 3824 4189 quoniam

2235 4212 2291 4267 in
2317 4212 2500 4268 saaculi
2525 4212 2772 4271 diﬁ'ertur
2797 4213 2982 4279 ﬁnem,
3004 4227 3112 4267 non
3135 4211 3231 4276 ait,
3252 4210 3453 4274 vivitis,
3496 4209 3593 4264 sed
3621 4211 3821 4265 vinctis.

2234 4305 2379 4361 Duas
2422 4323 2552 4378 ergo
2587 4307 3013 4363 resurrectiones
3058 4321 3212 4362 suam
3259 4304 3469 4361 scilicet
3504 4318 3632 4359 mox
3683 4302 3825 4358 futu-

2231 4414 2372 4464 ram,
2412 4408 2466 4454 et
2505 4408 2750 4457 nostram
2793 4399 2848 4454 in
2885 4398 3068 4454 saeculi
3105 4397 3213 4453 ﬁne
3254 4406 3567 4453 secuturam
3611 4395 3823 4451 duobus

2234 4494 2416 4549 verbis
2450 4493 2733 4564 praesentis
2769 4492 3030 4561 temporis
3074 4500 3129 4547 et
3170 4490 3339 4546 futuri
3375 4489 3656 4562 eleganter
3696 4489 3820 4544 bre-

2228 4589 2478 4658 viterque
2502 4586 2774 4656 promisit.

2300 4685 2369 4740 In
2395 4686 2486 4740 illo
2515 4683 2603 4739 die
2631 4700 2715 4738 vos
2744 4685 3085 4755 cognoscetis,
3113 4684 3240 4755 quia
3263 4699 3356 4752 ego
3384 4683 3442 4735 in
3476 4678 3642 4739 Patre
3682 4696 3815 4745 meo,

2229 4785 2279 4831 et
2307 4792 2394 4830 vos
2428 4777 2483 4829 in
2514 4791 2614 4837 me,
2649 4783 2752 4829 etc.
2799 4773 2854 4827 In
2882 4789 2989 4843 quo
3016 4774 3120 4840 die,
3151 4774 3257 4828 nisi
3285 4773 3351 4828 de
3379 4788 3486 4842 quo
3512 4772 3609 4836 ait,
3646 4781 3698 4826 et
3732 4789 3816 4827 eos

2228 4866 2455 4922 vivatis?
2507 4864 2781 4918 Noverunt
2810 4863 3063 4933 apostoli,
3111 4870 3239 4918 tunc
3274 4877 3398 4918 esse
3441 4861 3719 4918 Christum
3761 4862 3816 4917 in

2226 4964 2381 5027 patre
2421 4970 2519 5025 per
2567 4956 2829 5010 unitatem
2856 4955 3144 5010 individua:
3186 4953 3519 5019 divinitatis;
3548 4961 3817 5009 noverant

2224 5060 2427 5102 seesse
2455 5047 2508 5102 in
2539 5045 2775 5112 Christo,
2814 5061 2911 5117 per
2938 5046 3334 5116 susceptionem
3373 5045 3497 5102 ﬁdei
3533 5054 3591 5102 et
3627 5062 3812 5102 sacra-

2227 5147 2531 5195 mentorum
2560 5138 2698 5209 ejus.
2738 5139 3294 5194 Noverantveraciter
3314 5138 3518 5204 vivere,
3546 5146 3677 5193 tunc
3695 5154 3812 5194 esse

2228 5228 2503 5285 Christum
2532 5230 2589 5285 in
2612 5238 2785 5300 patre,
2814 5238 2870 5284 et
2907 5230 2960 5284 in
2990 5244 3050 5284 se
3072 5245 3193 5285 esse
3221 5228 3518 5294 Christum,
3558 5241 3659 5299 per
3681 5230 3812 5285 dile-

2226 5323 2460 5378 Ctionem
2507 5331 2564 5378 et
2606 5322 3007 5377 observantiam
3043 5322 3419 5378 mandatorum
3466 5320 3604 5391 ejus.
3652 5321 3813 5377 Novit

2227 5414 2285 5469 et
2332 5413 2434 5469 hoc
2483 5421 2669 5468 sancta
2721 5413 2816 5468 Dei
2860 5412 3122 5481 Ecclesia,
3175 5414 3270 5469 sed
3316 5412 3475 5485 longe
3518 5414 3716 5469 melius
3756 5425 3812 5471 et

2222 5506 2436 5576 plenius
2476 5500 2530 5560 in
2559 5506 2647 5561 illa
2690 5508 2796 5573 die,
2828 5510 2896 5563 de
2929 5523 3035 5578 qua
3080 5508 3246 5573 dixit,
3290 5518 3340 5562 et
3370 5524 3456 5563 vos
3498 5510 3676 5565 eiectis
3699 5549 3718 5575 ,
3754 5510 3808 5565 in

2223 5612 2331 5670 qua
2363 5600 2631 5655 veraciter
2652 5599 2835 5656 vivere
2860 5599 3145 5671 incipiunt,
3173 5599 3279 5656 hoc
3307 5608 3410 5667 est,
3437 5600 3492 5655 in
3514 5602 3604 5657 die
3633 5616 3810 5657 resur-

2224 5690 2499 5758 rectionis,
2527 5690 2740 5763 quando
2783 5706 2849 5746 eo
2882 5689 3177 5762 perfectius
3203 5698 3397 5747 cuncta
3424 5708 3547 5761 quae
3585 5694 3807 5751 scienda

2220 5797 2348 5846 sunt
2374 5791 2571 5853 sciunt,
2593 5804 2702 5859 quo
2726 5788 2902 5859 ipsum
2926 5788 3169 5843 scientize
3202 5786 3406 5844 fontem
3434 5789 3670 5846 vicinius
3688 5784 3808 5846 sine

2220 5879 2328 5934 ﬁne
2370 5879 2726 5949 conspiciunt.
2785 5877 2854 5933 Ut
2891 5878 3140 5935 omnibus
3182 5876 3343 5948 hujus
3384 5881 3803 5950 promissionem

3986 6102 3987 6117 l

3985 6374 3987 6391 l
