  <div class='ocr_page' id='page_1' title='image "/cluster/home/n/w/nwhite01/storage/ocr_20150623/102/hvd.32044015466808/168.png"; bbox 0 0 4030 6512; ppageno 0'>
   <div class='ocr_carea' id='block_1_1' title="bbox 275 432 393 492">
    <p class='ocr_par' dir='ltr' id='par_1_1' title="bbox 275 432 393 492">
     <span class='ocr_line' id='line_1_1' title="bbox 275 432 393 492; baseline 0.017 -1"><span class='ocrx_word' id='word_1_1' title='bbox 275 432 393 492; x_wconf 65' lang='lat'><strong>333</strong></span> 
     </span>
    </p>
   </div>
   <div class='ocr_carea' id='block_1_2' title="bbox 1105 432 2731 525">
    <p class='ocr_par' dir='ltr' id='par_1_2' title="bbox 1105 432 2731 525">
     <span class='ocr_line' id='line_1_2' title="bbox 1105 432 2731 525; baseline 0.006 -32"><span class='ocrx_word' id='word_1_2' title='bbox 1105 432 1623 495; x_wconf 84' lang='lat' dir='ltr'><strong>COLLECTIONES</strong></span> <span class='ocrx_word' id='word_1_3' title='bbox 1656 437 1725 493; x_wconf 87' lang='lat' dir='ltr'><strong>iN</strong></span> <span class='ocrx_word' id='word_1_4' title='bbox 1763 435 2146 519; x_wconf 73' lang='lat' dir='ltr'><strong>EPISTOLAS</strong></span> <span class='ocrx_word' id='word_1_5' title='bbox 2314 437 2731 503; x_wconf 73' lang='lat' dir='ltr'><strong>EVANGELIA.</strong></span> 
     </span>
    </p>
   </div>
   <div class='ocr_carea' id='block_1_3' title="bbox 3443 446 3550 510">
    <p class='ocr_par' dir='ltr' id='par_1_3' title="bbox 3443 446 3550 510">
     <span class='ocr_line' id='line_1_3' title="bbox 3443 446 3550 510; baseline -0.028 0"><span class='ocrx_word' id='word_1_6' title='bbox 3443 446 3550 510; x_wconf 73' lang='lat'><strong>326</strong></span> 
     </span>
    </p>
   </div>
   <div class='ocr_carea' id='block_1_4' title="bbox 272 546 3621 636">
    <p class='ocr_par' dir='ltr' id='par_1_4' title="bbox 272 546 3621 636">
     <span class='ocr_line' id='line_1_4' title="bbox 272 546 3621 636; baseline 0.004 -26"><span class='ocrx_word' id='word_1_7' title='bbox 272 546 630 610; x_wconf 71' lang='lat' dir='ltr'><strong>beatitudinis</strong></span> <span class='ocrx_word' id='word_1_8' title='bbox 654 548 1018 621; x_wconf 75' lang='lat' dir='ltr'><strong>promitteret,</strong></span> <span class='ocrx_word' id='word_1_9' title='bbox 1061 566 1173 609; x_wconf 89' lang='lat' dir='ltr'><strong>non</strong></span> <span class='ocrx_word' id='word_1_10' title='bbox 1211 552 1548 611; x_wconf 76' lang='lat' dir='ltr'><strong>solummodo</strong></span> <span class='ocrx_word' id='word_1_11' title='bbox 1585 551 1865 623; x_wconf 72' lang='lat' dir='ltr'><strong>apostolis,</strong></span> <span class='ocrx_word' id='word_1_12' title='bbox 1891 556 1947 619; x_wconf 76' lang='grc' dir='ltr'><strong>Α</strong></span> <span class='ocrx_word' id='word_1_13' title='bbox 1968 552 2285 625; x_wconf 84' lang='lat' dir='ltr'><strong>Quicunque</strong></span> <span class='ocrx_word' id='word_1_14' title='bbox 2306 556 2449 611; x_wconf 91' lang='lat' dir='ltr'><strong>enim</strong></span> <span class='ocrx_word' id='word_1_15' title='bbox 2478 559 2670 630; x_wconf 80' lang='lat' dir='ltr'><strong>spiritu</strong></span> <span class='ocrx_word' id='word_1_16' title='bbox 2698 569 2888 620; x_wconf 84' lang='lat' dir='ltr'><strong>sancto</strong></span> <span class='ocrx_word' id='word_1_17' title='bbox 2916 562 3199 636; x_wconf 88' lang='lat' dir='ltr'><strong>adimpleri</strong></span> <span class='ocrx_word' id='word_1_18' title='bbox 3221 565 3551 627; x_wconf 81' lang='lat' dir='ltr'><strong>desiderant.</strong></span> <span class='ocrx_word' id='word_1_19' title='bbox 3598 549 3621 579; x_wconf 61' lang='grc'>⁸</span> 
     </span>
    </p>
   </div>
   <div class='ocr_carea' id='block_1_5' title="bbox 275 641 758 712">
    <p class='ocr_par' dir='ltr' id='par_1_5' title="bbox 275 641 758 712">
     <span class='ocr_line' id='line_1_5' title="bbox 275 641 758 712; baseline -0.004 -12"><span class='ocrx_word' id='word_1_20' title='bbox 275 658 406 700; x_wconf 72' lang='lat' dir='ltr'><strong>mox</strong></span> <span class='ocrx_word' id='word_1_21' title='bbox 429 641 712 712; x_wconf 76' lang='lat' dir='ltr'><strong>subiunxit</strong></span> <span class='ocrx_word' id='word_1_22' title='bbox 744 662 758 698; x_wconf 89' lang='lat'><strong>:</strong></span> 
     </span>
    </p>
   </div>
   <div class='ocr_carea' id='block_1_6' title="bbox 351 732 1871 810">
    <p class='ocr_par' dir='ltr' id='par_1_6' title="bbox 351 732 1871 810">
     <span class='ocr_line' id='line_1_6' title="bbox 351 732 1871 810; baseline 0.003 -21"><span class='ocrx_word' id='word_1_23' title='bbox 351 732 459 801; x_wconf 76' lang='lat' dir='ltr'><strong>Qui</strong></span> <span class='ocrx_word' id='word_1_24' title='bbox 481 735 634 790; x_wconf 81' lang='lat' dir='ltr'><strong>habet</strong></span> <span class='ocrx_word' id='word_1_25' title='bbox 659 734 915 792; x_wconf 70' lang='lat' dir='ltr'><strong>mandata</strong></span> <span class='ocrx_word' id='word_1_26' title='bbox 939 748 1077 803; x_wconf 69' lang='lat' dir='ltr'><strong>mea,</strong></span> <span class='ocrx_word' id='word_1_27' title='bbox 1102 745 1152 793; x_wconf 79' lang='lat' dir='ltr'><strong>et</strong></span> <span class='ocrx_word' id='word_1_28' title='bbox 1193 746 1365 794; x_wconf 76' lang='lat' dir='ltr'><strong>seruat</strong></span> <span class='ocrx_word' id='word_1_29' title='bbox 1389 754 1474 804; x_wconf 84' lang='lat' dir='ltr'><strong>ea,</strong></span> <span class='ocrx_word' id='word_1_30' title='bbox 1514 734 1605 793; x_wconf 79' lang='lat' dir='ltr'><strong>ille</strong></span> <span class='ocrx_word' id='word_1_31' title='bbox 1642 746 1740 804; x_wconf 81' lang='lat' dir='ltr'><strong>est,</strong></span> <span class='ocrx_word' id='word_1_32' title='bbox 1779 738 1871 810; x_wconf 83' lang='lat' dir='ltr'><strong>qui</strong></span> 
     </span>
    </p>
   </div>
   <div class='ocr_carea' id='block_1_7' title="bbox 271 828 1871 903">
    <p class='ocr_par' dir='ltr' id='par_1_7' title="bbox 271 828 1871 903">
     <span class='ocr_line' id='line_1_7' title="bbox 271 828 1871 903; baseline 0 -17"><span class='ocrx_word' id='word_1_33' title='bbox 271 829 451 902; x_wconf 69' lang='lat' dir='ltr'><strong>diligit</strong></span> <span class='ocrx_word' id='word_1_34' title='bbox 496 844 598 885; x_wconf 75' lang='lat' dir='ltr'><strong>met</strong></span> <span class='ocrx_word' id='word_1_35' title='bbox 646 829 751 896; x_wconf 78' lang='lat' dir='ltr'><strong>Qui</strong></span> <span class='ocrx_word' id='word_1_36' title='bbox 799 840 975 887; x_wconf 77' lang='lat' dir='ltr'><strong>autem</strong></span> <span class='ocrx_word' id='word_1_37' title='bbox 1021 831 1191 903; x_wconf 77' lang='lat' dir='ltr'><strong>diligit</strong></span> <span class='ocrx_word' id='word_1_38' title='bbox 1240 848 1339 897; x_wconf 76' lang='lat' dir='ltr'><strong>nte,</strong></span> <span class='ocrx_word' id='word_1_39' title='bbox 1381 830 1675 903; x_wconf 74' lang='lat' dir='ltr'><strong>diligitura</strong></span> <span class='ocrx_word' id='word_1_40' title='bbox 1707 828 1871 895; x_wconf 78' lang='lat' dir='ltr'><strong>Patre</strong></span> 
     </span>
    </p>
   </div>
   <div class='ocr_carea' id='block_1_8' title="bbox 276 924 1866 998">
    <p class='ocr_par' dir='ltr' id='par_1_8' title="bbox 276 924 1866 998">
     <span class='ocr_line' id='line_1_8' title="bbox 276 924 1866 998; baseline 0.002 -18"><span class='ocrx_word' id='word_1_41' title='bbox 276 942 416 992; x_wconf 83' lang='lat' dir='ltr'><strong>meo,</strong></span> <span class='ocrx_word' id='word_1_42' title='bbox 453 934 502 979; x_wconf 84' lang='lat' dir='ltr'><strong>et</strong></span> <span class='ocrx_word' id='word_1_43' title='bbox 523 941 616 996; x_wconf 83' lang='lat' dir='ltr'><strong>ego</strong></span> <span class='ocrx_word' id='word_1_44' title='bbox 644 924 863 996; x_wconf 85' lang='lat' dir='ltr'><strong>diligam</strong></span> <span class='ocrx_word' id='word_1_45' title='bbox 888 942 1026 991; x_wconf 84' lang='lat' dir='ltr'><strong>eum,</strong></span> <span class='ocrx_word' id='word_1_46' title='bbox 1073 935 1121 981; x_wconf 87' lang='lat' dir='ltr'><strong>et</strong></span> <span class='ocrx_word' id='word_1_47' title='bbox 1147 925 1491 996; x_wconf 75' lang='lat' dir='ltr'><strong>manifestabo</strong></span> <span class='ocrx_word' id='word_1_48' title='bbox 1518 927 1567 982; x_wconf 78' lang='lat' dir='ltr'><strong>si</strong></span> <span class='ocrx_word' id='word_1_49' title='bbox 1588 927 1866 998; x_wconf 73' lang='lat' dir='ltr'><strong>meipsum.</strong></span> 
     </span>
    </p>
   </div>
   <div class='ocr_carea' id='block_1_9' title="bbox 277 1013 1870 1089">
    <p class='ocr_par' dir='ltr' id='par_1_9' title="bbox 277 1013 1870 1089">
     <span class='ocr_line' id='line_1_9' title="bbox 277 1013 1870 1089; baseline 0.001 -17"><span class='ocrx_word' id='word_1_50' title='bbox 277 1013 385 1072; x_wconf 85' lang='lat' dir='ltr'><strong>Ubi</strong></span> <span class='ocrx_word' id='word_1_51' title='bbox 411 1015 561 1072; x_wconf 92' lang='lat' dir='ltr'><strong>omni</strong></span> <span class='ocrx_word' id='word_1_52' title='bbox 608 1016 908 1073; x_wconf 70' lang='lat' dir='ltr'><strong>intentione</strong></span> <span class='ocrx_word' id='word_1_53' title='bbox 932 1018 1384 1075; x_wconf 78' lang='lat' dir='ltr'><strong>considerandum</strong></span> <span class='ocrx_word' id='word_1_54' title='bbox 1411 1026 1517 1085; x_wconf 89' lang='lat' dir='ltr'><strong>est,</strong></span> <span class='ocrx_word' id='word_1_55' title='bbox 1544 1020 1674 1089; x_wconf 85' lang='lat' dir='ltr'><strong>quia</strong></span> <span class='ocrx_word' id='word_1_56' title='bbox 1713 1018 1870 1074; x_wconf 88' lang='lat' dir='ltr'><strong>Chri—</strong></span> 
     </span>
    </p>
   </div>
   <div class='ocr_carea' id='block_1_10' title="bbox 274 1109 1868 1183">
    <p class='ocr_par' dir='ltr' id='par_1_10' title="bbox 274 1109 1868 1183">
     <span class='ocr_line' id='line_1_10' title="bbox 274 1109 1868 1183; baseline 0.001 -17"><span class='ocrx_word' id='word_1_57' title='bbox 274 1112 424 1166; x_wconf 80' lang='lat' dir='ltr'><strong>sitim</strong></span> <span class='ocrx_word' id='word_1_58' title='bbox 448 1116 577 1165; x_wconf 63' lang='lat' dir='ltr'><strong>were</strong></span> <span class='ocrx_word' id='word_1_59' title='bbox 600 1109 827 1183; x_wconf 81' lang='lat' dir='ltr'><strong>diligere</strong></span> <span class='ocrx_word' id='word_1_60' title='bbox 854 1120 962 1177; x_wconf 81' lang='lat' dir='ltr'><strong>est,</strong></span> <span class='ocrx_word' id='word_1_61' title='bbox 988 1126 1100 1167; x_wconf 81' lang='lat' dir='ltr'><strong>non</strong></span> <span class='ocrx_word' id='word_1_62' title='bbox 1121 1112 1299 1171; x_wconf 82' lang='lat' dir='ltr'><strong>solum</strong></span> <span class='ocrx_word' id='word_1_63' title='bbox 1322 1112 1496 1182; x_wconf 70' lang='lat' dir='ltr'><strong>ipsum</strong></span> <span class='ocrx_word' id='word_1_64' title='bbox 1524 1111 1868 1168; x_wconf 72' lang='lat' dir='ltr'><strong>dilectionem</strong></span> 
     </span>
    </p>
   </div>
   <div class='ocr_carea' id='block_1_11' title="bbox 274 1203 1870 1278">
    <p class='ocr_par' dir='ltr' id='par_1_11' title="bbox 274 1203 1870 1278">
     <span class='ocr_line' id='line_1_11' title="bbox 274 1203 1870 1278; baseline 0.003 -19"><span class='ocrx_word' id='word_1_65' title='bbox 274 1203 438 1260; x_wconf 88' lang='lat' dir='ltr'><strong>labiis</strong></span> <span class='ocrx_word' id='word_1_66' title='bbox 462 1205 714 1277; x_wconf 82' lang='lat' dir='ltr'><strong>ambigue</strong></span> <span class='ocrx_word' id='word_1_67' title='bbox 763 1206 1033 1273; x_wconf 67' lang='lat' dir='ltr'><strong>conﬁteri,</strong></span> <span class='ocrx_word' id='word_1_68' title='bbox 1080 1209 1175 1264; x_wconf 85' lang='lat' dir='ltr'><strong>sed</strong></span> <span class='ocrx_word' id='word_1_69' title='bbox 1202 1209 1459 1266; x_wconf 77' lang='lat' dir='ltr'><strong>mandata</strong></span> <span class='ocrx_word' id='word_1_70' title='bbox 1495 1207 1721 1274; x_wconf 78' lang='lat' dir='ltr'><strong>Christi,</strong></span> <span class='ocrx_word' id='word_1_71' title='bbox 1746 1224 1870 1278; x_wconf 72' lang='lat' dir='ltr'><strong>qum</strong></span> 
     </span>
    </p>
   </div>
   <div class='ocr_carea' id='block_1_12' title="bbox 273 1295 1866 1370">
    <p class='ocr_par' dir='ltr' id='par_1_12' title="bbox 273 1295 1866 1370">
     <span class='ocr_line' id='line_1_12' title="bbox 273 1295 1866 1370; baseline 0.001 -19"><span class='ocrx_word' id='word_1_72' title='bbox 273 1295 537 1353; x_wconf 89' lang='lat' dir='ltr'><strong>discendo</strong></span> <span class='ocrx_word' id='word_1_73' title='bbox 556 1298 838 1365; x_wconf 78' lang='lat' dir='ltr'><strong>habemus,</strong></span> <span class='ocrx_word' id='word_1_74' title='bbox 865 1300 1140 1370; x_wconf 81' lang='lat' dir='ltr'><strong>operando</strong></span> <span class='ocrx_word' id='word_1_75' title='bbox 1162 1315 1404 1356; x_wconf 87' lang='lat' dir='ltr'><strong>servare.</strong></span> <span class='ocrx_word' id='word_1_76' title='bbox 1445 1299 1551 1366; x_wconf 77' lang='lat' dir='ltr'><strong>Qui</strong></span> <span class='ocrx_word' id='word_1_77' title='bbox 1572 1299 1748 1366; x_wconf 65' lang='lat' dir='ltr'><strong>linea,</strong></span> <span class='ocrx_word' id='word_1_78' title='bbox 1780 1300 1866 1354; x_wconf 80' lang='lat' dir='ltr'><strong>in-</strong></span> 
     </span>
    </p>
   </div>
   <div class='ocr_carea' id='block_1_13' title="bbox 276 1389 1868 1464">
    <p class='ocr_par' dir='ltr' id='par_1_13' title="bbox 276 1389 1868 1464">
     <span class='ocr_line' id='line_1_13' title="bbox 276 1389 1868 1464; baseline 0.001 -21"><span class='ocrx_word' id='word_1_79' title='bbox 276 1389 417 1459; x_wconf 79' lang='lat' dir='ltr'><strong>quit,</strong></span> <span class='ocrx_word' id='word_1_80' title='bbox 455 1390 710 1445; x_wconf 70' lang='lat' dir='ltr'><strong>mandata</strong></span> <span class='ocrx_word' id='word_1_81' title='bbox 738 1404 855 1447; x_wconf 72' lang='lat' dir='ltr'><strong>mea</strong></span> <span class='ocrx_word' id='word_1_82' title='bbox 888 1402 938 1446; x_wconf 81' lang='lat' dir='ltr'><strong>et</strong></span> <span class='ocrx_word' id='word_1_83' title='bbox 981 1402 1153 1448; x_wconf 73' lang='lat' dir='ltr'><strong>serost</strong></span> <span class='ocrx_word' id='word_1_84' title='bbox 1182 1410 1265 1460; x_wconf 78' lang='lat' dir='ltr'><strong>ea,</strong></span> <span class='ocrx_word' id='word_1_85' title='bbox 1308 1393 1401 1448; x_wconf 81' lang='lat' dir='ltr'><strong>ille</strong></span> <span class='ocrx_word' id='word_1_86' title='bbox 1440 1403 1536 1458; x_wconf 82' lang='lat' dir='ltr'><strong>est,</strong></span> <span class='ocrx_word' id='word_1_87' title='bbox 1563 1394 1658 1464; x_wconf 75' lang='lat' dir='ltr'><strong>qui</strong></span> <span class='ocrx_word' id='word_1_88' title='bbox 1695 1393 1868 1462; x_wconf 80' lang='lat' dir='ltr'><strong>diligit</strong></span> 
     </span>
    </p>
   </div>
   <div class='ocr_carea' id='block_1_14' title="bbox 273 1480 1869 1558">
    <p class='ocr_par' dir='ltr' id='par_1_14' title="bbox 273 1480 1869 1558">
     <span class='ocr_line' id='line_1_14' title="bbox 273 1480 1869 1558; baseline 0.002 -19"><span class='ocrx_word' id='word_1_89' title='bbox 273 1496 378 1539; x_wconf 79' lang='lat' dir='ltr'><strong>nte.</strong></span> <span class='ocrx_word' id='word_1_90' title='bbox 413 1480 517 1553; x_wconf 75' lang='lat' dir='ltr'><strong>Qui</strong></span> <span class='ocrx_word' id='word_1_91' title='bbox 565 1485 730 1543; x_wconf 83' lang='lat' dir='ltr'><strong>habet</strong></span> <span class='ocrx_word' id='word_1_92' title='bbox 762 1487 818 1544; x_wconf 77' lang='lat' dir='ltr'><strong>iii</strong></span> <span class='ocrx_word' id='word_1_93' title='bbox 866 1489 1155 1554; x_wconf 79' lang='lat' dir='ltr'><strong>memoria,</strong></span> <span class='ocrx_word' id='word_1_94' title='bbox 1198 1496 1255 1544; x_wconf 88' lang='lat' dir='ltr'><strong>et</strong></span> <span class='ocrx_word' id='word_1_95' title='bbox 1296 1498 1480 1543; x_wconf 82' lang='lat' dir='ltr'><strong>servat</strong></span> <span class='ocrx_word' id='word_1_96' title='bbox 1508 1488 1563 1542; x_wconf 91' lang='lat' dir='ltr'><strong>in</strong></span> <span class='ocrx_word' id='word_1_97' title='bbox 1589 1488 1701 1543; x_wconf 85' lang='lat' dir='ltr'><strong>vita</strong></span> <span class='ocrx_word' id='word_1_98' title='bbox 1726 1503 1742 1553; x_wconf 74' lang='grc' dir='ltr'><strong>ς</strong></span> <span class='ocrx_word' id='word_1_99' title='bbox 1772 1487 1869 1558; x_wconf 88' lang='lat' dir='ltr'><strong>qui</strong></span> 
     </span>
    </p>
   </div>
   <div class='ocr_carea' id='block_1_15' title="bbox 274 1576 1868 1649">
    <p class='ocr_par' dir='ltr' id='par_1_15' title="bbox 274 1576 1868 1649">
     <span class='ocr_line' id='line_1_15' title="bbox 274 1576 1868 1649; baseline 0.001 -17"><span class='ocrx_word' id='word_1_100' title='bbox 274 1576 441 1633; x_wconf 80' lang='lat' dir='ltr'><strong>habet</strong></span> <span class='ocrx_word' id='word_1_101' title='bbox 472 1578 524 1633; x_wconf 86' lang='lat' dir='ltr'><strong>ili</strong></span> <span class='ocrx_word' id='word_1_102' title='bbox 552 1579 916 1646; x_wconf 68' lang='lat' dir='ltr'><strong>monibus,</strong></span> <span class='ocrx_word' id='word_1_103' title='bbox 945 1588 1004 1635; x_wconf 86' lang='lat' dir='ltr'><strong>et</strong></span> <span class='ocrx_word' id='word_1_104' title='bbox 1038 1588 1219 1636; x_wconf 79' lang='lat' dir='ltr'><strong>servat</strong></span> <span class='ocrx_word' id='word_1_105' title='bbox 1256 1581 1314 1635; x_wconf 91' lang='lat' dir='ltr'><strong>in</strong></span> <span class='ocrx_word' id='word_1_106' title='bbox 1344 1580 1587 1636; x_wconf 80' lang='lat' dir='ltr'><strong>moribus</strong></span> <span class='ocrx_word' id='word_1_107' title='bbox 1611 1597 1625 1645; x_wconf 91' lang='lat'><strong>;</strong></span> <span class='ocrx_word' id='word_1_108' title='bbox 1651 1580 1744 1649; x_wconf 86' lang='lat' dir='ltr'><strong>qui</strong></span> <span class='ocrx_word' id='word_1_109' title='bbox 1771 1580 1868 1637; x_wconf 85' lang='lat' dir='ltr'><strong>ha-</strong></span> 
     </span>
    </p>
   </div>
   <div class='ocr_carea' id='block_1_16' title="bbox 270 1672 1866 1744">
    <p class='ocr_par' dir='ltr' id='par_1_16' title="bbox 270 1672 1866 1744">
     <span class='ocr_line' id='line_1_16' title="bbox 270 1672 1866 1744; baseline 0 -17"><span class='ocrx_word' id='word_1_110' title='bbox 270 1672 685 1740; x_wconf 77' lang='lat' dir='ltr'><strong>bet&#39;audiendo;</strong></span> <span class='ocrx_word' id='word_1_111' title='bbox 718 1680 774 1731; x_wconf 86' lang='lat' dir='ltr'><strong>et</strong></span> <span class='ocrx_word' id='word_1_112' title='bbox 815 1684 999 1731; x_wconf 83' lang='lat' dir='ltr'><strong>servat</strong></span> <span class='ocrx_word' id='word_1_113' title='bbox 1042 1675 1311 1742; x_wconf 78' lang='lat' dir='ltr'><strong>faciendo,</strong></span> <span class='ocrx_word' id='word_1_114' title='bbox 1352 1684 1449 1731; x_wconf 85' lang='lat' dir='ltr'><strong>aut</strong></span> <span class='ocrx_word' id='word_1_115' title='bbox 1480 1674 1571 1744; x_wconf 88' lang='lat' dir='ltr'><strong>qui</strong></span> <span class='ocrx_word' id='word_1_116' title='bbox 1598 1674 1761 1733; x_wconf 80' lang='lat' dir='ltr'><strong>habet</strong></span> <span class='ocrx_word' id='word_1_117' title='bbox 1786 1672 1866 1727; x_wconf 62' lang='grc' dir='ltr'><strong>ὣς</strong></span> 
     </span>
    </p>
   </div>
   <div class='ocr_carea' id='block_1_17' title="bbox 271 1764 1865 1839">
    <p class='ocr_par' dir='ltr' id='par_1_17' title="bbox 271 1764 1865 1839">
     <span class='ocr_line' id='line_1_17' title="bbox 271 1764 1865 1839; baseline 0.001 -18"><span class='ocrx_word' id='word_1_118' title='bbox 271 1764 486 1833; x_wconf 74' lang='lat' dir='ltr'><strong>ciendo,</strong></span> <span class='ocrx_word' id='word_1_119' title='bbox 519 1772 574 1823; x_wconf 88' lang='lat' dir='ltr'><strong>et</strong></span> <span class='ocrx_word' id='word_1_120' title='bbox 614 1774 796 1823; x_wconf 84' lang='lat' dir='ltr'><strong>servat</strong></span> <span class='ocrx_word' id='word_1_121' title='bbox 831 1770 1249 1839; x_wconf 85' lang='lat' dir='ltr'><strong>perseverando,</strong></span> <span class='ocrx_word' id='word_1_122' title='bbox 1280 1768 1397 1839; x_wconf 88' lang='lat' dir='ltr'><strong>ipse</strong></span> <span class='ocrx_word' id='word_1_123' title='bbox 1418 1775 1524 1832; x_wconf 87' lang='lat' dir='ltr'><strong>est,</strong></span> <span class='ocrx_word' id='word_1_124' title='bbox 1548 1767 1745 1838; x_wconf 85' lang='lat' dir='ltr'><strong>inquit,</strong></span> <span class='ocrx_word' id='word_1_125' title='bbox 1768 1766 1865 1837; x_wconf 85' lang='lat' dir='ltr'><strong>qui</strong></span> 
     </span>
    </p>
   </div>
   <div class='ocr_carea' id='block_1_18' title="bbox 1973 646 3556 731">
    <p class='ocr_par' dir='ltr' id='par_1_18' title="bbox 1973 646 3556 731">
     <span class='ocr_line' id='line_1_18' title="bbox 1973 646 3556 731; baseline 0.009 -28"><span class='ocrx_word' id='word_1_126' title='bbox 1973 646 2152 704; x_wconf 90' lang='lat' dir='ltr'><strong>carnis</strong></span> <span class='ocrx_word' id='word_1_127' title='bbox 2170 648 2501 705; x_wconf 87' lang='lat' dir='ltr'><strong>domicilium</strong></span> <span class='ocrx_word' id='word_1_128' title='bbox 2522 666 2742 709; x_wconf 89' lang='lat' dir='ltr'><strong>necesse</strong></span> <span class='ocrx_word' id='word_1_129' title='bbox 2764 662 2869 724; x_wconf 90' lang='lat' dir='ltr'><strong>est,</strong></span> <span class='ocrx_word' id='word_1_130' title='bbox 2890 658 3085 715; x_wconf 87' lang='lat' dir='ltr'><strong>mentis</strong></span> <span class='ocrx_word' id='word_1_131' title='bbox 3107 659 3556 731; x_wconf 85' lang='lat' dir='ltr'><strong>contemplatione</strong></span> 
     </span>
    </p>
   </div>
   <div class='ocr_carea' id='block_1_19' title="bbox 1973 741 3555 825">
    <p class='ocr_par' dir='ltr' id='par_1_19' title="bbox 1973 741 3555 825">
     <span class='ocr_line' id='line_1_19' title="bbox 1973 741 3555 825; baseline 0.009 -29"><span class='ocrx_word' id='word_1_132' title='bbox 1973 743 2372 798; x_wconf 81' lang='lat' dir='ltr'><strong>transcendant.</strong></span> <span class='ocrx_word' id='word_1_133' title='bbox 2418 741 2570 800; x_wconf 88' lang='lat' dir='ltr'><strong>Sicut</strong></span> <span class='ocrx_word' id='word_1_134' title='bbox 2612 755 2793 803; x_wconf 87' lang='lat' dir='ltr'><strong>autem</strong></span> <span class='ocrx_word' id='word_1_135' title='bbox 2816 750 3171 825; x_wconf 83' lang='lat' dir='ltr'><strong>quadraginta</strong></span> <span class='ocrx_word' id='word_1_136' title='bbox 3194 748 3332 821; x_wconf 88' lang='lat' dir='ltr'><strong>dies,</strong></span> <span class='ocrx_word' id='word_1_137' title='bbox 3357 748 3555 825; x_wconf 82' lang='lat' dir='ltr'><strong>quibus</strong></span> 
     </span>
    </p>
   </div>
   <div class='ocr_carea' id='block_1_20' title="bbox 1970 825 3555 917">
    <p class='ocr_par' dir='ltr' id='par_1_20' title="bbox 1970 825 3555 917">
     <span class='ocr_line' id='line_1_20' title="bbox 1970 825 3555 917; baseline 0.007 -28"><span class='ocrx_word' id='word_1_138' title='bbox 1970 833 2229 891; x_wconf 85' lang='lat' dir='ltr'><strong>Dominus</strong></span> <span class='ocrx_word' id='word_1_139' title='bbox 2253 843 2378 907; x_wconf 87' lang='lat' dir='ltr'><strong>post</strong></span> <span class='ocrx_word' id='word_1_140' title='bbox 2400 838 2854 899; x_wconf 85' lang='lat' dir='ltr'><strong>resurrectionem</strong></span> <span class='ocrx_word' id='word_1_141' title='bbox 2881 857 3005 905; x_wconf 86' lang='lat' dir='ltr'><strong>cum</strong></span> <span class='ocrx_word' id='word_1_142' title='bbox 3031 825 3307 917; x_wconf 71' lang='lat' dir='ltr'><strong>discipulis</strong></span> <span class='ocrx_word' id='word_1_143' title='bbox 3328 846 3555 913; x_wconf 86' lang='lat' dir='ltr'><strong>conver-</strong></span> 
     </span>
    </p>
   </div>
   <div class='ocr_carea' id='block_1_21' title="bbox 1969 933 3553 1010">
    <p class='ocr_par' dir='ltr' id='par_1_21' title="bbox 1969 933 3553 1010">
     <span class='ocr_line' id='line_1_21' title="bbox 1969 933 3553 1010; baseline 0.006 -26"><span class='ocrx_word' id='word_1_144' title='bbox 1969 936 2121 984; x_wconf 85' lang='lat' dir='ltr'><strong>satus</strong></span> <span class='ocrx_word' id='word_1_145' title='bbox 2168 936 2272 995; x_wconf 88' lang='lat' dir='ltr'><strong>est,</strong></span> <span class='ocrx_word' id='word_1_146' title='bbox 2316 946 2439 986; x_wconf 88' lang='lat' dir='ltr'><strong>cum</strong></span> <span class='ocrx_word' id='word_1_147' title='bbox 2479 940 2796 1002; x_wconf 86' lang='lat' dir='ltr'><strong>resurgente</strong></span> <span class='ocrx_word' id='word_1_148' title='bbox 2834 933 3050 994; x_wconf 83' lang='lat' dir='ltr'><strong>Christo</strong></span> <span class='ocrx_word' id='word_1_149' title='bbox 3098 937 3553 1010; x_wconf 87' lang='lat' dir='ltr'><strong>peregrinationis</strong></span> 
     </span>
    </p>
   </div>
   <div class='ocr_carea' id='block_1_22' title="bbox 1970 1020 3551 1105">
    <p class='ocr_par' dir='ltr' id='par_1_22' title="bbox 1970 1020 3551 1105">
     <span class='ocr_line' id='line_1_22' title="bbox 1970 1020 3551 1105; baseline 0.009 -30"><span class='ocrx_word' id='word_1_150' title='bbox 1970 1020 2131 1097; x_wconf 83' lang='lat' dir='ltr'><strong>hujus</strong></span> <span class='ocrx_word' id='word_1_151' title='bbox 2158 1023 2445 1095; x_wconf 87' lang='lat' dir='ltr'><strong>designant</strong></span> <span class='ocrx_word' id='word_1_152' title='bbox 2463 1024 2781 1093; x_wconf 87' lang='lat' dir='ltr'><strong>Ecclesiam,</strong></span> <span class='ocrx_word' id='word_1_153' title='bbox 2809 1027 2884 1083; x_wconf 88' lang='lat' dir='ltr'><strong>ita</strong></span> <span class='ocrx_word' id='word_1_154' title='bbox 2909 1029 3024 1087; x_wconf 88' lang='lat' dir='ltr'><strong>dies</strong></span> <span class='ocrx_word' id='word_1_155' title='bbox 3051 1032 3551 1105; x_wconf 83' lang='lat' dir='ltr'><strong>quinquagesimus,</strong></span> 
     </span>
    </p>
   </div>
   <div class='ocr_carea' id='block_1_23' title="bbox 1970 1110 3555 1191">
    <p class='ocr_par' dir='ltr' id='par_1_23' title="bbox 1970 1110 3555 1191">
     <span class='ocr_line' id='line_1_23' title="bbox 1970 1110 3555 1191; baseline 0.009 -26"><span class='ocrx_word' id='word_1_156' title='bbox 1970 1126 2077 1180; x_wconf 87' lang='lat' dir='ltr'><strong>quo</strong></span> <span class='ocrx_word' id='word_1_157' title='bbox 2104 1113 2326 1183; x_wconf 83' lang='lat' dir='ltr'><strong>spiritus</strong></span> <span class='ocrx_word' id='word_1_158' title='bbox 2355 1122 2575 1170; x_wconf 89' lang='lat' dir='ltr'><strong>sanctus</strong></span> <span class='ocrx_word' id='word_1_159' title='bbox 2619 1117 2906 1188; x_wconf 87' lang='lat' dir='ltr'><strong>accipitur,</strong></span> <span class='ocrx_word' id='word_1_160' title='bbox 2947 1120 3336 1191; x_wconf 78' lang='lat' dir='ltr'><strong>perfectionem</strong></span> <span class='ocrx_word' id='word_1_161' title='bbox 3380 1110 3555 1183; x_wconf 67' lang='lat' dir='ltr'><strong>beatte&#39;</strong></span> 
     </span>
    </p>
   </div>
   <div class='ocr_carea' id='block_1_24' title="bbox 1969 1198 3555 1281">
    <p class='ocr_par' dir='ltr' id='par_1_24' title="bbox 1969 1198 3555 1281">
     <span class='ocr_line' id='line_1_24' title="bbox 1969 1198 3555 1281; baseline 0.01 -25"><span class='ocrx_word' id='word_1_162' title='bbox 1969 1203 2190 1272; x_wconf 82' lang='lat' dir='ltr'><strong>quietis,</strong></span> <span class='ocrx_word' id='word_1_163' title='bbox 2221 1221 2328 1275; x_wconf 91' lang='lat' dir='ltr'><strong>qua</strong></span> <span class='ocrx_word' id='word_1_164' title='bbox 2358 1205 2512 1264; x_wconf 87' lang='lat' dir='ltr'><strong>labor</strong></span> <span class='ocrx_word' id='word_1_165' title='bbox 2556 1207 2813 1265; x_wconf 69' lang='lat' dir='ltr'><strong>Ecclesia:</strong></span> <span class='ocrx_word' id='word_1_166' title='bbox 2857 1198 3168 1281; x_wconf 80' lang='lat' dir='ltr'><strong>temporalis</strong></span> <span class='ocrx_word' id='word_1_167' title='bbox 3209 1213 3429 1277; x_wconf 86' lang='lat' dir='ltr'><strong>denario</strong></span> <span class='ocrx_word' id='word_1_168' title='bbox 3470 1229 3555 1271; x_wconf 86' lang='lat' dir='ltr'><strong>re-</strong></span> 
     </span>
    </p>
   </div>
   <div class='ocr_carea' id='block_1_25' title="bbox 1968 1294 3560 1373">
    <p class='ocr_par' dir='ltr' id='par_1_25' title="bbox 1968 1294 3560 1373">
     <span class='ocr_line' id='line_1_25' title="bbox 1968 1294 3560 1373; baseline 0.009 -26"><span class='ocrx_word' id='word_1_169' title='bbox 1968 1294 2340 1355; x_wconf 86' lang='lat' dir='ltr'><strong>munerabitur</strong></span> <span class='ocrx_word' id='word_1_170' title='bbox 2367 1305 2591 1364; x_wconf 71' lang='lat' dir='ltr'><strong>aeterno,</strong></span> <span class='ocrx_word' id='word_1_171' title='bbox 2637 1308 2997 1372; x_wconf 77' lang='lat' dir='ltr'><strong>congruenter</strong></span> <span class='ocrx_word' id='word_1_172' title='bbox 3030 1302 3303 1373; x_wconf 67' lang='lat' dir='ltr'><strong>exprimit.</strong></span> <span class='ocrx_word' id='word_1_173' title='bbox 3338 1296 3472 1359; x_wconf 75' lang='lat' dir='ltr'><strong>Nam</strong></span> <span class='ocrx_word' id='word_1_174' title='bbox 3504 1302 3560 1361; x_wconf 70' lang='lat' dir='ltr'><strong>ei</strong></span> 
     </span>
    </p>
   </div>
   <div class='ocr_carea' id='block_1_26' title="bbox 1965 1384 3629 1468">
    <p class='ocr_par' dir='ltr' id='par_1_26' title="bbox 1965 1384 3629 1468">
     <span class='ocr_line' id='line_1_26' title="bbox 1965 1384 3629 1468; baseline 0.008 -27"><span class='ocrx_word' id='word_1_175' title='bbox 1965 1385 2081 1456; x_wconf 87' lang='lat' dir='ltr'><strong>ipse</strong></span> <span class='ocrx_word' id='word_1_176' title='bbox 2122 1402 2381 1445; x_wconf 87' lang='lat' dir='ltr'><strong>numerus</strong></span> <span class='ocrx_word' id='word_1_177' title='bbox 2420 1392 2908 1465; x_wconf 84' lang='lat' dir='ltr'><strong>&#39;quadragenarius,</strong></span> <span class='ocrx_word' id='word_1_178' title='bbox 2956 1384 3251 1467; x_wconf 62' lang='lat' dir='ltr'><strong>aqualihus</strong></span> <span class='ocrx_word' id='word_1_179' title='bbox 3296 1396 3407 1452; x_wconf 91' lang='lat' dir='ltr'><strong>suis</strong></span> <span class='ocrx_word' id='word_1_180' title='bbox 3440 1413 3560 1468; x_wconf 87' lang='lat' dir='ltr'><strong>par-</strong></span> <span class='ocrx_word' id='word_1_181' title='bbox 3612 1432 3629 1448; x_wconf 75' lang='grc' dir='ltr'><em>ι</em></span> 
     </span>
    </p>
   </div>
   <div class='ocr_carea' id='block_1_27' title="bbox 1966 1471 3559 1559">
    <p class='ocr_par' dir='ltr' id='par_1_27' title="bbox 1966 1471 3559 1559">
     <span class='ocr_line' id='line_1_27' title="bbox 1966 1471 3559 1559; baseline 0.008 -28"><span class='ocrx_word' id='word_1_182' title='bbox 1966 1477 2113 1533; x_wconf 89' lang='lat' dir='ltr'><strong>tibus</strong></span> <span class='ocrx_word' id='word_1_183' title='bbox 2140 1489 2504 1550; x_wconf 88' lang='lat' dir='ltr'><strong>computatus,</strong></span> <span class='ocrx_word' id='word_1_184' title='bbox 2534 1483 2684 1538; x_wconf 86' lang='lat' dir='ltr'><strong>addit</strong></span> <span class='ocrx_word' id='word_1_185' title='bbox 2709 1484 2939 1559; x_wconf 84' lang='lat' dir='ltr'><strong>amplius</strong></span> <span class='ocrx_word' id='word_1_186' title='bbox 2965 1485 3138 1558; x_wconf 91' lang='lat' dir='ltr'><strong>ipsum</strong></span> <span class='ocrx_word' id='word_1_187' title='bbox 3166 1471 3470 1554; x_wconf 86' lang='lat' dir='ltr'><strong>denarium,</strong></span> <span class='ocrx_word' id='word_1_188' title='bbox 3502 1495 3559 1544; x_wconf 89' lang='lat' dir='ltr'><strong>et</strong></span> 
     </span>
    </p>
   </div>
   <div class='ocr_carea' id='block_1_28' title="bbox 1965 1566 3557 1650">
    <p class='ocr_par' dir='ltr' id='par_1_28' title="bbox 1965 1566 3557 1650">
     <span class='ocr_line' id='line_1_28' title="bbox 1965 1566 3557 1650; baseline 0.008 -27"><span class='ocrx_word' id='word_1_189' title='bbox 1965 1566 2096 1624; x_wconf 79' lang='lat' dir='ltr'><strong>facit</strong></span> <span class='ocrx_word' id='word_1_190' title='bbox 2142 1571 2552 1643; x_wconf 81' lang='lat' dir='ltr'><strong>quinquaginta.</strong></span> <span class='ocrx_word' id='word_1_191' title='bbox 2610 1574 3037 1647; x_wconf 85' lang='lat' dir='ltr'><strong>Quadragenarii</strong></span> <span class='ocrx_word' id='word_1_192' title='bbox 3090 1576 3314 1650; x_wconf 25' lang='lat' dir='ltr'><strong>quippe,</strong></span> <span class='ocrx_word' id='word_1_193' title='bbox 3342 1578 3557 1636; x_wconf 90' lang='lat' dir='ltr'><strong>numeri</strong></span> 
     </span>
    </p>
   </div>
   <div class='ocr_carea' id='block_1_29' title="bbox 1950 1659 3556 1742">
    <p class='ocr_par' dir='ltr' id='par_1_29' title="bbox 1950 1659 3556 1742">
     <span class='ocr_line' id='line_1_29' title="bbox 1950 1659 3556 1742; baseline 0.009 -29"><span class='ocrx_word' id='word_1_194' title='bbox 1950 1659 2248 1723; x_wconf 67' lang='lat' dir='ltr'><strong>,dimidium</strong></span> <span class='ocrx_word' id='word_1_195' title='bbox 2304 1672 2389 1719; x_wconf 89' lang='lat' dir='ltr'><strong>est</strong></span> <span class='ocrx_word' id='word_1_196' title='bbox 2433 1665 2624 1736; x_wconf 78' lang='lat' dir='ltr'><strong>viginti</strong></span> <span class='ocrx_word' id='word_1_197' title='bbox 2677 1676 2871 1737; x_wconf 88' lang='lat' dir='ltr'><strong>quarta</strong></span> <span class='ocrx_word' id='word_1_198' title='bbox 2922 1685 3051 1740; x_wconf 88' lang='lat' dir='ltr'><strong>pars</strong></span> <span class='ocrx_word' id='word_1_199' title='bbox 3100 1670 3307 1736; x_wconf 81' lang='lat' dir='ltr'><strong>decem,</strong></span> <span class='ocrx_word' id='word_1_200' title='bbox 3365 1671 3556 1742; x_wconf 89' lang='lat' dir='ltr'><strong>quinta</strong></span> 
     </span>
    </p>
   </div>
   <div class='ocr_carea' id='block_1_30' title="bbox 1963 1744 3555 1832">
    <p class='ocr_par' dir='ltr' id='par_1_30' title="bbox 1963 1744 3555 1832">
     <span class='ocr_line' id='line_1_30' title="bbox 1963 1744 3555 1832; baseline 0.007 -23"><span class='ocrx_word' id='word_1_201' title='bbox 1963 1761 2107 1819; x_wconf 91' lang='lat' dir='ltr'><strong>octo,</strong></span> <span class='ocrx_word' id='word_1_202' title='bbox 2159 1762 2351 1810; x_wconf 83' lang='lat' dir='ltr'><strong>octava</strong></span> <span class='ocrx_word' id='word_1_203' title='bbox 2403 1757 2660 1829; x_wconf 86' lang='lat' dir='ltr'><strong>quinque,</strong></span> <span class='ocrx_word' id='word_1_204' title='bbox 2718 1744 2927 1815; x_wconf 85' lang='lat' dir='ltr'><strong>decima</strong></span> <span class='ocrx_word' id='word_1_205' title='bbox 2992 1770 3244 1832; x_wconf 84' lang='lat' dir='ltr'><strong>quatuor,</strong></span> <span class='ocrx_word' id='word_1_206' title='bbox 3294 1762 3555 1820; x_wconf 89' lang='lat' dir='ltr'><strong>vicesima</strong></span> 
     </span>
    </p>
   </div>
   <div class='ocr_carea' id='block_1_31' title="bbox 269 1844 3555 1931">
    <p class='ocr_par' dir='ltr' id='par_1_31' title="bbox 269 1844 3555 1931">
     <span class='ocr_line' id='line_1_31' title="bbox 269 1844 3555 1931; baseline 0 -21"><span class='ocrx_word' id='word_1_207' title='bbox 269 1855 446 1931; x_wconf 72' lang='lat' dir='ltr'><strong>diligit</strong></span> <span class='ocrx_word' id='word_1_208' title='bbox 472 1870 580 1914; x_wconf 89' lang='lat' dir='ltr'><strong>me.</strong></span> <span class='ocrx_word' id='word_1_209' title='bbox 613 1857 940 1927; x_wconf 78' lang='lat' dir='ltr'><strong>Notandum,</strong></span> <span class='ocrx_word' id='word_1_210' title='bbox 968 1860 1096 1931; x_wconf 74' lang='lat' dir='ltr'><strong>quia</strong></span> <span class='ocrx_word' id='word_1_211' title='bbox 1125 1875 1249 1915; x_wconf 83' lang='lat' dir='ltr'><strong>cum</strong></span> <span class='ocrx_word' id='word_1_212' title='bbox 1279 1859 1562 1930; x_wconf 60' lang='lat' dir='ltr'><strong>prasentis</strong></span> <span class='ocrx_word' id='word_1_213' title='bbox 1602 1857 1860 1927; x_wconf 65' lang='grc' dir='ltr'><strong>ιθωροείε</strong></span> <span class='ocrx_word' id='word_1_214' title='bbox 1962 1845 2088 1914; x_wconf 90' lang='lat' dir='ltr'><strong>duo,</strong></span> <span class='ocrx_word' id='word_1_215' title='bbox 2111 1847 2582 1919; x_wconf 76' lang='lat' dir='ltr'><strong>quadragesimum</strong></span> <span class='ocrx_word' id='word_1_216' title='bbox 2606 1867 2793 1909; x_wconf 85' lang='lat' dir='ltr'><strong>unum.</strong></span> <span class='ocrx_word' id='word_1_217' title='bbox 2820 1852 3021 1921; x_wconf 83' lang='lat' dir='ltr'><strong>Viginti</strong></span> <span class='ocrx_word' id='word_1_218' title='bbox 3042 1858 3245 1920; x_wconf 87' lang='lat' dir='ltr'><strong>autem,</strong></span> <span class='ocrx_word' id='word_1_219' title='bbox 3269 1861 3325 1909; x_wconf 90' lang='lat' dir='ltr'><strong>et</strong></span> <span class='ocrx_word' id='word_1_220' title='bbox 3346 1844 3555 1927; x_wconf 84' lang='lat' dir='ltr'><strong>decem,</strong></span> 
     </span>
    </p>
   </div>
   <div class='ocr_carea' id='block_1_32' title="bbox 268 1931 1873 2023">
    <p class='ocr_par' dir='ltr' id='par_1_32' title="bbox 268 1940 1855 2023">
     <span class='ocr_line' id='line_1_32' title="bbox 268 1940 1855 2023; baseline 0.003 -22"><span class='ocrx_word' id='word_1_221' title='bbox 268 1940 436 2004; x_wconf 81' lang='lat' dir='ltr'><strong>verbo</strong></span> <span class='ocrx_word' id='word_1_222' title='bbox 465 1948 688 2017; x_wconf 79' lang='lat' dir='ltr'><strong>diceret,</strong></span> <span class='ocrx_word' id='word_1_223' title='bbox 709 1953 799 2023; x_wconf 75' lang='lat' dir='ltr'><strong>qui</strong></span> <span class='ocrx_word' id='word_1_224' title='bbox 818 1959 996 2006; x_wconf 68' lang='lat' dir='ltr'><strong>autem</strong></span> <span class='ocrx_word' id='word_1_225' title='bbox 1012 1952 1186 2022; x_wconf 72' lang='lat' dir='ltr'><strong>diligit</strong></span> <span class='ocrx_word' id='word_1_226' title='bbox 1209 1968 1310 2018; x_wconf 70' lang='lat' dir='ltr'><strong>me,</strong></span> <span class='ocrx_word' id='word_1_227' title='bbox 1340 1951 1538 2021; x_wconf 75' lang='lat' dir='ltr'><strong>adjecit</strong></span> <span class='ocrx_word' id='word_1_228' title='bbox 1559 1952 1626 2007; x_wconf 90' lang='lat' dir='ltr'><strong>de</strong></span> <span class='ocrx_word' id='word_1_229' title='bbox 1652 1950 1855 2017; x_wconf 80' lang='lat' dir='ltr'><strong>futuro,</strong></span> 
     </span>
    </p>
   </div>
   <div class='ocr_carea' id='block_1_33' title="bbox 1957 1931 3552 2023">
    <p class='ocr_par' dir='ltr' id='par_1_33' title="bbox 1959 1939 3552 2014">
     <span class='ocr_line' id='line_1_33' title="bbox 1959 1939 3552 2014; baseline 0.008 -25"><span class='ocrx_word' id='word_1_230' title='bbox 1959 1943 2014 1990; x_wconf 89' lang='lat' dir='ltr'><strong>et</strong></span> <span class='ocrx_word' id='word_1_231' title='bbox 2060 1944 2184 1991; x_wconf 90' lang='lat' dir='ltr'><strong>octo</strong></span> <span class='ocrx_word' id='word_1_232' title='bbox 2213 1944 2269 1991; x_wconf 90' lang='lat' dir='ltr'><strong>et</strong></span> <span class='ocrx_word' id='word_1_233' title='bbox 2314 1939 2567 2009; x_wconf 90' lang='lat' dir='ltr'><strong>quinque,</strong></span> <span class='ocrx_word' id='word_1_234' title='bbox 2616 1948 2671 1995; x_wconf 89' lang='lat' dir='ltr'><strong>et</strong></span> <span class='ocrx_word' id='word_1_235' title='bbox 2718 1952 2954 2013; x_wconf 83' lang='lat' dir='ltr'><strong>quatuor</strong></span> <span class='ocrx_word' id='word_1_236' title='bbox 2998 1953 3053 1999; x_wconf 91' lang='lat' dir='ltr'><strong>et</strong></span> <span class='ocrx_word' id='word_1_237' title='bbox 3100 1944 3242 2011; x_wconf 73' lang='lat' dir='ltr'><strong>duo,</strong></span> <span class='ocrx_word' id='word_1_238' title='bbox 3275 1953 3331 2000; x_wconf 90' lang='lat' dir='ltr'><strong>et</strong></span> <span class='ocrx_word' id='word_1_239' title='bbox 3361 1961 3552 2014; x_wconf 91' lang='lat' dir='ltr'><strong>unum,</strong></span> 
     </span>
    </p>
   </div>
   <div class='ocr_carea' id='block_1_34' title="bbox 267 2030 1860 2113">
    <p class='ocr_par' dir='ltr' id='par_1_34' title="bbox 267 2030 1860 2113">
     <span class='ocr_line' id='line_1_34' title="bbox 267 2030 1860 2113; baseline 0.004 -24"><span class='ocrx_word' id='word_1_240' title='bbox 267 2030 522 2107; x_wconf 78' lang='lat' dir='ltr'><strong>diligetur</strong></span> <span class='ocrx_word' id='word_1_241' title='bbox 555 2046 587 2092; x_wconf 78' lang='lat' dir='ltr'><strong>tt</strong></span> <span class='ocrx_word' id='word_1_242' title='bbox 608 2034 771 2094; x_wconf 67' lang='lat' dir='ltr'><strong>Pam</strong></span> <span class='ocrx_word' id='word_1_243' title='bbox 810 2048 946 2107; x_wconf 71' lang='lat' dir='ltr'><strong>meo,</strong></span> <span class='ocrx_word' id='word_1_244' title='bbox 972 2051 1022 2095; x_wconf 84' lang='lat' dir='ltr'><strong>et</strong></span> <span class='ocrx_word' id='word_1_245' title='bbox 1055 2058 1151 2112; x_wconf 78' lang='lat' dir='ltr'><strong>ego</strong></span> <span class='ocrx_word' id='word_1_246' title='bbox 1172 2041 1392 2113; x_wconf 66' lang='lat' dir='ltr'><strong>diligam</strong></span> <span class='ocrx_word' id='word_1_247' title='bbox 1416 2059 1556 2108; x_wconf 76' lang='lat' dir='ltr'><strong>eum,</strong></span> <span class='ocrx_word' id='word_1_248' title='bbox 1608 2052 1657 2097; x_wconf 82' lang='lat' dir='ltr'><strong>et</strong></span> <span class='ocrx_word' id='word_1_249' title='bbox 1684 2043 1860 2097; x_wconf 75' lang='lat' dir='ltr'><strong>niani-</strong></span> 
     </span>
    </p>
   </div>
   <div class='ocr_carea' id='block_1_35' title="bbox 267 2126 1859 2207">
    <p class='ocr_par' dir='ltr' id='par_1_35' title="bbox 267 2126 1859 2207">
     <span class='ocr_line' id='line_1_35' title="bbox 267 2126 1859 2207; baseline 0.005 -24"><span class='ocrx_word' id='word_1_250' title='bbox 267 2126 468 2199; x_wconf 76' lang='lat' dir='ltr'><strong>festabo</strong></span> <span class='ocrx_word' id='word_1_251' title='bbox 498 2132 546 2185; x_wconf 73' lang='lat' dir='ltr'><strong>ei</strong></span> <span class='ocrx_word' id='word_1_252' title='bbox 599 2133 874 2204; x_wconf 58' lang='lat' dir='ltr'><strong>utipsam.</strong></span> <span class='ocrx_word' id='word_1_253' title='bbox 918 2132 1107 2207; x_wconf 77' lang='lat' dir='ltr'><strong>Diligit</strong></span> <span class='ocrx_word' id='word_1_254' title='bbox 1150 2144 1380 2206; x_wconf 75' lang='lat' dir='ltr'><strong>namque</strong></span> <span class='ocrx_word' id='word_1_255' title='bbox 1421 2137 1585 2192; x_wconf 76' lang='lat' dir='ltr'><strong>etiam</strong></span> <span class='ocrx_word' id='word_1_256' title='bbox 1610 2153 1755 2193; x_wconf 83' lang='lat' dir='ltr'><strong>nunc</strong></span> <span class='ocrx_word' id='word_1_257' title='bbox 1778 2136 1859 2191; x_wconf 78' lang='lat' dir='ltr'><strong>di-</strong></span> 
     </span>
    </p>
   </div>
   <div class='ocr_carea' id='block_1_36' title="bbox 266 2218 1859 2300">
    <p class='ocr_par' dir='ltr' id='par_1_36' title="bbox 266 2218 1859 2300">
     <span class='ocr_line' id='line_1_36' title="bbox 266 2218 1859 2300; baseline 0.008 -26"><span class='ocrx_word' id='word_1_258' title='bbox 266 2218 502 2277; x_wconf 74' lang='lat' dir='ltr'><strong>lectores</strong></span> <span class='ocrx_word' id='word_1_259' title='bbox 527 2230 658 2280; x_wconf 71' lang='lat' dir='ltr'><strong>Suos</strong></span> <span class='ocrx_word' id='word_1_260' title='bbox 684 2230 809 2280; x_wconf 73' lang='lat' dir='ltr'><strong>eum</strong></span> <span class='ocrx_word' id='word_1_261' title='bbox 844 2234 997 2298; x_wconf 84' lang='lat' dir='ltr'><strong>patre</strong></span> <span class='ocrx_word' id='word_1_262' title='bbox 1047 2228 1210 2294; x_wconf 64' lang='lat' dir='ltr'><strong>illius,</strong></span> <span class='ocrx_word' id='word_1_263' title='bbox 1259 2229 1355 2284; x_wconf 88' lang='lat' dir='ltr'><strong>sed</strong></span> <span class='ocrx_word' id='word_1_264' title='bbox 1400 2245 1544 2285; x_wconf 85' lang='lat' dir='ltr'><strong>nunc</strong></span> <span class='ocrx_word' id='word_1_265' title='bbox 1580 2230 1754 2300; x_wconf 81' lang='lat' dir='ltr'><strong>diligit</strong></span> <span class='ocrx_word' id='word_1_266' title='bbox 1789 2231 1859 2286; x_wconf 89' lang='lat' dir='ltr'><strong>ad</strong></span> 
     </span>
    </p>
   </div>
   <div class='ocr_carea' id='block_1_37' title="bbox 264 2309 1858 2392">
    <p class='ocr_par' dir='ltr' id='par_1_37' title="bbox 264 2309 1858 2392">
     <span class='ocr_line' id='line_1_37' title="bbox 264 2309 1858 2392; baseline 0.008 -26"><span class='ocrx_word' id='word_1_267' title='bbox 264 2309 392 2379; x_wconf 81' lang='lat' dir='ltr'><strong>hoc,</strong></span> <span class='ocrx_word' id='word_1_268' title='bbox 440 2320 501 2369; x_wconf 92' lang='lat' dir='ltr'><strong>ut</strong></span> <span class='ocrx_word' id='word_1_269' title='bbox 544 2322 693 2372; x_wconf 80' lang='lat' dir='ltr'><strong>recte</strong></span> <span class='ocrx_word' id='word_1_270' title='bbox 737 2319 921 2373; x_wconf 74' lang='lat' dir='ltr'><strong>vivant</strong></span> <span class='ocrx_word' id='word_1_271' title='bbox 954 2330 1023 2374; x_wconf 74' lang='lat' dir='ltr'><strong>ex</strong></span> <span class='ocrx_word' id='word_1_272' title='bbox 1062 2320 1187 2387; x_wconf 82' lang='lat' dir='ltr'><strong>tide,</strong></span> <span class='ocrx_word' id='word_1_273' title='bbox 1232 2334 1355 2391; x_wconf 75' lang='lat' dir='ltr'><strong>quae</strong></span> <span class='ocrx_word' id='word_1_274' title='bbox 1380 2324 1481 2392; x_wconf 79' lang='lat' dir='ltr'><strong>per</strong></span> <span class='ocrx_word' id='word_1_275' title='bbox 1514 2323 1858 2378; x_wconf 86' lang='lat' dir='ltr'><strong>dilectionem</strong></span> 
     </span>
    </p>
   </div>
   <div class='ocr_carea' id='block_1_38' title="bbox 262 2406 1859 2485">
    <p class='ocr_par' dir='ltr' id='par_1_38' title="bbox 262 2406 1859 2485">
     <span class='ocr_line' id='line_1_38' title="bbox 262 2406 1859 2485; baseline 0.008 -27"><span class='ocrx_word' id='word_1_276' title='bbox 262 2406 545 2474; x_wconf 80' lang='lat' dir='ltr'><strong>operatur.</strong></span> <span class='ocrx_word' id='word_1_277' title='bbox 573 2407 727 2465; x_wconf 79' lang='lat' dir='ltr'><strong>Tune</strong></span> <span class='ocrx_word' id='word_1_278' title='bbox 745 2411 814 2464; x_wconf 82' lang='lat' dir='ltr'><strong>ad</strong></span> <span class='ocrx_word' id='word_1_279' title='bbox 832 2411 937 2467; x_wconf 83' lang='lat' dir='ltr'><strong>hoc</strong></span> <span class='ocrx_word' id='word_1_280' title='bbox 960 2411 1167 2484; x_wconf 64' lang='lat' dir='ltr'><strong>diliget;</strong></span> <span class='ocrx_word' id='word_1_281' title='bbox 1188 2423 1250 2468; x_wconf 85' lang='lat' dir='ltr'><strong>ut</strong></span> <span class='ocrx_word' id='word_1_282' title='bbox 1267 2416 1585 2485; x_wconf 84' lang='lat' dir='ltr'><strong>perveniant</strong></span> <span class='ocrx_word' id='word_1_283' title='bbox 1609 2418 1679 2471; x_wconf 84' lang='lat' dir='ltr'><strong>ad</strong></span> <span class='ocrx_word' id='word_1_284' title='bbox 1693 2417 1859 2473; x_wconf 78' lang='lat' dir='ltr'><strong>visio-</strong></span> 
     </span>
    </p>
   </div>
   <div class='ocr_carea' id='block_1_39' title="bbox 260 2496 1856 2579">
    <p class='ocr_par' dir='ltr' id='par_1_39' title="bbox 260 2496 1856 2579">
     <span class='ocr_line' id='line_1_39' title="bbox 260 2496 1856 2579; baseline 0.009 -29"><span class='ocrx_word' id='word_1_285' title='bbox 260 2498 392 2550; x_wconf 75' lang='lat' dir='ltr'><strong>netu</strong></span> <span class='ocrx_word' id='word_1_286' title='bbox 420 2496 687 2564; x_wconf 54' lang='lat' dir='ltr'><strong>Veritatis;</strong></span> <span class='ocrx_word' id='word_1_287' title='bbox 716 2504 881 2572; x_wconf 73' lang='lat' dir='ltr'><strong>quam</strong></span> <span class='ocrx_word' id='word_1_288' title='bbox 906 2506 1006 2575; x_wconf 74' lang='lat' dir='ltr'><strong>per</strong></span> <span class='ocrx_word' id='word_1_289' title='bbox 1027 2505 1187 2562; x_wconf 73' lang='lat' dir='ltr'><strong>[idem</strong></span> <span class='ocrx_word' id='word_1_290' title='bbox 1211 2508 1579 2579; x_wconf 82' lang='lat' dir='ltr'><strong>gustaverant.</strong></span> <span class='ocrx_word' id='word_1_291' title='bbox 1611 2511 1729 2567; x_wconf 78' lang='lat' dir='ltr'><strong>Non</strong></span> <span class='ocrx_word' id='word_1_292' title='bbox 1756 2524 1856 2565; x_wconf 81' lang='lat' dir='ltr'><strong>au-</strong></span> 
     </span>
    </p>
   </div>
   <div class='ocr_carea' id='block_1_40' title="bbox 263 2582 1852 2671">
    <p class='ocr_par' dir='ltr' id='par_1_40' title="bbox 263 2582 1852 2671">
     <span class='ocr_line' id='line_1_40' title="bbox 263 2582 1852 2671; baseline 0.011 -34"><span class='ocrx_word' id='word_1_293' title='bbox 263 2591 378 2671; x_wconf 77' lang='lat' dir='ltr'><strong>tem</strong></span> <span class='ocrx_word' id='word_1_294' title='bbox 420 2582 623 2643; x_wconf 56' lang='lat' dir='ltr'><strong>ﬂustra</strong></span> <span class='ocrx_word' id='word_1_295' title='bbox 666 2591 889 2659; x_wconf 73' lang='lat' dir='ltr'><strong>addidit,</strong></span> <span class='ocrx_word' id='word_1_296' title='bbox 956 2600 1012 2649; x_wconf 84' lang='lat' dir='ltr'><strong>et</strong></span> <span class='ocrx_word' id='word_1_297' title='bbox 1053 2597 1413 2655; x_wconf 68' lang='lat' dir='ltr'><strong>manifestam</strong></span> <span class='ocrx_word' id='word_1_298' title='bbox 1472 2600 1524 2655; x_wconf 87' lang='lat' dir='ltr'><strong>ei</strong></span> <span class='ocrx_word' id='word_1_299' title='bbox 1566 2601 1852 2671; x_wconf 62' lang='lat' dir='ltr'><strong>meipsnmt</strong></span> 
     </span>
    </p>
   </div>
   <div class='ocr_carea' id='block_1_41' title="bbox 261 2666 1856 2759">
    <p class='ocr_par' dir='ltr' id='par_1_41' title="bbox 261 2666 1856 2759">
     <span class='ocr_line' id='line_1_41' title="bbox 261 2666 1856 2759; baseline 0.011 -32"><span class='ocrx_word' id='word_1_300' title='bbox 261 2666 342 2728; x_wconf 75' lang='lat' dir='ltr'><strong>Se</strong></span> <span class='ocrx_word' id='word_1_301' title='bbox 375 2684 506 2730; x_wconf 72' lang='lat' dir='ltr'><strong>rem</strong></span> <span class='ocrx_word' id='word_1_302' title='bbox 547 2679 845 2736; x_wconf 72' lang='lat' dir='ltr'><strong>sesuan</strong></span> <span class='ocrx_word' id='word_1_303' title='bbox 872 2683 1264 2741; x_wconf 76' lang='lat' dir='ltr'><strong>humanitatem</strong></span> <span class='ocrx_word' id='word_1_304' title='bbox 1311 2689 1524 2744; x_wconf 80' lang='lat' dir='ltr'><strong>etmctis</strong></span> <span class='ocrx_word' id='word_1_305' title='bbox 1552 2689 1610 2742; x_wconf 84' lang='lat' dir='ltr'><strong>in</strong></span> <span class='ocrx_word' id='word_1_306' title='bbox 1648 2666 1856 2759; x_wconf 79' lang='lat' dir='ltr'><strong>judicio</strong></span> 
     </span>
    </p>
   </div>
   <div class='ocr_carea' id='block_1_42' title="bbox 264 2762 1855 2846">
    <p class='ocr_par' dir='ltr' id='par_1_42' title="bbox 264 2762 1855 2846">
     <span class='ocr_line' id='line_1_42' title="bbox 264 2762 1855 2846; baseline 0.011 -28"><span class='ocrx_word' id='word_1_307' title='bbox 264 2762 657 2835; x_wconf 71' lang='lat' dir='ltr'><strong>maniiestsbit,</strong></span> <span class='ocrx_word' id='word_1_308' title='bbox 703 2770 837 2827; x_wconf 77' lang='lat' dir='ltr'><strong>solis</strong></span> <span class='ocrx_word' id='word_1_309' title='bbox 865 2780 993 2829; x_wconf 70' lang='lat' dir='ltr'><strong>vero</strong></span> <span class='ocrx_word' id='word_1_310' title='bbox 1025 2775 1186 2846; x_wconf 71' lang='lat' dir='ltr'><strong>justis</strong></span> <span class='ocrx_word' id='word_1_311' title='bbox 1223 2778 1280 2833; x_wconf 84' lang='lat' dir='ltr'><strong>et</strong></span> <span class='ocrx_word' id='word_1_312' title='bbox 1306 2781 1513 2835; x_wconf 83' lang='lat' dir='ltr'><strong>sanctis</strong></span> <span class='ocrx_word' id='word_1_313' title='bbox 1550 2780 1855 2836; x_wconf 77' lang='lat' dir='ltr'><strong>divinitatis</strong></span> 
     </span>
    </p>
   </div>
   <div class='ocr_carea' id='block_1_43' title="bbox 262 2854 1854 2940">
    <p class='ocr_par' dir='ltr' id='par_1_43' title="bbox 262 2854 1854 2940">
     <span class='ocr_line' id='line_1_43' title="bbox 262 2854 1854 2940; baseline 0.013 -31"><span class='ocrx_word' id='word_1_314' title='bbox 262 2854 513 2939; x_wconf 75' lang='lat' dir='ltr'><strong>gloriam,</strong></span> <span class='ocrx_word' id='word_1_315' title='bbox 539 2860 593 2914; x_wconf 90' lang='lat' dir='ltr'><strong>in</strong></span> <span class='ocrx_word' id='word_1_316' title='bbox 620 2877 725 2931; x_wconf 89' lang='lat' dir='ltr'><strong>qua</strong></span> <span class='ocrx_word' id='word_1_317' title='bbox 753 2865 977 2934; x_wconf 62' lang='lat' dir='ltr'><strong>aequalis</strong></span> <span class='ocrx_word' id='word_1_318' title='bbox 1000 2868 1085 2922; x_wconf 79' lang='lat' dir='ltr'><strong>est</strong></span> <span class='ocrx_word' id='word_1_319' title='bbox 1125 2869 1268 2939; x_wconf 87' lang='lat' dir='ltr'><strong>patri</strong></span> <span class='ocrx_word' id='word_1_320' title='bbox 1316 2878 1373 2925; x_wconf 84' lang='lat' dir='ltr'><strong>et</strong></span> <span class='ocrx_word' id='word_1_321' title='bbox 1410 2870 1624 2940; x_wconf 79' lang='lat' dir='ltr'><strong>spiritui</strong></span> <span class='ocrx_word' id='word_1_322' title='bbox 1661 2882 1854 2930; x_wconf 78' lang='lat' dir='ltr'><strong>sancto</strong></span> 
     </span>
    </p>
   </div>
   <div class='ocr_carea' id='block_1_44' title="bbox 263 2944 1637 3020">
    <p class='ocr_par' dir='ltr' id='par_1_44' title="bbox 263 2944 1637 3020">
     <span class='ocr_line' id='line_1_44' title="bbox 263 2944 1637 3020; baseline 0.012 -17"><span class='ocrx_word' id='word_1_323' title='bbox 263 2946 336 3005; x_wconf 85' lang='lat' dir='ltr'><strong>ad</strong></span> <span class='ocrx_word' id='word_1_324' title='bbox 358 2944 742 3011; x_wconf 72' lang='lat' dir='ltr'><strong>beatitudinem</strong></span> <span class='ocrx_word' id='word_1_325' title='bbox 770 2962 1026 3014; x_wconf 74' lang='lat' dir='ltr'><strong>aeternam</strong></span> <span class='ocrx_word' id='word_1_326' title='bbox 1048 2960 1493 3019; x_wconf 72' lang='lat' dir='ltr'><strong>manifestatum</strong></span> <span class='ocrx_word' id='word_1_327' title='bbox 1513 2965 1637 3020; x_wconf 81' lang='lat' dir='ltr'><strong>erit.</strong></span> 
     </span>
    </p>
   </div>
   <div class='ocr_carea' id='block_1_45' title="bbox 338 3070 1218 3147">
    <p class='ocr_par' dir='ltr' id='par_1_45' title="bbox 338 3070 1218 3147">
     <span class='ocr_line' id='line_1_45' title="bbox 338 3070 1218 3147; baseline 0.001 -20"><span class='ocrx_word' id='word_1_328' title='bbox 338 3140 341 3147; x_wconf 31' lang='grc' dir='ltr'><strong>η</strong></span> <span class='ocrx_word' id='word_1_329' title='bbox 895 3070 1218 3133; x_wconf 65' lang='lat' dir='ltr'><strong>boscohbti.</strong></span> 
     </span>
    </p>
   </div>
   <div class='ocr_carea' id='block_1_46' title="bbox 334 3152 1850 3237">
    <p class='ocr_par' dir='ltr' id='par_1_46' title="bbox 334 3152 1850 3237">
     <span class='ocr_line' id='line_1_46' title="bbox 334 3152 1850 3237; baseline 0.011 -26"><span class='ocrx_word' id='word_1_330' title='bbox 334 3152 393 3211; x_wconf 92' lang='lat' dir='ltr'><strong>In</strong></span> <span class='ocrx_word' id='word_1_331' title='bbox 422 3155 593 3214; x_wconf 88' lang='lat' dir='ltr'><strong>sancti</strong></span> <span class='ocrx_word' id='word_1_332' title='bbox 634 3158 858 3232; x_wconf 75' lang='lat' dir='ltr'><strong>spiritus</strong></span> <span class='ocrx_word' id='word_1_333' title='bbox 887 3166 1201 3237; x_wconf 84' lang='lat' dir='ltr'><strong>acceptione</strong></span> <span class='ocrx_word' id='word_1_334' title='bbox 1222 3173 1276 3221; x_wconf 90' lang='lat' dir='ltr'><strong>et</strong></span> <span class='ocrx_word' id='word_1_335' title='bbox 1302 3164 1444 3224; x_wconf 87' lang='lat' dir='ltr'><strong>dono</strong></span> <span class='ocrx_word' id='word_1_336' title='bbox 1468 3166 1694 3225; x_wconf 83' lang='lat' dir='ltr'><strong>istarum</strong></span> <span class='ocrx_word' id='word_1_337' title='bbox 1717 3169 1850 3227; x_wconf 92' lang='lat' dir='ltr'><strong>dua-</strong></span> 
     </span>
    </p>
   </div>
   <div class='ocr_carea' id='block_1_47' title="bbox 262 3248 1126 3315">
    <p class='ocr_par' dir='ltr' id='par_1_47' title="bbox 262 3248 1126 3315">
     <span class='ocr_line' id='line_1_47' title="bbox 262 3248 1126 3315; baseline 0.007 -11"><span class='ocrx_word' id='word_1_338' title='bbox 262 3264 386 3305; x_wconf 84' lang='lat' dir='ltr'><strong>rum</strong></span> <span class='ocrx_word' id='word_1_339' title='bbox 413 3248 474 3305; x_wconf 86' lang='lat' dir='ltr'><strong>iit</strong></span> <span class='ocrx_word' id='word_1_340' title='bbox 494 3248 786 3309; x_wconf 83' lang='lat' dir='ltr'><strong>concordia</strong></span> <span class='ocrx_word' id='word_1_341' title='bbox 812 3254 1126 3315; x_wconf 83' lang='lat' dir='ltr'><strong>lectionum.</strong></span> 
     </span>
    </p>
   </div>
   <div class='ocr_carea' id='block_1_48' title="bbox 624 3384 1493 3447">
    <p class='ocr_par' dir='ltr' id='par_1_48' title="bbox 624 3384 1493 3447">
     <span class='ocr_line' id='line_1_48' title="bbox 624 3384 1493 3447; baseline 0.005 -6"><span class='ocrx_word' id='word_1_342' title='bbox 624 3384 952 3442; x_wconf 72' lang='lat' dir='ltr'><strong>DOMINICA</strong></span> <span class='ocrx_word' id='word_1_343' title='bbox 980 3387 1493 3447; x_wconf 79' lang='lat' dir='ltr'><strong>PENTECOSTES.</strong></span> 
     </span>
    </p>
   </div>
   <div class='ocr_carea' id='block_1_49' title="bbox 509 3490 1609 3547">
    <p class='ocr_par' dir='ltr' id='par_1_49' title="bbox 509 3490 1609 3547">
     <span class='ocr_line' id='line_1_49' title="bbox 509 3490 1609 3547; baseline 0.008 -17"><span class='ocrx_word' id='word_1_344' title='bbox 509 3490 706 3532; x_wconf 71' lang='grc' dir='ltr'><strong>ωῑτιο</strong></span> <span class='ocrx_word' id='word_1_345' title='bbox 733 3492 949 3533; x_wconf 70' lang='grc' dir='ltr'><strong>ιετυωι</strong></span> <span class='ocrx_word' id='word_1_346' title='bbox 976 3494 1384 3547; x_wconf 68' lang='grc' dir='ltr'><strong>Αροετοιθιυι,</strong></span> <span class='ocrx_word' id='word_1_347' title='bbox 1404 3498 1525 3538; x_wconf 74' lang='lat' dir='ltr'><strong>CAP.</strong></span> <span class='ocrx_word' id='word_1_348' title='bbox 1550 3499 1609 3539; x_wconf 81' lang='grc' dir='ltr'><strong>Π.</strong></span> 
     </span>
    </p>
   </div>
   <div class='ocr_carea' id='block_1_50' title="bbox 336 3578 1852 3657">
    <p class='ocr_par' dir='ltr' id='par_1_50' title="bbox 336 3578 1852 3657">
     <span class='ocr_line' id='line_1_50' title="bbox 336 3578 1852 3657; baseline 0.011 -21"><span class='ocrx_word' id='word_1_349' title='bbox 336 3596 356 3635; x_wconf 80' lang='grc' dir='ltr'>ι</span> <span class='ocrx_word' id='word_1_350' title='bbox 390 3578 529 3638; x_wconf 80' lang='lat' dir='ltr'><strong>Dnih</strong></span> <span class='ocrx_word' id='word_1_351' title='bbox 568 3586 969 3657; x_wconf 49' lang='lat' dir='ltr'><strong>eomplﬂentur</strong></span> <span class='ocrx_word' id='word_1_352' title='bbox 995 3590 1115 3647; x_wconf 86' lang='lat' dir='ltr'><strong>dies</strong></span> <span class='ocrx_word' id='word_1_353' title='bbox 1159 3590 1513 3650; x_wconf 84' lang='lat' dir='ltr'><strong>Pentecostes</strong></span> <span class='ocrx_word' id='word_1_354' title='bbox 1556 3604 1713 3651; x_wconf 79' lang='lat' dir='ltr'><strong>erant</strong></span> <span class='ocrx_word' id='word_1_355' title='bbox 1735 3612 1852 3653; x_wconf 85' lang='lat' dir='ltr'><strong>om-</strong></span> 
     </span>
    </p>
   </div>
   <div class='ocr_carea' id='block_1_51' title="bbox 261 3674 1849 3750">
    <p class='ocr_par' dir='ltr' id='par_1_51' title="bbox 261 3674 1849 3750">
     <span class='ocr_line' id='line_1_51' title="bbox 261 3674 1849 3750; baseline 0.009 -22"><span class='ocrx_word' id='word_1_356' title='bbox 261 3690 284 3728; x_wconf 65' lang='lat' dir='ltr'><strong>‘t</strong></span> <span class='ocrx_word' id='word_1_357' title='bbox 320 3676 419 3731; x_wconf 78' lang='lat' dir='ltr'><strong>lies</strong></span> <span class='ocrx_word' id='word_1_358' title='bbox 438 3674 687 3748; x_wconf 67' lang='lat' dir='ltr'><strong>discipuli</strong></span> <span class='ocrx_word' id='word_1_359' title='bbox 715 3680 920 3750; x_wconf 81' lang='lat' dir='ltr'><strong>pariter</strong></span> <span class='ocrx_word' id='word_1_360' title='bbox 961 3681 1017 3735; x_wconf 89' lang='lat' dir='ltr'><strong>in</strong></span> <span class='ocrx_word' id='word_1_361' title='bbox 1056 3683 1414 3741; x_wconf 60' lang='lat' dir='ltr'><strong>eodem&#39;loco;</strong></span> <span class='ocrx_word' id='word_1_362' title='bbox 1465 3685 1535 3740; x_wconf 85' lang='lat' dir='ltr'><strong>Et</strong></span> <span class='ocrx_word' id='word_1_363' title='bbox 1560 3685 1741 3743; x_wconf 81' lang='lat' dir='ltr'><strong>factus</strong></span> <span class='ocrx_word' id='word_1_364' title='bbox 1762 3696 1849 3744; x_wconf 86' lang='lat' dir='ltr'><strong>est</strong></span> 
     </span>
    </p>
   </div>
   <div class='ocr_carea' id='block_1_52' title="bbox 260 3769 1848 3850">
    <p class='ocr_par' dir='ltr' id='par_1_52' title="bbox 260 3769 1848 3850">
     <span class='ocr_line' id='line_1_52' title="bbox 260 3769 1848 3850; baseline 0.006 -25"><span class='ocrx_word' id='word_1_365' title='bbox 260 3785 283 3820; x_wconf 70' lang='grc' dir='ltr'><strong>ε</strong></span> <span class='ocrx_word' id='word_1_366' title='bbox 318 3777 537 3838; x_wconf 86' lang='lat' dir='ltr'><strong>repente</strong></span> <span class='ocrx_word' id='word_1_367' title='bbox 564 3769 632 3825; x_wconf 87' lang='lat' dir='ltr'><strong>de</strong></span> <span class='ocrx_word' id='word_1_368' title='bbox 658 3769 799 3827; x_wconf 71' lang='grc' dir='ltr'><strong>οωιο</strong></span> <span class='ocrx_word' id='word_1_369' title='bbox 844 3776 1012 3829; x_wconf 84' lang='lat' dir='ltr'><strong>sonus</strong></span> <span class='ocrx_word' id='word_1_370' title='bbox 1042 3783 1304 3845; x_wconf 86' lang='lat' dir='ltr'><strong>tanquam</strong></span> <span class='ocrx_word' id='word_1_371' title='bbox 1350 3776 1689 3834; x_wconf 75' lang='lat' dir='ltr'><strong>advenientis</strong></span> <span class='ocrx_word' id='word_1_372' title='bbox 1732 3780 1848 3850; x_wconf 86' lang='lat' dir='ltr'><strong>spi-</strong></span> 
     </span>
    </p>
   </div>
   <div class='ocr_carea' id='block_1_53' title="bbox 260 3860 1851 3936">
    <p class='ocr_par' dir='ltr' id='par_1_53' title="bbox 260 3860 1851 3936">
     <span class='ocr_line' id='line_1_53' title="bbox 260 3860 1851 3936; baseline 0.01 -24"><span class='ocrx_word' id='word_1_373' title='bbox 260 3877 282 3912; x_wconf 74' lang='grc' dir='ltr'>ι</span> <span class='ocrx_word' id='word_1_374' title='bbox 318 3860 455 3915; x_wconf 85' lang='lat' dir='ltr'><strong>ritus</strong></span> <span class='ocrx_word' id='word_1_375' title='bbox 498 3860 852 3930; x_wconf 67' lang='lat' dir='ltr'><strong>vehementis,</strong></span> <span class='ocrx_word' id='word_1_376' title='bbox 900 3871 958 3920; x_wconf 91' lang='lat' dir='ltr'><strong>et</strong></span> <span class='ocrx_word' id='word_1_377' title='bbox 1001 3866 1228 3936; x_wconf 82' lang='lat' dir='ltr'><strong>replevit</strong></span> <span class='ocrx_word' id='word_1_378' title='bbox 1273 3875 1445 3924; x_wconf 87' lang='lat' dir='ltr'><strong>totam</strong></span> <span class='ocrx_word' id='word_1_379' title='bbox 1491 3870 1713 3926; x_wconf 87' lang='lat' dir='ltr'><strong>domum</strong></span> <span class='ocrx_word' id='word_1_380' title='bbox 1756 3872 1851 3929; x_wconf 89' lang='lat' dir='ltr'><strong>ubi</strong></span> 
     </span>
    </p>
   </div>
   <div class='ocr_carea' id='block_1_54' title="bbox 257 3952 1851 4032">
    <p class='ocr_par' dir='ltr' id='par_1_54' title="bbox 257 3952 1851 4032">
     <span class='ocr_line' id='line_1_54' title="bbox 257 3952 1851 4032; baseline 0.011 -30"><span class='ocrx_word' id='word_1_381' title='bbox 257 3962 279 4000; x_wconf 72' lang='grc' dir='ltr'><strong><em>ι</em></strong></span> <span class='ocrx_word' id='word_1_382' title='bbox 313 3954 470 4005; x_wconf 84' lang='lat' dir='ltr'><strong>erant</strong></span> <span class='ocrx_word' id='word_1_383' title='bbox 496 3952 764 4009; x_wconf 83' lang='lat' dir='ltr'><strong>sedentes.</strong></span> <span class='ocrx_word' id='word_1_384' title='bbox 796 3955 864 4009; x_wconf 85' lang='lat' dir='ltr'><strong>Et</strong></span> <span class='ocrx_word' id='word_1_385' title='bbox 884 3967 1253 4028; x_wconf 81' lang='lat' dir='ltr'><strong>apparuerunt</strong></span> <span class='ocrx_word' id='word_1_386' title='bbox 1286 3960 1396 4016; x_wconf 87' lang='lat' dir='ltr'><strong>illis</strong></span> <span class='ocrx_word' id='word_1_387' title='bbox 1425 3961 1723 4032; x_wconf 63' lang='lat' dir='ltr'><strong>dispertita;</strong></span> <span class='ocrx_word' id='word_1_388' title='bbox 1744 3964 1851 4018; x_wconf 87' lang='lat' dir='ltr'><strong>lin-</strong></span> 
     </span>
    </p>
   </div>
   <div class='ocr_carea' id='block_1_55' title="bbox 256 4040 1850 4125">
    <p class='ocr_par' dir='ltr' id='par_1_55' title="bbox 256 4040 1850 4125">
     <span class='ocr_line' id='line_1_55' title="bbox 256 4040 1850 4125; baseline 0.014 -33"><span class='ocrx_word' id='word_1_389' title='bbox 256 4040 277 4091; x_wconf 81' lang='lat' dir='ltr'><strong>i</strong></span> <span class='ocrx_word' id='word_1_390' title='bbox 317 4050 437 4111; x_wconf 66' lang='lat' dir='ltr'><strong>gnat</strong></span> <span class='ocrx_word' id='word_1_391' title='bbox 476 4048 734 4113; x_wconf 77' lang='lat' dir='ltr'><strong>tanquam</strong></span> <span class='ocrx_word' id='word_1_392' title='bbox 765 4044 924 4116; x_wconf 85' lang='lat' dir='ltr'><strong>ignis.</strong></span> <span class='ocrx_word' id='word_1_393' title='bbox 974 4046 1233 4119; x_wconf 86' lang='lat' dir='ltr'><strong>Seditque</strong></span> <span class='ocrx_word' id='word_1_394' title='bbox 1283 4058 1448 4122; x_wconf 84' lang='lat' dir='ltr'><strong>super</strong></span> <span class='ocrx_word' id='word_1_395' title='bbox 1491 4054 1850 4125; x_wconf 82' lang='lat' dir='ltr'><strong>singuloseo-</strong></span> 
     </span>
    </p>
   </div>
   <div class='ocr_carea' id='block_1_56' title="bbox 254 4130 1891 4211">
    <p class='ocr_par' dir='ltr' id='par_1_56' title="bbox 254 4130 1891 4211">
     <span class='ocr_line' id='line_1_56' title="bbox 254 4130 1891 4211; baseline 0.013 -29"><span class='ocrx_word' id='word_1_396' title='bbox 254 4142 277 4182; x_wconf 75' lang='grc' dir='ltr'><strong>ι</strong></span> <span class='ocrx_word' id='word_1_397' title='bbox 310 4134 456 4186; x_wconf 82' lang='lat' dir='ltr'><strong>rum.</strong></span> <span class='ocrx_word' id='word_1_398' title='bbox 498 4130 568 4186; x_wconf 81' lang='lat' dir='ltr'><strong>Et</strong></span> <span class='ocrx_word' id='word_1_399' title='bbox 606 4134 795 4204; x_wconf 82' lang='lat' dir='ltr'><strong>repleti</strong></span> <span class='ocrx_word' id='word_1_400' title='bbox 830 4139 959 4192; x_wconf 75' lang='lat' dir='ltr'><strong>sunt</strong></span> <span class='ocrx_word' id='word_1_401' title='bbox 986 4144 1177 4195; x_wconf 81' lang='lat' dir='ltr'><strong>omnes</strong></span> <span class='ocrx_word' id='word_1_402' title='bbox 1199 4142 1395 4211; x_wconf 83' lang='lat' dir='ltr'><strong>spiritu</strong></span> <span class='ocrx_word' id='word_1_403' title='bbox 1422 4154 1628 4211; x_wconf 87' lang='lat' dir='ltr'><strong>sancto,</strong></span> <span class='ocrx_word' id='word_1_404' title='bbox 1660 4154 1715 4202; x_wconf 89' lang='lat' dir='ltr'><strong>et</strong></span> <span class='ocrx_word' id='word_1_405' title='bbox 1733 4160 1848 4203; x_wconf 68' lang='lat' dir='ltr'><strong>cos-</strong></span> <span class='ocrx_word' id='word_1_406' title='bbox 1884 4136 1891 4141; x_wconf 55' lang='grc'>⁷</span> 
     </span>
    </p>
   </div>
   <div class='ocr_carea' id='block_1_57' title="bbox 254 4225 1849 4307">
    <p class='ocr_par' dir='ltr' id='par_1_57' title="bbox 254 4225 1849 4307">
     <span class='ocr_line' id='line_1_57' title="bbox 254 4225 1849 4307; baseline 0.01 -27"><span class='ocrx_word' id='word_1_407' title='bbox 254 4246 275 4280; x_wconf 71' lang='grc' dir='ltr'>ι</span> <span class='ocrx_word' id='word_1_408' title='bbox 313 4232 512 4300; x_wconf 82' lang='lat' dir='ltr'><strong>perunt</strong></span> <span class='ocrx_word' id='word_1_409' title='bbox 542 4225 690 4300; x_wconf 83' lang='lat' dir='ltr'><strong>loqui</strong></span> <span class='ocrx_word' id='word_1_410' title='bbox 716 4231 883 4286; x_wconf 78' lang='lat' dir='ltr'><strong>variis</strong></span> <span class='ocrx_word' id='word_1_411' title='bbox 909 4228 1127 4304; x_wconf 80' lang='lat' dir='ltr'><strong>linguis,</strong></span> <span class='ocrx_word' id='word_1_412' title='bbox 1187 4237 1349 4305; x_wconf 77' lang='lat' dir='ltr'><strong>pmtit</strong></span> <span class='ocrx_word' id='word_1_413' title='bbox 1376 4238 1600 4307; x_wconf 70' lang='lat' dir='ltr'><strong>Spiritus</strong></span> <span class='ocrx_word' id='word_1_414' title='bbox 1626 4249 1849 4296; x_wconf 86' lang='lat' dir='ltr'><strong>sanctus</strong></span> 
     </span>
    </p>
   </div>
   <div class='ocr_carea' id='block_1_58' title="bbox 254 4314 1848 4391">
    <p class='ocr_par' dir='ltr' id='par_1_58' title="bbox 254 4314 1848 4391">
     <span class='ocr_line' id='line_1_58' title="bbox 254 4314 1848 4391; baseline 0.01 -19"><span class='ocrx_word' id='word_1_415' title='bbox 254 4332 277 4372; x_wconf 69' lang='grc' dir='ltr'><strong><em>ι</em></strong></span> <span class='ocrx_word' id='word_1_416' title='bbox 313 4317 478 4374; x_wconf 85' lang='lat' dir='ltr'><strong>dabat</strong></span> <span class='ocrx_word' id='word_1_417' title='bbox 505 4314 687 4391; x_wconf 75' lang='lat' dir='ltr'><strong>eloqui</strong></span> <span class='ocrx_word' id='word_1_418' title='bbox 729 4320 857 4378; x_wconf 87' lang='lat' dir='ltr'><strong>illis.</strong></span> <span class='ocrx_word' id='word_1_419' title='bbox 889 4323 1065 4383; x_wconf 81' lang='lat' dir='ltr'><strong>Erant</strong></span> <span class='ocrx_word' id='word_1_420' title='bbox 1099 4334 1281 4382; x_wconf 89' lang='lat' dir='ltr'><strong>autem</strong></span> <span class='ocrx_word' id='word_1_421' title='bbox 1317 4316 1653 4386; x_wconf 76' lang='lat' dir='ltr'><strong>Hierusalem</strong></span> <span class='ocrx_word' id='word_1_422' title='bbox 1692 4332 1848 4388; x_wconf 84' lang='lat' dir='ltr'><strong>habi-</strong></span> 
     </span>
    </p>
   </div>
   <div class='ocr_carea' id='block_1_59' title="bbox 254 4404 1848 4494">
    <p class='ocr_par' dir='ltr' id='par_1_59' title="bbox 254 4404 1848 4494">
     <span class='ocr_line' id='line_1_59' title="bbox 254 4404 1848 4494; baseline 0.012 -31"><span class='ocrx_word' id='word_1_423' title='bbox 254 4418 276 4462; x_wconf 77' lang='lat' dir='ltr'><strong>t</strong></span> <span class='ocrx_word' id='word_1_424' title='bbox 308 4416 487 4468; x_wconf 80' lang='lat' dir='ltr'><strong>tantes</strong></span> <span class='ocrx_word' id='word_1_425' title='bbox 511 4404 682 4469; x_wconf 57' lang='lat' dir='ltr'><strong>iudici</strong></span> <span class='ocrx_word' id='word_1_426' title='bbox 718 4410 824 4470; x_wconf 76' lang='lat' dir='ltr'><strong>viri</strong></span> <span class='ocrx_word' id='word_1_427' title='bbox 867 4416 1130 4489; x_wconf 76' lang='lat' dir='ltr'><strong>re1i‘giosi,</strong></span> <span class='ocrx_word' id='word_1_428' title='bbox 1177 4434 1245 4475; x_wconf 78' lang='lat' dir='ltr'><strong>ex</strong></span> <span class='ocrx_word' id='word_1_429' title='bbox 1275 4420 1424 4475; x_wconf 84' lang='lat' dir='ltr'><strong>omni</strong></span> <span class='ocrx_word' id='word_1_430' title='bbox 1464 4423 1682 4479; x_wconf 83' lang='lat' dir='ltr'><strong>natione</strong></span> <span class='ocrx_word' id='word_1_431' title='bbox 1724 4439 1848 4494; x_wconf 80' lang='lat' dir='ltr'><strong>quae</strong></span> 
     </span>
    </p>
   </div>
   <div class='ocr_carea' id='block_1_60' title="bbox 255 4500 1847 4578">
    <p class='ocr_par' dir='ltr' id='par_1_60' title="bbox 255 4500 1847 4578">
     <span class='ocr_line' id='line_1_60' title="bbox 255 4500 1847 4578; baseline 0.009 -24"><span class='ocrx_word' id='word_1_432' title='bbox 255 4516 277 4554; x_wconf 78' lang='grc' dir='ltr'>ι</span> <span class='ocrx_word' id='word_1_433' title='bbox 309 4500 412 4557; x_wconf 87' lang='lat' dir='ltr'><strong>sub</strong></span> <span class='ocrx_word' id='word_1_434' title='bbox 437 4502 575 4559; x_wconf 75' lang='lat' dir='ltr'><strong>eteio</strong></span> <span class='ocrx_word' id='word_1_435' title='bbox 599 4508 703 4560; x_wconf 85' lang='lat' dir='ltr'><strong>est.</strong></span> <span class='ocrx_word' id='word_1_436' title='bbox 731 4502 900 4562; x_wconf 81' lang='lat' dir='ltr'><strong>Facta</strong></span> <span class='ocrx_word' id='word_1_437' title='bbox 924 4514 1106 4564; x_wconf 87' lang='lat' dir='ltr'><strong>autem</strong></span> <span class='ocrx_word' id='word_1_438' title='bbox 1131 4509 1236 4567; x_wconf 90' lang='lat' dir='ltr'><strong>hac</strong></span> <span class='ocrx_word' id='word_1_439' title='bbox 1254 4526 1410 4578; x_wconf 90' lang='lat' dir='ltr'><strong>voce,</strong></span> <span class='ocrx_word' id='word_1_440' title='bbox 1441 4515 1694 4570; x_wconf 88' lang='lat' dir='ltr'><strong>convenit</strong></span> <span class='ocrx_word' id='word_1_441' title='bbox 1715 4515 1847 4571; x_wconf 86' lang='lat' dir='ltr'><strong>mul-</strong></span> 
     </span>
    </p>
   </div>
   <div class='ocr_carea' id='block_1_61' title="bbox 254 4592 1847 4678">
    <p class='ocr_par' dir='ltr' id='par_1_61' title="bbox 254 4592 1847 4678">
     <span class='ocr_line' id='line_1_61' title="bbox 254 4592 1847 4678; baseline 0.01 -29"><span class='ocrx_word' id='word_1_442' title='bbox 254 4600 277 4650; x_wconf 76' lang='lat' dir='ltr'><strong>i</strong></span> <span class='ocrx_word' id='word_1_443' title='bbox 323 4592 494 4653; x_wconf 83' lang='lat' dir='ltr'><strong>titudo</strong></span> <span class='ocrx_word' id='word_1_444' title='bbox 537 4604 590 4654; x_wconf 90' lang='lat' dir='ltr'><strong>et</strong></span> <span class='ocrx_word' id='word_1_445' title='bbox 633 4602 815 4657; x_wconf 87' lang='lat' dir='ltr'><strong>mente</strong></span> <span class='ocrx_word' id='word_1_446' title='bbox 865 4594 1088 4660; x_wconf 71' lang='lat' dir='ltr'><strong>confusa</strong></span> <span class='ocrx_word' id='word_1_447' title='bbox 1132 4608 1236 4674; x_wconf 84' lang='lat' dir='ltr'><strong>est,</strong></span> <span class='ocrx_word' id='word_1_448' title='bbox 1291 4606 1549 4678; x_wconf 69' lang='lat' dir='ltr'><strong>quopiam</strong></span> <span class='ocrx_word' id='word_1_449' title='bbox 1592 4609 1847 4665; x_wconf 85' lang='lat' dir='ltr'><strong>audiebat</strong></span> 
     </span>
    </p>
   </div>
   <div class='ocr_carea' id='block_1_62' title="bbox 254 4668 1846 4767">
    <p class='ocr_par' dir='ltr' id='par_1_62' title="bbox 254 4668 1846 4767">
     <span class='ocr_line' id='line_1_62' title="bbox 254 4668 1846 4767; baseline 0.009 -29"><span class='ocrx_word' id='word_1_450' title='bbox 254 4686 277 4738; x_wconf 69' lang='grc' dir='ltr'><strong>ἃ</strong></span> <span class='ocrx_word' id='word_1_451' title='bbox 312 4685 689 4759; x_wconf 83' lang='lat' dir='ltr'><strong>unusquisque</strong></span> <span class='ocrx_word' id='word_1_452' title='bbox 712 4682 892 4759; x_wconf 78' lang='lat' dir='ltr'><strong>iin’gua</strong></span> <span class='ocrx_word' id='word_1_453' title='bbox 921 4698 1019 4748; x_wconf 81' lang='lat' dir='ltr'><strong>sua</strong></span> <span class='ocrx_word' id='word_1_454' title='bbox 1057 4692 1177 4750; x_wconf 82' lang='lat' dir='ltr'><strong>illos</strong></span> <span class='ocrx_word' id='word_1_455' title='bbox 1205 4668 1508 4766; x_wconf 54' lang='lat' dir='ltr'><strong>loquen&#39;ies.</strong></span> <span class='ocrx_word' id='word_1_456' title='bbox 1543 4695 1846 4767; x_wconf 84' lang='lat' dir='ltr'><strong>Stupebant</strong></span> 
     </span>
    </p>
   </div>
   <div class='ocr_carea' id='block_1_63' title="bbox 250 4776 1845 4857">
    <p class='ocr_par' dir='ltr' id='par_1_63' title="bbox 250 4776 1845 4857">
     <span class='ocr_line' id='line_1_63' title="bbox 250 4776 1845 4857; baseline 0.01 -28"><span class='ocrx_word' id='word_1_457' title='bbox 250 4776 276 4828; x_wconf 72' lang='grc' dir='ltr'><strong>ι</strong></span> <span class='ocrx_word' id='word_1_458' title='bbox 310 4784 493 4831; x_wconf 87' lang='lat' dir='ltr'><strong>autem</strong></span> <span class='ocrx_word' id='word_1_459' title='bbox 515 4782 709 4835; x_wconf 85' lang='lat' dir='ltr'><strong>omnes</strong></span> <span class='ocrx_word' id='word_1_460' title='bbox 733 4784 788 4836; x_wconf 82' lang='lat' dir='ltr'><strong>et</strong></span> <span class='ocrx_word' id='word_1_461' title='bbox 809 4782 1149 4840; x_wconf 86' lang='lat' dir='ltr'><strong>mirabantur</strong></span> <span class='ocrx_word' id='word_1_462' title='bbox 1175 4783 1454 4842; x_wconf 80' lang='lat' dir='ltr'><strong>dicentes:</strong></span> <span class='ocrx_word' id='word_1_463' title='bbox 1481 4786 1693 4857; x_wconf 86' lang='lat' dir='ltr'><strong>Nonne,</strong></span> <span class='ocrx_word' id='word_1_464' title='bbox 1717 4804 1845 4846; x_wconf 89' lang='lat' dir='ltr'><strong>ecce</strong></span> 
     </span>
    </p>
   </div>
   <div class='ocr_carea' id='block_1_64' title="bbox 252 4864 1840 4950">
    <p class='ocr_par' dir='ltr' id='par_1_64' title="bbox 252 4864 1840 4950">
     <span class='ocr_line' id='line_1_64' title="bbox 252 4864 1840 4950; baseline 0.011 -32"><span class='ocrx_word' id='word_1_465' title='bbox 252 4866 276 4917; x_wconf 70' lang='grc' dir='ltr'><strong>ε</strong></span> <span class='ocrx_word' id='word_1_466' title='bbox 314 4864 505 4922; x_wconf 79' lang='lat' dir='ltr'><strong>bmnes</strong></span> <span class='ocrx_word' id='word_1_467' title='bbox 526 4865 638 4934; x_wconf 78' lang='lat' dir='ltr'><strong>isti,</strong></span> <span class='ocrx_word' id='word_1_468' title='bbox 672 4869 766 4940; x_wconf 87' lang='lat' dir='ltr'><strong>qui</strong></span> <span class='ocrx_word' id='word_1_469' title='bbox 807 4864 1122 4943; x_wconf 79' lang='lat' dir='ltr'><strong>loquuntur,</strong></span> <span class='ocrx_word' id='word_1_470' title='bbox 1149 4874 1355 4932; x_wconf 74' lang='lat' dir='ltr'><strong>Galiltei</strong></span> <span class='ocrx_word' id='word_1_471' title='bbox 1384 4880 1549 4933; x_wconf 83' lang='lat' dir='ltr'><strong>sunt?</strong></span> <span class='ocrx_word' id='word_1_472' title='bbox 1599 4878 1667 4934; x_wconf 84' lang='lat' dir='ltr'><strong>Et</strong></span> <span class='ocrx_word' id='word_1_473' title='bbox 1701 4890 1840 4950; x_wconf 88' lang='lat' dir='ltr'><strong>qu‘o-</strong></span> 
     </span>
    </p>
   </div>
   <div class='ocr_carea' id='block_1_65' title="bbox 255 4959 1845 5044">
    <p class='ocr_par' dir='ltr' id='par_1_65' title="bbox 255 4959 1845 5044">
     <span class='ocr_line' id='line_1_65' title="bbox 255 4959 1845 5044; baseline 0.011 -32"><span class='ocrx_word' id='word_1_474' title='bbox 255 4974 278 5011; x_wconf 80' lang='grc' dir='ltr'>ι</span> <span class='ocrx_word' id='word_1_475' title='bbox 316 4959 478 5029; x_wconf 84' lang='lat' dir='ltr'><strong>modo</strong></span> <span class='ocrx_word' id='word_1_476' title='bbox 522 4966 623 5017; x_wconf 82' lang='lat' dir='ltr'><strong>nos</strong></span> <span class='ocrx_word' id='word_1_477' title='bbox 688 4962 992 5022; x_wconf 62' lang='lat' dir='ltr'><strong>amittimus</strong></span> <span class='ocrx_word' id='word_1_478' title='bbox 1039 4970 1414 5040; x_wconf 74' lang='lat' dir='ltr'><strong>unuSquisque</strong></span> <span class='ocrx_word' id='word_1_479' title='bbox 1461 4971 1700 5044; x_wconf 77' lang='lat' dir='ltr'><strong>linguam</strong></span> <span class='ocrx_word' id='word_1_480' title='bbox 1746 4986 1845 5030; x_wconf 90' lang='lat' dir='ltr'><strong>no-</strong></span> 
     </span>
    </p>
   </div>
   <div class='ocr_carea' id='block_1_66' title="bbox 253 5053 1845 5126">
    <p class='ocr_par' dir='ltr' id='par_1_66' title="bbox 253 5053 1845 5126">
     <span class='ocr_line' id='line_1_66' title="bbox 253 5053 1845 5126; baseline 0.009 -21"><span class='ocrx_word' id='word_1_481' title='bbox 253 5066 278 5104; x_wconf 72' lang='lat' dir='ltr'><strong>s</strong></span> <span class='ocrx_word' id='word_1_482' title='bbox 318 5058 510 5120; x_wconf 82' lang='lat' dir='ltr'><strong>strain,</strong></span> <span class='ocrx_word' id='word_1_483' title='bbox 550 5053 609 5109; x_wconf 85' lang='lat' dir='ltr'><strong>in</strong></span> <span class='ocrx_word' id='word_1_484' title='bbox 650 5068 760 5126; x_wconf 87' lang='lat' dir='ltr'><strong>qua</strong></span> <span class='ocrx_word' id='word_1_485' title='bbox 787 5058 899 5112; x_wconf 90' lang='lat' dir='ltr'><strong>nati</strong></span> <span class='ocrx_word' id='word_1_486' title='bbox 925 5061 1154 5115; x_wconf 84' lang='lat' dir='ltr'><strong>sumus?</strong></span> <span class='ocrx_word' id='word_1_487' title='bbox 1181 5059 1368 5117; x_wconf 88' lang='lat' dir='ltr'><strong>Parthi</strong></span> <span class='ocrx_word' id='word_1_488' title='bbox 1388 5071 1445 5119; x_wconf 89' lang='lat' dir='ltr'><strong>et</strong></span> <span class='ocrx_word' id='word_1_489' title='bbox 1470 5062 1607 5119; x_wconf 82' lang='lat' dir='ltr'><strong>Medi</strong></span> <span class='ocrx_word' id='word_1_490' title='bbox 1638 5071 1694 5119; x_wconf 88' lang='lat' dir='ltr'><strong>et</strong></span> <span class='ocrx_word' id='word_1_491' title='bbox 1721 5064 1845 5120; x_wconf 84' lang='lat' dir='ltr'><strong>Ela-</strong></span> 
     </span>
    </p>
   </div>
   <div class='ocr_carea' id='block_1_67' title="bbox 253 5143 1848 5222">
    <p class='ocr_par' dir='ltr' id='par_1_67' title="bbox 253 5143 1848 5222">
     <span class='ocr_line' id='line_1_67' title="bbox 253 5143 1848 5222; baseline 0.009 -26"><span class='ocrx_word' id='word_1_492' title='bbox 253 5163 276 5196; x_wconf 79' lang='grc'><em>‹</em></span> <span class='ocrx_word' id='word_1_493' title='bbox 314 5143 480 5211; x_wconf 66' lang='lat' dir='ltr'><strong>mila,</strong></span> <span class='ocrx_word' id='word_1_494' title='bbox 512 5153 569 5201; x_wconf 89' lang='lat' dir='ltr'><strong>et</strong></span> <span class='ocrx_word' id='word_1_495' title='bbox 606 5146 700 5217; x_wconf 75' lang='lat' dir='ltr'><strong>qui</strong></span> <span class='ocrx_word' id='word_1_496' title='bbox 742 5144 992 5205; x_wconf 83' lang='lat' dir='ltr'><strong>habitant</strong></span> <span class='ocrx_word' id='word_1_497' title='bbox 1034 5150 1499 5222; x_wconf 79' lang='lat' dir='ltr'><strong>Mesopotamiam,</strong></span> <span class='ocrx_word' id='word_1_498' title='bbox 1528 5153 1766 5210; x_wconf 67' lang='lat' dir='ltr'><strong>Iudaeam</strong></span> <span class='ocrx_word' id='word_1_499' title='bbox 1791 5164 1848 5212; x_wconf 88' lang='lat' dir='ltr'><strong>et</strong></span> 
     </span>
    </p>
   </div>
   <div class='ocr_carea' id='block_1_68' title="bbox 251 5228 1847 5315">
    <p class='ocr_par' dir='ltr' id='par_1_68' title="bbox 251 5228 1847 5315">
     <span class='ocr_line' id='line_1_68' title="bbox 251 5228 1847 5315; baseline 0.008 -28"><span class='ocrx_word' id='word_1_500' title='bbox 251 5228 276 5286; x_wconf 66' lang='grc' dir='ltr'><em>ἃ</em></span> <span class='ocrx_word' id='word_1_501' title='bbox 308 5233 721 5304; x_wconf 70' lang='lat' dir='ltr'><strong>Camiadoetam;</strong></span> <span class='ocrx_word' id='word_1_502' title='bbox 743 5238 976 5294; x_wconf 80' lang='lat' dir='ltr'><strong>Pdnttim</strong></span> <span class='ocrx_word' id='word_1_503' title='bbox 996 5246 1051 5296; x_wconf 87' lang='lat' dir='ltr'><strong>et</strong></span> <span class='ocrx_word' id='word_1_504' title='bbox 1071 5240 1273 5309; x_wconf 80' lang='lat' dir='ltr'><strong>Asiam,</strong></span> <span class='ocrx_word' id='word_1_505' title='bbox 1297 5242 1587 5315; x_wconf 84' lang='lat' dir='ltr'><strong>Phrygiam</strong></span> <span class='ocrx_word' id='word_1_506' title='bbox 1612 5252 1669 5299; x_wconf 88' lang='lat' dir='ltr'><strong>et</strong></span> <span class='ocrx_word' id='word_1_507' title='bbox 1686 5243 1847 5301; x_wconf 85' lang='lat' dir='ltr'><strong>Pam-</strong></span> 
     </span>
    </p>
   </div>
   <div class='ocr_carea' id='block_1_69' title="bbox 253 5324 1843 5405">
    <p class='ocr_par' dir='ltr' id='par_1_69' title="bbox 253 5324 1843 5405">
     <span class='ocr_line' id='line_1_69' title="bbox 253 5324 1843 5405; baseline 0.009 -26"><span class='ocrx_word' id='word_1_508' title='bbox 253 5330 276 5378; x_wconf 84' lang='lat' dir='ltr'><strong>t</strong></span> <span class='ocrx_word' id='word_1_509' title='bbox 314 5324 580 5397; x_wconf 73' lang='lat' dir='ltr'><strong>phylialn,</strong></span> <span class='ocrx_word' id='word_1_510' title='bbox 609 5326 905 5402; x_wconf 54' lang='lat' dir='ltr'><strong>Emptum</strong></span> <span class='ocrx_word' id='word_1_511' title='bbox 930 5334 987 5387; x_wconf 86' lang='lat' dir='ltr'><strong>et</strong></span> <span class='ocrx_word' id='word_1_512' title='bbox 1012 5340 1196 5404; x_wconf 86' lang='lat' dir='ltr'><strong>partes</strong></span> <span class='ocrx_word' id='word_1_513' title='bbox 1224 5332 1409 5405; x_wconf 59' lang='lat' dir='ltr'><strong>Libyae</strong></span> <span class='ocrx_word' id='word_1_514' title='bbox 1440 5350 1562 5405; x_wconf 83' lang='lat' dir='ltr'><strong>quae</strong></span> <span class='ocrx_word' id='word_1_515' title='bbox 1588 5343 1673 5392; x_wconf 87' lang='lat' dir='ltr'><strong>est</strong></span> <span class='ocrx_word' id='word_1_516' title='bbox 1695 5338 1843 5393; x_wconf 85' lang='lat' dir='ltr'><strong>circa</strong></span> 
     </span>
    </p>
   </div>
   <div class='ocr_carea' id='block_1_70' title="bbox 250 5416 1846 5501">
    <p class='ocr_par' dir='ltr' id='par_1_70' title="bbox 250 5416 1846 5501">
     <span class='ocr_line' id='line_1_70' title="bbox 250 5416 1846 5501; baseline 0.009 -28"><span class='ocrx_word' id='word_1_517' title='bbox 250 5430 275 5472; x_wconf 70' lang='grc' dir='ltr'>ί</span> <span class='ocrx_word' id='word_1_518' title='bbox 307 5416 580 5493; x_wconf 74' lang='lat' dir='ltr'><strong>Cyrenen;</strong></span> <span class='ocrx_word' id='word_1_519' title='bbox 628 5429 683 5479; x_wconf 90' lang='lat' dir='ltr'><strong>et</strong></span> <span class='ocrx_word' id='word_1_520' title='bbox 735 5422 953 5480; x_wconf 67' lang='lat' dir='ltr'><strong>adrena:</strong></span> <span class='ocrx_word' id='word_1_521' title='bbox 1007 5425 1259 5495; x_wconf 73' lang='lat' dir='ltr'><strong>Romani,</strong></span> <span class='ocrx_word' id='word_1_522' title='bbox 1311 5427 1479 5483; x_wconf 82' lang='lat' dir='ltr'><strong>Judaei</strong></span> <span class='ocrx_word' id='word_1_523' title='bbox 1529 5440 1743 5501; x_wconf 85' lang='lat' dir='ltr'><strong>quoque</strong></span> <span class='ocrx_word' id='word_1_524' title='bbox 1787 5439 1846 5487; x_wconf 91' lang='lat' dir='ltr'><strong>et</strong></span> 
     </span>
    </p>
   </div>
   <div class='ocr_carea' id='block_1_71' title="bbox 251 5516 1844 5590">
    <p class='ocr_par' dir='ltr' id='par_1_71' title="bbox 251 5516 1844 5590">
     <span class='ocr_line' id='line_1_71' title="bbox 251 5516 1844 5590; baseline 0.008 -20"><span class='ocrx_word' id='word_1_525' title='bbox 251 5526 276 5570; x_wconf 72' lang='grc' dir='ltr'><strong><em>ι</em></strong></span> <span class='ocrx_word' id='word_1_526' title='bbox 313 5516 611 5590; x_wconf 73' lang='lat' dir='ltr'><strong>prdseiyti,</strong></span> <span class='ocrx_word' id='word_1_527' title='bbox 658 5517 849 5575; x_wconf 79' lang='lat' dir='ltr'><strong>Cretes</strong></span> <span class='ocrx_word' id='word_1_528' title='bbox 894 5526 951 5576; x_wconf 91' lang='lat' dir='ltr'><strong>et</strong></span> <span class='ocrx_word' id='word_1_529' title='bbox 988 5517 1213 5577; x_wconf 58' lang='lat' dir='ltr'><strong>Arabes.</strong></span> <span class='ocrx_word' id='word_1_530' title='bbox 1263 5522 1583 5582; x_wconf 75' lang='lat' dir='ltr'><strong>Audivimus</strong></span> <span class='ocrx_word' id='word_1_531' title='bbox 1624 5532 1723 5581; x_wconf 81' lang='lat' dir='ltr'><strong>eos</strong></span> <span class='ocrx_word' id='word_1_532' title='bbox 1764 5525 1844 5581; x_wconf 85' lang='lat' dir='ltr'><strong>io-</strong></span> 
     </span>
    </p>
   </div>
   <div class='ocr_carea' id='block_1_72' title="bbox 254 5608 1479 5683">
    <p class='ocr_par' dir='ltr' id='par_1_72' title="bbox 254 5608 1479 5683">
     <span class='ocr_line' id='line_1_72' title="bbox 254 5608 1479 5683; baseline 0.007 -23"><span class='ocrx_word' id='word_1_533' title='bbox 254 5625 277 5660; x_wconf 79' lang='grc' dir='ltr'>ι</span> <span class='ocrx_word' id='word_1_534' title='bbox 312 5616 541 5678; x_wconf 83' lang='lat' dir='ltr'><strong>quentes</strong></span> <span class='ocrx_word' id='word_1_535' title='bbox 566 5611 772 5666; x_wconf 84' lang='lat' dir='ltr'><strong>nostris</strong></span> <span class='ocrx_word' id='word_1_536' title='bbox 799 5608 995 5682; x_wconf 82' lang='lat' dir='ltr'><strong>linguis</strong></span> <span class='ocrx_word' id='word_1_537' title='bbox 1022 5611 1289 5683; x_wconf 83' lang='lat' dir='ltr'><strong>magnaiia</strong></span> <span class='ocrx_word' id='word_1_538' title='bbox 1316 5613 1431 5669; x_wconf 87' lang='lat' dir='ltr'><strong>Dei.</strong></span> <span class='ocrx_word' id='word_1_539' title='bbox 1458 5632 1479 5668; x_wconf 65' lang='grc' dir='ltr'>δ</span> 
     </span>
    </p>
   </div>
   <div class='ocr_carea' id='block_1_73' title="bbox 325 5698 1843 5775">
    <p class='ocr_par' dir='ltr' id='par_1_73' title="bbox 325 5698 1843 5775">
     <span class='ocr_line' id='line_1_73' title="bbox 325 5698 1843 5775; baseline 0.004 -18"><span class='ocrx_word' id='word_1_540' title='bbox 325 5698 469 5758; x_wconf 76' lang='lat' dir='ltr'><strong>Dum</strong></span> <span class='ocrx_word' id='word_1_541' title='bbox 515 5701 896 5775; x_wconf 77' lang='lat' dir='ltr'><strong>complerentur</strong></span> <span class='ocrx_word' id='word_1_542' title='bbox 945 5704 1057 5759; x_wconf 81' lang='lat' dir='ltr'><strong>dies</strong></span> <span class='ocrx_word' id='word_1_543' title='bbox 1103 5700 1432 5760; x_wconf 77' lang='lat' dir='ltr'><strong>Pentecostes</strong></span> <span class='ocrx_word' id='word_1_544' title='bbox 1472 5712 1622 5761; x_wconf 65' lang='lat' dir='ltr'><strong>erant</strong></span> <span class='ocrx_word' id='word_1_545' title='bbox 1666 5714 1843 5764; x_wconf 76' lang='lat' dir='ltr'><strong>omnes</strong></span> 
     </span>
    </p>
   </div>
   <div class='ocr_carea' id='block_1_74' title="bbox 249 5794 1846 5871">
    <p class='ocr_par' dir='ltr' id='par_1_74' title="bbox 249 5794 1846 5871">
     <span class='ocr_line' id='line_1_74' title="bbox 249 5794 1846 5871; baseline 0.004 -22"><span class='ocrx_word' id='word_1_546' title='bbox 249 5795 503 5866; x_wconf 81' lang='lat' dir='ltr'><strong>discipuli</strong></span> <span class='ocrx_word' id='word_1_547' title='bbox 538 5796 736 5868; x_wconf 79' lang='lat' dir='ltr'><strong>pariter</strong></span> <span class='ocrx_word' id='word_1_548' title='bbox 774 5797 835 5852; x_wconf 74' lang='lat' dir='ltr'><strong>in</strong></span> <span class='ocrx_word' id='word_1_549' title='bbox 875 5795 1056 5852; x_wconf 81' lang='lat' dir='ltr'><strong>eodem</strong></span> <span class='ocrx_word' id='word_1_550' title='bbox 1090 5794 1227 5851; x_wconf 85' lang='lat' dir='ltr'><strong>loco.</strong></span> <span class='ocrx_word' id='word_1_551' title='bbox 1256 5796 1362 5870; x_wconf 75' lang='lat' dir='ltr'><strong>(Ex</strong></span> <span class='ocrx_word' id='word_1_552' title='bbox 1387 5796 1579 5871; x_wconf 83' lang='lat' dir='ltr'><strong>Beda.)</strong></span> <span class='ocrx_word' id='word_1_553' title='bbox 1616 5797 1730 5857; x_wconf 79' lang='lat' dir='ltr'><strong>libo</strong></span> <span class='ocrx_word' id='word_1_554' title='bbox 1760 5806 1846 5856; x_wconf 79' lang='lat' dir='ltr'><strong>est</strong></span> 
     </span>
    </p>
   </div>
   <div class='ocr_carea' id='block_1_75' title="bbox 254 5878 1841 5960">
    <p class='ocr_par' dir='ltr' id='par_1_75' title="bbox 254 5878 1841 5960">
     <span class='ocr_line' id='line_1_75' title="bbox 254 5878 1841 5960; baseline 0.003 -18"><span class='ocrx_word' id='word_1_555' title='bbox 254 5885 318 5943; x_wconf 81' lang='lat' dir='ltr'><strong>in</strong></span> <span class='ocrx_word' id='word_1_556' title='bbox 372 5878 650 5944; x_wconf 61' lang='lat' dir='ltr'><strong>musculo</strong></span> <span class='ocrx_word' id='word_1_557' title='bbox 694 5886 837 5958; x_wconf 89' lang='lat' dir='ltr'><strong>quod</strong></span> <span class='ocrx_word' id='word_1_558' title='bbox 875 5887 1125 5960; x_wconf 85' lang='lat' dir='ltr'><strong>superius</strong></span> <span class='ocrx_word' id='word_1_559' title='bbox 1176 5889 1486 5947; x_wconf 77' lang='lat' dir='ltr'><strong>ascendisse</strong></span> <span class='ocrx_word' id='word_1_560' title='bbox 1526 5894 1841 5949; x_wconf 82' lang='lat' dir='ltr'><strong>narrantur.</strong></span> 
     </span>
    </p>
   </div>
   <div class='ocr_carea' id='block_1_76' title="bbox 1868 4642 1924 4704">
    <p class='ocr_par' dir='ltr' id='par_1_76' title="bbox 1868 4642 1924 4704">
     <span class='ocr_line' id='line_1_76' title="bbox 1868 4642 1924 4704; baseline 0 0"><span class='ocrx_word' id='word_1_561' title='bbox 1868 4642 1924 4704; x_wconf 90' lang='lat' dir='ltr'><strong>D</strong></span> 
     </span>
    </p>
   </div>
   <div class='ocr_carea' id='block_1_77' title="bbox 1960 2026 3552 2107">
    <p class='ocr_par' dir='ltr' id='par_1_77' title="bbox 1960 2026 3552 2107">
     <span class='ocr_line' id='line_1_77' title="bbox 1960 2026 3552 2107; baseline 0.009 -29"><span class='ocrx_word' id='word_1_562' title='bbox 1960 2026 2350 2097; x_wconf 78' lang='lat' dir='ltr'><strong>quinquaginta</strong></span> <span class='ocrx_word' id='word_1_563' title='bbox 2391 2027 2615 2085; x_wconf 83' lang='lat' dir='ltr'><strong>faciunt.</strong></span> <span class='ocrx_word' id='word_1_564' title='bbox 2650 2028 2816 2100; x_wconf 82' lang='lat' dir='ltr'><strong>Cujus</strong></span> <span class='ocrx_word' id='word_1_565' title='bbox 2842 2034 3080 2105; x_wconf 91' lang='lat' dir='ltr'><strong>computi</strong></span> <span class='ocrx_word' id='word_1_566' title='bbox 3116 2030 3370 2092; x_wconf 86' lang='lat' dir='ltr'><strong>facillime</strong></span> <span class='ocrx_word' id='word_1_567' title='bbox 3400 2044 3552 2107; x_wconf 88' lang='lat' dir='ltr'><strong>patet</strong></span> 
     </span>
    </p>
   </div>
   <div class='ocr_carea' id='block_1_78' title="bbox 1959 2116 3556 2209">
    <p class='ocr_par' dir='ltr' id='par_1_78' title="bbox 1959 2116 3556 2209">
     <span class='ocr_line' id='line_1_78' title="bbox 1959 2116 3556 2209; baseline 0.009 -37"><span class='ocrx_word' id='word_1_568' title='bbox 1959 2116 2155 2186; x_wconf 87' lang='lat' dir='ltr'><strong>ﬁgura,</strong></span> <span class='ocrx_word' id='word_1_569' title='bbox 2185 2119 2438 2188; x_wconf 89' lang='lat' dir='ltr'><strong>quoniam</strong></span> <span class='ocrx_word' id='word_1_570' title='bbox 2482 2136 2725 2191; x_wconf 65' lang='lat' dir='ltr'><strong>praesens</strong></span> <span class='ocrx_word' id='word_1_571' title='bbox 2754 2122 3057 2192; x_wconf 86' lang='lat' dir='ltr'><strong>conﬂictus,</strong></span> <span class='ocrx_word' id='word_1_572' title='bbox 3103 2127 3363 2209; x_wconf 69' lang='lat' dir='ltr'><strong>gaudium</strong></span> <span class='ocrx_word' id='word_1_573' title='bbox 3399 2127 3556 2187; x_wconf 89' lang='lat' dir='ltr'><strong>nobis</strong></span> 
     </span>
    </p>
   </div>
   <div class='ocr_carea' id='block_1_79' title="bbox 1953 2205 3555 2292">
    <p class='ocr_par' dir='ltr' id='par_1_79' title="bbox 1953 2205 3555 2292">
     <span class='ocr_line' id='line_1_79' title="bbox 1953 2205 3555 2292; baseline 0.011 -31"><span class='ocrx_word' id='word_1_574' title='bbox 1953 2205 2191 2277; x_wconf 72' lang='lat' dir='ltr'><strong>iubilzei,</strong></span> <span class='ocrx_word' id='word_1_575' title='bbox 2225 2212 2381 2280; x_wconf 88' lang='lat' dir='ltr'><strong>quasi</strong></span> <span class='ocrx_word' id='word_1_576' title='bbox 2419 2212 2650 2268; x_wconf 87' lang='lat' dir='ltr'><strong>latenter</strong></span> <span class='ocrx_word' id='word_1_577' title='bbox 2694 2224 2919 2285; x_wconf 80' lang='lat' dir='ltr'><strong>generat</strong></span> <span class='ocrx_word' id='word_1_578' title='bbox 2946 2205 3361 2288; x_wconf 72' lang='lat' dir='ltr'><strong>sempiternum,</strong></span> <span class='ocrx_word' id='word_1_579' title='bbox 3407 2218 3555 2292; x_wconf 83' lang='lat' dir='ltr'><strong>Apo-</strong></span> 
     </span>
    </p>
   </div>
   <div class='ocr_carea' id='block_1_80' title="bbox 1956 2297 3550 2377">
    <p class='ocr_par' dir='ltr' id='par_1_80' title="bbox 1956 2297 3550 2377">
     <span class='ocr_line' id='line_1_80' title="bbox 1956 2297 3550 2377; baseline 0.009 -25"><span class='ocrx_word' id='word_1_580' title='bbox 1956 2297 2096 2352; x_wconf 87' lang='lat' dir='ltr'><strong>stolo</strong></span> <span class='ocrx_word' id='word_1_581' title='bbox 2124 2299 2356 2366; x_wconf 87' lang='lat' dir='ltr'><strong>dicente,</strong></span> <span class='ocrx_word' id='word_1_582' title='bbox 2384 2302 2524 2374; x_wconf 82' lang='lat' dir='ltr'><strong>quod</strong></span> <span class='ocrx_word' id='word_1_583' title='bbox 2570 2304 2709 2359; x_wconf 87' lang='lat' dir='ltr'><strong>enim</strong></span> <span class='ocrx_word' id='word_1_584' title='bbox 2751 2306 2808 2362; x_wconf 84' lang='lat' dir='ltr'><strong>in</strong></span> <span class='ocrx_word' id='word_1_585' title='bbox 2842 2308 3086 2377; x_wconf 75' lang='lat' dir='ltr'><strong>prrcsenti</strong></span> <span class='ocrx_word' id='word_1_586' title='bbox 3132 2321 3550 2370; x_wconf 83' lang='lat' dir='ltr'><strong>momentaneum</strong></span> 
     </span>
    </p>
   </div>
   <div class='ocr_carea' id='block_1_81' title="bbox 1958 2386 3609 2467">
    <p class='ocr_par' dir='ltr' id='par_1_81' title="bbox 1958 2386 3609 2467">
     <span class='ocr_line' id='line_1_81' title="bbox 1958 2386 3609 2467; baseline 0.012 -28"><span class='ocrx_word' id='word_1_587' title='bbox 1958 2396 2053 2453; x_wconf 82' lang='lat' dir='ltr'><strong>est,</strong></span> <span class='ocrx_word' id='word_1_588' title='bbox 2086 2397 2136 2441; x_wconf 85' lang='lat' dir='ltr'><strong>et</strong></span> <span class='ocrx_word' id='word_1_589' title='bbox 2157 2388 2261 2443; x_wconf 86' lang='lat' dir='ltr'><strong>leve</strong></span> <span class='ocrx_word' id='word_1_590' title='bbox 2286 2390 2638 2447; x_wconf 77' lang='lat' dir='ltr'><strong>tribulationis</strong></span> <span class='ocrx_word' id='word_1_591' title='bbox 2672 2405 2885 2461; x_wconf 64' lang='lat' dir='ltr'><strong>nostris,</strong></span> <span class='ocrx_word' id='word_1_592' title='bbox 2909 2386 3284 2467; x_wconf 84' lang='lat' dir='ltr'><strong>supramodum</strong></span> <span class='ocrx_word' id='word_1_593' title='bbox 3311 2400 3366 2455; x_wconf 80' lang='lat' dir='ltr'><strong>in</strong></span> <span class='ocrx_word' id='word_1_594' title='bbox 3387 2400 3550 2458; x_wconf 77' lang='lat' dir='ltr'><strong>subli-</strong></span> <span class='ocrx_word' id='word_1_595' title='bbox 3592 2442 3609 2451; x_wconf 60' lang='grc' dir='ltr'><em>κ</em></span> 
     </span>
    </p>
   </div>
   <div class='ocr_carea' id='block_1_82' title="bbox 1956 2479 3549 2559">
    <p class='ocr_par' dir='ltr' id='par_1_82' title="bbox 1956 2479 3549 2559">
     <span class='ocr_line' id='line_1_82' title="bbox 1956 2479 3549 2559; baseline 0.008 -26"><span class='ocrx_word' id='word_1_596' title='bbox 1956 2479 2192 2534; x_wconf 85' lang='lat' dir='ltr'><strong>mitatcm</strong></span> <span class='ocrx_word' id='word_1_597' title='bbox 2232 2489 2486 2537; x_wconf 76' lang='lat' dir='ltr'><strong>azteraum</strong></span> <span class='ocrx_word' id='word_1_598' title='bbox 2529 2483 2711 2554; x_wconf 79' lang='lat' dir='ltr'><strong>gloria:</strong></span> <span class='ocrx_word' id='word_1_599' title='bbox 2754 2486 2958 2556; x_wconf 77' lang='lat' dir='ltr'><strong>pondus</strong></span> <span class='ocrx_word' id='word_1_600' title='bbox 3004 2498 3252 2559; x_wconf 85' lang='lat' dir='ltr'><strong>aperatur</strong></span> <span class='ocrx_word' id='word_1_601' title='bbox 3296 2505 3351 2545; x_wconf 75' lang='grc' dir='ltr'><strong>ιη</strong></span> <span class='ocrx_word' id='word_1_602' title='bbox 3382 2492 3549 2547; x_wconf 80' lang='lat' dir='ltr'><strong>nobis.</strong></span> 
     </span>
    </p>
   </div>
   <div class='ocr_carea' id='block_1_83' title="bbox 1957 2567 3545 2650">
    <p class='ocr_par' dir='ltr' id='par_1_83' title="bbox 1957 2567 3545 2650">
     <span class='ocr_line' id='line_1_83' title="bbox 1957 2567 3545 2650; baseline 0.009 -27"><span class='ocrx_word' id='word_1_603' title='bbox 1957 2567 2100 2625; x_wconf 76' lang='lat' dir='ltr'><strong>Vera</strong></span> <span class='ocrx_word' id='word_1_604' title='bbox 2126 2580 2209 2627; x_wconf 89' lang='lat' dir='ltr'><strong>est</strong></span> <span class='ocrx_word' id='word_1_605' title='bbox 2232 2581 2414 2629; x_wconf 88' lang='lat' dir='ltr'><strong>autem</strong></span> <span class='ocrx_word' id='word_1_606' title='bbox 2440 2584 2629 2630; x_wconf 90' lang='lat' dir='ltr'><strong>nostra</strong></span> <span class='ocrx_word' id='word_1_607' title='bbox 2657 2575 2954 2646; x_wconf 85' lang='lat' dir='ltr'><strong>beatitudo,</strong></span> <span class='ocrx_word' id='word_1_608' title='bbox 2986 2588 3043 2635; x_wconf 92' lang='lat' dir='ltr'><strong>et</strong></span> <span class='ocrx_word' id='word_1_609' title='bbox 3083 2583 3329 2650; x_wconf 89' lang='lat' dir='ltr'><strong>corporis</strong></span> <span class='ocrx_word' id='word_1_610' title='bbox 3351 2590 3405 2639; x_wconf 87' lang='lat' dir='ltr'><strong>et</strong></span> <span class='ocrx_word' id='word_1_611' title='bbox 3431 2583 3545 2638; x_wconf 88' lang='lat' dir='ltr'><strong>ani-</strong></span> 
     </span>
    </p>
   </div>
   <div class='ocr_carea' id='block_1_84' title="bbox 1956 2656 3549 2747">
    <p class='ocr_par' dir='ltr' id='par_1_84' title="bbox 1956 2656 3549 2747">
     <span class='ocr_line' id='line_1_84' title="bbox 1956 2656 3549 2747; baseline 0.007 -31"><span class='ocrx_word' id='word_1_612' title='bbox 1956 2676 2059 2731; x_wconf 70' lang='lat' dir='ltr'><strong>me</strong></span> <span class='ocrx_word' id='word_1_613' title='bbox 2085 2678 2183 2718; x_wconf 91' lang='lat' dir='ltr'><strong>nos</strong></span> <span class='ocrx_word' id='word_1_614' title='bbox 2224 2664 2632 2722; x_wconf 85' lang='lat' dir='ltr'><strong>immortalitate</strong></span> <span class='ocrx_word' id='word_1_615' title='bbox 2665 2666 2960 2747; x_wconf 80' lang='lat' dir='ltr'><strong>gloriantes</strong></span> <span class='ocrx_word' id='word_1_616' title='bbox 3005 2685 3234 2726; x_wconf 83' lang='lat' dir='ltr'><strong>summae</strong></span> <span class='ocrx_word' id='word_1_617' title='bbox 3276 2664 3332 2729; x_wconf 84' lang='lat' dir='ltr'><strong>et</strong></span> <span class='ocrx_word' id='word_1_618' title='bbox 3375 2656 3549 2728; x_wconf 71' lang='lat' dir='ltr'><strong>beata:</strong></span> 
     </span>
    </p>
   </div>
   <div class='ocr_carea' id='block_1_85' title="bbox 1957 2750 3554 2845">
    <p class='ocr_par' dir='ltr' id='par_1_85' title="bbox 1957 2750 3554 2845">
     <span class='ocr_line' id='line_1_85' title="bbox 1957 2750 3554 2845; baseline 0.008 -38"><span class='ocrx_word' id='word_1_619' title='bbox 1957 2752 2241 2811; x_wconf 82' lang='lat' dir='ltr'><strong>Trinitatis</strong></span> <span class='ocrx_word' id='word_1_620' title='bbox 2275 2764 2476 2817; x_wconf 73' lang='lat' dir='ltr'><strong>acterna</strong></span> <span class='ocrx_word' id='word_1_621' title='bbox 2499 2757 2710 2817; x_wconf 86' lang='lat' dir='ltr'><strong>visione</strong></span> <span class='ocrx_word' id='word_1_622' title='bbox 2736 2759 2944 2817; x_wconf 85' lang='lat' dir='ltr'><strong>satiari.</strong></span> <span class='ocrx_word' id='word_1_623' title='bbox 2978 2750 3114 2814; x_wconf 82' lang='lat' dir='ltr'><strong>Nam</strong></span> <span class='ocrx_word' id='word_1_624' title='bbox 3141 2760 3389 2832; x_wconf 85' lang='lat' dir='ltr'><strong>corporis</strong></span> <span class='ocrx_word' id='word_1_625' title='bbox 3423 2780 3554 2845; x_wconf 82' lang='lat' dir='ltr'><strong>qua-</strong></span> 
     </span>
    </p>
   </div>
   <div class='ocr_carea' id='block_1_86' title="bbox 1955 2844 3553 2919">
    <p class='ocr_par' dir='ltr' id='par_1_86' title="bbox 1955 2844 3553 2919">
     <span class='ocr_line' id='line_1_86' title="bbox 1955 2844 3553 2919; baseline 0.008 -20"><span class='ocrx_word' id='word_1_626' title='bbox 1955 2849 2078 2901; x_wconf 84' lang='lat' dir='ltr'><strong>tuor</strong></span> <span class='ocrx_word' id='word_1_627' title='bbox 2096 2845 2394 2905; x_wconf 86' lang='lat' dir='ltr'><strong>notissimis</strong></span> <span class='ocrx_word' id='word_1_628' title='bbox 2421 2846 2771 2916; x_wconf 86' lang='lat' dir='ltr'><strong>qualitatibus</strong></span> <span class='ocrx_word' id='word_1_629' title='bbox 2796 2844 3164 2919; x_wconf 79' lang='lat' dir='ltr'><strong>consistimus,</strong></span> <span class='ocrx_word' id='word_1_630' title='bbox 3196 2851 3249 2906; x_wconf 90' lang='lat' dir='ltr'><strong>in</strong></span> <span class='ocrx_word' id='word_1_631' title='bbox 3292 2850 3553 2912; x_wconf 90' lang='lat' dir='ltr'><strong>interiore</strong></span> 
     </span>
    </p>
   </div>
   <div class='ocr_carea' id='block_1_87' title="bbox 1948 2924 3548 3013">
    <p class='ocr_par' dir='ltr' id='par_1_87' title="bbox 1948 2924 3548 3013">
     <span class='ocr_line' id='line_1_87' title="bbox 1948 2924 3548 3013; baseline 0.007 -23"><span class='ocrx_word' id='word_1_632' title='bbox 1948 2942 2138 2995; x_wconf 82' lang='lat' dir='ltr'><strong>autem</strong></span> <span class='ocrx_word' id='word_1_633' title='bbox 2165 2934 2384 2993; x_wconf 88' lang='lat' dir='ltr'><strong>homine</strong></span> <span class='ocrx_word' id='word_1_634' title='bbox 2408 2951 2476 2992; x_wconf 79' lang='lat' dir='ltr'><strong>ex</strong></span> <span class='ocrx_word' id='word_1_635' title='bbox 2504 2927 2617 2994; x_wconf 82' lang='lat' dir='ltr'><strong>toto</strong></span> <span class='ocrx_word' id='word_1_636' title='bbox 2639 2924 2823 3006; x_wconf 83' lang='lat' dir='ltr'><strong>corde,</strong></span> <span class='ocrx_word' id='word_1_637' title='bbox 2848 2947 2957 3003; x_wconf 78' lang='lat' dir='ltr'><strong>tota</strong></span> <span class='ocrx_word' id='word_1_638' title='bbox 2981 2940 3178 3008; x_wconf 82' lang='lat' dir='ltr'><strong>anima,</strong></span> <span class='ocrx_word' id='word_1_639' title='bbox 3210 2940 3318 2997; x_wconf 87' lang='lat' dir='ltr'><strong>tota</strong></span> <span class='ocrx_word' id='word_1_640' title='bbox 3345 2944 3548 3013; x_wconf 83' lang='lat' dir='ltr'><strong>mente,</strong></span> 
     </span>
    </p>
   </div>
   <div class='ocr_carea' id='block_1_88' title="bbox 1952 3018 3532 3107">
    <p class='ocr_par' dir='ltr' id='par_1_88' title="bbox 1952 3018 3532 3107">
     <span class='ocr_line' id='line_1_88' title="bbox 1952 3018 3532 3107; baseline 0.006 -25"><span class='ocrx_word' id='word_1_641' title='bbox 1952 3027 2123 3087; x_wconf 88' lang='lat' dir='ltr'><strong>Deum</strong></span> <span class='ocrx_word' id='word_1_642' title='bbox 2150 3028 2374 3107; x_wconf 84' lang='lat' dir='ltr'><strong>diligere</strong></span> <span class='ocrx_word' id='word_1_643' title='bbox 2392 3028 2669 3098; x_wconf 88' lang='lat' dir='ltr'><strong>jubemur,</strong></span> <span class='ocrx_word' id='word_1_644' title='bbox 2700 3041 2756 3086; x_wconf 87' lang='lat' dir='ltr'><strong>et</strong></span> <span class='ocrx_word' id='word_1_645' title='bbox 2781 3018 2883 3091; x_wconf 81' lang='lat' dir='ltr'><strong>hoc</strong></span> <span class='ocrx_word' id='word_1_646' title='bbox 2910 3040 2993 3095; x_wconf 88' lang='lat' dir='ltr'><strong>est</strong></span> <span class='ocrx_word' id='word_1_647' title='bbox 3030 3026 3285 3105; x_wconf 70' lang='lat' dir='ltr'><strong>perfectae</strong></span> <span class='ocrx_word' id='word_1_648' title='bbox 3316 3032 3440 3090; x_wconf 74' lang='lat' dir='ltr'><strong>Vitae</strong></span> <span class='ocrx_word' id='word_1_649' title='bbox 3465 3022 3532 3092; x_wconf 83' lang='lat' dir='ltr'><strong>de</strong></span> 
     </span>
    </p>
   </div>
   <div class='ocr_carea' id='block_1_89' title="bbox 1954 3114 3547 3196">
    <p class='ocr_par' dir='ltr' id='par_1_89' title="bbox 1954 3114 3547 3196">
     <span class='ocr_line' id='line_1_89' title="bbox 1954 3114 3547 3196; baseline 0.006 -22"><span class='ocrx_word' id='word_1_650' title='bbox 1954 3121 2170 3191; x_wconf 87' lang='lat' dir='ltr'><strong>narium</strong></span> <span class='ocrx_word' id='word_1_651' title='bbox 2212 3123 2409 3178; x_wconf 63' lang='lat' dir='ltr'><strong>divinae</strong></span> <span class='ocrx_word' id='word_1_652' title='bbox 2456 3138 2555 3179; x_wconf 92' lang='lat' dir='ltr'><strong>nos</strong></span> <span class='ocrx_word' id='word_1_653' title='bbox 2580 3123 2767 3196; x_wconf 72' lang='lat' dir='ltr'><strong>gloria:</strong></span> <span class='ocrx_word' id='word_1_654' title='bbox 2808 3126 3062 3196; x_wconf 59' lang='lat' dir='ltr'><strong>presenti</strong></span> <span class='ocrx_word' id='word_1_655' title='bbox 3106 3124 3318 3184; x_wconf 82' lang='lat' dir='ltr'><strong>visione</strong></span> <span class='ocrx_word' id='word_1_656' title='bbox 3355 3114 3547 3187; x_wconf 74' lang='lat' dir='ltr'><strong>iactari.</strong></span> 
     </span>
    </p>
   </div>
   <div class='ocr_carea' id='block_1_90' title="bbox 1955 3202 3549 3292">
    <p class='ocr_par' dir='ltr' id='par_1_90' title="bbox 1955 3202 3549 3292">
     <span class='ocr_line' id='line_1_90' title="bbox 1955 3202 3549 3292; baseline 0.006 -24"><span class='ocrx_word' id='word_1_657' title='bbox 1955 3211 2159 3269; x_wconf 74' lang='lat' dir='ltr'><strong>Verum</strong></span> <span class='ocrx_word' id='word_1_658' title='bbox 2182 3212 2505 3292; x_wconf 83' lang='lat' dir='ltr'><strong>nctandum.</strong></span> <span class='ocrx_word' id='word_1_659' title='bbox 2531 3214 2689 3286; x_wconf 84' lang='lat' dir='ltr'><strong>juxta</strong></span> <span class='ocrx_word' id='word_1_660' title='bbox 2719 3217 3026 3285; x_wconf 88' lang='lat' dir='ltr'><strong>historiam,</strong></span> <span class='ocrx_word' id='word_1_661' title='bbox 3060 3218 3204 3289; x_wconf 85' lang='lat' dir='ltr'><strong>quod</strong></span> <span class='ocrx_word' id='word_1_662' title='bbox 3232 3202 3374 3290; x_wconf 82' lang='lat' dir='ltr'><strong>apud</strong></span> <span class='ocrx_word' id='word_1_663' title='bbox 3411 3220 3549 3278; x_wconf 87' lang='lat' dir='ltr'><strong>anti-</strong></span> 
     </span>
    </p>
   </div>
   <div class='ocr_carea' id='block_1_91' title="bbox 1875 3287 3550 3403">
    <p class='ocr_par' dir='ltr' id='par_1_91' title="bbox 1875 3287 3550 3403">
     <span class='ocr_line' id='line_1_91' title="bbox 1875 3287 3550 3403; baseline 0.008 -49"><span class='ocrx_word' id='word_1_664' title='bbox 1875 3287 1923 3354; x_wconf 78' lang='lat' dir='ltr'><strong>G</strong></span> <span class='ocrx_word' id='word_1_665' title='bbox 1950 3321 2091 3376; x_wconf 84' lang='lat' dir='ltr'><strong>quos</strong></span> <span class='ocrx_word' id='word_1_666' title='bbox 2128 3305 2246 3362; x_wconf 83' lang='lat' dir='ltr'><strong>dies</strong></span> <span class='ocrx_word' id='word_1_667' title='bbox 2284 3287 2657 3374; x_wconf 79' lang='lat' dir='ltr'><strong>Pentecostes,</strong></span> <span class='ocrx_word' id='word_1_668' title='bbox 2696 3308 2752 3364; x_wconf 90' lang='lat' dir='ltr'><strong>id</strong></span> <span class='ocrx_word' id='word_1_669' title='bbox 2783 3315 2884 3374; x_wconf 86' lang='lat' dir='ltr'><strong>est,</strong></span> <span class='ocrx_word' id='word_1_670' title='bbox 2932 3287 3413 3382; x_wconf 59' lang='lat' dir='ltr'><strong>quinquagesima,</strong></span> <span class='ocrx_word' id='word_1_671' title='bbox 3440 3312 3550 3403; x_wconf 73' lang='lat' dir='ltr'><strong>quo</strong></span> 
     </span>
    </p>
   </div>
   <div class='ocr_carea' id='block_1_92' title="bbox 1953 3401 3549 3480">
    <p class='ocr_par' dir='ltr' id='par_1_92' title="bbox 1953 3401 3549 3480">
     <span class='ocr_line' id='line_1_92' title="bbox 1953 3401 3549 3480; baseline 0.006 -24"><span class='ocrx_word' id='word_1_672' title='bbox 1953 3401 2039 3457; x_wconf 82' lang='lat' dir='ltr'><strong>lex</strong></span> <span class='ocrx_word' id='word_1_673' title='bbox 2065 3402 2191 3456; x_wconf 81' lang='lat' dir='ltr'><strong>data</strong></span> <span class='ocrx_word' id='word_1_674' title='bbox 2217 3408 2335 3457; x_wconf 88' lang='lat' dir='ltr'><strong>erat</strong></span> <span class='ocrx_word' id='word_1_675' title='bbox 2352 3442 2379 3477; x_wconf 58' lang='grc' dir='ltr'><strong>ι</strong></span> <span class='ocrx_word' id='word_1_676' title='bbox 2395 3403 2465 3458; x_wconf 90' lang='lat' dir='ltr'><strong>ab</strong></span> <span class='ocrx_word' id='word_1_677' title='bbox 2490 3402 2766 3480; x_wconf 65' lang='lat' dir='ltr'><strong>occisione</strong></span> <span class='ocrx_word' id='word_1_678' title='bbox 2808 3404 2933 3477; x_wconf 90' lang='lat' dir='ltr'><strong>agni</strong></span> <span class='ocrx_word' id='word_1_679' title='bbox 2961 3407 3394 3476; x_wconf 82' lang='lat' dir='ltr'><strong>computabatur.</strong></span> <span class='ocrx_word' id='word_1_680' title='bbox 3446 3401 3549 3467; x_wconf 80' lang='lat' dir='ltr'><strong>Hic</strong></span> 
     </span>
    </p>
   </div>
   <div class='ocr_carea' id='block_1_93' title="bbox 1954 3494 3548 3565">
    <p class='ocr_par' dir='ltr' id='par_1_93' title="bbox 1954 3494 3548 3565">
     <span class='ocr_line' id='line_1_93' title="bbox 1954 3494 3548 3565; baseline 0.006 -18"><span class='ocrx_word' id='word_1_681' title='bbox 1954 3500 2137 3548; x_wconf 86' lang='lat' dir='ltr'><strong>autem</strong></span> <span class='ocrx_word' id='word_1_682' title='bbox 2167 3509 2277 3548; x_wconf 91' lang='lat' dir='ltr'><strong>non</strong></span> <span class='ocrx_word' id='word_1_683' title='bbox 2305 3509 2337 3548; x_wconf 91' lang='lat' dir='ltr'><strong>a</strong></span> <span class='ocrx_word' id='word_1_684' title='bbox 2362 3494 2577 3550; x_wconf 88' lang='lat' dir='ltr'><strong>Domini</strong></span> <span class='ocrx_word' id='word_1_685' title='bbox 2604 3496 2879 3565; x_wconf 88' lang='lat' dir='ltr'><strong>passione,</strong></span> <span class='ocrx_word' id='word_1_686' title='bbox 2925 3496 3021 3552; x_wconf 85' lang='lat' dir='ltr'><strong>sed</strong></span> <span class='ocrx_word' id='word_1_687' title='bbox 3045 3496 3185 3555; x_wconf 71' lang='lat' dir='ltr'><strong>sicut</strong></span> <span class='ocrx_word' id='word_1_688' title='bbox 3229 3498 3420 3557; x_wconf 82' lang='lat' dir='ltr'><strong>beatus</strong></span> <span class='ocrx_word' id='word_1_689' title='bbox 3442 3494 3548 3557; x_wconf 81' lang='lat' dir='ltr'><strong>Au-</strong></span> 
     </span>
    </p>
   </div>
   <div class='ocr_carea' id='block_1_94' title="bbox 1950 3588 3543 3673">
    <p class='ocr_par' dir='ltr' id='par_1_94' title="bbox 1950 3588 3543 3673">
     <span class='ocr_line' id='line_1_94' title="bbox 1950 3588 3543 3673; baseline 0.002 -30"><span class='ocrx_word' id='word_1_690' title='bbox 1950 3588 2222 3658; x_wconf 84' lang='lat' dir='ltr'><strong>gustinus,</strong></span> <span class='ocrx_word' id='word_1_691' title='bbox 2252 3603 2361 3658; x_wconf 86' lang='lat' dir='ltr'><strong>quo</strong></span> <span class='ocrx_word' id='word_1_692' title='bbox 2385 3589 2607 3659; x_wconf 87' lang='lat' dir='ltr'><strong>spiritus</strong></span> <span class='ocrx_word' id='word_1_693' title='bbox 2633 3598 2853 3646; x_wconf 83' lang='lat' dir='ltr'><strong>sanctus</strong></span> <span class='ocrx_word' id='word_1_694' title='bbox 2889 3591 3088 3647; x_wconf 85' lang='lat' dir='ltr'><strong>missus</strong></span> <span class='ocrx_word' id='word_1_695' title='bbox 3113 3598 3218 3657; x_wconf 90' lang='lat' dir='ltr'><strong>est,</strong></span> <span class='ocrx_word' id='word_1_696' title='bbox 3258 3590 3543 3673; x_wconf 82' lang='lat' dir='ltr'><strong>computa-</strong></span> 
     </span>
    </p>
   </div>
   <div class='ocr_carea' id='block_1_95' title="bbox 1953 3679 3545 3763">
    <p class='ocr_par' dir='ltr' id='par_1_95' title="bbox 1953 3679 3545 3763">
     <span class='ocr_line' id='line_1_95' title="bbox 1953 3679 3545 3763; baseline 0.006 -31"><span class='ocrx_word' id='word_1_697' title='bbox 1953 3685 2063 3745; x_wconf 90' lang='lat' dir='ltr'><strong>tur,</strong></span> <span class='ocrx_word' id='word_1_698' title='bbox 2090 3679 2184 3749; x_wconf 88' lang='lat' dir='ltr'><strong>qui</strong></span> <span class='ocrx_word' id='word_1_699' title='bbox 2223 3681 2513 3738; x_wconf 80' lang='lat' dir='ltr'><strong>redeuntes</strong></span> <span class='ocrx_word' id='word_1_700' title='bbox 2559 3682 2698 3754; x_wconf 87' lang='lat' dir='ltr'><strong>signi</strong></span> <span class='ocrx_word' id='word_1_701' title='bbox 2728 3683 2930 3739; x_wconf 83' lang='lat' dir='ltr'><strong>veteris</strong></span> <span class='ocrx_word' id='word_1_702' title='bbox 2970 3683 3239 3763; x_wconf 75' lang='lat' dir='ltr'><strong>exemplo,</strong></span> <span class='ocrx_word' id='word_1_703' title='bbox 3286 3684 3401 3757; x_wconf 89' lang='lat' dir='ltr'><strong>ipse</strong></span> <span class='ocrx_word' id='word_1_704' title='bbox 3438 3684 3545 3742; x_wconf 78' lang='lat' dir='ltr'><strong>Sibi</strong></span> 
     </span>
    </p>
   </div>
   <div class='ocr_carea' id='block_1_96' title="bbox 1950 3767 3547 3857">
    <p class='ocr_par' dir='ltr' id='par_1_96' title="bbox 1950 3767 3547 3857">
     <span class='ocr_line' id='line_1_96' title="bbox 1950 3767 3547 3857; baseline 0.004 -32"><span class='ocrx_word' id='word_1_705' title='bbox 1950 3767 2397 3825; x_wconf 79' lang='lat' dir='ltr'><strong>manifestissime</strong></span> <span class='ocrx_word' id='word_1_706' title='bbox 2424 3771 2567 3831; x_wconf 85' lang='lat' dir='ltr'><strong>diem</strong></span> <span class='ocrx_word' id='word_1_707' title='bbox 2596 3771 2935 3829; x_wconf 84' lang='lat' dir='ltr'><strong>Dominicum</strong></span> <span class='ocrx_word' id='word_1_708' title='bbox 2964 3787 3064 3828; x_wconf 90' lang='lat' dir='ltr'><strong>suo</strong></span> <span class='ocrx_word' id='word_1_709' title='bbox 3084 3774 3428 3857; x_wconf 80' lang='lat' dir='ltr'><strong>consecravit</strong></span> <span class='ocrx_word' id='word_1_710' title='bbox 3455 3775 3547 3831; x_wconf 84' lang='lat' dir='ltr'><strong>ad-</strong></span> 
     </span>
    </p>
   </div>
   <div class='ocr_carea' id='block_1_97' title="bbox 1950 3861 3543 3947">
    <p class='ocr_par' dir='ltr' id='par_1_97' title="bbox 1950 3861 3543 3947">
     <span class='ocr_line' id='line_1_97' title="bbox 1950 3861 3543 3947; baseline 0.006 -31"><span class='ocrx_word' id='word_1_711' title='bbox 1950 3868 2138 3917; x_wconf 84' lang='lat' dir='ltr'><strong>ventu.</strong></span> <span class='ocrx_word' id='word_1_712' title='bbox 2170 3861 2289 3929; x_wconf 89' lang='lat' dir='ltr'><strong>Quo</strong></span> <span class='ocrx_word' id='word_1_713' title='bbox 2317 3863 2482 3921; x_wconf 88' lang='lat' dir='ltr'><strong>etiam</strong></span> <span class='ocrx_word' id='word_1_714' title='bbox 2528 3864 2787 3937; x_wconf 83' lang='lat' dir='ltr'><strong>temporis</strong></span> <span class='ocrx_word' id='word_1_715' title='bbox 2833 3865 3064 3943; x_wconf 82' lang='lat' dir='ltr'><strong>articulo</strong></span> <span class='ocrx_word' id='word_1_716' title='bbox 3103 3881 3291 3947; x_wconf 81' lang='lat' dir='ltr'><strong>verum</strong></span> <span class='ocrx_word' id='word_1_717' title='bbox 3333 3865 3543 3925; x_wconf 85' lang='lat' dir='ltr'><strong>Pascha</strong></span> 
     </span>
    </p>
   </div>
   <div class='ocr_carea' id='block_1_98' title="bbox 1949 3953 3545 4015">
    <p class='ocr_par' dir='ltr' id='par_1_98' title="bbox 1949 3953 3545 4015">
     <span class='ocr_line' id='line_1_98' title="bbox 1949 3953 3545 4015; baseline 0.003 -4"><span class='ocrx_word' id='word_1_718' title='bbox 1949 3953 2038 4011; x_wconf 86' lang='lat' dir='ltr'><strong>die</strong></span> <span class='ocrx_word' id='word_1_719' title='bbox 2050 3953 2328 4011; x_wconf 88' lang='lat' dir='ltr'><strong>Dominico</strong></span> <span class='ocrx_word' id='word_1_720' title='bbox 2351 3957 2673 4013; x_wconf 83' lang='lat' dir='ltr'><strong>monstravit</strong></span> <span class='ocrx_word' id='word_1_721' title='bbox 2694 3971 2817 4013; x_wconf 82' lang='lat' dir='ltr'><strong>esse</strong></span> <span class='ocrx_word' id='word_1_722' title='bbox 2836 3957 3240 4015; x_wconf 82' lang='lat' dir='ltr'><strong>celebrandum.</strong></span> <span class='ocrx_word' id='word_1_723' title='bbox 3272 3957 3408 4014; x_wconf 86' lang='lat' dir='ltr'><strong>Nam</strong></span> <span class='ocrx_word' id='word_1_724' title='bbox 3438 3959 3545 4015; x_wconf 90' lang='lat' dir='ltr'><strong>sic-</strong></span> 
     </span>
    </p>
   </div>
   <div class='ocr_carea' id='block_1_99' title="bbox 1950 4030 3542 4120">
    <p class='ocr_par' dir='ltr' id='par_1_99' title="bbox 1950 4030 3542 4120">
     <span class='ocr_line' id='line_1_99' title="bbox 1950 4030 3542 4120; baseline 0.002 -20"><span class='ocrx_word' id='word_1_725' title='bbox 1950 4054 2013 4101; x_wconf 86' lang='lat' dir='ltr'><strong>ut</strong></span> <span class='ocrx_word' id='word_1_726' title='bbox 2051 4046 2165 4113; x_wconf 84' lang='lat' dir='ltr'><strong>hic,</strong></span> <span class='ocrx_word' id='word_1_727' title='bbox 2196 4047 2277 4103; x_wconf 83' lang='lat' dir='ltr'><strong>sic</strong></span> <span class='ocrx_word' id='word_1_728' title='bbox 2312 4054 2371 4104; x_wconf 89' lang='lat' dir='ltr'><strong>et</strong></span> <span class='ocrx_word' id='word_1_729' title='bbox 2414 4047 2526 4103; x_wconf 86' lang='lat' dir='ltr'><strong>illic</strong></span> <span class='ocrx_word' id='word_1_730' title='bbox 2554 4048 2610 4115; x_wconf 87' lang='lat' dir='ltr'><strong>in</strong></span> <span class='ocrx_word' id='word_1_731' title='bbox 2638 4048 2780 4118; x_wconf 82' lang='lat' dir='ltr'><strong>ignis</strong></span> <span class='ocrx_word' id='word_1_732' title='bbox 2806 4049 3033 4118; x_wconf 72' lang='lat' dir='ltr'><strong>,visione</strong></span> <span class='ocrx_word' id='word_1_733' title='bbox 3081 4030 3225 4107; x_wconf 78' lang='lat' dir='ltr'><strong>Deus</strong></span> <span class='ocrx_word' id='word_1_734' title='bbox 3267 4048 3542 4120; x_wconf 86' lang='lat' dir='ltr'><strong>apparuit,</strong></span> 
     </span>
    </p>
   </div>
   <div class='ocr_carea' id='block_1_100' title="bbox 1948 4137 3535 4209">
    <p class='ocr_par' dir='ltr' id='par_1_100' title="bbox 1948 4137 3535 4209">
     <span class='ocr_line' id='line_1_100' title="bbox 1948 4137 3535 4209; baseline 0.001 -16"><span class='ocrx_word' id='word_1_735' title='bbox 1948 4137 2162 4195; x_wconf 80' lang='lat' dir='ltr'><strong>dicente</strong></span> <span class='ocrx_word' id='word_1_736' title='bbox 2188 4139 2241 4194; x_wconf 90' lang='lat' dir='ltr'><strong>in</strong></span> <span class='ocrx_word' id='word_1_737' title='bbox 2272 4138 2457 4195; x_wconf 76' lang='lat' dir='ltr'><strong>Exodo</strong></span> <span class='ocrx_word' id='word_1_738' title='bbox 2485 4157 2498 4194; x_wconf 87' lang='lat'><strong>;</strong></span> <span class='ocrx_word' id='word_1_739' title='bbox 2532 4138 2694 4195; x_wconf 76' lang='lat' dir='ltr'><strong>Totus</strong></span> <span class='ocrx_word' id='word_1_740' title='bbox 2728 4148 2908 4194; x_wconf 76' lang='lat' dir='ltr'><strong>autem</strong></span> <span class='ocrx_word' id='word_1_741' title='bbox 2933 4156 3082 4195; x_wconf 74' lang='lat' dir='ltr'><strong>mons</strong></span> <span class='ocrx_word' id='word_1_742' title='bbox 3111 4139 3265 4197; x_wconf 79' lang='lat' dir='ltr'><strong>Sinai</strong></span> <span class='ocrx_word' id='word_1_743' title='bbox 3293 4139 3535 4209; x_wconf 75' lang='lat' dir='ltr'><strong>fumabat</strong></span> 
     </span>
    </p>
   </div>
   <div class='ocr_carea' id='block_1_101' title="bbox 1949 4229 3394 4301">
    <p class='ocr_par' dir='ltr' id='par_1_101' title="bbox 1949 4229 3394 4301">
     <span class='ocr_line' id='line_1_101' title="bbox 1949 4229 3394 4301; baseline -0.001 -17"><span class='ocrx_word' id='word_1_744' title='bbox 1949 4246 2010 4284; x_wconf 87' lang='lat' dir='ltr'><strong>eo</strong></span> <span class='ocrx_word' id='word_1_745' title='bbox 2029 4230 2169 4300; x_wconf 84' lang='lat' dir='ltr'><strong>quod</strong></span> <span class='ocrx_word' id='word_1_746' title='bbox 2194 4230 2541 4284; x_wconf 80' lang='lat' dir='ltr'><strong>descendisset</strong></span> <span class='ocrx_word' id='word_1_747' title='bbox 2574 4229 2830 4283; x_wconf 79' lang='lat' dir='ltr'><strong>Dominus</strong></span> <span class='ocrx_word' id='word_1_748' title='bbox 2856 4234 3012 4301; x_wconf 74' lang='lat' dir='ltr'><strong>super</strong></span> <span class='ocrx_word' id='word_1_749' title='bbox 3035 4246 3154 4299; x_wconf 79' lang='lat' dir='ltr'><strong>eunt</strong></span> <span class='ocrx_word' id='word_1_750' title='bbox 3178 4230 3235 4284; x_wconf 81' lang='lat' dir='ltr'><strong>in</strong></span> <span class='ocrx_word' id='word_1_751' title='bbox 3256 4229 3394 4300; x_wconf 80' lang='lat' dir='ltr'><strong>igne.</strong></span> 
     </span>
    </p>
   </div>
   <div class='ocr_carea' id='block_1_102' title="bbox 2018 4319 3542 4392">
    <p class='ocr_par' dir='ltr' id='par_1_102' title="bbox 2018 4319 3542 4392">
     <span class='ocr_line' id='line_1_102' title="bbox 2018 4319 3542 4392; baseline 0.001 -18"><span class='ocrx_word' id='word_1_752' title='bbox 2018 4320 2092 4374; x_wconf 83' lang='lat' dir='ltr'><strong>Et</strong></span> <span class='ocrx_word' id='word_1_753' title='bbox 2126 4321 2299 4390; x_wconf 77' lang='lat' dir='ltr'><strong>{actus</strong></span> <span class='ocrx_word' id='word_1_754' title='bbox 2338 4330 2415 4379; x_wconf 77' lang='lat' dir='ltr'><strong>est</strong></span> <span class='ocrx_word' id='word_1_755' title='bbox 2460 4330 2665 4391; x_wconf 59' lang='lat' dir='ltr'><strong>sepem:</strong></span> <span class='ocrx_word' id='word_1_756' title='bbox 2691 4320 2756 4375; x_wconf 73' lang='lat' dir='ltr'><strong>de</strong></span> <span class='ocrx_word' id='word_1_757' title='bbox 2789 4319 2918 4375; x_wconf 69' lang='lat' dir='ltr'><strong>creto</strong></span> <span class='ocrx_word' id='word_1_758' title='bbox 2942 4336 3106 4375; x_wconf 73' lang='lat' dir='ltr'><strong>sum</strong></span> <span class='ocrx_word' id='word_1_759' title='bbox 3145 4328 3401 4392; x_wconf 75' lang='lat' dir='ltr'><strong>tauquam</strong></span> <span class='ocrx_word' id='word_1_760' title='bbox 3443 4321 3542 4375; x_wconf 89' lang='lat' dir='ltr'><strong>ad-</strong></span> 
     </span>
    </p>
   </div>
   <div class='ocr_carea' id='block_1_103' title="bbox 1947 4413 3537 4485">
    <p class='ocr_par' dir='ltr' id='par_1_103' title="bbox 1947 4413 3537 4485">
     <span class='ocr_line' id='line_1_103' title="bbox 1947 4413 3537 4485; baseline 0.001 -16"><span class='ocrx_word' id='word_1_761' title='bbox 1947 4414 2220 4478; x_wconf 79' lang='lat' dir='ltr'><strong>venientis,</strong></span> <span class='ocrx_word' id='word_1_762' title='bbox 2250 4421 2356 4470; x_wconf 89' lang='lat' dir='ltr'><strong>etc.</strong></span> <span class='ocrx_word' id='word_1_763' title='bbox 2385 4414 2490 4471; x_wconf 83' lang='lat' dir='ltr'><strong>Per</strong></span> <span class='ocrx_word' id='word_1_764' title='bbox 2518 4413 2698 4485; x_wconf 86' lang='lat' dir='ltr'><strong>ignem</strong></span> <span class='ocrx_word' id='word_1_765' title='bbox 2719 4413 2936 4484; x_wconf 87' lang='lat' dir='ltr'><strong>quidem</strong></span> <span class='ocrx_word' id='word_1_766' title='bbox 2962 4413 3247 4481; x_wconf 81' lang='lat' dir='ltr'><strong>Dominus,</strong></span> <span class='ocrx_word' id='word_1_767' title='bbox 3268 4422 3329 4468; x_wconf 86' lang='lat' dir='ltr'><strong>ut</strong></span> <span class='ocrx_word' id='word_1_768' title='bbox 3345 4414 3537 4471; x_wconf 87' lang='lat' dir='ltr'><strong>beatus</strong></span> 
     </span>
    </p>
   </div>
   <div class='ocr_carea' id='block_1_104' title="bbox 1944 4505 3539 4577">
    <p class='ocr_par' dir='ltr' id='par_1_104' title="bbox 1944 4505 3539 4577">
     <span class='ocr_line' id='line_1_104' title="bbox 1944 4505 3539 4577; baseline 0.002 -17"><span class='ocrx_word' id='word_1_769' title='bbox 1944 4521 2085 4577; x_wconf 83' lang='lat' dir='ltr'><strong>papa</strong></span> <span class='ocrx_word' id='word_1_770' title='bbox 2118 4505 2414 4577; x_wconf 85' lang='lat' dir='ltr'><strong>Gregorius</strong></span> <span class='ocrx_word' id='word_1_771' title='bbox 2457 4506 2697 4577; x_wconf 74' lang='lat' dir='ltr'><strong>exponit,</strong></span> <span class='ocrx_word' id='word_1_772' title='bbox 2742 4505 3010 4575; x_wconf 83' lang='lat' dir='ltr'><strong>apparuit,</strong></span> <span class='ocrx_word' id='word_1_773' title='bbox 3056 4505 3153 4563; x_wconf 90' lang='lat' dir='ltr'><strong>sed</strong></span> <span class='ocrx_word' id='word_1_774' title='bbox 3197 4521 3295 4576; x_wconf 89' lang='lat' dir='ltr'><strong>per</strong></span> <span class='ocrx_word' id='word_1_775' title='bbox 3341 4515 3539 4564; x_wconf 78' lang='lat' dir='ltr'><strong>semet-</strong></span> 
     </span>
    </p>
   </div>
   <div class='ocr_carea' id='block_1_105' title="bbox 1947 4593 3537 4667">
    <p class='ocr_par' dir='ltr' id='par_1_105' title="bbox 1947 4593 3537 4667">
     <span class='ocr_line' id='line_1_105' title="bbox 1947 4593 3537 4667; baseline 0.003 -16"><span class='ocrx_word' id='word_1_776' title='bbox 1947 4595 2122 4667; x_wconf 86' lang='lat' dir='ltr'><strong>ipsum</strong></span> <span class='ocrx_word' id='word_1_777' title='bbox 2149 4595 2479 4652; x_wconf 88' lang='lat' dir='ltr'><strong>locutionem</strong></span> <span class='ocrx_word' id='word_1_778' title='bbox 2508 4595 2734 4651; x_wconf 79' lang='lat' dir='ltr'><strong>interius</strong></span> <span class='ocrx_word' id='word_1_779' title='bbox 2765 4593 2915 4660; x_wconf 82' lang='lat' dir='ltr'><strong>iecit,</strong></span> <span class='ocrx_word' id='word_1_780' title='bbox 2936 4602 2991 4648; x_wconf 92' lang='lat' dir='ltr'><strong>et</strong></span> <span class='ocrx_word' id='word_1_781' title='bbox 3010 4610 3183 4667; x_wconf 86' lang='lat' dir='ltr'><strong>neque</strong></span> <span class='ocrx_word' id='word_1_782' title='bbox 3205 4596 3346 4667; x_wconf 86' lang='lat' dir='ltr'><strong>ignis</strong></span> <span class='ocrx_word' id='word_1_783' title='bbox 3374 4597 3537 4666; x_wconf 87' lang='lat' dir='ltr'><strong>Deus,</strong></span> 
     </span>
    </p>
   </div>
   <div class='ocr_carea' id='block_1_106' title="bbox 1948 4685 3536 4758">
    <p class='ocr_par' dir='ltr' id='par_1_106' title="bbox 1948 4685 3536 4758">
     <span class='ocr_line' id='line_1_106' title="bbox 1948 4685 3536 4758; baseline 0.003 -18"><span class='ocrx_word' id='word_1_784' title='bbox 1948 4701 2124 4758; x_wconf 86' lang='lat' dir='ltr'><strong>neque</strong></span> <span class='ocrx_word' id='word_1_785' title='bbox 2154 4687 2245 4744; x_wconf 86' lang='lat' dir='ltr'><strong>ille</strong></span> <span class='ocrx_word' id='word_1_786' title='bbox 2283 4688 2493 4743; x_wconf 89' lang='lat' dir='ltr'><strong>sonitus</strong></span> <span class='ocrx_word' id='word_1_787' title='bbox 2534 4685 2662 4753; x_wconf 83' lang='lat' dir='ltr'><strong>fuit,</strong></span> <span class='ocrx_word' id='word_1_788' title='bbox 2702 4686 2799 4743; x_wconf 82' lang='lat' dir='ltr'><strong>sed</strong></span> <span class='ocrx_word' id='word_1_789' title='bbox 2827 4700 2925 4755; x_wconf 82' lang='lat' dir='ltr'><strong>per</strong></span> <span class='ocrx_word' id='word_1_790' title='bbox 2962 4686 3086 4749; x_wconf 87' lang='lat' dir='ltr'><strong>hoc,</strong></span> <span class='ocrx_word' id='word_1_791' title='bbox 3123 4687 3269 4757; x_wconf 80' lang='lat' dir='ltr'><strong>quod</strong></span> <span class='ocrx_word' id='word_1_792' title='bbox 3294 4688 3536 4744; x_wconf 78' lang='lat' dir='ltr'><strong>exterius</strong></span> 
     </span>
    </p>
   </div>
   <div class='ocr_carea' id='block_1_107' title="bbox 1947 4779 3534 4850">
    <p class='ocr_par' dir='ltr' id='par_1_107' title="bbox 1947 4779 3534 4850">
     <span class='ocr_line' id='line_1_107' title="bbox 1947 4779 3534 4850; baseline 0.001 -16"><span class='ocrx_word' id='word_1_793' title='bbox 1947 4780 2212 4845; x_wconf 75' lang='lat' dir='ltr'><strong>exhibuit,</strong></span> <span class='ocrx_word' id='word_1_794' title='bbox 2261 4779 2531 4850; x_wconf 79' lang='lat' dir='ltr'><strong>expressit</strong></span> <span class='ocrx_word' id='word_1_795' title='bbox 2574 4780 2680 4835; x_wconf 90' lang='lat' dir='ltr'><strong>hoc</strong></span> <span class='ocrx_word' id='word_1_796' title='bbox 2723 4780 2868 4849; x_wconf 89' lang='lat' dir='ltr'><strong>quod</strong></span> <span class='ocrx_word' id='word_1_797' title='bbox 2922 4779 3151 4841; x_wconf 86' lang='lat' dir='ltr'><strong>interius</strong></span> <span class='ocrx_word' id='word_1_798' title='bbox 3195 4780 3382 4850; x_wconf 83' lang='lat' dir='ltr'><strong>gessit.</strong></span> <span class='ocrx_word' id='word_1_799' title='bbox 3431 4780 3534 4846; x_wconf 88' lang='lat' dir='ltr'><strong>Qui</strong></span> 
     </span>
    </p>
   </div>
   <div class='ocr_carea' id='block_1_108' title="bbox 1945 4870 3621 4941">
    <p class='ocr_par' dir='ltr' id='par_1_108' title="bbox 1945 4870 3621 4941">
     <span class='ocr_line' id='line_1_108' title="bbox 1945 4870 3621 4941; baseline -0.001 -13"><span class='ocrx_word' id='word_1_800' title='bbox 1945 4873 2092 4928; x_wconf 89' lang='lat' dir='ltr'><strong>enim</strong></span> <span class='ocrx_word' id='word_1_801' title='bbox 2121 4872 2415 4941; x_wconf 87' lang='lat' dir='ltr'><strong>discipulos</strong></span> <span class='ocrx_word' id='word_1_802' title='bbox 2440 4879 2497 4927; x_wconf 90' lang='lat' dir='ltr'><strong>et</strong></span> <span class='ocrx_word' id='word_1_803' title='bbox 2522 4870 2637 4926; x_wconf 76' lang='lat' dir='ltr'><strong>zelo</strong></span> <span class='ocrx_word' id='word_1_804' title='bbox 2673 4886 2985 4938; x_wconf 83' lang='lat' dir='ltr'><strong>succensus,</strong></span> <span class='ocrx_word' id='word_1_805' title='bbox 3011 4879 3067 4927; x_wconf 85' lang='lat' dir='ltr'><strong>et</strong></span> <span class='ocrx_word' id='word_1_806' title='bbox 3093 4872 3259 4931; x_wconf 85' lang='lat' dir='ltr'><strong>verbo</strong></span> <span class='ocrx_word' id='word_1_807' title='bbox 3293 4872 3535 4928; x_wconf 88' lang='lat' dir='ltr'><strong>eruditos</strong></span> <span class='ocrx_word' id='word_1_808' title='bbox 3609 4873 3621 4881; x_wconf 85' lang='grc'><em>’</em></span> 
     </span>
    </p>
   </div>
   <div class='ocr_carea' id='block_1_109' title="bbox 1946 4960 3533 5034">
    <p class='ocr_par' dir='ltr' id='par_1_109' title="bbox 1946 4960 3533 5034">
     <span class='ocr_line' id='line_1_109' title="bbox 1946 4960 3533 5034; baseline -0.001 -16"><span class='ocrx_word' id='word_1_809' title='bbox 1946 4963 2095 5018; x_wconf 88' lang='lat' dir='ltr'><strong>intus</strong></span> <span class='ocrx_word' id='word_1_810' title='bbox 2118 4962 2373 5027; x_wconf 80' lang='lat' dir='ltr'><strong>reddidit,</strong></span> <span class='ocrx_word' id='word_1_811' title='bbox 2406 4960 2540 5017; x_wconf 78' lang='lat' dir='ltr'><strong>foris</strong></span> <span class='ocrx_word' id='word_1_812' title='bbox 2557 4961 2769 5032; x_wconf 81' lang='lat' dir='ltr'><strong>linguas</strong></span> <span class='ocrx_word' id='word_1_813' title='bbox 2796 4962 2986 5032; x_wconf 86' lang='lat' dir='ltr'><strong>igneas</strong></span> <span class='ocrx_word' id='word_1_814' title='bbox 3007 4962 3261 5018; x_wconf 88' lang='lat' dir='ltr'><strong>ostendit.</strong></span> <span class='ocrx_word' id='word_1_815' title='bbox 3284 4961 3342 5017; x_wconf 87' lang='lat' dir='ltr'><strong>in</strong></span> <span class='ocrx_word' id='word_1_816' title='bbox 3369 4962 3533 5034; x_wconf 82' lang='lat' dir='ltr'><strong>signi-</strong></span> 
     </span>
    </p>
   </div>
   <div class='ocr_carea' id='block_1_110' title="bbox 1947 5058 3530 5130">
    <p class='ocr_par' dir='ltr' id='par_1_110' title="bbox 1947 5058 3530 5130">
     <span class='ocr_line' id='line_1_110' title="bbox 1947 5058 3530 5130; baseline 0 -17"><span class='ocrx_word' id='word_1_817' title='bbox 1947 5059 2199 5115; x_wconf 78' lang='lat' dir='ltr'><strong>ﬁcatione</strong></span> <span class='ocrx_word' id='word_1_818' title='bbox 2228 5058 2395 5128; x_wconf 84' lang='lat' dir='ltr'><strong>igitur</strong></span> <span class='ocrx_word' id='word_1_819' title='bbox 2428 5058 2644 5114; x_wconf 88' lang='lat' dir='ltr'><strong>admota</strong></span> <span class='ocrx_word' id='word_1_820' title='bbox 2684 5065 2812 5113; x_wconf 87' lang='lat' dir='ltr'><strong>sunt</strong></span> <span class='ocrx_word' id='word_1_821' title='bbox 2854 5058 3138 5125; x_wconf 84' lang='lat' dir='ltr'><strong>elementa,</strong></span> <span class='ocrx_word' id='word_1_822' title='bbox 3171 5066 3231 5114; x_wconf 88' lang='lat' dir='ltr'><strong>ut</strong></span> <span class='ocrx_word' id='word_1_823' title='bbox 3269 5059 3449 5130; x_wconf 87' lang='lat' dir='ltr'><strong>ignem</strong></span> <span class='ocrx_word' id='word_1_824' title='bbox 3474 5066 3530 5113; x_wconf 90' lang='lat' dir='ltr'><strong>et</strong></span> 
     </span>
    </p>
   </div>
   <div class='ocr_carea' id='block_1_111' title="bbox 1947 5150 3528 5221">
    <p class='ocr_par' dir='ltr' id='par_1_111' title="bbox 1947 5150 3528 5221">
     <span class='ocr_line' id='line_1_111' title="bbox 1947 5150 3528 5221; baseline -0.001 -15"><span class='ocrx_word' id='word_1_825' title='bbox 1947 5150 2185 5206; x_wconf 87' lang='lat' dir='ltr'><strong>sonitum</strong></span> <span class='ocrx_word' id='word_1_826' title='bbox 2228 5151 2491 5205; x_wconf 84' lang='lat' dir='ltr'><strong>sentirent</strong></span> <span class='ocrx_word' id='word_1_827' title='bbox 2528 5165 2774 5220; x_wconf 85' lang='lat' dir='ltr'><strong>corpora,</strong></span> <span class='ocrx_word' id='word_1_828' title='bbox 2824 5151 2946 5221; x_wconf 88' lang='lat' dir='ltr'><strong>igne</strong></span> <span class='ocrx_word' id='word_1_829' title='bbox 2989 5164 3120 5209; x_wconf 78' lang='lat' dir='ltr'><strong>vero</strong></span> <span class='ocrx_word' id='word_1_830' title='bbox 3157 5150 3434 5216; x_wconf 81' lang='lat' dir='ltr'><strong>invisibili,</strong></span> <span class='ocrx_word' id='word_1_831' title='bbox 3470 5157 3528 5206; x_wconf 88' lang='lat' dir='ltr'><strong>et</strong></span> 
     </span>
    </p>
   </div>
   <div class='ocr_carea' id='block_1_112' title="bbox 1947 5242 2995 5300">
    <p class='ocr_par' dir='ltr' id='par_1_112' title="bbox 1947 5242 2995 5300">
     <span class='ocr_line' id='line_1_112' title="bbox 1947 5242 2995 5300; baseline 0.003 -6"><span class='ocrx_word' id='word_1_832' title='bbox 1947 5255 2080 5297; x_wconf 85' lang='lat' dir='ltr'><strong>voce</strong></span> <span class='ocrx_word' id='word_1_833' title='bbox 2101 5243 2218 5298; x_wconf 87' lang='lat' dir='ltr'><strong>sine</strong></span> <span class='ocrx_word' id='word_1_834' title='bbox 2249 5242 2430 5297; x_wconf 89' lang='lat' dir='ltr'><strong>sonitu</strong></span> <span class='ocrx_word' id='word_1_835' title='bbox 2459 5242 2781 5297; x_wconf 83' lang='lat' dir='ltr'><strong>docerentur</strong></span> <span class='ocrx_word' id='word_1_836' title='bbox 2813 5243 2995 5300; x_wconf 77' lang='lat' dir='ltr'><strong>corda.</strong></span> 
     </span>
    </p>
   </div>
   <div class='ocr_carea' id='block_1_113' title="bbox 2018 5318 3525 5405">
    <p class='ocr_par' dir='ltr' id='par_1_113' title="bbox 2018 5318 3525 5405">
     <span class='ocr_line' id='line_1_113' title="bbox 2018 5318 3525 5405; baseline 0.003 -17"><span class='ocrx_word' id='word_1_837' title='bbox 2018 5332 2090 5388; x_wconf 84' lang='lat' dir='ltr'><strong>Et</strong></span> <span class='ocrx_word' id='word_1_838' title='bbox 2113 5342 2471 5405; x_wconf 79' lang='lat' dir='ltr'><strong>apparuerunt</strong></span> <span class='ocrx_word' id='word_1_839' title='bbox 2491 5332 2599 5387; x_wconf 78' lang='lat' dir='ltr'><strong>illis</strong></span> <span class='ocrx_word' id='word_1_840' title='bbox 2623 5318 2931 5405; x_wconf 62' lang='lat' dir='ltr'><strong>dispertitur,</strong></span> <span class='ocrx_word' id='word_1_841' title='bbox 2971 5341 3076 5391; x_wconf 87' lang='lat' dir='ltr'><strong>etc.</strong></span> <span class='ocrx_word' id='word_1_842' title='bbox 3119 5331 3355 5401; x_wconf 85' lang='lat' dir='ltr'><strong>Spiritus</strong></span> <span class='ocrx_word' id='word_1_843' title='bbox 3379 5332 3525 5393; x_wconf 86' lang='lat' dir='ltr'><strong>enim</strong></span> 
     </span>
    </p>
   </div>
   <div class='ocr_carea' id='block_1_114' title="bbox 1946 5418 3525 5499">
    <p class='ocr_par' dir='ltr' id='par_1_114' title="bbox 1946 5418 3525 5499">
     <span class='ocr_line' id='line_1_114' title="bbox 1946 5418 3525 5499; baseline 0.002 -19"><span class='ocrx_word' id='word_1_844' title='bbox 1946 5431 2167 5480; x_wconf 89' lang='lat' dir='ltr'><strong>sanctus</strong></span> <span class='ocrx_word' id='word_1_845' title='bbox 2211 5425 2267 5480; x_wconf 91' lang='lat' dir='ltr'><strong>in</strong></span> <span class='ocrx_word' id='word_1_846' title='bbox 2305 5425 2433 5497; x_wconf 87' lang='lat' dir='ltr'><strong>igne</strong></span> <span class='ocrx_word' id='word_1_847' title='bbox 2468 5433 2525 5481; x_wconf 90' lang='lat' dir='ltr'><strong>et</strong></span> <span class='ocrx_word' id='word_1_848' title='bbox 2585 5425 2785 5499; x_wconf 84' lang='lat' dir='ltr'><strong>linguis</strong></span> <span class='ocrx_word' id='word_1_849' title='bbox 2834 5418 3120 5497; x_wconf 68' lang='lat' dir='ltr'><strong>apparuit;</strong></span> <span class='ocrx_word' id='word_1_850' title='bbox 3165 5426 3293 5495; x_wconf 78' lang='lat' dir='ltr'><strong>quia</strong></span> <span class='ocrx_word' id='word_1_851' title='bbox 3334 5440 3525 5485; x_wconf 78' lang='lat' dir='ltr'><strong>omnes</strong></span> 
     </span>
    </p>
   </div>
   <div class='ocr_carea' id='block_1_115' title="bbox 1944 5517 3523 5591">
    <p class='ocr_par' dir='ltr' id='par_1_115' title="bbox 1944 5517 3523 5591">
     <span class='ocr_line' id='line_1_115' title="bbox 1944 5517 3523 5591; baseline 0.003 -18"><span class='ocrx_word' id='word_1_852' title='bbox 1944 5534 2082 5590; x_wconf 85' lang='lat' dir='ltr'><strong>quos</strong></span> <span class='ocrx_word' id='word_1_853' title='bbox 2105 5517 2406 5589; x_wconf 88' lang='lat' dir='ltr'><strong>impleverit</strong></span> <span class='ocrx_word' id='word_1_854' title='bbox 2441 5521 2694 5576; x_wconf 88' lang='lat' dir='ltr'><strong>ardentes</strong></span> <span class='ocrx_word' id='word_1_855' title='bbox 2735 5520 2941 5591; x_wconf 79' lang='lat' dir='ltr'><strong>pariter</strong></span> <span class='ocrx_word' id='word_1_856' title='bbox 2966 5527 3023 5575; x_wconf 84' lang='lat' dir='ltr'><strong>et</strong></span> <span class='ocrx_word' id='word_1_857' title='bbox 3052 5519 3334 5588; x_wconf 79' lang='lat' dir='ltr'><strong>loquentes</strong></span> <span class='ocrx_word' id='word_1_858' title='bbox 3370 5518 3523 5577; x_wconf 75' lang='lat' dir='ltr'><strong>facit.</strong></span> 
     </span>
    </p>
   </div>
   <div class='ocr_carea' id='block_1_116' title="bbox 1943 5608 3525 5682">
    <p class='ocr_par' dir='ltr' id='par_1_116' title="bbox 1943 5608 3525 5682">
     <span class='ocr_line' id='line_1_116' title="bbox 1943 5608 3525 5682; baseline -0.001 -15"><span class='ocrx_word' id='word_1_859' title='bbox 1943 5612 2212 5668; x_wconf 79' lang='lat' dir='ltr'><strong>Ardentes</strong></span> <span class='ocrx_word' id='word_1_860' title='bbox 2236 5612 2422 5682; x_wconf 87' lang='lat' dir='ltr'><strong>utique</strong></span> <span class='ocrx_word' id='word_1_861' title='bbox 2455 5625 2524 5668; x_wconf 80' lang='lat' dir='ltr'><strong>e-x</strong></span> <span class='ocrx_word' id='word_1_862' title='bbox 2548 5627 2637 5680; x_wconf 88' lang='lat' dir='ltr'><strong>se,</strong></span> <span class='ocrx_word' id='word_1_863' title='bbox 2667 5621 2725 5667; x_wconf 85' lang='lat' dir='ltr'><strong>et</strong></span> <span class='ocrx_word' id='word_1_864' title='bbox 2744 5612 3028 5680; x_wconf 85' lang='lat' dir='ltr'><strong>loquentes</strong></span> <span class='ocrx_word' id='word_1_865' title='bbox 3052 5611 3119 5666; x_wconf 80' lang='lat' dir='ltr'><strong>de</strong></span> <span class='ocrx_word' id='word_1_866' title='bbox 3155 5625 3235 5667; x_wconf 87' lang='lat' dir='ltr'><strong>se.</strong></span> <span class='ocrx_word' id='word_1_867' title='bbox 3268 5608 3442 5669; x_wconf 82' lang='lat' dir='ltr'><strong>Simul</strong></span> <span class='ocrx_word' id='word_1_868' title='bbox 3468 5618 3525 5668; x_wconf 91' lang='lat' dir='ltr'><strong>et</strong></span> 
     </span>
    </p>
   </div>
   <div class='ocr_carea' id='block_1_117' title="bbox 1942 5703 3523 5776">
    <p class='ocr_par' dir='ltr' id='par_1_117' title="bbox 1942 5703 3523 5776">
     <span class='ocr_line' id='line_1_117' title="bbox 1942 5703 3523 5776; baseline 0.001 -16"><span class='ocrx_word' id='word_1_869' title='bbox 1942 5705 2210 5770; x_wconf 86' lang='lat' dir='ltr'><strong>indicans,</strong></span> <span class='ocrx_word' id='word_1_870' title='bbox 2236 5706 2364 5776; x_wconf 84' lang='lat' dir='ltr'><strong>quia</strong></span> <span class='ocrx_word' id='word_1_871' title='bbox 2403 5714 2589 5761; x_wconf 78' lang='lat' dir='ltr'><strong>sancta</strong></span> <span class='ocrx_word' id='word_1_872' title='bbox 2634 5703 2874 5760; x_wconf 82' lang='lat' dir='ltr'><strong>Ecclesia</strong></span> <span class='ocrx_word' id='word_1_873' title='bbox 2914 5714 3012 5772; x_wconf 82' lang='lat' dir='ltr'><strong>per</strong></span> <span class='ocrx_word' id='word_1_874' title='bbox 3037 5703 3223 5761; x_wconf 82' lang='lat' dir='ltr'><strong>mundi</strong></span> <span class='ocrx_word' id='word_1_875' title='bbox 3262 5704 3523 5763; x_wconf 68' lang='lat' dir='ltr'><strong>terminos</strong></span> 
     </span>
    </p>
   </div>
   <div class='ocr_carea' id='block_1_118' title="bbox 1945 5795 3289 5868">
    <p class='ocr_par' dir='ltr' id='par_1_118' title="bbox 1945 5795 3289 5868">
     <span class='ocr_line' id='line_1_118' title="bbox 1945 5795 3289 5868; baseline -0.002 -16"><span class='ocrx_word' id='word_1_876' title='bbox 1945 5795 2167 5853; x_wconf 84' lang='lat' dir='ltr'><strong>dilatata</strong></span> <span class='ocrx_word' id='word_1_877' title='bbox 2192 5798 2433 5853; x_wconf 84' lang='lat' dir='ltr'><strong>omnium</strong></span> <span class='ocrx_word' id='word_1_878' title='bbox 2456 5797 2698 5868; x_wconf 82' lang='lat' dir='ltr'><strong>gentium</strong></span> <span class='ocrx_word' id='word_1_879' title='bbox 2721 5802 2840 5851; x_wconf 80' lang='lat' dir='ltr'><strong>erat</strong></span> <span class='ocrx_word' id='word_1_880' title='bbox 2865 5811 2999 5853; x_wconf 78' lang='lat' dir='ltr'><strong>voca</strong></span> <span class='ocrx_word' id='word_1_881' title='bbox 3024 5796 3289 5855; x_wconf 87' lang='lat' dir='ltr'><strong>locutura.</strong></span> 
     </span>
    </p>
   </div>
   <div class='ocr_carea' id='block_1_119' title="bbox 2021 5885 3543 5959">
    <p class='ocr_par' dir='ltr' id='par_1_119' title="bbox 2021 5885 3543 5959">
     <span class='ocr_line' id='line_1_119' title="bbox 2021 5885 3543 5959; baseline -0.009 1"><span class='ocrx_word' id='word_1_882' title='bbox 2021 5888 2268 5959; x_wconf 64' lang='lat' dir='ltr'><strong>sedum</strong></span> <span class='ocrx_word' id='word_1_883' title='bbox 2290 5902 2454 5959; x_wconf 71' lang='grc' dir='ltr'><strong>ηρη</strong></span> <span class='ocrx_word' id='word_1_884' title='bbox 2470 5885 2705 5958; x_wconf 59' lang='grc' dir='ltr'><strong>δίψιοι</strong></span> <span class='ocrx_word' id='word_1_885' title='bbox 2730 5903 2932 5945; x_wconf 67' lang='grc' dir='ltr'><strong>ποκα.</strong></span> <span class='ocrx_word' id='word_1_886' title='bbox 2967 5887 3121 5957; x_wconf 74' lang='lat' dir='ltr'><strong>Quod</strong></span> <span class='ocrx_word' id='word_1_887' title='bbox 3157 5891 3362 5950; x_wconf 79' lang='lat' dir='ltr'><strong>sedisse</strong></span> <span class='ocrx_word' id='word_1_888' title='bbox 3380 5890 3543 5951; x_wconf 80' lang='lat' dir='ltr'><strong>diei--</strong></span> 
     </span>
    </p>
   </div>
  </div>
