4030 6450
528 431 641 488 $27

536 633 754 705 requies
781 629 1046 685 indicatur
1077 625 1132 679 in
1159 622 1381 679 sanctis.

610 725 680 782 Et
717 727 973 793 cmperunt
1011 717 1152 788 loqui
1180 715 1299 770 aliis
1348 713 1559 782 linguis.
1591 711 1866 769 Unitatem
1907 708 2119 778 lingua-

539 831 682 878 rum,
712 826 873 884 quam
912 807 1165 878 superbia
1208 803 1494 876 Babylonis
1523 801 1874 871 disperserat,
1905 795 2120 852 humili-

543 916 626 960 tas
653 901 910 960 Ecclesiae
956 897 1236 968 recolligit.
1273 894 1638 966 Spiritualiter
1675 900 1852 948 autem
1888 889 2123 945 varietas

539 995 864 1067 linguarum,
903 993 1044 1046 dona
1070 987 1345 1042 variarum
1371 984 1640 1056 significat
1669 982 1984 1054 gratiarum.
2027 977 2126 1034 Ve-

543 1101 664 1142 rum
694 1100 802 1140 non
832 1083 1125 1152 incongrue
1151 1079 1373 1148 spiritus
1399 1084 1618 1130 sanctus
1645 1073 1976 1143 intelligitur,
2007 1071 2126 1125 ideo

540 1177 778 1249 primum
807 1174 1112 1245 linguarum
1157 1170 1355 1225 donum
1385 1167 1597 1223 dedisse
1635 1164 1966 1229 hominibus,
2009 1160 2130 1231 qui-

542 1268 646 1324 bus
675 1268 912 1322 humana
939 1261 1203 1332 sapientia
1249 1259 1548 1315 forinsecus
1574 1265 1628 1311 et
1667 1255 1914 1319 discitur,
1953 1261 2010 1307 et
2036 1252 2130 1306 do-

546 1368 719 1423 cetur,
745 1366 804 1412 ut
848 1356 1177 1420 ostenderet,
1224 1369 1388 1424 quam
1436 1349 1596 1405 facile
1644 1347 1816 1419 possit
1860 1345 2129 1417 sapientes

545 1450 724 1506 facere
751 1464 848 1519 per
874 1447 1194 1517 sapientiam
1216 1445 1334 1509 Dei,
1363 1458 1484 1513 qua:
1505 1441 1584 1496 eis
1611 1440 1820 1494 interna
1849 1444 1951 1493 est.

617 1545 786 1599 Erant
829 1551 1004 1597 autem
1031 1542 1086 1596 in
1124 1537 1459 1594 Hierusalem
1488 1535 1784 1589 habitantes
1826 1529 2006 1586 Judaei
2037 1526 2132 1582 viri

547 1637 795 1708 religiosi,
829 1644 936 1692 etc.
965 1634 1303 1691 Conveniens
1353 1639 1486 1702 puto
1522 1629 1859 1700 perquirere,
1910 1623 2133 1694 quinam

547 1729 636 1784 isti
662 1736 806 1792 sunt,
832 1736 887 1782 et
911 1743 978 1782 ex
1004 1743 1109 1796 qua
1139 1724 1452 1794 captivitate
1491 1720 1683 1784 Judaei,
1727 1715 1982 1788 quoniam
2023 1713 2136 1781 qui-

548 1820 670 1874 dem
702 1819 791 1872 illa
817 1833 936 1887 quae
965 1818 1020 1871 in
1050 1815 1284 1886 Egypto
1311 1813 1488 1868 fuerat
1515 1810 1600 1865 vel
1623 1811 1674 1864 in
1699 1805 2008 1878 Babylonia,
2040 1803 2136 1857 ab-

1818 413 2175 472 SMARAGDI
2211 408 2508 469 ABBATIS
3625 468 3628 471 _

533 553 644 607 tur,
685 537 849 610 regiae
890 542 975 592 est
1005 530 1291 604 potestatis
1333 529 1612 596 indicium,
1654 526 1741 582 vel
1787 535 1936 584 certe
1984 526 2111 597 quia
2137 513 2479 590 A'daismum
2503 519 2703 592 eligere
2727 517 3018 582 malebant,
3056 515 3197 571 sicut
3221 513 3419 570 Achior
3442 512 3496 567 in
3536 509 3676 568 libro
3703 511 3805 567 Ju-

3681 399 3801 457 328

2217 622 2332 679 dith
2361 621 2555 678 fecisse
2593 629 2845 675 narratur
2871 617 3104 689 (Iudith.
3136 613 3270 686 xxv).
3309 613 3424 671 Non
3447 613 3622 670 solum
3645 627 3803 686 ergo,

2218 715 2486 785 inquiunt,
2523 713 2617 783 qui
2659 720 2852 766 natura
2895 717 3021 764 sunt
3065 706 3254 771 Judtei,
3303 720 3371 761 ex
3414 706 3630 761 diverso
3671 705 3808 760 orbe

2221 810 2603 866 convenerant,
2616 815 2806 857 verum
2824 807 2880 855 et
2895 798 2953 854 bi
2970 797 3063 868 qui
3085 797 3152 852 de
3175 794 3438 866 praeputio
3455 796 3592 862 nati,
3612 809 3808 851 eorum

2223 895 2547 952 adhaeserint
2570 892 2701 963 juri.

2539 999 2877 1042 EVANGELIUI
2915 997 3146 1046 JOANNIS,
3178 996 3296 1036 CAP.
3335 993 3452 1036 XIV.

2303 1099 2322 1132 ι
2351 1079 2410 1136 Si
2437 1079 2558 1150 quis
2582 1078 2754 1150 diligit
2786 1093 2895 1144 me,
2920 1089 3227 1132 sermonem
3252 1088 3432 1135 meum
3461 1071 3730 1137 servabit,
3761 1080 3814 1127 et

2234 1190 2255 1226 (
2287 1181 2443 1245 pater
2470 1187 2624 1227 meus
2651 1170 2836 1241 diliget
2875 1184 3018 1235 eum,
3059 1177 3115 1224 et
3158 1168 3227 1222 ad
3263 1183 3388 1223 eum
3424 1166 3729 1227 veniemus,
3764 1172 3816 1219 et

2235 1284 2256 1317 ι
2292 1263 2627 1320 mansionem
2673 1263 2813 1334 apud
2849 1277 2972 1317 eum
3013 1259 3292 1315 faciemus.
3343 1257 3444 1326 Qui
3486 1272 3594 1312 non
3641 1254 3817 1326 diligit

2237 1375 2256 1410 ι
2286 1373 2394 1421 me,
2449 1370 2728 1412 sermones
2775 1369 2926 1410 meos
2975 1368 3083 1408 non
3131 1359 3332 1407 servat.
3386 1349 3455 1404 Et
3507 1363 3815 1404 sermonem

2239 1468 2258 1501 ι
2287 1465 2447 1520 quem
2471 1447 2698 1504 audistis
2722 1461 2830 1502 non
2848 1453 2933 1501 est
2959 1459 3130 1509 meus,
3161 1443 3256 1498 sed
3287 1441 3405 1512 ejus
3429 1439 3522 1510 qui
3553 1438 3709 1493 misit
3737 1453 3818 1493 me

2241 1563 2260 1596 ‹
2291 1543 2482 1613 patris.
2513 1539 2641 1595 Hinc
2666 1539 2878 1594 locutus
2920 1552 3039 1592 sum
3067 1535 3222 1590 vobis
3261 1533 3402 1604 apud
3443 1545 3541 1586 vos
3566 1543 3813 1585 manens.

2242 1654 2260 1688 ι
2291 1636 2604 1692 Paracletus
2648 1643 2830 1689 autem
2875 1631 3098 1703 spiritus
3140 1635 3378 1693 sanctus,
3426 1639 3587 1696 quem
3640 1624 3820 1679 mittet

2243 1749 2261 1782 ‹
2292 1738 2446 1801 pater
2483 1729 2540 1783 in
2569 1728 2786 1784 nomine
2813 1741 2955 1791 meo,
3001 1723 3091 1778 ille
3130 1738 3227 1778 vos
3271 1719 3487 1778 docebit
3519 1717 3731 1780 omnia,
3772 1723 3822 1770 et

2245 1841 2264 1874 ι
2297 1829 2546 1893 suggeret
2588 1821 2742 1876 vobis
2795 1819 2976 1875 omnia
3035 1830 3371 1887 quascunque
3411 1813 3600 1868 dixero
3642 1810 3818 1864 vobis.

549 1909 723 1964 soluta
756 1909 868 1979 jam
909 1907 1103 1962 fuerat.
1137 1905 1367 1960 Romani
1397 1911 1576 1957 autem
1616 1899 1854 1954 nondum
1876 1900 2136 1952 venerant
2162 1884 2214 1942 Β
2243 1932 2262 1964 ε
2291 1884 2485 1968 pagg",
2513 1911 2759 1980 relinquo
2785 1909 2956 1974 vobis,
2979 1884 3168 1978 paéem
3193 1884 3370 1960 mea",
3397 1902 3466 1957 (ιο
3497 1900 3675 1955 vobis.
3709 1897 3822 1953 Non

549 1997 606 2052 in
631 1998 1023 2067 captivitatem,
1051 1996 1179 2051 licet
1217 1993 1329 2063 jam
1372 2001 1428 2049 et
1473 1994 1588 2063 ipsa
1622 1991 1928 2045 immineret
1967 1985 2134 2040 ultrix

547 2089 823 2146 commissi
865 2089 931 2144 de
962 2087 1241 2142 Salvatore
1285 2085 1504 2156 piaculi.
1549 2083 1810 2154 Superest
1853 2080 2036 2151 igitur,
2074 2084 2137 2131 ut

549 2181 640 2238 illa
677 2181 1011 2251 intelligatur
1053 2179 1360 2250 captivitas,
1408 2192 1529 2246 quae
1566 2176 1666 2230 sub
1697 2171 1965 2227 Antiocho
1995 2169 2136 2224 facta

548 2282 653 2338 est,
681 2273 826 2343 quod
867 2271 1055 2341 utique
1097 2286 1205 2326 non
1237 2270 1420 2325 multis
1457 2277 1584 2324 ante
1633 2265 1961 2337 temporibus
1989 2263 2134 2318 acci-

548 2364 722 2420 derat.

621 2455 883 2521 Quoniam
905 2441 1169 2509 audiebat
1211 2451 1565 2523 unusquisque
1599 2449 1780 2521 lingua
1817 2465 1915 2503 sua
1941 2464 2026 2503 eos
2054 2446 2137 2501 lo-

545 2557 777 2620 quentes.
822 2547 1094 2615 Quzeritur
1141 2547 1197 2601 in
1234 2547 1338 2601 hoc
1389 2546 1526 2611 loco,
1574 2545 1719 2615 quod
1763 2543 2137 2612 unusquisque

547 2641 804 2695 audiebat
846 2640 1045 2710 linguis
1091 2641 1204 2694 suis
1251 2639 1533 2707 loquentes
1570 2652 1664 2692 eos
1698 2635 1967 2706 magnalia
2018 2633 2136 2698 Dei,

546 2739 731 2786 utrum
751 2732 808 2786 hi
832 2733 923 2800 qui
950 2732 1311 2801 loquebantur
1324 2731 1550 2786 diversis
1576 2732 1941 2796 sermonibus,
1963 2730 2140 2786 unius-

548 2821 811 2892 cujusque
853 2821 1072 2892 linguae,
1121 2823 1225 2876 hoc
1261 2823 1404 2891 quod
1448 2821 1731 2876 dicebatur
1771 2818 2137 2890 proferebant,

546 2909 605 2964 id
628 2917 727 2973 est,
755 2911 1123 2980 unusquisque
1149 2925 1360 2975 eorum,
1388 2926 1531 2965 nunc
1555 2910 1682 2975 hac,
1708 2925 1854 2964 nunc
1892 2909 1998 2963 alia
2037 2909 2141 2962 lin-

549 3017 653 3072 gua
679 3000 905 3070 loquens
931 3002 1011 3057 sic
1037 3016 1132 3070 per
1169 3017 1359 3057 omnes
1398 3010 1666 3067 curreret,
1694 3017 1761 3056 an
1789 3003 1842 3056 in
1871 3017 1936 3057 eo
1959 3001 2141 3072 potius

548 3101 666 3148 erat
690 3093 958 3159 mirabile,
1002 3093 1144 3162 quod
1189 3109 1367 3148 sermo
1405 3107 1594 3148 eorum
1633 3094 1726 3163 qui
1758 3093 2135 3163 loquebantur,

549 3183 792 3254 qualibet
815 3183 999 3255 lingua
1037 3182 1232 3239 fuisset
1277 3185 1680 3255 pronuntiatus,
1724 3185 2015 3255 unicuique
2045 3200 2140 3238 au-

549 3275 717 3330 dienti
773 3277 1067 3332 secundum
1114 3292 1271 3332 suam
1321 3276 1561 3348 linguam
1614 3277 2033 3348 intelligebatur,
2080 3287 2141 3332 ut

547 3366 703 3422 verbi
748 3368 921 3437 gratia
945 3408 960 3434 ,
1011 3383 1340 3438 unoquoque
1388 3367 1633 3439 apostolo
1691 3369 1747 3424 in
1793 3368 2036 3424 Ecclesia
2061 3369 2142 3425 lo-

548 3467 768 3528 quente.
799 3459 1033 3516 Necesse
1061 3461 1204 3515 enim
1233 3468 1352 3515 erat
1388 3461 1690 3516 tacentibus
1725 3461 1948 3530 reliquis
1971 3477 2141 3516 unum

547 3546 716 3616 loqui,
757 3557 813 3602 et
853 3564 1160 3603 sermonem
1189 3565 1357 3604 unum
1384 3550 1453 3603 ad
1482 3549 1723 3604 auditum
1756 3551 1997 3605 omnium
2019 3565 2142 3620 per-

554 3638 763 3704 venire,
789 3639 904 3709 ipse
933 3655 1114 3696 sermo
1153 3642 1294 3696 hanc
1332 3642 1388 3695 in
1425 3657 1487 3696 se
1525 3641 1634 3696 vim
1661 3642 1904 3706 haberet,
1935 3650 1996 3696 ut
2017 3658 2142 3697 cum

557 3731 893 3786 diversarum
937 3732 1180 3803 gentium
1215 3733 1490 3788 auditores
1524 3742 1731 3799 essent,
1772 3735 2144 3804 unusquisque

552 3820 850 3876 secundum
891 3821 1130 3894 linguam
1161 3838 1336 3890 suam,
1366 3823 1513 3879 illius
1551 3824 1722 3895 ipsius
1751 3826 1911 3881 unius
1937 3841 2144 3882 sermo-

553 3909 658 3974 nis,
690 3909 782 3978 qui
807 3910 876 3966 ab
911 3911 1156 3982 apostolo
1197 3911 1374 3968 fuerat
1422 3915 1804 3984 pronuntiatus
1843 3917 2143 3987 susciperet

552 4001 814 4067 auditum,
839 4009 896 4058 et
923 4011 1142 4074 caperet
1163 4003 1521 4071 intellectum,
1548 4005 1653 4060 nisi
1681 4004 1823 4061 forte
1845 4008 2144 4063 secundum

552 4091 658 4146 hoc
706 4091 878 4164 magis
931 4093 1214 4149 videbatur
1273 4094 1599 4151 audiendum
1642 4110 1764 4153 esse
1819 4098 2142 4154 miraculum

553 4189 718 4250 quam
748 4181 1094 4252 loquendum.

628 4266 918 4341 Stupebant
952 4283 1130 4329 autem
1173 4291 1349 4330 omnes
1392 4283 1443 4330 et
1486 4277 1819 4332 mirabantur
1865 4277 2092 4333 dicentes
2121 4291 2141 4331 :

471 4437 474 4440 Q
561 4359 752 4414 Nonne
788 4378 903 4416 ecce
930 4379 1107 4418 omnes
1140 4365 1230 4418 isti
1253 4367 1343 4437 qui
1379 4365 1667 4437 loquuntur
1687 4365 1896 4423 Galilei
1919 4379 2060 4436 sunt,
2094 4377 2142 4423 et

555 4449 815 4519 quomodo
864 4468 959 4505 nos
995 4453 1314 4520 audivimus,
1362 4458 1715 4528 unusquisque
1767 4457 2001 4529 linguam
2051 4476 2143 4514 no-

2241 2023 2260 2055 ‹
2295 2002 2563 2074 quomodo
2589 2001 2821 2057 mundus
2846 2000 2960 2065 dat,
2997 2013 3097 2069 ego
3122 1997 3190 2054 do
3219 1995 3393 2050 vobis.
3433 1993 3552 2048 Non
3575 1992 3824 2046 turbetur

2244 2119 2262 2152 ‹
2293 2114 2387 2155 cor
2410 2104 2654 2153 vestrum
2699 2109 2873 2164 neque
2913 2091 3187 2147 formidet.
3234 2089 3497 2153 Audistis,
3545 2087 3678 2156 quia
3719 2082 3826 2140 dixi

2243 2208 2262 2241 ι
2297 2189 2468 2253 vobis,
2494 2186 2653 2252 vado,
2700 2191 2755 2240 et
2785 2184 2946 2239 venio
2995 2183 3062 2237 ad
3102 2197 3222 2237 vos.
3271 2179 3330 2235 Si
3371 2178 3671 2250 diligeretis
3720 2192 3824 2241 me,

2244 2299 2263 2332 ι
2290 2278 2593 2351 gauderetis
2611 2276 2818 2347 utique,
2840 2275 2968 2346 quia
2990 2275 3128 2330 vado
3156 2274 3224 2329 ad
3250 2281 3476 2343 patrem,
3505 2271 3630 2341 quia
3655 2268 3830 2324 Pater

2246 2390 2264 2422 ‹
2295 2369 2468 2439 major
2490 2384 2576 2425 me
2597 2376 2700 2424 est.
2737 2367 2805 2422 Et
2825 2381 2966 2422 nunc
3000 2366 3112 2420 dixi
3135 2363 3308 2428 vobis,
3351 2362 3668 2432 priusquam
3711 2359 3826 2423 ﬁat,

2246 2481 2264 2514 ι
2293 2469 2354 2519 ut
2373 2477 2496 2518 cum
2524 2459 2726 2516 factum
2766 2457 2930 2514 fuerit
2968 2454 3221 2513 credatis.
3251 2451 3370 2507 Jam
3401 2466 3509 2506 non
3539 2449 3715 2505 multa
3750 2448 3824 2502 lo-

2247 2573 2266 2608 (
2304 2554 2453 2626 (ιιιειιί
2471 2553 2768 2609 vobiscum.
2801 2550 2964 2606 Venit
2989 2548 3134 2604 enim
3153 2545 3410 2616 Princeps
3432 2543 3622 2598 mundi
3645 2541 3826 2611 hujus,

2249 2663 2267 2696 ι
2299 2644 2438 2700 etin
2466 2655 2555 2698 me
2594 2657 2704 2698 non
2737 2639 2901 2696 habet
2944 2639 3259 2710 quidquam,
3305 2635 3400 2691 sed
3437 2642 3499 2689 ut
3537 2639 3828 2704 cognoscat

2249 2751 2268 2785 ι
2299 2735 2552 2797 mundus,
2588 2732 2717 2803 quia
2764 2730 2927 2802 diligo
2965 2740 3197 2800 patrem,
3247 2733 3302 2783 et
3342 2726 3486 2783 sicut
3514 2724 3825 2780 mandatum

2249 2842 2268 2876 ‹
2297 2823 2446 2879 dedit
2473 2822 2605 2876 mihi
2633 2829 2804 2892 pater,
2838 2820 2918 2876 sic
2944 2819 3102 2875 facio.
3128 2839 3149 2872 ι

2313 2913 2376 2969 Si
2404 2914 2519 2984 quis
2541 2912 2710 2983 diligit
2732 2929 2834 2977 me,
2862 2927 3153 2967 sermonem
3180 2927 3356 2965 meum
3382 2893 3696 2974 servabit,et
3726 2904 3828 2960 Pa-

2244 3017 2324 3063 ter
2352 3023 2497 3061 meus
2519 3004 2699 3076 diliget
2725 3013 2927 3070 eum,et
2952 3005 3021 3058 ad
3050 3019 3192 3070 eum,
3212 3001 3494 3065 veniemus,
3526 3008 3574 3054 et
3595 2997 3827 3052 mansio-

2245 3113 2361 3152 nem
2404 3095 2546 3166 apud
2591 3111 2710 3149 eum
2738 3094 3010 3163 faciemus.
3051 3093 3306 3149 Probatio
3330 3106 3462 3163 ergo
3501 3089 3828 3151 dilectionis,

2245 3186 2508 3242 exhibitio
2533 3192 2617 3240 est
2643 3185 2842 3255 operis.
2874 3182 3012 3238 Hinc
3031 3183 3086 3236 in
3109 3180 3346 3252 Epistola
3375 3195 3471 3235 sua
3503 3177 3648 3233 idem
3677 3175 3814 3232 Joau

2242 3295 2341 3334 nes
2369 3276 2536 3333 dicit:
2587 3274 2690 3341 Qui
2725 3274 2874 3341 dicit,
2918 3274 3042 3344 quia
3079 3272 3241 3342 diligo
3271 3271 3441 3325 Deum
3483 3278 3536 3324 et
3580 3269 3828 3322 mandata

2240 3369 2355 3440 ejus
2403 3385 2508 3422 non
2550 3365 2799 3429 custodit,
2848 3363 3073 3418 mendax
3115 3371 3190 3416 est
3242 3360 3293 3433 (Ι
3326 3360 3488 3416 Ιοαη.
3534 3360 3643 3430 ιιι).
3695 3359 3829 3415 Vere

2239 3461 2385 3516 enim
2409 3458 2682 3529 diligimus
2716 3456 2907 3520 Deum,
2931 3455 2977 3509 si
3019 3455 3270 3510 mandata
3299 3453 3417 3524 ejus
3452 3454 3830 3515 observamus,

2241 3561 2296 3609 et
2340 3567 2440 3607 nos
2465 3567 2496 3605 a
2537 3544 3130 3618 nostris'voluptatibus
3155 3554 3519 3603 coarctamur.
3563 3544 3637 3598 Et
3673 3540 3826 3598 Pam

2241 3658 2388 3697 meus
2415 3641 2586 3712 diligit
2629 3655 2766 3705 eum,
2801 3639 2928 3709 quia
2966 3653 3132 3709 opera
3160 3654 3281 3707 qum
3324 3644 3481 3709 pater
3518 3635 3675 3701 facit,
3720 3635 3828 3690 haec

2241 3743 2297 3789 et
2326 3733 2576 3790 similiter
2597 3733 2740 3787 filius
2769 3731 2919 3796 facit,
2945 3739 3001 3786 et
3027 3731 3120 3800 qui
3156 3725 3549 3801 diligit’filium,
3577 3726 3757 3795 diligit
3785 3733 3828 3779 el

2240 3832 2471 3895 patrem,
2497 3829 2553 3878 et
2573 3822 2664 3892 qui
2695 3822 2936 3893 diligitur
2970 3837 3002 3876 a
3028 3821 3140 3876 (ilio
3169 3820 3410 3891 diligitur
3440 3835 3470 3873 a
3492 3825 3674 3889 patre.

2311 3913 2383 3967 Et
2411 3912 2480 3967 ad
2519 3928 2638 3966 eum
2675 3912 2937 3965 veniemus
2965 3919 3014 3964 et
3056 3911 3378 3964 mansionem
3420 3907 3562 3979 apud
3595 3923 3718 3961 eum
3761 3907 3826 3974 {a-

2242 4003 2456 4057 ciemus.
2493 4000 2598 4068 Qui
2634 4000 2780 4054 enim
2804 4014 2933 4055 vere
2957 3999 3133 4070 diligit
3162 3999 3354 4065 Deum,
3386 4010 3488 4052 nec
3518 3996 3830 4051 tentationis

2241 4099 2484 4162 tempore
2512 4091 2716 4147 recedit
2760 4091 2829 4145 ab
2856 4105 3040 4145 amore
3069 4088 3188 4154 Dei,
3211 4089 3281 4144 ad
3306 4088 3450 4142 hunc
3493 4085 3724 4140 veniunt
3752 4101 3821 4156 pa.

2241 4190 2327 4239 ter
2349 4190 2406 4238 et
2433 4182 2574 4238 illius
2605 4180 2869 4252 spirituali
2900 4181 3231 4246 accessione,
3252 4187 3308 4233 et
3334 4177 3680 4234 mansionem
3699 4177 3831 4246 apud

2241 4289 2367 4330 eum
2414 4275 2638 4330 habent.
2686 4272 2781 4328 Ille
2823 4273 2969 4328 enim
3011 4277 3353 4350 vere_amat,
3400 4270 3557 4348 cujus
3585 4268 3830 4326 videlicet

2241 4374 2481 4422 mentem
2517 4364 2806 4422 delectatio
2834 4379 3000 4435 prava
3038 4379 3106 4418 ex
3146 4378 3417 4420 consensu
3444 4377 3551 4416 non
3594 4373 3831 4432 superat.
3866 4417 3878 4436 ,

2243 4454 2379 4511 Nam
2429 4463 2580 4510 tanto
2629 4454 2856 4526 quisque
2903 4470 2936 4508 a
2978 4468 3214 4524 superno
3257 4467 3441 4508 amore
3489 4451 3832 4524 disjungitur,
3872 4479 3877 4484 -

555 4547 743 4605 stram,
770 4541 824 4594 in
848 4558 953 4611 qua
983 4542 1094 4595 nati
1132 4559 1332 4610 sumus,
1373 4544 1562 4600 Parthi
1599 4556 1646 4601 et
1671 4547 1834 4614 Medi,
1861 4559 1909 4603 et
1939 4549 2142 4605 Elami-
2167 4583 2218 4643 D
2245 4553 2448 4615 quanto
2474 4544 2698 4600 inferius
2722 4543 3040 4600 delectatur.
3070 4543 3296 4599 Dilectio
3329 4551 3544 4598 sanctos
3575 4543 3832 4598 discernit

555 4638 641 4693 tte,
666 4638 714 4683 et
739 4631 828 4701 qui
855 4631 1094 4686 habitam
1113 4631 1544 4705 Mesopotamiam
1569 4647 1618 4692 et
1639 4638 1907 4705 Judteam,
1923 4648 1973 4694 et
2003 4639 2139 4712 Cap-

555 4719 869 4788 padociam?
896 4720 1140 4777 Iudaeam
1158 4723 1261 4778 hoc
1292 4723 1411 4780 loco
1436 4740 1542 4780 non
1572 4734 1738 4780 totam
1777 4737 2013 4798 gentem,
2042 4730 2138 4786 sed

556 4818 765 4882 partem
795 4813 955 4879 illius,
985 4815 1088 4870 hoc
1128 4823 1228 4880 est,
1276 4817 1474 4872 tribum
1501 4815 1634 4874 Juda
1677 4827 1731 4873 et
1757 4820 2037 4892 Benjamin
2067 4822 2141 4876 si-

557 4903 800 4974 gniﬁcat,
841 4907 910 4962 ad
946 4907 1344 4962 distinctionem
1383 4909 1632 4966 videlicet
1677 4910 1956 4980 Samarise,
1991 4913 2139 4969 Gali-

554 4994 688 5061 ιω,
719 4996 1070 5068 Decapoleos,
1097 5007 1152 5055 et
1176 4999 1402 5054 aliarum
1431 5002 1487 5056 in
1519 5003 1708 5059 eadem
1748 5005 2023 5075 provincia
2053 5021 2138 5060 re-

551 5087 794 5158 gionum,
847 5105 969 5159 qua:
1013 5090 1141 5146 licet
1181 5106 1369 5147 omnes
1410 5108 1518 5147 una
1559 5093 1740 5165 lingua
1787 5096 2136 5166 loquerentur

554 5176 797 5242 Hebraea,
833 5180 1182 5236 domesticam
1210 5189 1387 5236 tamen
1416 5183 1638 5255 singulae
1661 5186 1871 5242 dicendi
1899 5188 2134 5258 speciem

553 5268 791 5326 habuere
815 5271 1146 5328 distinctam.
1193 5273 1344 5329 Unde
1369 5282 1423 5329 et
1460 5274 1654 5332 Petrus
1682 5277 1737 5332 in
1767 5279 1981 5334 Domini
2008 5295 2134 5350 pas-

553 5362 725 5430 sione,
751 5366 892 5435 quod
919 5364 1170 5422 Galilaeus
1198 5368 1270 5424 sit
1297 5367 1508 5438 loquela
1532 5386 1627 5425 sua
1649 5372 1915 5440 proditur.

624 5449 854 5508 Pontum
880 5464 928 5509 et
951 5456 1152 5524 Asiam,
1175 5455 1459 5528 Phrygiam
1481 5467 1530 5513 et
1559 5457 1946 5532 Pamphyliam,
1965 5464 2136 5536 zEgy-

556 5548 700 5608 ptum
745 5552 792 5596 et
843 5555 1016 5616 partes
1068 5547 1266 5619 Libym,
1315 5566 1432 5620 quae
1468 5560 1543 5605 est
1590 5552 1729 5607 circa
1779 5552 2035 5624 Cyrenen,
2084 5565 2134 5612 et

557 5635 788 5703 adventa,
829 5638 1072 5707 Romani,
1120 5641 1302 5696 Judaei
1348 5659 1568 5714 quoque,
1619 5653 1666 5698 et
1708 5646 1978 5717 proselyti,
2025 5657 2129 5705 etc.

558 5726 885 5800 Proselytos,
914 5731 967 5788 id
992 5740 1095 5800 est,
1121 5733 1378 5800 advenas,
1415 5735 1797 5805 nuncupabant
1828 5751 1922 5792 eos
1943 5738 2035 5808 qui
2067 5739 2134 5795 de

558 5820 804 5891 gentibus
842 5822 1106 5896 originem
1131 5823 1410 5895 ducentes,
1451 5825 1921 5885 circumcisionem
1948 5837 2004 5886 et
2043 5827 2136 5888 Ju-

2243 4651 2276 4690 a
2311 4637 2530 4701 mundo,
2571 4635 2666 4706 qui
2699 4634 2831 4690 facit
2872 4635 3120 4690 habitare
3164 4634 3446 4690 unanimes
3486 4633 3541 4688 in
3568 4634 3756 4700 domo,
3785 4635 3832 4688 in

2243 4741 2346 4796 qua
2376 4726 2536 4781 domo
2558 4725 2690 4780 facit
2715 4733 2869 4795 pater
2888 4732 2944 4780 et
2961 4724 3105 4780 ﬁlius
3129 4725 3487 4792 mansionem,
3509 4726 3603 4795 qui
3631 4725 3832 4780 donant

2243 4825 2298 4872 et
2326 4818 2498 4886 ipsam
2527 4816 2892 4872 dilectionem.
2934 4817 3141 4884 Quibus
3177 4818 3381 4873 donant
3405 4819 3462 4872 in
3495 4817 3624 4885 ﬁne,
3669 4819 3833 4874 etiam

2241 4925 2395 4966 suam
2421 4909 2935 4978 manifestationem,
2967 4911 3033 4966 de
3059 4926 3166 4980 qua
3197 4910 3636 4967 nianifestatione
3666 4911 3831 4966 disci-

2239 5003 2398 5074 pulus
2427 5003 2798 5074 interrogavit,
2830 5011 2885 5059 et
2927 5004 3132 5058 audivit
3172 5006 3239 5060 ad
3264 5004 3408 5061 hanc
3431 5003 3830 5062 manifestatio-

2239 5109 2364 5149 nem
2390 5110 2488 5165 per
2510 5095 2854 5151 dilectionem
2881 5097 3306 5166 perveniendum
3330 5113 3470 5155 esse.

2314 5187 2418 5254 Qui
2448 5205 2552 5243 non
2585 5189 2758 5260 diligit
2783 5207 2864 5244 me
2909 5207 3173 5246 sermones
3203 5208 3343 5247 meos
3381 5209 3484 5247 non
3528 5203 3725 5249 servat.
3766 5192 3830 5250 Hi

2239 5287 2365 5334 sunt
2384 5280 2475 5348 qui
2501 5288 2710 5349 patrem
2731 5288 2786 5334 et
2803 5279 3049 5350 spiritum
3065 5289 3312 5336 sanctum
3325 5297 3598 5352 nunquam
3621 5283 3830 5349 vident,

2229 5375 2409 5431 ‘filium
2439 5386 2640 5442 autem,
2675 5393 2782 5431 non
2810 5385 2871 5433 ut
2895 5377 3286 5444 beneﬁcentur,
3310 5379 3404 5434 sed
3441 5375 3830 5445 utjudiccntur

2239 5466 2308 5521 ad
2331 5468 2604 5522 modicum
2637 5468 2841 5533 vident,
2879 5484 2981 5524 nec
3001 5469 3176 5540 ipsum
3203 5470 3258 5523 in
3282 5467 3456 5525 forma
3479 5469 3596 5531 Dei,
3629 5469 3724 5523 ubi
3748 5472 3831 5526 est

2237 5571 2360 5612 cum
2386 5565 2540 5628 patre
2567 5567 2623 5612 et
2647 5558 2840 5628 spiritu
2870 5559 3300 5629 sancto,pariter
3319 5558 3625 5624 invisibilis,
3653 5560 3754 5614 sed
3776 5560 3829 5616 in

2235 5649 2409 5706 forma
2435 5651 2796 5717 hominis,ubi
2825 5667 2946 5708 esse
2970 5653 3170 5707 mundo
3198 5651 3385 5718 voluit,
3412 5653 3670 5721 patiendo
3697 5666 3829 5707 con-

2237 5743 2572 5814 temptibilis,
2599 5744 2895 5814 judicando
2933 5743 3215 5800 terribilis.

2311 5834 2380 5890 Et
2412 5853 2702 5892 sermonem
2729 5854 2878 5909 quem
2918 5837 3141 5892 audistis
3165 5851 3270 5890 non
3295 5845 3369 5892 est
3399 5852 3567 5900 meus,
3591 5835 3685 5891 sed
3713 5835 3827 5908 ejus
