4030 6486
173 397 284 456 329

963 392 1480 453 COLLECTIONES
1520 390 1588 445 IN
1626 389 2005 444 ΕΡἰὸΤοιῆ
2044 391 2132 446 ΕΤ
2180 391 2595 448 EVANGELIA.

3337 395 3442 452 550

172 515 264 589 qui
287 513 429 569 misit
455 530 538 569 me
566 516 751 586 patris.
777 513 914 582 Quid
943 522 1026 567 est
1070 513 1214 584 quod
1247 512 1397 583 prius
1432 509 1620 581 plurali
1663 525 1760 563 nu-
1785 509 1838 570 Α
1860 506 1971 572 bat,
2003 512 2059 561 et
2094 506 2237 561 idem
2275 506 2390 578 ipse
2420 505 2669 561 Christus
2714 517 2767 561 et
2791 509 2952 562 homo
2996 517 3050 563 et
3093 509 3256 565 Deus.
3303 512 3444 584 Ergo

174 621 329 663 mero
341 621 618 660 sermones
630 607 781 668 dixit,
799 622 940 660 nunc
954 614 1130 660 autem
1149 604 1404 675 singulari
1419 603 1758 660 sermonem?

176 695 433 752 Fortasse
458 697 856 765 prsedicationis
888 697 959 750 ibi
990 711 1270 752 sermones
1296 702 1644 760 monstraret,
1675 695 1763 749 hic

175 803 310 845 vero
346 787 604 856 seipsum,
630 787 723 858 qui
753 793 836 841 est
861 786 1084 841 verbum
1133 786 1324 855 patris,
1356 794 1411 840 et
1430 786 1553 842 ideo
1580 785 1715 840 dixit
1745 803 1756 838 :

178 893 288 935 non
319 893 496 943 suum,
528 877 672 947 quia
694 894 752 934 se
781 879 896 948 ipso
947 894 1053 932 non
1076 886 1176 943 est,
1209 878 1303 933 sed
1327 894 1358 932 a
1381 884 1554 948 patre.
1607 875 1763 931 Sicut

179 989 282 1028 nec
317 987 413 1026 sua
435 972 633 1042 imago,
666 970 758 1025 sed
772 972 962 1040 patris,
989 986 1087 1026 nec
1113 987 1240 1025 suus
1271 969 1429 1035 ﬁlius,
1449 969 1541 1024 sed
1569 969 1760 1039 patris.

178 1065 347 1120 Recte
381 1063 545 1132 igitur
574 1065 780 1118 auctori
811 1063 1035 1128 tribuit,
1060 1060 1318 1133 quidquid
1353 1060 1485 1116 facit
1520 1061 1760 1130 mqualis,

180 1171 212 1209 a
238 1168 342 1224 quo
372 1152 537 1207 habet
581 1153 684 1209 hoc
727 1154 901 1222 ipsum
929 1192 945 1220 ,
987 1151 1131 1222 quod
1165 1150 1240 1205 illi
1267 1159 1353 1206 est
1403 1149 1766 1207 indifferenter

181 1243 427 1315 aequalis.

256 1334 386 1389 Haec
410 1334 614 1389 locutus
639 1351 754 1388 sum
783 1334 925 1388 vobis
956 1334 1095 1404 apud
1129 1351 1216 1388 vos
1236 1350 1472 1389 manens.
1501 1333 1593 1388 llla
1615 1349 1766 1387 man-

183 1429 285 1494 sio,
329 1429 394 1495 de
422 1443 526 1496 qua
554 1427 802 1497 superius
836 1427 990 1491 dixit,
1023 1434 1076 1480 et
1097 1425 1355 1497 spiritalis
1393 1433 1497 1490 cst,
1533 1439 1652 1494 qua:
1674 1439 1764 1479 so-

183 1518 254 1573 lis
283 1518 486 1573 sanctis
509 1518 687 1572 datur.
711 1517 837 1571 [iure
858 1533 985 1572 vero
1007 1517 1074 1572 de
1094 1533 1199 1586 qua
1226 1532 1369 1571 nunc
1399 1515 1551 1580 dicit,
1575 1527 1768 1583 corpo-

186 1609 318 1665 ralis
341 1617 459 1673 est,
507 1609 572 1664 de
605 1625 700 1664 sua
738 1610 1025 1678 praesentia
1074 1607 1341 1676 corporali
1399 1608 1768 1662 tantummodo

185 1699 344 1764 dixit,
361 1715 521 1770 quam
543 1700 759 1770 utrique
784 1711 838 1755 et
861 1700 990 1770 justi
1008 1710 1061 1754 et
1085 1699 1232 1769 impii
1248 1699 1431 1752 videre
1454 1706 1764 1768 potuerunt;

182 1789 278 1844 Illa
307 1790 359 1845 in
390 1799 650 1846 internum
673 1790 948 1846 beatificat
978 1789 1251 1855 liberatos,
1282 1789 1397 1842 lucc
1425 1789 1478 1842 in
1530 1797 1769 1860 tempore

1861 600 1971 655 ibat
2003 614 2100 670 per
2131 600 2183 654 id
2211 600 2355 669 quod
2377 600 2539 654 homo
2571 609 2707 664 erat,
2737 611 2790 653 et
2817 601 3070 655 manebat
3103 616 3198 671 per
3227 603 3278 657 id
3303 604 3446 674 quod

1865 691 2003 745 Deus
2029 699 2164 746 erat.
2188 689 2354 760 Igitur
2378 690 2520 745 Deus
2552 691 2642 760 qui
2668 691 2814 746 nullo
2841 693 3149 747 continetur
3170 692 3310 760 loco,
3341 696 3452 752 dis-

1862 782 2005 835 cedit
2029 781 2316 853 ab_corum
2345 782 2596 837 cordibus
2625 781 2717 850 qui
2765 796 2888 836 eum
2933 782 3264 853 relinquunt,
3291 786 3452 842 mori-

1861 874 1962 928 bus
1993 890 2100 929 non
2128 874 2353 945 pedibus
2387 875 2536 928 venit
2563 874 2629 928 ad
2660 873 2778 928 illos
2799 874 2890 944 qui
2943 884 3334 933 convertuntur
3383 877 3450 934 ad

1863 981 2008 1032 eum,
2035 983 2142 1021 non
2167 967 2323 1032 facie,
2352 967 2446 1021 sed
2468 965 2571 1020 fide
2597 1006 2612 1031 ,
2666 972 2721 1020 et
2748 964 3011 1020 accedunt
3038 966 3106 1021 ad
3131 982 3257 1023 eum
3279 1007 3299 1037 ,
3340 985 3450 1024 non

1863 1074 2029 1113 carne
2057 1058 2149 1113 sed
2173 1058 2458 1112 charitate.

1933 1146 1993 1201 Si
2024 1147 2309 1218 diligeretis
2335 1165 2435 1211 me,
2458 1146 2756 1217 gauderetis
2808 1147 2987 1219 utique
3007 1187 3023 1212 ,
3060 1149 3184 1219 quia
3207 1150 3339 1204 vado
3382 1150 3452 1204 ad

1863 1248 2088 1310 patrem,
2119 1248 2221 1293 etc.
2255 1239 2360 1293 Per
2385 1238 2528 1308 quod
2578 1237 2744 1309 igitur
2773 1236 2917 1294 ﬁlius
2960 1253 3070 1293 non
3099 1249 3185 1294 est
3228 1241 3454 1311 aequalis

1864 1330 2026 1400 patri,
2057 1345 2154 1400 per
2177 1330 2279 1383 hoc
2309 1329 2483 1383 iturus
2513 1335 2631 1382 erat
2669 1327 2736 1383 ad
2759 1335 2991 1397 patrem,
3014 1329 3068 1384 in
3109 1344 3216 1400 quo
3264 1339 3456 1384 ventu-

1867 1441 1963 1478 rus
1989 1431 2091 1488 est,
2120 1424 2270 1477 vivos
2291 1422 2626 1489 iudicaturus
2651 1430 2706 1476 et
2733 1429 3010 1488 mortuos;
3035 1437 3132 1494 per
3159 1421 3289 1477 illud
3323 1437 3454 1478 vero

1867 1517 2009 1587 quod
2038 1524 2122 1569 est
2145 1514 2364 1584 aequalis
2391 1515 2552 1584 patri,
2581 1529 2854 1583 nunquam
2879 1515 3144 1570 recessita
3168 1525 3342 1584 patre,
3359 1517 3454 1572 sed

1868 1622 1990 1662 cum
2024 1606 2113 1660 illo
2138 1614 2222 1660 est
2247 1606 2446 1676 ubique
2477 1613 2621 1659 totus
2656 1620 2752 1674 per
2788 1605 3119 1660 divinitatem
3151 1621 3313 1675 quam
3338 1604 3458 1659 nul-

1869 1698 1952 1752 lus
1975 1699 2216 1752 continet
2257 1697 2440 1761 locus,
2494 1711 2850 1764 agnoscamus
2886 1697 3160 1766 geminam
3205 1697 3459 1751 substan-

1873 1791 2000 1844 tiam
2023 1788 2246 1853 Christi,
2279 1787 2515 1841 divinam
2543 1787 2768 1851 scilicet,
2801 1803 2904 1857 qua
2932 1787 3155 1856 aequalis
3185 1795 3270 1842 est
3291 1787 3456 1856 patri,

183 1882 374 1937 visitat
399 1881 724 1937 liberandos.
775 1879 927 1946 Hrec,
965 1881 1180 1950 inquit,
1239 1877 1440 1932 locutus
1487 1896 1601 1932 sum
1630 1879 1768 1934 vobis
1796 1876 1844 1935 B
1872 1882 2183 1946 humanam,
2209 1895 2315 1950 qua
2343 1877 2514 1946 major
2547 1886 2632 1934 est
2656 1887 2826 1948 pater.
2857 1878 3160 1949 Utrumque
3183 1887 3362 1934 autem
3387 1879 3462 1933 si-

187 1973 328 2042 apud
352 1991 439 2027 vos
465 1989 700 2038 manens,
719 1972 905 2042 utique
924 1971 1210 2042 praesentia
1234 1969 1500 2040 corporali
1517 1987 1620 2024 una
1647 1985 1770 2025 cum

189 2061 297 2118 illis
322 2063 624 2118 visibilibus
654 2061 994 2132 loquebatur.

258 2156 570 2212 Paracletus
597 2165 772 2211 autem
803 2157 1014 2227 spiritus
1039 2163 1270 2218 sanctus,
1294 2170 1445 2225 quem
1487 2154 1652 2207 mittet
1678 2169 1772 2223 pa-

184 2258 266 2303 ter
285 2249 340 2302 in
362 2249 568 2302 nomine
595 2264 730 2312 meo,
754 2245 842 2300 ille
860 2263 946 2300 vos
986 2245 1184 2299 docebit
1229 2245 1427 2308 omnia,
1458 2251 1564 2298 etc.
1607 2241 1773 2296 Multa

183 2340 322 2395 dixit
353 2339 696 2394 audientibus
726 2336 1051 2401 inﬁdelibus,
1077 2334 1198 2405 qua‘:
1225 2335 1279 2388 in
1301 2348 1489 2388 eorum
1511 2332 1673 2386 corde
1695 2332 1772 2386 lo-

180 2447 313 2486 cum
342 2446 450 2485 non
494 2431 837 2493 invenerunt,
863 2428 989 2496 quia
1019 2426 1242 2495 spiritus
1267 2432 1486 2479 sanctus
1513 2423 1657 2478 intus
1682 2437 1777 2480 eos

175 2536 299 2576 non
327 2519 572 2574 docebat.
605 2517 770 2571 Multa
821 2517 953 2572 dicit
987 2516 1227 2586 quotidie
1253 2530 1350 2586 per
1383 2523 1599 2569 sanctos
1643 2529 1778 2584 pra:-

179 2613 481 2676 dicatores,
504 2626 624 2681 qua:
645 2609 926 2664 audientes
956 2608 1182 2663 interius
1207 2623 1314 2661 non
1347 2607 1631 2676 recipiunt,
1648 2605 1775 2675 quia

180 2703 413 2794 spiritus
448 2708 668 2756 sanctus
688 2715 793 2755 non
820 2700 1059 2770 suggerit
1077 2700 1157 2754 eis
1182 2699 1567 2768 interius,quae
1593 2699 1775 2754 audie-

182 2788 317 2850 runt
345 2791 618 2857 exterius,
670 2791 736 2846 de
761 2805 869 2861 quo
914 2797 1060 2845 recte
1109 2790 1488 2860 promittitur:
1520 2788 1641 2860 Ipse
1686 2805 1773 2845 vos

184 2885 390 2940 docebit
417 2884 614 2939 omnia.
651 2882 789 2950 Quia
815 2883 918 2939 nisi
942 2883 1085 2938 idem
1109 2883 1333 2952 spiritus
1355 2883 1520 2937 corde
1555 2881 1775 2936 assistat

183 2976 480 3043 audientis,
511 2976 719 3030 otiosus
763 2983 847 3030 est
885 2988 1065 3029 sermo
1101 2974 1354 3029 doctoris.
1412 2972 1583 3028 Nemo
1628 2974 1775 3028 enim

184 3067 406 3124 docenti
439 3065 645 3122 homini
682 3064 902 3130 tribuat,
926 3065 1070 3136 quod
1095 3080 1158 3120 ex
1197 3079 1292 3121 ore
1327 3063 1574 3120 docentis
1620 3062 1775 3118 intel-

183 3159 324 3232 ligit,
353 3158 480 3229 quia
504 3157 609 3212 nisi
638 3157 782 3213 intus
813 3157 884 3212 sit
906 3156 998 3226 qui
1024 3157 1253 3222 doceat,
1317 3155 1552 3210 doctoris
1590 3153 1775 3224 lingua

1874 1974 1983 2030 mul
1999 1991 2105 2029 non
2118 1975 2243 2038 duo,
2269 1971 2362 2027 sed
2386 1987 2525 2027 unus
2539 1969 2808 2037 Christus,
2821 1986 2888 2024 ne
2903 1971 2975 2024 sit
2989 1969 3347 2040 quaternitas,
3364 1970 3459 2024 sed

1875 2065 2086 2120 trinitas
2111 2065 2272 2118 Deus.
2305 2061 2459 2117 Sicut
2484 2060 2628 2116 enim
2659 2077 2797 2115 unus
2818 2070 2904 2116 est
2946 2062 3110 2116 homo
3143 2061 3324 2115 anima
3368 2075 3460 2113 ra-

1872 2156 2088 2211 tionalis
2102 2164 2156 2210 et
2172 2170 2321 2220 caro,
2354 2154 2434 2209 sic
2462 2169 2600 2208 unus
2627 2161 2712 2208 est
2735 2147 3006 2219 Christus,
3026 2155 3166 2209 Deus
3195 2153 3458 2208 ethomo.

1872 2248 1952 2303 Ac
1997 2265 2097 2319 per
2126 2249 2227 2304 hoc
2251 2249 2500 2304 Christus
2540 2255 2594 2302 et
2624 2249 2799 2313 Deus,
2850 2249 3031 2302 anima
3081 2247 3362 2303 rationalis
3409 2253 3464 2302 et

1874 2353 2025 2404 caro,
2049 2338 2322 2392 Christum
2372 2338 2427 2391 in
2455 2339 2539 2392 his
2589 2339 2859 2404 omnibus,
2890 2339 3168 2394 Christum
3195 2339 3251 2392 in
3283 2340 3466 2409 singu-

1873 2426 1940 2481 lis
1970 2427 2309 2482 confitemur.
2337 2427 2469 2494 Quis
2497 2435 2581 2481 est
2600 2443 2730 2498 ergo
2755 2469 2770 2494 ,
2815 2443 2913 2497 per
2957 2445 3117 2499 quem
3172 2428 3348 2484 factus
3381 2437 3466 2484 est

1875 2519 2143 2574 mundus?
2167 2518 2414 2575 Christus
2437 2517 2612 2583 Jesus,
2648 2519 2743 2574 sed
2776 2521 2832 2573 in
2854 2519 3025 2574 forma
3068 2520 3185 2575 Dei.
3225 2520 3357 2587 Quis
3383 2530 3467 2576 est

1874 2608 1976 2664 sub
2006 2607 2198 2663 Pontio
2229 2608 2405 2664 Pilato
2430 2608 2770 2664 crucifixus?
2804 2609 3055 2664 Christus
3082 2608 3261 2677 Jesus,
3288 2609 3381 2665 sed
3410 2611 3466 2666 in

1873 2701 2047 2757 forma
2090 2702 2251 2756 servi.
2276 2701 2410 2756 Item
2439 2701 2505 2756 de
2543 2700 2770 2772 singulis
2795 2701 2991 2772 quibus
3015 2702 3178 2757 homo
3231 2711 3464 2758 constat.

1874 2792 2008 2859 Quis
2030 2810 2138 2849 non
2165 2801 2249 2848 est
2277 2794 2568 2849 derelictus
2610 2793 2668 2848 in
2712 2792 2962 2848 inferno?
2987 2793 3236 2850 Christus
3284 2792 3467 2863 Jesus,

1874 2883 1970 2938 sed
1995 2883 2051 2937 in
2095 2885 2274 2938 anima
2305 2884 2438 2938 sola.
2472 2883 2603 2950 Quis
2626 2892 2710 2940 est
2748 2894 3158 2940 resurrecturus
3198 2892 3253 2940 et
3289 2887 3468 2944 triduo

1867 2971 2041 3042 jacuit
2085 2974 2139 3028 in
2186 2975 2468 3045 sepulcro?
2513 2975 2761 3031 Christus
2788 2975 2965 3042 Jesus,
2991 2977 3085 3032 sed
3111 2978 3166 3032 in
3198 2977 3312 3034 sola
3347 2995 3470 3036 car-

1874 3080 1964 3121 ne.
1995 3065 2205 3121 Dicitur
2234 3082 2363 3137 ergo
2390 3074 2444 3121 et
2470 3066 2523 3121 in
2549 3067 2636 3122 his
2679 3067 2906 3138 singulis
2934 3067 3182 3124 Christus
3211 3087 3230 3138 ;
3276 3085 3469 3126 verum

1878 3155 1995 3212 hac
2022 3158 2205 3212 omnia
2233 3173 2342 3212 non
2386 3158 2492 3212 duo
2516 3157 2600 3214 vel
2624 3164 2754 3224 tres,
2786 3157 2880 3215 sed
2910 3175 3050 3215 unus
3073 3169 3160 3216 est
3185 3159 3466 3229 Christus;

186 3230 431 3308 exterius
461 3249 516 3304 in
540 3262 768 3304 vacuum
802 3247 1030 3303 laborat.
1055 3245 1228 3301 Aliter
1248 3246 1429 3316 itaque
1474 3243 1774 3314 praedicau-
1800 3230 1845 3292 C
1876 3249 1999 3306 ideo
2021 3265 2151 3322 ergo
2179 3251 2347 3308 dicit;
2383 3249 2443 3305 Si
2473 3251 2760 3324 diligeretis
2802 3267 2903 3316 me,
2931 3253 3233 3322 gauderetis
3267 3253 3468 3324 utique,

186 3353 304 3400 tem
333 3341 610 3398 Christum
649 3341 935 3395 audierunt
965 3337 1156 3402 Judaei,
1187 3335 1343 3391 aliter
1390 3332 1617 3405 apostoli
1650 3348 1664 3386 :
1697 3333 1774 3388 illi

186 3438 260 3493 ad
283 3435 577 3508 judicium,
627 3434 718 3490 isti
756 3435 823 3489 ad
860 3432 1111 3498 salutem,
1144 3431 1271 3501 quia
1319 3431 1420 3486 hos
1467 3428 1692 3500 spiritus
1719 3428 1772 3483 in

188 3527 378 3581 animo
403 3526 585 3580 docuit
609 3540 728 3595 qum
749 3523 884 3578 foris
917 3523 1203 3579 audierunt
1231 3522 1286 3576 in
1314 3536 1465 3576 aure.

264 3615 460 3670 Pacem
483 3615 717 3686 relinquo
743 3614 883 3669 vobis
910 3655 925 3680 ,
977 3630 1157 3685 pacem
1209 3629 1374 3667 meam
1416 3612 1485 3666 do
1522 3612 1684 3667 vobis.
1715 3612 1774 3668 In

187 3723 328 3780 pace
352 3708 597 3777 relinquo
623 3721 743 3772 vos,
771 3705 825 3760 in
851 3719 986 3775 pace
1008 3704 1277 3760 inveniam
1319 3717 1446 3770 vos;
1498 3702 1588 3757 hic
1617 3702 1778 3758 relin-

189 3819 327 3875 quo,
359 3802 469 3857 illic
493 3801 599 3867 do;
633 3799 982 3869 sequentibus
1010 3798 1278 3868 relinquo,
1326 3795 1780 3867 prtevenientibus

190 3895 282 3950 do.
318 3893 514 3948 Pacem
536 3906 691 3947 suam
718 3891 937 3960 reliquit
957 3890 1113 3946 nobis
1142 3889 1197 3943 in
1229 3889 1333 3944 hoc
1356 3887 1777 3956 saeculo,pacem

189 3999 352 4041 suam
381 3983 528 4038 dabit
555 3981 710 4037 nobis
745 3981 802 4035 in
834 3979 1013 4036 futuro
1040 3978 1256 4035 saeculo.
1299 3977 1497 4033 Pacem
1523 3991 1675 4032 suam
1694 3991 1781 4032 re-

189 4077 355 4146 liquit
377 4075 552 4140 nobis,
578 4082 638 4128 ut
659 4089 759 4129 nos
786 4074 1014 4129 invicem
1035 4071 1340 4142 diligamus.
1373 4070 1571 4127 Pacem
1624 4085 1780 4125 suam

192 4167 347 4223 dabit
372 4166 549 4231 nobis,
583 4165 672 4220 ubi
713 4179 988 4234 nunquam
1014 4162 1243 4217 invicem
1292 4160 1582 4217 dissentire
1610 4161 1784 4231 possi-

191 4275 341 4314 mus.
382 4255 522 4324 Quid
545 4264 628 4312 est
655 4255 796 4325 quod
822 4253 989 4309 dicit:
1027 4250 1218 4306 Pacem
1245 4267 1414 4305 meam
1451 4252 1519 4305 do
1549 4252 1785 4316 vobis,et

193 4366 310 4407 non
339 4350 508 4405 dixit:
539 4347 734 4402 Pacem
782 4360 958 4400 meam
1002 4343 1249 4413 relinquo
1295 4341 1496 4397 vobis?
1540 4340 1787 4397 fortassis

195 4443 332 4512 quia
362 4441 516 4493 aliter
544 4453 708 4503 nunc,
735 4436 892 4491 aliter
926 4443 1075 4500 tunc,
1093 4449 1197 4504 pax
1223 4433 1345 4488 erit.
1365 4432 1465 4488 llic
1493 4446 1626 4486 vero
1649 4431 1787 4487 bella

195 4551 327 4591 cum
361 4532 506 4586 vitiis
548 4530 828 4594 habemus,
856 4527 976 4582 ideo
1018 4541 1127 4581 non
1166 4525 1393 4591 addidit,
1417 4539 1632 4591 meam;
1676 4524 1787 4580 illic

1873 3342 1999 3411 quia
2049 3341 2180 3395 vado
2237 3340 2304 3393 ad
2357 3349 2588 3410 patrem.
2656 3340 2924 3407 Quoniam
2971 3349 3180 3397 natura:
3219 3342 3472 3398 humanm

1876 3432 2253 3504 gratulandum
2283 3439 2387 3498 est,
2411 3446 2478 3488 eo
2499 3431 2643 3504 quod
2673 3441 2953 3501 assumpta
2978 3433 3049 3488 sit
3084 3448 3118 3487 a
3141 3434 3308 3489 verbo
3342 3435 3469 3490 uni-

1876 3525 2078 3596 genito,
2109 3532 2169 3579 ut
2201 3523 2522 3580 immortalis
2568 3525 2994 3580 constitueretur
3042 3525 3098 3578 in
3147 3524 3284 3581 caelo
3313 3565 3329 3592 ,
3365 3525 3472 3581 hoc

1877 3617 2021 3671 enim
2049 3616 2208 3670 modo
2232 3631 2289 3671 se
2319 3617 2520 3671 iturum
2549 3616 2686 3672 dixit
2723 3616 2790 3672 ad
2813 3625 3044 3686 patrem.
3068 3615 3187 3672 Non
3227 3615 3472 3688 profecto

1878 3709 1945 3763 ad
1983 3707 2130 3763 illum
2161 3707 2292 3772 ibat,
2323 3706 2416 3777 qui
2449 3722 2575 3762 cum
2628 3706 2723 3763 illo
2770 3716 2910 3774 erat,
2944 3707 3040 3764 sed
3090 3709 3194 3764 hoc
3237 3715 3355 3763 erat
3390 3707 3472 3766 ire

1879 3803 1946 3859 ad
1967 3803 2140 3869 illum,
2165 3810 2221 3856 et
2263 3802 2520 3857 recedere
2545 3817 2575 3856 a
2604 3801 2780 3868 nobis,
2811 3810 3026 3858 mutare
3057 3809 3220 3874 atque
3244 3802 3470 3859 immor-

1879 3891 1986 3946 tale
2020 3890 2220 3958 facere,
2254 3891 2397 3962 quod
2423 3892 2652 3946 mortale
2681 3891 2940 3962 suscepit,
2983 3907 3050 3948 ex
3080 3892 3266 3958 nobis,
3317 3899 3376 3950 et
3401 3892 3473 3948 ad

1881 3981 2158 4036 dexteram
2182 3980 2511 4036 constituere
2530 3979 2722 4051 patris,
2753 3996 2853 4052 per
2900 3981 3044 4052 quod
3074 3981 3176 4037 fuit
3217 3984 3274 4039 in
3323 3991 3471 4040 terra

1880 4087 1980 4144 pro
2020 4071 2195 4127 nobis.
2227 4071 2430 4126 Deinde
2459 4072 2574 4139 ipse
2603 4072 2862 4126 Dominus
2880 4071 3039 4128 Iesus
3066 4072 3364 4141 subjunxit.

1953 4162 2024 4217 Et
2055 4179 2192 4216 nunc
2219 4162 2330 4216 dixi
2356 4161 2499 4216 vobis
2523 4166 2829 4234 priusquam
2868 4163 2986 4233 ﬁat,
3019 4173 3077 4217 ut
3105 4181 3224 4218 cum
3270 4165 3470 4233 factum

1887 4254 2044 4324 fuerit
2073 4255 2317 4308 credatis.
2356 4254 2489 4310 Illud
2523 4257 2709 4326 utique
2745 4258 2891 4323 dicit,
2923 4259 3066 4328 quod
3110 4257 3312 4315 factum
3355 4259 3475 4318 fue-

1887 4344 1981 4409 rit,
2008 4345 2149 4414 quod
2174 4360 2297 4399 eum
2324 4357 2448 4416 post
2472 4354 2700 4402 mortem
2732 4348 2899 4403 visuri
2924 4358 3082 4405 erant
3102 4351 3392 4422 viventem,
3418 4361 3477 4411 et

1888 4434 1956 4489 ad
1986 4445 2197 4505 patrem
2222 4437 2630 4492 ascendentem.
2659 4439 2915 4494 Poterant
2953 4441 3099 4495 enim
3123 4441 3373 4501 dubitare
3425 4444 3475 4502 si

1890 4526 2033 4583 ﬁlius
2058 4528 2154 4583 Dei
2190 4537 2347 4593 esset,
2383 4545 2506 4584 cum
2539 4546 2660 4586 eum
2685 4532 2936 4587 viderunt
2986 4535 3341 4604 moriturum,
3380 4539 3476 4594 sed

195 4641 334 4681 vero
383 4624 439 4678 in
469 4629 668 4676 aeterna
713 4633 846 4690 pace
871 4657 886 4685 ,
929 4625 1130 4672 aeterna
1177 4625 1294 4671 erat
1325 4616 1686 4686 tranquillitas
1734 4623 1788 4669 et
1811 4591 1865 4651 D
1889 4634 2012 4673 cum
2049 4619 2300 4675 viderunt
2325 4637 2447 4676 eum
2486 4624 2849 4679 rcsurrexisse
2887 4627 3218 4694 credebant,
3268 4630 3324 4684 in
3365 4647 3472 4700 quo

198 4713 495 4773 concordia
524 4720 581 4767 et
607 4710 726 4766 talis
752 4725 889 4780 pax,
945 4707 1157 4778 qualem
1203 4707 1290 4762 ille
1329 4707 1520 4762 habuit
1551 4721 1673 4760 cum
1705 4721 1788 4761 se-

199 4811 458 4877 metipso,
481 4807 573 4877 qui
593 4805 801 4860 nullum
825 4803 1014 4858 habuit
1037 4803 1092 4857 in
1127 4803 1306 4872 seipso
1334 4810 1640 4870 peccatum.

279 4903 406 4959 Non
431 4900 688 4972 quomodo
737 4901 822 4952 hic
847 4898 1072 4952 mundus
1124 4897 1236 4961 dat,
1273 4913 1366 4966 ego
1397 4896 1464 4949 do
1523 4895 1682 4948 vobis.
1728 4893 1787 4948 Id

203 5004 313 5056 est,
338 5009 446 5047 non
477 4990 745 5061 quomodo
775 4987 1033 5043 immundi
1059 4987 1303 5040 homines
1319 5001 1458 5054 δίκερε
1480 4986 1580 5039 sibi
1607 4985 1662 5038 in
1693 4999 1787 5038 sua

201 5085 414 5142 malitia
444 5081 791 5146 concordant,
822 5077 914 5134 sed
944 5077 1234 5146 quomodo,
1264 5075 1353 5144 qui
1381 5075 1482 5129 sibi
1508 5075 1558 5128 in
1587 5074 1790 5128 sancti-

207 5188 322 5235 tate
350 5175 698 5238 concordant,
727 5179 780 5226 et
821 5172 877 5226 in
921 5169 1120 5225 Christi
1176 5182 1234 5224 se
1261 5168 1526 5223 charitate
1569 5166 1792 5235 conjun-

205 5278 364 5340 gunt.
1166 5327 1172 5332 .

285 5362 410 5418 Non
440 5363 676 5415 turbetur
701 5374 792 5413 cor
811 5369 1055 5413 vestrum.
1083 5372 1242 5426 neque
1269 5354 1533 5426 formidet.
1558 5354 1790 5409 Audistis

208 5456 336 5526 quia
367 5469 460 5523 ego
485 5452 595 5505 dixi
626 5451 786 5516 vobis,
818 5449 948 5504 vado
978 5457 1027 5500 et
1056 5449 1198 5502 venio
1251 5447 1319 5501 ad
1358 5463 1463 5502 vos.
1499 5447 1636 5501 Hinc
1683 5455 1795 5501 tur-

208 5550 333 5606 bari
355 5555 412 5603 et
443 5545 722 5602 formidari
762 5550 976 5616 poterat
1002 5557 1095 5596 cor
1117 5540 1360 5605 illorum,
1393 5541 1537 5610 quod
1568 5541 1679 5595 ibat
1725 5540 1794 5595 ab

211 5643 316 5706 eis,
345 5639 594 5710 quamvis
613 5645 874 5692 venturus
903 5641 1048 5689 esset
1077 5633 1144 5687 ad
1173 5648 1289 5697 eos,
1316 5647 1384 5686 ne
1426 5631 1654 5686 forsitan
1678 5646 1796 5702 gre-

213 5749 339 5806 gem
367 5731 525 5802 lupus
547 5733 648 5786 hoc
672 5725 955 5785 intervallo
983 5724 1277 5789 invaderet,
1296 5731 1512 5793 pastore
1542 5723 1795 5791 absente;

215 5822 316 5881 sed
341 5837 372 5878 a
394 5822 590 5893 quibus
617 5820 780 5876 homo
803 5815 1163 5884 abscedebat,
1211 5815 1354 5872 Deus
1375 5830 1484 5872 non
1527 5815 1799 5889 relinque-

623 5915 900 5978 eraox.
939 5911 1072 5974 Cll.

1890 4719 2014 4765 ante
2040 4710 2382 4776 dubitabant,
2412 4721 2466 4767 et
2491 4714 2810 4769 confirmata
2852 4725 2934 4771 est
2964 4717 3097 4773 ﬁdes
3129 4720 3180 4774 in
3217 4723 3476 4778 cordibus

1889 4816 2099 4867 eorum,
2128 4818 2291 4872 quam
2319 4804 2426 4858 illis
2447 4806 2807 4873 praedixerat,
2849 4809 2939 4876 qui
2975 4818 3030 4863 et
3065 4825 3160 4867 ore
3187 4815 3475 4882 promisit,

1890 4894 2019 4964 quid
2074 4893 2314 4950 facturus
2342 4905 2461 4949 erat
2501 4905 2554 4951 et
2604 4913 2767 4966 opere
2794 4901 3111 4969 complevit,
3162 4905 3305 4973 quod
3351 4912 3480 4961 ante

1889 4985 2158 5054 praedixit.
2181 4987 2382 5041 Deinde
2405 4988 2533 5056 quid
2559 4989 2686 5043 dicit
2713 5009 2724 5043 :

1967 5075 2090 5130 1am
2122 5095 2223 5131 non
2254 5081 2417 5130 multa
2465 5078 2651 5150 loquar
2680 5083 2965 5149 vobiscum,
2991 5087 3122 5138 venit
3164 5088 3298 5140 enim
3336 5086 3480 5156 prin-

1897 5186 2012 5239 ceps
2048 5170 2228 5223 mundi
2257 5171 2435 5240 Imjus.
2469 5172 2621 5238 Quis,
2648 5175 2750 5228 nisi
2780 5175 3056 5230 diabolus?

1968 5263 2034 5317 Et
2063 5264 2116 5316 in
2147 5280 2225 5316 me
2254 5281 2354 5316 non
2383 5265 2532 5319 habet
2563 5268 2864 5338 quidquam.
2894 5268 3104 5323 Nullum
3136 5270 3339 5325 scilicet
3360 5285 3478 5323 0m-

1899 5356 2028 5411 nino
2046 5364 2350 5424 peccatum,
2378 5357 2503 5412 hinc
2527 5360 2671 5412 enim
2694 5349 2940 5415 ostendit
2978 5361 3246 5415 diabolum
3274 5362 3478 5430 princi-

1896 5464 2022 5519 pem
2050 5463 2170 5504 esse
2222 5462 2564 5518 peccatorum
2611 5452 2919 5516 hominum,
2965 5468 3072 5506 non
3109 5462 3483 5509 creaturarum

1901 5541 2016 5606 Dei,
2041 5548 2096 5595 et
2119 5543 2542 5612 quotiescunque
2571 5544 2755 5597 mundi
2785 5545 2908 5614 fuga
2939 5545 2991 5596 in
3020 5542 3160 5597 mala
3207 5543 3482 5615 significa-

1897 5631 2047 5687 tione
2079 5635 2296 5704 ponitur
2319 5651 2424 5689 non
2450 5638 2710 5702 ostendit,
2743 5637 2847 5690 nisi
2876 5636 3058 5690 mundi
3090 5636 3248 5692 istius
3276 5645 3485 5695 amato-

1901 5740 1992 5781 res
2017 5737 2072 5781 et
2099 5743 2207 5783 non
2233 5727 2350 5782 Dei.
2378 5720 2540 5783 Absit
2561 5731 2706 5784 enim
2725 5770 2738 5794 ,
2773 5736 2831 5782 ut
2856 5729 3141 5785 credamus
3181 5730 3484 5800 principem

1902 5832 2026 5876 esse
2051 5819 2173 5877 cmli
2195 5828 2250 5876 et
2276 5828 2434 5877 terra:
2476 5827 2534 5878 et
2560 5827 2932 5877 creaturarum
2981 5821 3367 5893 omniumquaa
3394 5833 3484 5893 ge-

3047 5915 3120 5979 11
