4030 6454
525 316 632 379 581

1813 283 2168 344 SMARAGDI
2204 280 2500 339 ABBATIS

3711 281 3833 347 3'52

527 414 790 500 neraliier
819 410 1006 486 mundi
1050 404 1406 493 appellantur.
1438 413 1607 469 Totus
1655 411 1840 480 itaque
1888 406 2120 461 mundus
2146 409 2202 465 Α
2230 420 2249 452 ι
2283 401 2430 500 denti
2449 414 2627 500 super
2648 378 2905 500 thronum
2928 395 3132 493 viventi
3162 397 3225 500 in
3244 394 3440 454 saecula
3469 396 3828 466 saeculorum,

531 498 699 591 servit
722 538 823 582 suo
842 514 1074 577 creatori
1114 528 1224 566 non
1255 506 1565 577 deceptori;
1602 498 1964 570 redemptori,
2010 511 2119 591 non

531 588 905 687 interemptori
926 629 940 676 ;
967 618 1022 663 et
1036 606 1242 677 regitur
1266 597 1670 671 dispensatione
1686 593 1889 687 divina,
1903 604 2009 644 non
2025 588 2123 641 ini-

530 711 663 771 mici
705 684 944 763 versutia
1007 694 1339 754 subvertitur
1383 697 1583 762 pneter
1632 684 1883 741 homines
1935 687 2121 750 partes

534 802 698 865 illius,
723 800 814 870 qui
834 793 1054 868 propria
1093 789 1389 850 voluntate,
1414 798 1521 838 non
1550 780 1880 836 necessitate
1915 777 2119 870 aliqua,

534 906 593 952 se
631 865 921 961 subjiciunt
965 881 1210 941 diabolo.
1257 878 1401 932 unde
1427 883 1485 931 et
1527 871 1818 943 Apostolus
1849 870 1963 924 ait:
1998 865 2123 961 Non

532 991 611 1042 est
636 958 781 1039 nobis
803 975 1103 1034 colluctatio
1130 969 1379 1026 adversus
1407 980 1619 1021 carnem
1642 976 1689 1018 et
1716 963 2052 1033 sanguinem,
2069 958 2125 1015 id

532 1084 640 1142 est,
671 1076 934 1130 adversus
962 1066 1231 1143 homines,
1261 1061 1351 1116 sed
1372 1059 1636 1141 adversus
1666 1063 1945 1126 potestates
1969 1061 2017 1106 et
2046 1068 2124 1107 re-

533 1138 701 1225 ctores
727 1162 1062 1220 tenebrarum
1087 1140 1277 1211 harum
1302 1138 1387 1225 (ΙΙ
1414 1152 1539 1205 Cor.
1566 1147 1688 1219 vn),
1722 1147 1776 1202 id
1809 1154 1913 1211 est,
1935 1158 2127 1215 pecca-
2158 1154 2163 1159 ‘

532 1266 735 1323 torum,
768 1254 859 1326 qui
893 1253 949 1307 in
978 1245 1220 1309 tenebris
1272 1250 1493 1305 manent
1526 1239 1832 1309 iniquitatis
1877 1253 2014 1308 quos
2042 1252 2128 1292 re-

535 1360 716 1406 ctores
744 1343 964 1418 angelos
989 1352 1112 1397 esse
1136 1338 1444 1394 desertores
1477 1332 1764 1404 designant
1790 1370 1805 1396 ,
1860 1329 1957 1384 sed
2001 1333 2129 1382 sunt

537 1441 629 1515 qui
655 1455 755 1512 per
780 1436 1013 1509 gratiam
1036 1432 1151 1497 Dei,
1167 1444 1274 1485 non
1292 1426 1528 1500 propriis
1556 1418 1766 1480 meritis
1782 1421 1904 1477 inde
1929 1432 2129 1515 eruun-

536 1508 737 1596 tun—de
759 1508 957 1601 quibus
981 1525 1058 1580 ait
1091 1519 1415 1593 Apostolus:
1449 1514 1653 1571 Fuistis
1684 1515 1821 1570 enim
1842 1508 2131 1584 aliquando

537 1623 781 1685 teneone,
810 1634 948 1675 nunc
966 1625 1140 1672 autem
1168 1613 1260 1668 tua;
1281 1612 1337 1667 in
1365 1610 1614 1673 Domino,
1644 1616 1699 1662 ut
1724 1605 1825 1676 ﬁlii
1854 1603 1986 1658 lucis
2017 1618 2131 1657 am-

538 1717 736 1783 bulate,
758 1717 847 1772 sed
875 1712 1050 1786 gratia
1079 1709 1190 1764 Deo
1220 1708 1308 1780 qui
1333 1704 1471 1761 eruit
1492 1710 1609 1765 nos“,
1634 1700 1774 1757 sicut
1827 1697 1971 1752 idem
2000 1694 2130 1749 dicit

2233 513 2252 545 ‹
2280 491 2630 565 procidebant
2649 490 2840 561 viginti
2866 486 3356 561 quatuor'seniores
3382 500 3509 546 ante
3536 493 3841 549 Sedentem

2233 606 2252 640 ‹
2287 587 2339 642 in
2371 588 2584 653 throno,
2613 592 2670 641 et
2697 584 2995 640 adorabant
3016 585 3288 640 viventem
3324 585 3381 640 in
3411 584 3610 641 saecula
3651 600 3835 644 saeue

2232 696 2253 731 ς
2284 677 2477 732 lorum.
2522 696 2541 730 I

2310 767 2427 823 Vidi
2452 770 2642 822 ostium
2666 775 2903 838 apertum
2930 767 2985 821 in
3014 764 3161 822 creto.
3188 762 3291 838 (Ex
3313 764 3506 839 Beda.)
3531 766 3589 821 ld
3617 776 3730 834 est,
3768 767 3834 824 ﬂ-

2227 863 2348 919 dem
2372 864 2673 918 nativitatis
2698 862 2921 926 Christi,
2947 869 3001 919 et
3040 861 3311 931 passionis
3336 902 3350 927 ,
3386 868 3441 916 et
3470 863 3835 918 resurrectio-

2227 957 2313 1010 nis
2340 956 2393 1009 in
2425 954 2685 1010 Ecclesia.
2716 952 2922 1010 Ostium
2941 960 3208 1024 apertum,
3229 948 3508 1007 Christum
3556 960 3750 1007 natum
3778 958 3839 1013 et

2227 1061 2443 1117 passum
2496 1045 2717 1108 indicat,
2750 1044 2862 1113 ipse
2901 1044 3045 1099 enim
3067 1042 3180 1097 ait:
3222 1040 3336 1113 Ego
3361 1058 3477 1097 sum
3505 1044 3728 1111 ostium,
3784 1046 3841 1100 si

2226 1138 2343 1207 quis
2373 1148 2465 1206 per
2497 1150 2576 1189 me
2598 1130 2882 1200 introierit,
2914 1134 3205 1188 salnabitur
3234 1131 3419 1203 (,loan.
3445 1134 3522 1205 χ).
3551 1133 3619 1188 Et
3650 1135 3789 1192 alibi
3815 1158 3828 1192 :

2231 1227 2401 1282 Nemo
2428 1226 2562 1281 venit
2583 1225 2651 1279 ad
2676 1234 2878 1296 patrem
2908 1226 3013 1280 nisi
3054 1242 3148 1295 per
3172 1241 3254 1279 me
3300 1224 3480 1296 (Joan.
3520 1210 3621 1298 vi).
3669 1225 3832 1294 Quod

2229 1326 2413 1375 autem
2440 1318 2571 1373 dicit
2600 1319 2653 1373 in
2682 1309 2839 1384 cmlo,
2863 1318 2918 1372 in
2945 1316 3188 1373 Ecclesia
3232 1318 3527 1388 signiﬁcat,
3556 1333 3680 1389 qua:
3705 1333 3830 1375 ca)-

2229 1411 2343 1467 lum
2367 1424 2489 1467 esse
2518 1411 2739 1477 meruit,
2768 1422 2834 1466 eo
2863 1409 3005 1480 quod
3033 1411 3104 1465 sit
3124 1410 3492 1466 habitaculum
3515 1411 3634 1468 Dei.

2300 1501 2373 1559 Et
2403 1518 2501 1558 vox
2538 1504 2710 1576 prima
2736 1516 2896 1575 quam
2923 1502 3122 1567 audivi,
3154 1512 3405 1576 tanquam
3432 1498 3571 1558 tuba:
3603 1503 3829 1575 laqueti.

2231 1592 2298 1651 tis
2324 1611 2543 1651 mecum.
2574 1594 2725 1651 Sicut
2744 1595 2888 1651 enim
2914 1604 3019 1650 vox
3044 1595 3185 1650 tubae
3208 1634 3226 1661 ,
3269 1595 3348 1649 sic
3400 1595 3831 1667 praedicatorum

2231 1702 2335 1745 vox
2356 1696 2461 1755 est,
2490 1688 2703 1759 quando
2729 1687 2922 1744 invitat
2943 1687 3217 1742 auditores
3240 1686 3309 1742 ad
3335 1686 3517 1743 ﬁdem.
3544 1686 3703 1757 Quod
3721 1705 3828 1745 aus

537 1775 828 1882 Apostolus
853 1775 919 1860 de
945 1807 1211 1874 potestate
1232 1775 1242 1780 ’
1260 1796 1629 1858 tenebrarum,
1662 1798 1717 1845 et
1746 1787 2024 1843 transtulit
2043 1786 2125 1882 ‘in
2152 1775 2203 1845 Β
2230 1782 2511 1882 teni-dixit
2540 1800 2552 1836 :
2581 1781 2709 1882 ,νοω
2730 1781 2924 1882 prima,
2950 1779 3270 1882 subauditur
3301 1780 3358 1835 in
3386 1780 3491 1882 ista
3518 1781 3759 1839 visione.

539 1874 765 1972 regnum
801 1894 895 1951 ﬁlii
932 1888 1195 1950 claritatis
1237 1902 1369 1952 sum,
1422 1885 1478 1941 in
1516 1898 1624 1954 quo
1669 1881 1921 1972 princeps
1968 1874 2128 1972 hujus

538 1968 762 2057 mundi,
809 1988 913 2043 hoc
941 1993 1043 2049 est,
1090 1980 1439 2037 tenebrarum
1480 1974 1697 2039 haram,
1745 1984 1849 2026 non
1896 1968 2130 2026 habebat

540 2082 858 2154 quidquam,
897 2075 1023 2148 quia
1072 2088 1248 2144 neque
1272 2085 1395 2126 cum
1434 2076 1658 2140 peccato
1687 2066 1832 2120 Deus
1864 2069 2127 2128 venerat,

540 2190 643 2231 nec
681 2173 798 2249 ejus
824 2181 1042 2226 carnem
1088 2166 1155 2221 de
1203 2161 1411 2235 peccati
1441 2158 1733 2232 propagine
1780 2157 1932 2228 virgo
1963 2169 2130 2224 pepe-

541 2272 711 2329 rerat,
739 2271 794 2320 et
818 2266 1074 2337 tanquam
1096 2258 1145 2314 ei
1170 2257 1445 2312 diceretur
1473 2271 1486 2307 :
1520 2252 1630 2306 Cur
1675 2266 1804 2322 ergo
1836 2249 2086 2304 morieris
2110 2287 2125 2313 ,

542 2359 589 2415 si
613 2372 721 2414 non
746 2354 916 2415 habes
950 2357 1231 2426 peccatum
1254 2348 1341 2403 cui
1370 2345 1670 2402 debebatur
1713 2342 1906 2398 mortis
1930 2338 2132 2413 suppli-

541 2454 707 2522 cium,
734 2450 994 2507 continuo
1039 2445 1271 2516 subjecit
1301 2461 1315 2497 :

613 2536 717 2603 Sed
739 2551 797 2599 ut
822 2548 1097 2615 cognoscat
1128 2536 1376 2599 mundus,
1408 2533 1533 2605 quia
1577 2528 1743 2601 diligo
1782 2536 1981 2599 patrem
2005 2568 2027 2593 ,
2082 2530 2133 2581 et

539 2638 675 2695 sicut
704 2633 1015 2689 mandatum
1042 2627 1183 2684 dedit
1217 2626 1345 2683 mihi
1380 2634 1529 2697 pater
1559 2622 1633 2678 sic
1673 2621 1835 2692 facio.
1877 2618 2128 2673 Discum-

542 2732 677 2788 bens
699 2727 846 2784 enim
874 2718 1337 2785 discumbentibus
1360 2716 1711 2785 loquebatur;
1736 2726 1924 2766 eamus
1948 2719 2157 2797 autem,

544 2819 700 2883 dixit,
732 2832 840 2888 quo
877 2816 979 2871 nisi
1008 2813 1076 2868 ad
1116 2812 1268 2865 illum
1300 2810 1497 2872 locum,
1540 2806 1681 2863 unde
1712 2802 1890 2859 fuerat
1915 2802 2133 2856 traden-

544 2904 681 2969 dus?
710 2902 803 2966 Est
841 2906 1003 2963 morti
1030 2905 1284 2967 traditus,
1314 2901 1407 2971 qui
1436 2899 1644 2954 nullum
1683 2895 1919 2952 habebat
1964 2892 2131 2948 meri-

545 3012 664 3060 tum
692 3001 902 3075 mortis,
933 2998 1029 3056 sed
1074 2996 1307 3065 habebat
1364 3000 1422 3048 ut
1464 2999 1768 3048 moreretur
1819 2988 2132 3051 mandatum

545 3106 738 3170 nam
800 3174 1120 3238 HOMINICA
1160 3173 1319 3235 οων.
1353 3126 1871 3243 reuincosrcs.

547 3280 743 3335 Lucrio
780 3292 924 3334 una:
960 3288 1306 3341 uocuvpsrs
1365 3286 1523 3345 scari
1575 3282 1792 3331 massis
1826 3281 2088 3325 uosrou
2113 3306 2130 3334 ,

1217 3358 1337 3399 CAP.
1381 3359 1455 3397 ιν.

624 3483 645 3517 ι
678 3462 805 3521 Vidi
823 3462 1020 3519 ostium
1044 3468 1290 3533 apertum
1314 3458 1367 3516 in
1395 3457 1561 3524 cmlo,
1578 3462 1639 3517 et
1650 3469 1753 3511 vox
1774 3454 1949 3527 prima
1972 3467 2133 3523 quam

555 3575 575 3609 ι
612 3550 825 3621 audivi,
854 3562 1111 3623 tanquam
1138 3553 1279 3613 tuba:
1326 3548 1601 3620 loquentis
1632 3562 1870 3611 mecum,
1897 3545 2091 3601 dicens
2118 3562 2131 3597 :

2299 1870 2492 1928 Dicens
2513 1885 2532 1924 :
2560 1866 2791 1927 Ascende
2821 1872 2943 1936 Ituc,
2972 1878 3019 1927 et
3067 1870 3337 1926 ostendam
3376 1871 3472 1925 tibi
3507 1888 3627 1944 quae
3674 1889 3832 1944 apor-

2230 1973 2303 2020 tet
2327 1967 2446 2036 ﬁeri
2469 1968 2589 2021 cito.
2615 1965 2770 2033 Quod
2793 1964 2960 2022 dicit:
3002 1962 3237 2021 Ascende
3267 1967 3371 2026 hac
3391 2008 3406 2033 ,
3459 1984 3567 2023 non
3596 1969 3670 2027 de
3707 1968 3831 2027 [om

2230 2058 2500 2131 signiﬁcat
2524 2058 2590 2112 ad
2621 2058 2821 2123 locum,
2844 2058 2939 2114 sed
2971 2059 3224 2125 ascende,
3251 2054 3303 2113 id
3329 2068 3433 2126 est,
3458 2054 3739 2133 intellige,
3773 2071 3830 2117 et

2230 2148 2412 2215 crede,
2441 2148 2685 2206 infideles
2704 2149 2847 2205 enim
2880 2148 3071 2207 invitat
3108 2148 3181 2206 ad
3215 2148 3488 2208 Christum
3538 2141 3831 2222 Ecclesia,

2232 2249 2287 2297 et
2310 2242 2379 2297 ad
2416 2242 2764 2313 baptismum.
2796 2240 2984 2297 Omnis
3007 2241 3153 2296 enim
3204 2243 3304 2313 qui
3337 2242 3507 2301 credit
3538 2240 3835 2304 Christum

2231 2340 2419 2388 natum
2451 2338 2504 2389 et
2532 2350 2772 2404 passum,
2800 2331 3045 2412 ascendit
3080 2332 3147 2389 ad
3171 2330 3506 2399 altitudinem
3532 2322 3827 2403 Ecclesia,

2232 2430 2289 2481 et
2318 2426 2463 2482 videt
2485 2427 2665 2482 futura
2691 2420 2886 2482 all‘ectu
2914 2426 3336 2497 spiritali,.unde
3363 2436 3423 2481 et
3446 2427 3717 2497 sequitur.

2304 2516 2432 2573 Post
2461 2519 2572 2573 haec
2600 2516 2680 2589 fui
2721 2519 2775 2571 in
2815 2518 3025 2589 spiritu.
3073 2506 3130 2572 Id
3160 2527 3263 2583 est,
3290 2534 3398 2574 non
3428 2518 3576 2573 sensi
3627 2534 3832 2591 corpus

2232 2624 2435 2674 meum,
2463 2614 2719 2679 tanquam
2754 2609 2979 2680 Spiritus
3006 2625 3159 2675 meus
3187 2609 3332 2666 solus
3349 2618 3496 2675 esset
3523 2621 3681 2668 extra
3707 2627 3829 2670 cor-

2230 2716 2334 2773 pus
2358 2701 2413 2755 in
2443 2702 2651 2757 visione
2677 2702 2925 2772 spiritali.

2305 2788 2374 2859 Et
2404 2812 2518 2858 ecce
2555 2804 2703 2861 sedes
2754 2804 2925 2877 pusilli
2949 2813 3060 2867 erat
3088 2805 3149 2861 in
3173 2802 3320 2865 ctela.
3350 2803 3412 2863 Id
3454 2814 3560 2867 est.
3584 2804 3835 2867 Ecclesia

2232 2886 2476 2963 perfecta
2506 2894 2561 2955 in
2591 2894 2715 2951 (ide.

2305 2978 2375 3043 Et
2403 3001 2562 3054 supra
2592 2976 2766 3047 sedem
2790 2985 2991 3043 sedens.
3024 2985 3208 3051 ldest.
3235 3002 3407 3058 super
3419 2987 3727 3048 Ecclesium
3748 3007 3835 3049 so-

2238 3074 2369 3130 dens
2388 3085 2504 3135 erat
2530 3073 2797 3141 Christus,
2822 3076 2962 3131 unde
2983 3087 3032 3131 et
3064 3077 3230 3139 lsaias
3244 3079 3355 3134 ait:
3400 3077 3517 3137 Vidi
3544 3080 3834 3139 Dominum

2236 3166 2498 3224 sedentem
2520 3184 2677 3237 super
2709 3160 3183 3229 salium‘excelsum
3209 3179 3255 3225 at
3276 3169 3534 3229 eleuatum
3563 3172 3707 3246 (Isa.
3734 3175 3835 3243 vi),

2234 3261 2289 3317 id
2314 3269 2415 3324 est,
2448 3276 2609 3332 super
2636 3260 2938 3323 Ecclesiam
2964 3260 3022 3317 in
3054 3260 3158 3323 (ide
3178 3263 3395 3322 excelsa
3421 3272 3485 3329 et
3502 3263 3563 3329 in
3588 3280 3688 3337 spe
3709 3266 3837 3325 vim

2234 3360 2454 3411 reternze
2477 3351 2710 3411 feliciter
2730 3353 3015 3413 elevatam.

2306 3445 2378 3500 Et
2404 3445 2494 3517 qui
2525 3446 2753 3505 sedebat.
2788 3444 2973 3501 similis
3003 3454 3123 3526 erat,
3143 3456 3355 3517 aspectu
3375 3445 3569 3519 lapidis
3600 3449 3843 3522 jaspidis

2236 3549 2288 3597 et
2318 3538 2543 3604 cardini,
2576 3547 2682 3595 etc.
2706 3536 2885 3609 JaSpis
2906 3537 3141 3595 colorem
3193 3538 3359 3595 habet
3397 3540 3558 3609 quasi
3617 3542 3787 3597 maris
3810 3583 3826 3608 ,

557 3664 577 3699 ι
606 3644 853 3710 Ascende
888 3645 1019 3713 huc,
1045 3651 1102 3703 et
1132 3642 1417 3701 ostendam
1457 3642 1554 3696 tibi
1603 3654 1723 3711 mia:
1760 3646 1974 3711 oportet
2020 3638 2138 3694 ﬁeri
2239 3634 2455 3691 sardius
2501 3632 2653 3704 mlasi
2709 3631 3008 3701 sanguinis.
3073 3630 3180 3688 Per
3219 3630 3491 3703 iaspidem
3531 3633 3837 3705 baptismus

557 3756 577 3790 ι
609 3736 738 3805 cito.
782 3726 912 3791 Post
942 3735 1055 3790 haec
1084 3733 1269 3788 statim
1297 3731 1372 3789 fui
1419 3731 1472 3785 in
1502 3718 1714 3800 spiritu.
1739 3728 1806 3783 Et
1825 3743 1954 3784 ecce
1981 3726 2139 3783 sedes
2240 3725 2579 3797 intelligitur,
2612 3739 2708 3793 per
2739 3724 3006 3787 sardium,
3031 3722 3369 3794 martyrium.
3404 3724 3533 3780 ἰδίω
3551 3740 3834 3796 compara-

559 3847 587 3885 ι
610 3825 787 3899 posita
815 3837 935 3882 erat
958 3824 1012 3878 in
1037 3822 1267 3888 cmlo,et
1287 3837 1447 3892 supra
1486 3820 1666 3876 sedem
1712 3820 1922 3876 sedens.
1957 3817 2025 3875 Et
2047 3816 2138 3887 qui
2242 3819 2417 3875 tiones
2444 3818 2772 3877 conveniunt
2817 3817 3096 3883 Ecclesiae,
3126 3832 3235 3888 qua
3284 3817 3503 3875 indutus
3538 3828 3625 3875 est
3675 3820 3834 3875 Chri-

559 3937 578 3970 ‹
617 3916 837 3997 sedebat
884 3913 1077 3981 similis
1113 3922 1232 3968 erat
1256 3911 1497 3984 aspectui
1539 3911 1732 3981 lapidis
1755 3952 1770 3977 ,
1807 3909 2039 3980 jaspidis
2085 3916 2142 3962 et
2240 3919 2377 3967 stus.
2409 3909 2513 3966 [ris
2529 3924 2691 3964 arcus
2711 3917 2795 3973 est
2818 3909 2875 3961 in
2893 3907 3053 3973 coelo,
3082 3908 3174 3979 qui
3204 3906 3476 3979 signiﬁcat
3497 3907 3715 3964 Novum
3732 3908 3834 3973 Te;

560 4028 581 4062 ι
614 4006 850 4073 sardini;
888 4013 959 4063 et.
984 4005 1083 4059 iris
1120 4012 1238 4059 erat
1272 4003 1327 4058 in
1377 4002 1607 4060 circuitu
1649 4001 1795 4058 sedis
1836 4000 2029 4055 similis
2054 3998 2136 4053 vi-

560 4121 581 4154 r
614 4102 756 4159 sioni
799 4099 1169 4172 smaragdine,
1209 4106 1262 4153 et
1294 4097 1350 4152 in
1386 4097 1619 4153 circuitu
1662 4095 1809 4153 sedis
1851 4094 2040 4153 sedilia
2068 4093 2143 4147 vi-

561 4213 580 4246 ι
612 4194 746 4269 ginti
780 4199 1035 4267 quatuor,
1057 4200 1109 4248 et
1143 4206 1303 4263 snpra
1328 4191 1551 4246 thronos
1581 4188 1770 4263 viginti
1797 4196 2031 4258 quatuor
2056 4200 2145 4241 se-

562 4308 593 4353 ι,
614 4289 819 4353 niores,
849 4287 1101 4343 sedentes
1127 4286 1332 4341 circum
1370 4285 1551 4340 amicti
1581 4283 1734 4343 stolis
1758 4282 1893 4341 albis
1917 4323 1934 4348 ,
1996 4292 2051 4339 et
2087 4282 2143 4337 in

563 4399 593 4435 ι
622 4380 886 4450 capitibus
914 4394 1100 4434 eorum
1124 4394 1351 4435 coronas
1372 4393 1584 4433 aureas.
1615 4378 1680 4432 Et
1705 4378 1771 4433 de
1800 4378 1995 4432 throno
2016 4393 2142 4448 pro-

2241 4010 2593 4066 stamentum,
2617 4002 2785 4063 habet
2808 4003 2954 4057 enim
2978 4009 3091 4058 tres
3116 4001 3351 4069 colores,
3373 4019 3529 4073 aquae
3547 4044 3564 4070 ,
3612 4003 3837 4074 sulphu-

2242 4095 2340 4159 ris,
2367 4104 2421 4150 et
2452 4094 2609 4166 ignis.
2649 4092 2752 4148 Per
2790 4108 2989 4164 aquam
3032 4093 3335 4164 baptismus
3361 4095 3699 4167 intelligitur,
3739 4110 3837 4166 per

2243 4186 2555 4257 sulphurem
2588 4183 2935 4256 pmnitentia,
2964 4200 3060 4255 per
3091 4184 3269 4254 ignem
3317 4186 3641 4255 mrtyrinm
3661 4224 3677 4247 ,
3708 4199 3839 4240 nam

2243 4285 2299 4335 et
2331 4292 2471 4347 aqua
2493 4276 2641 4331 venit
2669 4276 2722 4331 in
2748 4274 2971 4340 diluvio,
2994 4275 3218 4345 sulphur
3240 4276 3515 4331 descendit
3540 4290 3707 4344 super
3736 4274 3835 4332 So-

2244 4367 2483 4429 domam,
2514 4367 2657 4437 ignis
2690 4365 2875 4423 veniet
2899 4373 3137 4436 tempore
3161 4365 3375 4435 iudicii.
3406 4365 3598 4419 Aliter.
3653 4364 3753 4419 [ris
3781 4365 3835 4420 in

564 4488 593 4529 ς
620 4469 882 4524 cedebant
914 4466 1145 4538 fulgura,
1176 4477 1231 4522 et
1262 4483 1423 4523 voces
1453 4477 1508 4523 et
1545 4468 1801 4533 tonitrua,
1833 4476 1890 4527 et
1936 4476 2140 4536 septem
2166 4514 2218 4538 η
2245 4461 2476 4519 circuitu
2500 4459 2662 4524 sedis,
2688 4458 3036 4528 Evangelium
3058 4459 3330 4530 signiﬁcat
3360 4458 3414 4512 in
3462 4457 3699 4513 circuitu
3737 4457 3834 4514 Eo-

568 4514 593 4529 ς
623 4514 881 4524 υνυνν---η
914 4514 1145 4538 --Ὂα-κ,
1180 4514 1230 4522 --
1274 4514 1422 4523 .-ην
1456 4514 1508 4523 --
1549 4514 1801 4533 -ν.-π-η,
1836 4514 1889 4527 --
1936 4514 2140 4536 “rw-..
2426 4514 2471 4515 κν
2540 4514 2545 4515 κ
2628 4514 2661 4524 ν.
2716 4514 2719 4515 ν
2841 4514 2872 4528 υ
3108 4514 3139 4530 υ

565 4579 584 4612 ι
616 4561 893 4632 lampades
934 4560 1187 4614 ardentes
1239 4568 1364 4613 ante
1412 4560 1689 4622 thronum,
1720 4575 1841 4628 qua:
1894 4571 2018 4613 sunt
2058 4574 2142 4614 se-
2165 4514 2444 4615 DLclesiae,
2470 4568 2597 4607 nam
2622 4560 2675 4608 et
2698 4552 3018 4621 smaragdos
3042 4566 3196 4622 aqua:
3230 4560 3289 4605 et
3315 4550 3461 4622 ignis
3494 4549 3832 4607 habetcolo-

565 4672 584 4704 ‹
618 4659 764 4722 ptem
789 4651 1011 4722 spiritus
1040 4649 1155 4705 Dei.
1192 4649 1260 4703 Et
1285 4649 1339 4703 in
1362 4659 1655 4720 conspectu
1685 4650 1848 4714 sedis,
1883 4656 2142 4719 tanquam

566 4762 586 4795 ‹
615 4757 768 4798 mare
795 4743 1025 4797 vitreum
1055 4740 1229 4797 simile
1244 4740 1504 4813 crystallo
1520 4758 1534 4805 ;
1552 4750 1605 4796 et
1630 4730 1684 4796 in
1709 4743 1886 4798 medio
1901 4741 2066 4808 sedis,
2090 4748 2148 4796 et

566 4851 587 4885 ‹
623 4834 677 4889 in
702 4833 930 4889 circuitu
953 4834 1114 4896 sedis,
1134 4843 1366 4902 quatuor
1388 4832 1638 4887 animalia
1657 4832 1809 4902 plena
1830 4831 2002 4887 oculis
2018 4839 2145 4887 ante

568 4945 588 4978 ‹
621 4934 675 4981 et
714 4935 880 4980 retro.
930 4924 998 4979 Et
1037 4924 1238 4979 animal
1285 4925 1515 4994 primum
1558 4925 1732 4980 simile
1762 4924 1927 4989 leoni,
1957 4931 2012 4978 et
2067 4938 2147 4978 se-

567 5037 587 5070 ι
617 5017 849 5073 cundum
878 5014 1077 5070 animal
1121 5014 1296 5070 simile
1341 5015 1526 5077 vitulo.
1575 5023 1629 5068 et
1678 5016 1895 5071 tertium
1941 5014 2144 5069 animal

566 5129 587 5163 ‹
622 5110 827 5169 habens
844 5106 1035 5163 faciem
1051 5106 1204 5178 quasi
1228 5106 1482 5172 hominis,
1507 5116 1563 5162 et
1581 5116 1829 5178 quartum
1852 5106 2053 5162 animal
2068 5107 2144 5160 si-

567 5222 586 5255 c
617 5201 746 5258 mile
777 5198 972 5271 aquilae
1000 5196 1220 5254 volanti.
1258 5198 1325 5253 Et
1369 5207 1603 5269 quatuor
1637 5199 1908 5265 animalia,
1936 5199 2146 5272 singula

568 5312 589 5348 ‹
622 5310 806 5350 eorum
842 5291 1111 5348 habebant
1166 5290 1278 5348 alas
1324 5307 1504 5356 senas,
1535 5300 1590 5346 et
1619 5292 1673 5346 in
1702 5292 1953 5357 circuitu,
1984 5301 2035 5347 et
2066 5291 2148 5345 in-

569 5405 590 5439 ‹
624 5396 713 5443 tus
749 5386 905 5459 plena
932 5394 1058 5442 sunt
1084 5386 1277 5453 oculis,
1308 5394 1361 5440 et
1413 5387 1651 5457 requiem
1700 5401 1807 5440 non
1865 5385 2143 5442 habebant

570 5494 591 5527 ‹
622 5477 710 5532 die
754 5491 819 5533 ac
846 5485 1007 5533 nocte
1032 5477 1304 5533 dicentia:
1335 5474 1595 5540 Sanctus,
1628 5484 1867 5541 sanctus,
1900 5484 2140 5542 sanctus,

571 5583 591 5617 c
623 5566 882 5622 Dominus
924 5564 1067 5623 Deus
1090 5567 1453 5636 omnipotens,
1482 5565 1575 5636 qui
1616 5574 1756 5631 erat,
1779 5566 1873 5636 qui
1908 5574 1993 5621 est
2021 5607 2038 5633 ,
2091 5573 2148 5623 et

573 5675 592 5709 ι
628 5656 719 5728 qui
747 5666 1005 5714 venturus
1024 5666 1127 5715 est.
1158 5656 1225 5712 Et
1265 5657 1392 5713 dum
1422 5656 1614 5713 darent
1640 5655 1730 5713 illa
1754 5663 1986 5726 quatuor
2028 5658 2145 5714 ani-

574 5769 593 5802 ι
622 5749 782 5807 malis
806 5749 1118 5825 gloriampt
1151 5751 1455 5817 honorem,
1475 5755 1532 5804 et
1582 5747 2010 5815 benedictionem
2060 5764 2153 5806 se-e

2245 4660 2381 4710 rem,
2409 4644 2734 4717 baptismum
2760 4641 3071 4713 signiﬁcans
3093 4644 3148 4697 et
3172 4640 3510 4711 martyrium.

2317 4737 2387 4790 Et
2410 4736 2464 4789 in
2493 4736 2715 4789 circuitu
2751 4734 2889 4787 sedis
2911 4732 3098 4787 sedilia
3151 4732 3331 4802 uiginti
3377 4743 3424 4786 et
3458 4741 3694 4802 quatuor
3715 4772 3731 4797 ,
3788 4740 3837 4787 et

2246 4845 2407 4902 supra
2438 4830 2650 4882 thronos
2681 4828 2861 4898 uiginti
2906 4835 3136 4896 quatuor
3181 4829 3412 4881 sem‘ores
3458 4824 3717 4881 sedentes.
3747 4825 3837 4879 Vi-

2248 4921 2382 4994 ginti
2409 4919 2721 4988 decalogum
2769 4918 3125 4989 duplicatum,
3148 4926 3380 4988 quatuor
3406 4932 3535 4972 vero
3564 4918 3837 4988 signiﬁcat

2243 5022 2478 5085 quatuor
2505 5009 2811 5083 Evangelia.
2865 5009 2991 5065 Sive
3031 5010 3219 5081 viginti
3273 5019 3507 5079 quatuor
3545 5009 3833 5073 seniores,

2243 5104 2527 5161 duodecim
2560 5101 2916 5173 patriarchas,
2941 5110 2997 5154 et
3044 5098 3328 5155 duodecim
3364 5097 3676 5170 signiﬁcant
3707 5112 3835 5168 apo-

2246 5198 2432 5255 stolos.

2317 5287 2751 5343 Circamamictos
2793 5284 3105 5341 aestimatis
3138 5281 3291 5341 albis.
3334 5281 3447 5347 Hoc
3499 5289 3585 5337 est
3609 5322 3626 5347 ,
3675 5294 3839 5350 opere

2247 5379 2532 5436 castitatis.
2572 5376 2725 5433 Unde
2749 5384 2805 5431 et
2835 5374 3090 5431 Salomon
3121 5373 3198 5429 ait
3230 5391 3243 5427 :
3285 5372 3441 5428 Omni
3466 5381 3703 5442 tempore
3735 5371 3838 5425 sint

2247 5472 2549 5533 uestimenta
2578 5480 2669 5525 tua
2691 5468 2919 5524 candida
2955 5466 3152 5539 (Eccle.
3184 5465 3261 5538 ιι)
3286 5506 3301 5530 .
3349 5465 3404 5521 id
3429 5471 3531 5527 est,
3559 5479 3694 5519 caro
3744 5471 3847 5517 tua

2250 5563 2319 5618 ab
2344 5561 2495 5618 omni
2521 5559 2831 5632 pollutionis
2874 5558 3033 5628 sorde
3065 5554 3347 5622 mundata,
3368 5562 3425 5611 et
3448 5552 3716 5625 pudicitia
3753 5566 3839 5610 ca-

2249 5655 2454 5716 stitatis
2480 5662 2697 5711 ornata.

2323 5748 2392 5809 Et
2427 5750 2483 5805 in
2503 5746 2758 5821 capitibus
2786 5760 2965 5803 earum
2998 5758 3204 5811 acroma
3242 5757 3443 5807 aurea.
3467 5737 3538 5797 Id
3557 5743 3663 5807 est.
3687 5736 3837 5813 prin-
