4030 6506
462 373 568 432 355

1790 363 2143 421 SMARAGDI
2176 361 2475 427 ABBATIS

3638 356 3757 414 336

462 464 693 544 thronus
715 487 814 545 Dei
830 488 921 553 sit,
936 483 1155 557 saphyri
1182 482 1378 538 habeat
1399 476 2034 551 εἰιῐιὶιίιιιίιίηειη(Ειτεεὴ⁸
2065 484 2118 542 Α
2210 474 2394 530 Nonus
2419 472 2679 543 topazius.
2709 469 2972 541 Topazius
3002 468 3136 540 lapis
3162 466 3200 535 ,'
3230 476 3489 539 quantum
3537 468 3759 525 inven-

460 580 526 650 ι),
554 590 614 635 et
639 580 807 652 gloria
831 578 1042 635 Domini
1072 576 1128 631 in
1156 576 1261 630 hoc
1292 574 1476 629 colore
1514 571 1779 628 consistat
1799 611 1814 637 ,
1860 567 2038 641 praeﬁ-

456 680 622 741 gurat
638 685 764 724 eum
810 668 903 740 qui
947 674 1127 739 portat
1169 665 1457 736 imaginem
1499 659 1897 733 supercmlestis
1923 699 1938 725 ,
1985 666 2042 714 et

442 774 584 815 reum
614 759 870 830 Apostolo
916 764 1096 830 potest
1128 756 1344 812 dicere:
1378 753 1578 809 Nostra
1616 751 1935 808 conversatio
1982 750 2040 804 in

459 850 600 905 catis
626 859 719 905 est.

531 947 748 1003 Tertius
776 943 1150 1008 calcedonius,
1195 939 1287 1012 qui
1314 939 1471 1011 quasi
1502 936 1643 1011 ignis
1664 936 1898 992 lucernae
1926 933 2040 1005 pal-

459 1038 624 1095 lentis
661 1039 895 1108 speciem
935 1035 1151 1098 retinet,
1181 1040 1236 1088 et
1275 1031 1438 1086 habet
1486 1029 1745 1101 fulgorem
1769 1027 1869 1082 sub
1895 1025 2035 1090 divo,

456 1146 567 1185 non
596 1131 653 1186 in
684 1132 871 1194 domo,
920 1142 1027 1197 quo
1086 1128 1526 1181 demonstrantur
1572 1122 1651 1187 hi,
1682 1120 1774 1191 qui
1828 1116 2039 1174 caelesti

453 1222 728 1277 desiderio
750 1220 982 1283 subnixi,
1016 1218 1323 1274 hominibus
1352 1226 1478 1272 tunc
1503 1216 1692 1279 latent,
1724 1222 1776 1269 et
1805 1212 1959 1283 quasi
1983 1211 2038 1265 in

456 1311 782 1367 abscondito
826 1309 1113 1380 jejunium,
1142 1308 1555 1378 eleemosynam,
1587 1318 1885 1376 precesque
1912 1315 2039 1357 suas

455 1409 643 1473 agunt,
674 1401 769 1456 sed
793 1415 914 1457 cum
957 1401 1042 1456 vel
1093 1400 1382 1463 doctrinm,
1433 1398 1519 1454 vel
1557 1397 1678 1452 aliis
1730 1403 2037 1452 sanctorum

458 1493 648 1548 usibus
680 1491 1008 1557 inservituri,
1038 1491 1105 1546 ad
1125 1490 1399 1561 publicum
1420 1489 1714 1561 procedere
1735 1485 1992 1556 jubentur
2020 1526 2036 1552 ,

454 1592 584 1637 mox
611 1582 770 1652 quasi
796 1581 1017 1653 fulgoris
1045 1581 1264 1636 lucerna
1289 1580 1472 1636 lucent
1496 1587 1551 1635 et
1579 1579 1772 1634 ardent
1800 1592 1814 1631 :
1846 1578 2039 1633 ardent

456 1673 709 1729 videlicet
736 1688 941 1737 amore,
969 1672 1153 1728 lucent
1173 1687 1442 1728 sermone.

366 1762 369 1765 λ
530 1763 767 1831 Quartus
800 1764 1134 1835 smaragdus,
1151 1763 1241 1833 qui
1265 1763 1446 1818 nimia:
1466 1762 1752 1818 viriditatis
1771 1770 1873 1828 est,
1904 1762 2038 1817 adeo

2140 568 2286 623 tione
2321 580 2509 628 rarus,
2551 570 2758 619 tantum
2791 560 3055 617 mercium
3100 560 3404 632 quantitate
3448 558 3755 627 pretiosus

2140 668 2254 723 est;
2278 656 2368 726 qui
2390 656 2526 711 duos
2547 656 2747 711 habere
2777 653 2949 709 fertur
2970 652 3200 718 colores,
3220 666 3388 707 unum
3413 651 3533 706 auri
3565 650 3759 722 puris-

2139 749 2280 812 simi,
2302 755 2357 802 et
2378 747 2608 802 alterum
2641 727 2876 800 :etherea
2915 742 3165 799 claritate
3212 741 3578 798 relucentem.
3644 739 3753 798 Hie

2139 837 2356 910 regibus
2384 838 2517 907 ipsis
2568 837 2740 891 fertur
2764 850 2886 891 esse
2918 833 3214 900 mirabilis,
3246 842 3307 889 ut
3336 833 3478 889 inter
3506 833 3756 888 divitias

2139 946 2264 987 suas
2285 930 2417 984 nihil
2438 945 2497 985 se
2523 928 2699 984 simile
2724 927 3001 998 possidere
3029 932 3379 997 cognoscant.
3411 922 3589 995 Cujus
3624 923 3755 994 pul-

2138 1026 2408 1082 cherrima
2438 1034 2646 1079 naturae
2679 1022 2910 1094 qualitas
2935 1062 2951 1089 ,
3002 1019 3433 1090 contemplativa:
3479 1019 3621 1074 vitae
3652 1017 3753 1072 de-

2138 1117 2252 1173 cori
2277 1115 2590 1188 dignissima
2623 1121 2989 1184 comparatur.
3014 1110 3168 1167 Hanc
3188 1114 3334 1166 enim
3354 1125 3513 1182 reges
3532 1107 3747 1176 sancti,

2137 1222 2368 1278 quorum
2397 1222 2492 1261 cor
2517 1213 2601 1261 est
2630 1205 2685 1260 in
2711 1220 2875 1259 manu
2897 1203 3014 1268 Dei,
3041 1202 3251 1258 cunctis
3292 1201 3569 1257 bonorum
3611 1213 3751 1270 ope-

2137 1317 2257 1356 rum
2291 1301 2512 1367 divitiis,
2545 1300 2927 1369 universisque
2958 1298 3220 1353 virtutum
3256 1297 3486 1368 gemmis
3533 1296 3749 1352 merito

2135 1390 2453 1462 praeferunt,
2484 1398 2633 1446 tanto
2652 1389 2929 1445 ardentius
2955 1388 3192 1444 caelestis
3218 1389 3344 1443 vita:
3390 1387 3748 1443 dulcedinem

2135 1483 2317 1536 animo
2360 1480 2800 1551 complectentes,
2834 1488 3039 1549 quanto
3079 1476 3419 1548 frequentius
3482 1490 3751 1545 supernae

2138 1572 2324 1643 gratiae
2345 1570 2547 1626 fuerint
2582 1569 2869 1640 splendore
2896 1566 3158 1639 percussi.
3207 1565 3421 1621 Habent
3446 1580 3586 1636 ergo
3614 1579 3747 1619 san-

2138 1667 2210 1722 cti
2235 1666 2335 1720 viri
2365 1679 2587 1720 aureum
2613 1663 2873 1729 colorem,
2890 1669 2944 1717 et
2965 1660 3169 1716 interea
3189 1657 3420 1713 ﬂammae
3445 1657 3749 1713 charitatis

2137 1757 2339 1814 habent
2361 1758 2675 1821 tethereum,
2704 1770 2773 1810 ex
2826 1768 3071 1823 superna:
3119 1749 3583 1820 contemplatione
3615 1749 3742 1804 dul-

458 1861 523 1908 nt
547 1854 745 1909 herbas
792 1854 1031 1908 virentes
1080 1852 1499 1922 frondentesque
1547 1867 1787 1923 gemmas
1811 1892 1825 1918 ,
1876 1851 2040 1907 etiam
2066 1836 2113 1896 Β
2142 1848 2366 1904 cedinis.
2396 1847 2548 1915 Quod
2586 1862 2715 1902 vero
2744 1846 2798 1901 in
2836 1844 3008 1901 insula
3058 1843 3352 1909 Thebaida,
3383 1856 3504 1912 quae
3557 1841 3745 1911 Topa.

458 1943 607 1999 omni
655 1942 902 1999 inliciens
928 1943 1075 1999 circa
1117 1958 1177 1999 se
1208 1944 1486 1999 viriditate
1532 1958 1908 2013 repercussum
1953 1959 2040 1999 ae-

458 2045 573 2087 rem
593 2073 610 2099 ,
637 2030 790 2102 cujus
814 2048 1014 2104 genera
1037 2032 1265 2104 plurima
1295 2042 1437 2098 sunt,
1469 2033 1563 2088 sed
1593 2033 1883 2089 nobiliores
1911 2032 2042 2105 Scy-

459 2122 613 2187 thici,
652 2125 950 2180 secundum
1005 2124 1183 2181 locum
1234 2131 1421 2179 tenent
1464 2124 1771 2191 Bactriani,
1825 2126 2040 2181 tertium

460 2213 754 2286 Egyptici.
802 2213 1087 2285 Signiﬁcat
1109 2225 1289 2270 autem
1338 2216 1565 2280 animas,
1596 2215 1700 2270 ﬁde
1725 2231 1939 2286 semper
1962 2215 2043 2271 vi-

463 2312 662 2365 rentes.
688 2320 807 2374 qua:
822 2305 1194 2359 hmreditatem
1208 2305 1709 2361 immarcessihilem
1730 2305 1780 2376 (I
1800 2305 1942 2360 Petr.
1962 2304 2037 2377 v),

463 2405 522 2454 et
538 2405 795 2452 attemam
811 2404 1191 2452 conservatam
1214 2397 1269 2453 in
1295 2397 1468 2463 caelis,
1483 2405 1538 2452 et
1552 2405 1729 2451 mente
1753 2395 2042 2466 concipere

461 2489 747 2560 sperando,
774 2496 829 2545 et
856 2488 911 2544 in
946 2490 1217 2561 proximos
1263 2497 1514 2559 satagunt
1551 2503 1804 2559 spargere
1848 2488 2042 2559 prtedi-

462 2581 660 2638 cando.

529 2670 761 2737 Quintus
782 2671 1063 2727 sardonix.
1089 2670 1189 2728 llic
1217 2686 1284 2726 ex
1307 2672 1464 2726 cnice
1488 2671 1797 2735 candorem,
1826 2686 1893 2726 ex
1922 2684 2040 2724 sar-

462 2762 549 2815 dio
583 2762 834 2816 ruborem
870 2763 1110 2826 trahens,
1140 2762 1208 2815 ab
1243 2769 1472 2830 utroque
1528 2759 1795 2815 sardonici
1844 2775 2039 2815 nomen

463 2851 694 2919 accepit.
713 2848 853 2905 Sunt
875 2858 1055 2905 autem
1080 2865 1277 2920 genera
1296 2849 1413 2919 ejus
1431 2849 1680 2920 plurima.
1703 2848 1853 2903 Alius
1874 2848 2038 2914 enim,

462 2951 621 2997 terra)
652 2943 830 2997 rubrae
880 2943 1287 3000 similitudinem
1326 2952 1491 2999 tenet.
1542 2943 1693 2998 Alius
1745 2934 1896 3013 quasi
1945 2960 2044 3014 per

463 3042 753 3091 humanum
802 3048 1035 3104 unguem
1086 3034 1304 3104 sanguis
1352 3034 1589 3098 eniteat,
1637 3032 1840 3088 bicolor
1868 3042 2043 3105 appa-

462 3133 562 3180 ret.
592 3124 744 3181 Alius
770 3125 942 3180 tribus
962 3124 1254 3189 coloribus,
1281 3125 1554 3180 subterius
1586 3125 1760 3196 nigro,
1793 3126 2041 3196 superius

446 3217 659 3282 mineo,
686 3218 861 3273 medio
904 3217 1134 3273 candido
1183 3218 1470 3283 consistit,
1527 3218 1615 3273 cui
1665 3225 2044 3288 comparantur

464 3307 710 3365 nomines
742 3307 987 3377 corporis
1016 3308 1268 3378 passione
1315 3307 1620 3374 rubicundi,
1656 3308 1878 3378 spiritus
1901 3308 2046 3377 puri-

466 3406 576 3455 tate
615 3398 852 3464 candidi,
873 3400 968 3455 sed
992 3400 1209 3456 sibimet
1236 3399 1539 3455 humilitate
1570 3400 1827 3470 despecti.

530 3488 731 3545 Sextus
750 3489 986 3556 sardius,
1008 3490 1100 3560 qui
1115 3504 1184 3545 ex
1198 3490 1408 3561 integro
1423 3491 1699 3560 sanguinei
1724 3491 1921 3547 coloris
1935 3499 2040 3557 εει,

462 3587 762 3648 martyrum
790 3578 1016 3647 gloriam
1055 3577 1326 3649 significat
1349 3618 1364 3644 ,
1410 3580 1476 3634 de
1500 3595 1604 3649 qua
1634 3580 1862 3635 dicitur:
1894 3578 2045 3635 Prax-

462 3666 595 3720 tiosa
622 3666 678 3719 in
702 3675 975 3735 conspectu
1008 3665 1216 3720 Domini
1237 3682 1376 3721 mors
1411 3677 1712 3721 sancton
1750 3668 1883 3738 ejus.
1934 3668 2044 3723 Me-

464 3758 570 3812 rito
596 3763 751 3811 sexto
772 3753 891 3810 loco
916 3756 1141 3825 positus,
1169 3771 1291 3811 cum
1316 3756 1575 3813 Dominus
1597 3765 1783 3812 noster
1807 3766 1864 3812 et
1889 3768 2039 3814 sexta

461 3857 622 3904 aetate
647 3847 829 3904 saeculi
858 3847 1191 3914 incarnatus,
1216 3858 1271 3904 et
1297 3858 1448 3905 sexta
1485 3849 1618 3904 feria
1647 3850 1718 3905 sit
1752 3865 1849 3920 pro
1879 3852 2044 3907 totius

464 3937 649 3993 mundi
675 3936 854 3994 salute
883 3937 1196 3994 cruciﬁxus.

534 4029 809 4101 Septimus
836 4029 1180 4102 chrysolitus,
1196 4028 1288 4100 qui
1307 4029 1465 4100 quasi
1497 4044 1686 4084 aurum
1709 4028 1892 4101 fulget,
1909 4031 2046 4086 scin-

464 4122 604 4178 tillas
625 4122 831 4178 habens
849 4121 1120 4188 ardentes,
1150 4119 1302 4191 cujus
1329 4121 1510 4192 specie
1528 4121 1829 4193 ﬁgurantur
1851 4123 1930 4189 hi,
1950 4125 2042 4194 qui

464 4215 734 4270 intellectu
748 4229 996 4287 superum
1023 4228 1269 4285 veraeque
1284 4214 1560 4284 sapientia:
1577 4213 1860 4286 fulgentes,
1879 4216 2044 4272 verba

463 4307 859 4363 exhortationis
884 4309 938 4362 in
975 4306 1254 4378 proximos
1292 4304 1377 4361 vel
1405 4306 1569 4361 etiam
1594 4307 1855 4362 virtutum
1890 4307 2043 4378 signa

463 4398 619 4469 quasi
634 4398 895 4453 scintillas
915 4398 1053 4468 ignis
1072 4397 1373 4464 eﬁ'undunt,
1393 4406 1909 4467 quorum,utorator
1927 4399 2006 4454 ait
2027 4417 2041 4454 :

499 4557 502 4560 ,
588 4496 834 4548 ﬂentibus
861 4497 1007 4547 instat
1025 4510 1179 4560 amor,
1204 4498 1515 4548 sermonibus
1537 4505 1717 4548 :estuat
1742 4500 1904 4558 ardor,

2066 4546 2122 4608 D

2142 1939 2264 1994 zion
2296 1938 2614 2009 appellatur,
2651 1939 2793 1994 unde
2839 1938 2953 2009 ipse
2981 1950 3180 1992 nomen
3238 1936 3471 2011 accepit,
3502 1934 3743 1991 inveniri

2143 2032 2358 2097 dicitur,
2386 2031 2673 2103 dupliciter
2720 2029 3127 2099 intelligendum
3161 2035 3285 2092 est,
3352 2026 3481 2097 quia
3528 2033 3590 2081 et
3638 2025 3745 2080 illa:

2141 2123 2433 2194 praecipue,
2455 2123 2510 2177 id
2539 2131 2643 2187 cst,
2678 2119 3055 2192 Egyptiorum
3101 2117 3352 2190 regiones
3375 2158 3391 2185 ,
3435 2118 3745 2172 monacho-

2142 2233 2262 2273 rum
2291 2216 2540 2288 gregibus
2571 2216 2864 2279 abundent,
2901 2223 2957 2268 et
3001 2213 3310 2283 quicunque
3357 2211 3457 2266 soli
3497 2209 3743 2281 justitiae

2141 2306 2353 2362 vicinus
2369 2305 2713 2369 habitaverit,
2748 2303 2968 2358 aetherei
2998 2302 3253 2357 nimirum
3283 2301 3497 2357 luminis
3515 2299 3746 2372 fulgore

2143 2397 2366 2454 coletur.
2389 2397 2457 2452 Et
2480 2397 2703 2468 pulchre
2728 2397 2782 2451 in
2811 2407 3002 2453 octavo
3023 2395 3234 2460 ordine,
3251 2395 3442 2450 activa:
3466 2395 3599 2449 vitae
3613 2410 3742 2464 per-

2141 2490 2329 2555 fectio,
2357 2490 2435 2543 sic
2459 2489 2513 2542 in
2535 2504 2678 2543 nono
2705 2486 3049 2558 speculativae
3075 2485 3358 2541 suavitatis
3385 2501 3603 2557 gemma
3642 2500 3741 2555 po-

2143 2582 2306 2647 nitur,
2342 2581 2454 2636 sive
2496 2581 2621 2651 quia
2650 2595 2840 2635 novem
2865 2579 3084 2634 ordines
3130 2578 3444 2650 angelorum
3498 2593 3734 2647 quorum

2141 2674 2308 2727 vitam
2341 2673 2603 2737 imitatur,
2619 2671 2675 2725 in
2699 2670 2979 2742 Scriptura
3008 2678 3194 2725 sancta
3223 2668 3593 2738 reperiantur.

2212 2764 2465 2819 Decimus
2500 2763 2930 2834 chrySOprasius.
2961 2762 3389 2833 Chrysoprasius
3418 2769 3505 2817 est
3536 2762 3735 2817 viridis

2144 2867 2426 2923 aureasque
2479 2852 2866 2914 commixtum,
2901 2852 3172 2921 quoddam
3198 2851 3363 2907 etiam
3393 2865 3734 2922 purpureum

2137 2941 2300 3013 jnbar
2328 2942 2549 2996 trahens
2575 2941 2752 2996 aureis
2792 2940 3278 2997 intervenientibus
3298 2942 3504 3012 ‘guttis.
3544 2940 3735 2997 Nasci-

2144 3040 2232 3087 tur
2258 3040 2436 3087 autem
2466 3032 2518 3086 in
2541 3032 2712 3096 India,
2736 3031 2825 3102 qui
2870 3030 3141 3103 signiﬁcat
3165 3046 3259 3087 eos
3277 3032 3372 3102 qui
3395 3033 3733 3087 viriditatem

2143 3134 2359 3181 :eternae
2403 3126 2615 3195 patrize,
2646 3125 2898 3195 perfectae
2931 3125 3211 3179 charitatis
3256 3124 3463 3195 fulgore
3509 3140 3731 3195 prome-

2068 3196 2115 3259 C
2146 3225 2329 3272 rentes
2357 3258 2371 3281 ,
2424 3232 2544 3272 eam
2568 3216 2731 3272 etiam
2764 3216 2977 3271 caneris
3027 3231 3299 3286 purpurea
3344 3216 3605 3287 martyrii
3654 3216 3731 3271 sui

2145 3308 2265 3364 luce
2302 3300 2666 3379 patefaciunt;
2700 3309 2791 3378 qui
2821 3309 3077 3377 quoniam
3101 3309 3154 3362 in
3177 3322 3242 3364 eo
3268 3308 3411 3378 quod
3444 3308 3617 3363 vitam
3649 3310 3734 3365 de-

2143 3402 2397 3471 spiciunt,
2451 3410 2707 3456 aeternam
2774 3400 2999 3472 gloriam
3055 3397 3368 3470 praeferunt,
3414 3400 3637 3455 Domini
3681 3400 3731 3454 in

2143 3508 2308 3549 carne
2354 3494 2664 3564 apparentis
2712 3493 2957 3564 exempla
3023 3499 3357 3563 sequuntur,
3404 3489 3521 3560 jam
3587 3492 3731 3549 velut

2143 3582 2201 3638 in
2220 3583 2390 3648 India,
2423 3584 2478 3638 id
2499 3592 2616 3649 εει,
2649 3598 2815 3653 prope
2862 3582 2991 3638 solis
3016 3592 3219 3649 ortum,
3248 3569 3567 3639 meritorum
3611 3599 3733 3639 suo-

2143 3688 2265 3728 rum
2284 3673 2547 3744 fulgorem
2567 3675 2878 3728 ostendunt.

2215 3765 2545 3820 Undecimus
2578 3765 2922 3836 hyacinthus.
2966 3763 3304 3836 Hyacinthus
3355 3765 3410 3820 in
3447 3762 3731 3837 Ethiopia

2143 3856 2431 3926 reperitur,
2447 3854 2736 3911 caeruleum
2763 3855 2997 3911 colorem
3013 3855 3219 3912 habens
3241 3857 3495 3926 optimus,
3510 3856 3601 3928 qui
3636 3872 3732 3913 nec

2144 3962 2301 4001 rarus
2322 3955 2429 4011 est,
2450 3961 2553 4001 nec
2571 3947 2839 4002 densitate
2864 3947 3109 4013 obtusus,
3128 3946 3223 4003 sed
3244 3962 3313 4002 ex
3335 3958 3565 4018 utroque
3591 3957 3732 4004 tem.

2142 4046 2459 4110 peramento
2484 4036 2628 4091 lucet
2647 4077 2661 4102 ,
2719 4036 3029 4106 puriﬁcato,
3057 4045 3115 4093 et
3139 4037 3380 4093 suaviter
3406 4037 3591 4094 liorem
3622 4048 3729 4094 tra-

2142 4128 2244 4183 hit.
2270 4127 2368 4183 llic
2395 4137 2574 4185 autem
2603 4145 2711 4183 non
2754 4129 2939 4184 rutilat
2967 4129 3267 4200 aequaliter,
3291 4129 3431 4185 facie
3457 4130 3581 4185 caeli
3610 4147 3729 4186 mu-

2143 4228 2306 4275 tatur.
2337 4217 2543 4275 Sereno
2564 4220 2708 4274 enim
2734 4220 3052 4290 perspicuus
3078 4228 3239 4290 atque
3266 4230 3453 4290 gratus
3480 4229 3586 4285 est,
3619 4236 3727 4276 nu-

2143 4310 2254 4367 bilo
2274 4325 2458 4365 coram
2478 4310 2649 4366 oculis
2684 4310 2961 4366 evanescit
2985 4318 3147 4381 atque
3175 4312 3480 4366 marcescit.
3517 4309 3731 4367 lndicat

2146 4404 2289 4459 enim
2315 4403 2523 4458 animas
2549 4402 2755 4459 caelesti
2800 4417 3017 4471 semper
3045 4402 3331 4457 intentioni
3380 4402 3613 4467 deditas,
3641 4410 3727 4457 at-

2147 4509 2251 4563 que
2285 4494 2541 4565 angelicae
2569 4493 2962 4564 quodammodo
2992 4499 3255 4563 quantum
3293 4493 3616 4549 mortalibus
3641 4493 3728 4551 fas

463 4584 609 4656 quod
670 4583 800 4654 quia
862 4583 977 4640 solo
1046 4583 1305 4655 spiritalis
1359 4584 1545 4655 gratiae
1613 4598 1837 4639 munere
1898 4584 2043 4654 geri-
2066 4583 2122 4608 ν
2145 4591 2248 4650 εει,
2289 4584 2687 4640 conversationi
2723 4583 3166 4655 propinquantes,
3205 4583 3400 4655 quibus
3442 4583 3592 4640 omni
3630 4600 3728 4641 cu-

467 4686 575 4743 tur,
624 4674 1001 4732 decentissime
1045 4673 1276 4744 septimo
1319 4672 1667 4728 fundamento
1719 4673 2045 4745 chrysolitus

466 4769 627 4834 inest,
665 4764 964 4839 septiformi
990 4766 1136 4821 enim
1176 4779 1317 4836 saepe
1360 4779 1586 4820 numero
1640 4764 1778 4821 solet
1822 4765 2042 4837 spiritus

466 4859 639 4915 sancti
666 4858 841 4930 gratia
869 4856 1113 4928 ﬁgurari.

534 4949 772 5008 Octavus
795 4948 1051 5020 beryllus.
1099 4947 1343 5020 Beryllus
1375 4955 1491 5015 est,
1538 4949 1691 5019 quasi
1733 4950 2041 5007 consideres

466 5056 663 5111 aquam
691 5038 820 5096 solis
847 5038 1054 5111 fulgore
1067 5053 1404 5110 percussam,
1427 5039 1784 5096 rubicundum
1798 5055 1862 5095 ac
1883 5040 2041 5095 deco-

424 5131 437 5211 ξ
467 5149 589 5190 rum
614 5129 842 5190 reddere
867 5130 1137 5196 colorem,
1167 5127 1263 5185 sed
1293 5143 1400 5184 non
1431 5128 1601 5201 fulget
1626 5130 1730 5187 nisi
1765 5128 1821 5185 in
1848 5143 2040 5186 sexan-

466 5224 644 5297 gulam
657 5222 889 5281 formam
906 5220 1156 5301 poliendo
1166 5219 1445 5293 ﬁguretur.
1460 5219 1887 5292 Repercussioue
1897 5219 2041 5276 enim

466 5317 806 5387 angulorum,
840 5313 1092 5386 splendor
1126 5311 1272 5368 illius
1298 5312 1527 5367 acuitur.
1554 5310 1834 5383 Signiﬁcat
1862 5319 2043 5368 autem

469 5406 715 5465 homines
745 5404 962 5478 ingenio
987 5403 1205 5476 quidem
1252 5415 1506 5474 sagaces;
1541 5401 1636 5455 sed
1671 5401 1901 5472 amplius
1952 5415 2044 5456 su-

468 5512 650 5568 perna:
682 5498 871 5569 gratia:
907 5495 1108 5563 lumine
1135 5493 1480 5566 refulgentes,
1504 5493 1753 5563 quodque
1796 5500 2045 5550 tenentes

468 5605 630 5645 manu
654 5588 883 5644 adurere
901 5589 1121 5652 dicitur,
1146 5585 1334 5658 procul
1370 5585 1532 5642 dubio
1558 5592 1727 5657 patet,
1751 5586 1877 5656 quia
1900 5584 2045 5655 quis-

469 5698 575 5754 que
601 5688 791 5736 sancto
812 5680 929 5736 viro
949 5680 1312 5753 coniungitur,
1333 5680 1449 5749 ejus
1469 5679 1719 5735 nimirum
1742 5680 1897 5735 bonae
1920 5696 2045 5737 con-

468 5771 797 5839 versationis
816 5771 936 5845 igne
969 5780 1265 5829 recreatur.

2141 4676 2315 4732 stodia
2334 4676 2675 4732 discretionis
2701 4675 3041 4734 conversatio
3064 4676 3380 4747 percipitur,
3412 4691 3481 4731 ne
3508 4676 3595 4733 vel
3636 4677 3723 4733 ni—

2141 4768 2251 4822 mia
2276 4782 2466 4823 sensus
2487 4766 2786 4822 subtilitate
2810 4766 3015 4823 callens
3040 4806 3055 4834 ,
3100 4767 3297 4822 altiora
3333 4782 3393 4822 se
3439 4781 3688 4839 quaerere
3706 4808 3722 4833 ,

2139 4866 2197 4913 et
2223 4857 2448 4913 fortiora
2483 4872 2543 4912 se
2588 4858 2816 4913 scrutari
2842 4859 3057 4914 audeat.
3084 4857 3267 4914 Gloria
3319 4859 3463 4914 enim
3508 4857 3723 4914 Domini

2141 4948 2318 5004 celare
2342 4948 2588 5012 verbum,
2614 4947 2670 5002 id
2690 4956 2798 5013 est,
2821 4954 2977 5003 caute
2994 4947 3061 5004 de
3084 4949 3196 5003 Deo
3219 4948 3304 5004 vel
3326 4949 3545 5004 homine
3566 4948 3725 5005 Chri-

2139 5045 2224 5094 sto
2252 5039 2639 5110 philosophari,
2678 5038 2764 5095 vel
2806 5054 3023 5095 rursum
3061 5040 3263 5096 desidia
3316 5049 3601 5111 torpente,
3653 5037 3722 5094 ad

2140 5128 2358 5186 inﬁrma
2404 5128 2529 5185 ﬁdei
2575 5129 2729 5185 initia
2769 5137 2932 5201 atque
2970 5130 3236 5186 elementa
3275 5130 3482 5187 exordii
3518 5144 3724 5185 sermo-

2141 5234 2271 5275 num
2298 5218 2394 5276 Dei
2419 5219 2752 5286 relabantur,
2781 5222 2873 5292 qui
2900 5220 3080 5292 potius
3106 5221 3191 5276 via
3215 5223 3364 5294 regia
3393 5221 3717 5291 gradientes,

2145 5324 2178 5364 a
2215 5310 2420 5367 dextris
2445 5319 2502 5368 et
2525 5326 2557 5367 a
2584 5311 2823 5369 sinistris
2845 5327 2944 5384 per
2963 5327 3112 5369 arma
3147 5314 3372 5386 justitiw
3418 5312 3574 5368 tutati
3600 5327 3721 5384 pro-

2143 5403 2356 5467 ccdent,
2381 5404 2533 5472 quasi
2577 5403 2896 5473 hyacinthus
2930 5404 3115 5461 nubilo
3160 5406 3525 5462 circumdatus
3550 5404 3721 5475 loqui-

2144 5500 2252 5549 tur.
2288 5491 2438 5548 Nihil
2462 5493 2599 5547 em'm
2616 5493 2854 5564 judicavi
2878 5512 2959 5551 me
2996 5497 3129 5552 scire
3152 5497 3291 5552 inter
3320 5514 3426 5563 vos,
3452 5497 3553 5552 nisi
3570 5494 3722 5550 Chri-

2143 5595 2281 5640 stum
2307 5584 2513 5652 Iesum,
2535 5596 2583 5670 et
2603 5587 2752 5652 ,hunc
2782 5588 3095 5659 cruciﬁxum
3119 5588 3173 5662 (Ι
3198 5587 3322 5644 Cor.
3352 5589 3391 5661 ι)
3419 5628 3434 5652 ο
3489 5598 3545 5645 ει
3566 5588 3715 5658 quasi

2144 5678 2200 5733 in
2227 5694 2415 5735 serena
2449 5679 2567 5734 lucc
2595 5680 2760 5745 visus,
2787 5682 2864 5736 ait
2888 5698 2899 5735 :
2944 5680 3267 5752 Sapientiam
3304 5680 3568 5753 loquimur
3584 5682 3718 5735 inter

2144 5772 2397 5844 perfectos
2433 5771 2518 5845 (Il
2555 5772 2675 5829 Cor.
2710 5772 2791 5846 tl).

3960 5182 3961 5201 ι

3960 5222 3961 5247 l

3959 6362 3961 6382 l
