4030 6484
249 423 364 487 8δῖ

1076 417 1595 479 COLLECTIONES
1635 417 1704 474 IN
1741 415 2122 477 EPISTOLAS
2158 416 2248 475 ET
2282 415 2695 475 EVANGELIA.

323 534 686 611 Duodecimus
731 532 1085 611 amethystus.
1135 538 1482 611 Amethystus
1524 549 1824 607 purpureus
1850 541 1903 603 Α
1925 536 2086 599 intra,
2109 534 2168 589 in
2192 549 2301 604 quo
2336 546 2444 589 non
2474 532 2620 589 aliud
2643 532 2857 589 videtur
2883 529 3142 596 exterius,
3169 543 3335 605 quam
3359 531 3512 605 quod

249 640 356 697 est,
374 629 647 703 permixto
666 628 906 686 violaceo
926 628 1130 698 colore,
1150 638 1208 685 et
1226 630 1382 701 quasi
1429 642 1567 685 rosae
1611 626 1792 683 nitore
1814 666 1830 694 ,

251 723 516 796 quasdam
536 721 730 778 leniter
757 718 1063 778 ﬂammulas
1087 720 1319 779 fundens
1333 762 1350 789 ,
1381 722 1477 777 sed
1494 727 1552 777 et
1576 719 1834 790 quiddam

251 815 313 873 in
334 827 576 886 purpura
595 813 742 871 illius
765 828 874 869 non
900 828 970 870 ex
994 820 1115 869 toto
1137 813 1298 885 igneo
1318 813 1414 869 sed
1465 813 1623 883 quasi
1651 811 1836 866 vinum

252 907 456 964 rubens
478 920 764 978 apparens.
791 904 1105 977 Purpureus
1125 919 1256 976 ergo
1282 903 1447 960 decor
1484 902 1722 960 caelestis
1744 914 1834 956 re-

252 997 347 1069 gni
365 997 608 1053 habitum
632 1035 649 1063 ,
693 1010 883 1054 roseus
916 1011 1047 1053 vero
1071 1003 1235 1066 atque
1265 994 1541 1051 violaceus
1577 992 1839 1050 humilem

254 1096 592 1156 sanctorum,
612 1101 746 1145 vere
776 1087 990 1145 avidam
1016 1087 1423 1159 pretiosamque
1465 1094 1699 1144 mortem
1745 1084 1841 1142 de-

254 1180 455 1251 signat.

321 1271 384 1328 lu
406 1270 619 1341 iaspide
636 1284 787 1342 ergo,
816 1269 940 1327 ﬁdei
978 1269 1257 1335 viriditas;
1302 1268 1360 1324 in
1407 1268 1644 1339 saphyro
1667 1307 1686 1334 ,
1723 1265 1840 1337 spei

255 1362 495 1417 ctelestis
525 1361 783 1429 altitudo;
829 1362 887 1417 in
942 1361 1269 1426 calcedonio,
1300 1358 1516 1414 ﬂamma
1561 1357 1844 1413 charitatis

256 1450 485 1517 internae
516 1450 798 1523 ﬁguratur.
822 1452 884 1507 lu
907 1450 1195 1523 smaragdo
1216 1458 1418 1513 autem,
1446 1445 1686 1516 ejusdem
1717 1445 1844 1501 ﬁdei

256 1538 414 1596 fortis
440 1541 580 1596 inter
626 1541 854 1596 adversa
897 1540 1184 1596 confessio.
1222 1539 1279 1593 lu
1301 1537 1605 1601 sardonice,
1629 1543 1846 1591 sancto-

255 1637 386 1687 rum"
407 1632 549 1687 inter
573 1631 805 1687 virtutes
847 1629 1144 1687 humilitas.
1176 1628 1234 1683 In
1285 1628 1485 1691 sardio,
1517 1628 1846 1684 reverendus

256 1730 556 1791 martyrum
595 1736 758 1775 cruor
781 1718 1123 1790 exprimitur.
1155 1718 1213 1772 lu
1241 1717 1555 1788 chrysolito,
1582 1733 1690 1772 vox
1734 1716 1845 1787 spi-

257 1812 431 1867 ritalis
473 1811 616 1866 inter
636 1809 897 1866 miracula
923 1808 1259 1885 praedicatio.
1314 1807 1372 1862 lu
1414 1807 1618 1880 beryllo
1652 1806 1847 1877 praedi-

1931 632 2113 697 gestat
2155 624 2405 681 interius.
2437 623 2707 697 Crystallo
2757 638 2972 698 quoque
2997 624 3142 697 quod
3164 624 3234 681 de
3273 640 3416 698 aqua
3457 625 3517 693 in

1931 719 2157 791 glaciem
2219 728 2276 774 et
2316 716 2551 788 lapidem
2593 716 2890 789 pretiosum
2936 714 3206 782 efﬁcitur,
3264 716 3523 791 baptismi

1932 811 2105 883 gratia
2138 810 2418 882 ﬁguratur.

2005 902 2075 957 Et
2103 903 2160 958 in
2183 902 2354 958 medio
2376 900 2536 968 sedis,
2561 910 2611 957 et
2636 899 2694 956 in
2716 900 2942 957 circuitu
2966 900 3125 968 sedis,
3146 906 3378 973 quatuor
3400 896 3521 953 ani-

1933 998 2118 1064 utalia,
2155 996 2311 1069 plena
2357 995 2521 1052 oculis
2545 1036 2565 1065 ,
2616 1004 2739 1051 ante
2764 1002 2815 1051 et
2854 1002 3017 1050 retro.
3043 994 3316 1052 Circuitus
3334 990 3521 1049 throni

1935 1086 2055 1154 Dei,
2077 1087 2132 1144 id
2156 1095 2242 1144 est
2263 1086 2519 1143 Ecclesiae
2562 1092 2772 1159 patres,
2798 1084 2981 1140 lumen
3008 1083 3307 1154 Evangelii,
3324 1090 3524 1154 praete.

1934 1179 2166 1236 ritorum
2201 1178 2612 1249 futurorumque
2638 1177 2865 1233 scientia
2898 1174 3089 1244 replet.

2007 1269 2079 1324 Et
2100 1269 2296 1325 animal
2323 1270 2554 1341 primum
2589 1266 2759 1323 simile
2781 1266 2941 1332 leoni,
2967 1272 3074 1321 etc.
3112 1260 3246 1325 Haec
3267 1263 3525 1320 animalia

1939 1360 2237 1419 multifarie
2277 1360 2718 1430 interpretantur.
2734 1358 2936 1413 Beatus
2964 1364 3147 1413 autem
3167 1354 3526 1426 Augustinus,

1936 1449 2093 1519 iuxta
2133 1451 2380 1505 ordinem
2419 1450 2543 1504 libri
2572 1450 2748 1515 istius,
2784 1449 3099 1504 Matthmum
3128 1447 3340 1501 leonem
3392 1443 3529 1500 dicit

1945 1538 2190 1606 intelligi,
2214 1538 2307 1607 qui
2332 1538 2492 1608 regiae
2536 1536 2821 1608 dignitatis
2875 1537 2933 1591 in
2958 1535 3179 1592 Christo
3215 1533 3528 1606 prosapiam

1945 1638 2153 1693 narrat,
2185 1628 2277 1698 qui
2309 1636 2365 1683 et
2392 1628 2525 1683 vicit
2552 1626 2638 1683 leo
2674 1627 2745 1684 de
2770 1626 2916 1683 tribu
2939 1624 3098 1681 Juda.
3136 1624 3359 1682 Catulus
3383 1623 3531 1680 enim

1946 1720 2119 1776 leonis
2144 1718 2303 1785 Juda,
2348 1726 2405 1774 et
2450 1719 2507 1774 in
2539 1733 2649 1789 quo
2692 1726 2755 1773 ut
2800 1734 2898 1773 rex
2944 1733 2978 1772 a
3030 1731 3155 1789 rege
3204 1716 3446 1773 timetur.
3481 1716 3532 1772 Α

1949 1811 2119 1882 Magis
2148 1810 2426 1875 adoratur,
2450 1809 2543 1866 ubi
2571 1810 2737 1865 etiam
2768 1824 2865 1865 rex
2892 1824 3017 1879 cum
3046 1809 3219 1864 servis
3262 1808 3532 1864 rationem

258 1902 499 1957 cautium
537 1901 778 1971 perfecta
821 1902 1088 1971 operatio.
1127 1899 1187 1954 lu
1212 1900 1509 1971 .topazion,
1534 1900 1848 1955 earumdem
1875 1885 1924 1945 Β
1950 1903 2122 1974 ponit.
2149 1901 2265 1956 Rex
2299 1901 2515 1971 nuptias
2544 1900 2654 1955 ﬁlio
2690 1899 2844 1964 facit,
2870 1906 2924 1955 et
2948 1899 3017 1955 ad
3043 1898 3293 1954 ultimum
3322 1913 3418 1953 rex
3440 1913 3531 1955 se-

258 1993 460 2049 ardeus
487 1993 872 2064 contemplatio
891 1999 1248 2048 monstratur.
1262 1991 1432 2048 Porro
1455 1992 1512 2046 in
1527 1992 1849 2063 chrysopra-

259 2084 364 2151 sio,
392 2086 673 2141 beatorum
699 2092 1002 2154 martyrum
1046 2098 1181 2153 Opus
1206 2082 1411 2151 pariter
1455 2088 1512 2135 et
1535 2080 1843 2151 prmmium.

257 2174 319 2229 In
339 2174 655 2246 hyacintho,
679 2174 959 2229 doctorum
973 2172 1211 2227 caelestis
1227 2173 1293 2226 ad
1316 2171 1428 2225 alta
1456 2169 1776 2233 sublevatio,
1796 2175 1852 2224 et

257 2277 483 2338 propter
536 2266 780 2322 inﬁrmos
824 2266 1044 2320 humilis
1084 2265 1152 2319 ad
1181 2265 1417 2319 humana
1446 2260 1744 2318 descensio.
1790 2260 1851 2315 In

257 2358 590 2428 amethysto,
618 2355 855 2412 ccelestis
869 2370 1082 2427 semper
1104 2355 1254 2424 regni
1283 2355 1337 2408 in
1360 2352 1646 2408 humilium
1669 2352 1852 2405 animo

257 2448 529 2513 memoria
555 2447 887 2515 designatur,
906 2446 1218 2516 ,singulique
1256 2444 1465 2514 lapides
1488 2442 1712 2514 pretiosi
1743 2439 1855 2496 sin-

259 2540 407 2618 gulis
426 2546 555 2595 sunt
582 2537 949 2595 fundamentis
962 2537 1227 2608 deputati,
1244 2537 1335 2607 qui
1359 2536 1487 2590 licet
1513 2549 1702 2589 omnes
1723 2548 1851 2605 per-

257 2623 418 2698 fecti,
449 2630 646 2700 quibus
664 2631 857 2686 civitas
877 2630 972 2685 Dei
994 2629 1165 2685 nostri
1209 2629 1265 2683 in
1294 2637 1478 2683 monte
1519 2634 1709 2681 sancto
1738 2623 1856 2703 ejus

259 2730 491 2779 ornatur
509 2728 673 2792 atque
698 2720 954 2776 fundatur
976 2758 994 2786 ,
1049 2718 1318 2789 spiritalis
1354 2717 1541 2786 gratiae
1596 2715 1705 2771 sint
1734 2715 1856 2771 luce

260 2812 562 2883 fulgentes,
594 2809 687 2864 alii
724 2818 906 2865 tamen
936 2822 1034 2880 per
1076 2807 1328 2877 spiritum
1358 2806 1514 2861 datur
1545 2820 1726 2861 sermo
1772 2819 1858 2859 sa-

260 2903 505 2975 pientiae,
534 2901 626 2956 alii
652 2916 832 2957 sermo
876 2899 1135 2964 scientiae,
1161 2897 1251 2953 alii
1296 2898 1471 2968 gratia
1524 2896 1852 2962 sanitatum,

265 2994 362 3051 alii
388 3009 589 3064 genera
616 2993 922 3065 linguarum
950 3031 968 3058 ,
1024 2990 1116 3046 alii
1145 2990 1278 3045 ﬁdes
1312 2990 1367 3044 in
1407 2988 1599 3044 eodem
1639 2988 1852 3059 spiritu,

263 3093 375 3145 etc.

286 3248 293 3257 ι
338 3177 410 3232 Et
432 3178 489 3232 in
514 3177 737 3233 circuitu
764 3176 902 3232 sedis
928 3175 1115 3231 sedilia
1140 3175 1324 3245 viginti
1343 3184 1595 3247 quatuor,
1623 3183 1671 3228 et
1699 3190 1857 3244 super

266 3270 486 3329 thronos
533 3269 712 3339 viginti
738 3277 971 3340 quatuor
996 3269 1226 3323 seniores
1267 3267 1518 3322 sedentes.
1559 3266 1860 3322 Ecclesium

267 3372 505 3427 namque
528 3366 750 3428 propter
765 3357 1083 3412 societatem
1109 3354 1231 3411 ﬁdei
1259 3356 1315 3411 in
1343 3371 1450 3410 una
1477 3354 1608 3417 sede
1631 3355 1862 3421 viderat,

268 3445 520 3511 eamdem
548 3461 643 3516 per
664 3445 937 3517 geminum
957 3452 1342 3501 testamentum
1368 3444 1434 3499 de
1458 3443 1790 3514 patriarchis
1810 3450 1868 3499 et

269 3535 532 3605 apostolis
552 3541 887 3606 generatam,
912 3535 969 3590 in
1009 3534 1201 3606 viginti
1229 3544 1283 3589 et
1326 3543 1559 3604 quatuor
1605 3534 1866 3590 sedilibus

268 3626 468 3682 cernit.
507 3624 796 3682 Sedentem
821 3634 1026 3691 autem,
1054 3633 1275 3696 propter
1295 3625 1640 3696 iudiciariam
1664 3627 1782 3698 eius
1811 3627 1867 3682 in

269 3718 493 3779 Christo
518 3716 875 3789 dignitatem;
929 3717 1197 3773 sedebuut
1224 3726 1407 3774 autem
1444 3727 1500 3773 et
1544 3716 1868 3788 iudicabunt

270 3811 528 3871 universa
554 3808 821 3875 membra,
847 3809 943 3865 sed
986 3809 1040 3865 in
1082 3825 1190 3865 uno
1233 3820 1289 3866 et
1320 3825 1419 3882 per
1464 3826 1630 3866 unum
1683 3816 1864 3881 caput.

272 3900 415 3958 Nam
454 3903 722 3974 quomodo
778 3910 1036 3974 poterunt
1083 3902 1258 3958 sancti
1312 3904 1368 3958 iu
1404 3900 1610 3971 iudicio
1644 3902 1866 3968 sedere,

271 4002 481 4052 stantes
516 3996 584 4051 ad
619 3994 870 4050 dextram
907 3992 1137 4063 iudicis,
1190 4002 1420 4064 possunt
1460 3994 1625 4049 etiam
1680 3993 1870 4063 viginti

272 4095 512 4158 quatuor
538 4086 779 4140 seniores
814 4086 869 4139 in
918 4084 1028 4140 illis
1069 4084 1314 4155 intelligi,
1344 4084 1437 4155 qui
1481 4084 1866 4155 perfectionem

272 4176 493 4250 operis,
527 4191 649 4247 quae
696 4176 912 4231 senario
956 4190 1185 4231 numero
1234 4176 1679 4242 commendatur,
1726 4176 1871 4231 clara

274 4264 558 4337 Evangelii
582 4265 968 4336 praedicatione
994 4275 1338 4332 consumant,
1367 4282 1495 4322 nam
1517 4276 1709 4337 quater
1730 4269 1869 4335 seni,

275 4354 473 4427 viginti
498 4363 733 4426 quatuor
771 4354 995 4410 faciunt.

354 4448 1073 4505 Circumamictiuestimentis
1095 4448 1251 4516 albis,
1265 4451 1390 4505 etin
1409 4449 1664 4521 capitibus
1692 4466 1873 4505 eorum

277 4556 489 4596 corona:
527 4556 722 4595 aurem.
752 4539 867 4597 Hoc
903 4548 1007 4606 est,
1038 4541 1195 4597 bonis
1239 4541 1496 4612 operibus
1519 4542 1750 4607 indutos,
1780 4556 1873 4613 pe-

279 4630 441 4686 renni
485 4629 684 4685 mentis
727 4629 1010 4696 memoria,
1041 4631 1238 4700 gaudia
1265 4646 1502 4702 superna
1530 4641 1868 4702 quaerentes;

278 4732 431 4788 saepe
455 4718 599 4773 enim
626 4731 780 4773 mens
806 4718 999 4788 capitis
1024 4720 1244 4776 nomine
1281 4720 1417 4776 solet
1441 4721 1688 4792 intelligi.

358 4812 429 4867 Et
455 4813 521 4868 de
559 4814 745 4869 throno
793 4815 1080 4886 procedunt
1127 4816 1341 4890 fulgura
1372 4828 1421 4874 et
1456 4837 1602 4875 voces
1650 4829 1698 4875 et
1732 4820 1873 4875 toni-

282 4914 429 4960 trua.
469 4904 582 4962 Hoc
609 4916 713 4973 est,
744 4907 889 4978 quod
933 4908 1144 4966 Marcus
1164 4911 1242 4965 ait
1270 4930 1284 4966 :
1313 4911 1407 4966 Illi
1435 4923 1611 4968 autem
1655 4913 1876 4986 profecti

282 4995 703 5067 praedicaverunt
718 4997 926 5067 ubique,
940 4998 1165 5054 Domino
1179 5012 1508 5072 cooperante,
1521 5012 1567 5057 et
1586 5019 1874 5057 sermonem

286 5086 654 5155 conﬁrmante,
685 5088 1016 5160 sequentibus
1040 5091 1204 5161 signis
1267 5091 1463 5164 (Marci
1484 5093 1736 5167 ultimm).

364 5178 434 5232 Et
459 5187 655 5249 septem
677 5178 945 5250 lampades
971 5190 1092 5236 ante
1121 5182 1388 5249 thronum,
1415 5186 1507 5254 qui
1537 5196 1656 5239 sunt
1683 5195 1873 5258 septem

284 5270 507 5342 spiritus
533 5269 651 5325 Dei.
679 5269 858 5327 Unum
874 5273 1121 5343 spiritum
1147 5274 1281 5330 dicit
1307 5275 1707 5345 septiformem;
1737 5293 1877 5333 unus

1885 3234 1932 3297 C

1945 2001 2136 2066 gregat
2159 2007 2291 2048 oves
2318 1994 2388 2048 ab
2418 1993 2603 2048 haedis.
2645 1991 2847 2047 Lucam
2880 1991 2938 2046 in
2966 1983 3132 2045 vitulo
3159 2032 3177 2057 ,
3224 1990 3315 2060 qui
3356 1991 3534 2047 hostia

1947 2098 2143 2154 magna
2175 2083 2295 2148 fuit,
2325 2084 2378 2138 in
2405 2082 2522 2154 lege
2556 2083 2702 2138 enim
2750 2081 2867 2150 eius
2897 2097 3004 2137 non
3041 2081 3214 2137 solum
3266 2081 3533 2151 principia

1948 2175 2093 2231 circa
2123 2175 2378 2246 templum
2407 2182 2464 2231 et
2486 2172 2754 2230 sacriﬁcia
2780 2172 3140 2239 diversantur,
3169 2172 3262 2229 sed
3294 2174 3368 2227 ita
3394 2186 3533 2228 con-

1950 2266 2185 2322 cluditur
2211 2284 2224 2320 :
2249 2265 2321 2319 Et
2346 2274 2493 2320 erant
2520 2281 2723 2336 semper
2748 2265 2804 2319 in
2831 2263 3021 2336 templo
3060 2262 3335 2319 laudantes
3372 2273 3419 2318 et
3447 2264 3540 2319 beo

1952 2357 2245 2411 nedicentes
2271 2356 2455 2410 Deum.
2484 2355 2674 2410 Facies
2698 2370 2826 2411 vero
2857 2355 3109 2417 hominis,
3139 2353 3351 2410 Marcus
3371 2355 3541 2425 signi-

1955 2447 2100 2513 ﬁcat,
2127 2447 2218 2517 qui
2246 2447 2380 2503 nihil
2410 2446 2477 2501 de
2520 2446 2707 2516 regali,
2739 2446 3171 2501 vel-sacerdotali
3199 2445 3416 2502 Domini
3439 2460 3540 2514 po~

1956 2538 2127 2595 tentia
2154 2537 2387 2602 locutus,
2417 2544 2627 2591 tantum
2670 2535 2905 2591 hominis
2925 2533 3127 2590 Christi
3156 2543 3309 2605 gesta
3334 2535 3543 2606 simpli-

1954 2628 2093 2685 citer
2113 2634 2318 2682 narrat.
2343 2625 2537 2694 Aquila
2560 2632 2761 2691 autem,
2776 2621 3011 2679 Joannes
3029 2632 3135 2688 est,
3161 2624 3255 2694 qui
3283 2623 3541 2680 nativita-

1955 2728 2065 2777 tem
2086 2717 2272 2783 Verbi,
2304 2717 2451 2772 velut
2484 2726 2666 2774 ortum
2692 2717 2823 2772 solis
2866 2716 3253 2787 perspicaciter
3276 2724 3541 2786 aspectat.

1954 2807 2224 2865 Animalia
2253 2815 2435 2862 autem
2471 2822 2617 2862 nunc
2653 2806 3036 2877 evangelistas,
3061 2822 3205 2863 nunc
3246 2814 3411 2863 totam
3439 2807 3547 2862 Ec-

1956 2900 2176 2957 clesiam
2203 2898 2534 2971 signiﬁcant,
2561 2898 2715 2969 cuius
2743 2896 3005 2955 fortitudo
3048 2899 3105 2953 in
3150 2898 3305 2953 leone
3329 2937 3345 2963 ,
3389 2899 3549 2953 victi-

1957 2990 2121 3045 matio
2148 2989 2205 3044 iu
2250 2990 2441 3056 vitulo,
2481 2989 2756 3046 humilitas
2784 2989 2840 3046 iu
2889 2988 3131 3056 homine,
3160 2988 3463 3047 sublimitas
3487 2990 3550 3047 in

1957 3074 2145 3150 aquila‘
2172 3080 2384 3137 volante
2427 3091 2779 3138 monstratur.
2962 3136 2965 3141 .

2033 3169 2256 3243 Singula
2315 3189 2495 3227 eorum
2531 3172 2786 3228 habebant
2826 3173 2943 3228 alas
2966 3189 3162 3229 senas.
3211 3174 3551 3233 Perfectiano

1964 3279 2076 3319 suae
2102 3263 2386 3329 doctrinae,
2413 3264 2710 3319 Ecclesium
2734 3264 2802 3319 ad
2821 3264 2930 3319 alta
2954 3264 3258 3324 sublevant.
3287 3266 3550 3325 Senarius

1964 3354 2109 3410 enim
2144 3368 2401 3409 numerus
2435 3356 2556 3410 ideo
2608 3354 2882 3427 perfectus
2909 3358 3138 3425 dicitur,
3191 3361 3318 3430 quia
3346 3362 3552 3431 primis

1965 3443 2079 3499 suis
2105 3444 2350 3515 partibus
2373 3444 2646 3514 impletur,
2678 3462 2843 3502 unum
2877 3449 3092 3519 quippe,
3116 3451 3259 3520 quod
3283 3458 3547 3508 est-sexta

1966 3535 2166 3591 senarii
2200 3550 2348 3605 pars,
2376 3544 2433 3591 et
2478 3537 2603 3603 duo,
2635 3536 2778 3608 quod
2814 3546 2898 3594 est
2942 3540 3125 3607 tertia,
3155 3550 3212 3597 et
3264 3541 3364 3596 tria
3403 3543 3553 3613 quod

1965 3633 2050 3679 est
2073 3625 2375 3692 dimidium,
2404 3626 2655 3682 eumdem
2673 3629 2948 3684 senarium
2977 3627 3203 3685 faciunt.
3234 3629 3407 3685 Aliter
3441 3631 3553 3688 alas

1967 3729 2110 3771 seua:
2149 3725 2381 3785 quatuor
2410 3716 2725 3773 animalium
2771 3734 2892 3789 qua:
2926 3726 3053 3786 sunt
3098 3719 3290 3790 viginti
3338 3727 3395 3775 et
3420 3734 3555 3791 (ιω-η

1967 3815 2109 3889 tuor,
2136 3808 2359 3864 totidem
2404 3808 2619 3866 Veteris
2663 3808 2997 3867 Testamenti
3024 3811 3192 3868 libros
3231 3811 3554 3880 insinuant,

1966 3899 2162 3975 quibus
2193 3900 2642 3972 evangelistarum
2674 3910 2731 3959 et
2769 3900 2990 3960 fulcitur
3021 3905 3337 3972 auctoritas,
3360 3913 3418 3961 et
3460 3919 3558 3964 ve-

1968 3994 2102 4047 ritas
2130 3993 2408 4061 probatur.
2936 4052 2937 4061 χ

2042 4080 2109 4135 Et
2136 4082 2191 4137 in
2233 4083 2456 4137 circuitu
2506 4093 2554 4138 et
2595 4084 2735 4139 intus
2777 4082 2935 4155 plena
2957 4094 3077 4139 sunt
3114 4085 3300 4140 oculis.
3352 4084 3563 4147 Sancta,

1971 4171 2212 4228 Ecclesia
2238 4213 2253 4238 ,
2307 4180 2361 4227 et
2391 4187 2577 4227 coram
2627 4174 2768 4239 Deo,
2824 4181 2879 4227 et
2918 4188 3101 4228 coram
3134 4174 3444 4230 hominibus
3493 4190 3563 4237 se

1975 4263 2259 4335 vigilanter
2279 4263 2526 4326 attendit,
2554 4262 2709 4333 cuius
2738 4263 3027 4323 interiores
3053 4263 3241 4321 oculos
3263 4274 3559 4335 aspexerat

1972 4352 2281 4418 Psalmista,
2314 4368 2436 4408 cum
2467 4353 2702 4409 diceret:
2730 4352 2936 4422 Omnis,
2973 4354 3143 4428 gloria
3171 4354 3289 4426 eius
3328 4355 3425 4413 ﬁlii
3462 4370 3563 4419 re-,

1974 4448 2057 4519 gis
2090 4449 2158 4503 ab
2187 4448 2352 4503 intus.
2379 4444 2688 4504 Exteriores
2726 4464 2879 4518 vero,
2905 4464 3031 4505 cum
3048 4449 3303 4505 continuo
3334 4450 3562 4508 subdit:

1976 4535 2044 4591 In
2067 4535 2295 4606 ﬁmbreis
2325 4539 2499 4592 aureis
2526 4579 2541 4604 ,
2585 4524 2977 4595 circumamicta
3030 4540 3301 4593 varietate.
3349 4538 3565 4615 Aliter,

1976 4626 2090 4682 sive
2116 4626 2354 4682 litteram
2395 4628 2666 4695 attendas,
2696 4628 2809 4684 sive
2861 4628 3171 4701 allegoriam
3218 4629 3559 4702 quan-as,lu-

1975 4736 2094 4778 cem
2120 4736 2335 4792 semper
2354 4723 2409 4778 in
2430 4723 2722 4795 Evangelio
2771 4725 2994 4795 reperis.
3024 4725 3145 4781 Alia
3176 4727 3459 4785 translatio
3478 4728 3573 4787 sic.

1976 4815 2141 4871 habet
2165 4835 2179 4870 :
2208 4814 2376 4872 Plena
2405 4817 2569 4873 oculis
2597 4829 2719 4874 ante
2746 4837 2801 4875 se
2825 4830 2873 4875 et
2904 4832 3063 4889 retro,
3082 4823 3214 4894 quia
3248 4823 3337 4881 lux
3377 4825 3563 4883 Evan-

1976 4907 2120 4979 gelii,
2162 4916 2217 4963 et
2242 4910 2529 4982 aenigmata
2570 4911 2703 4982 legis
2750 4913 3001 4980 irradiat,
3061 4925 3118 4970 et
3162 4931 3318 4973 novae
3368 4918 3569 4989 gratiae

1975 5001 2176 5056 mundo
2202 4998 2378 5074 fulgur
2403 5002 2656 5060 infundit.
2926 5059 2930 5069 ,

2047 5096 2115 5150 Et
2163 5096 2388 5168 requiem
2426 5114 2529 5152 non
2577 5099 2834 5156 habebant
2871 5101 2956 5157 die
2994 5119 3057 5158 ac
3102 5113 3249 5159 nocte
3284 5104 3561 5159 dicentia:

1979 5185 2228 5251 Sanctus,
2256 5197 2490 5252 sanctus,
2526 5198 2736 5244 sanctus
2764 5189 3019 5249 Dominus
3042 5193 3180 5248 Deus
3211 5194 3575 5264 omnipotens..

1979 5285 2085 5335 etc.
2122 5275 2319 5332 Sancta
2344 5279 2617 5345 animalia,
2646 5289 2839 5337 cuncta
2877 5290 3119 5354 tempora
3162 5282 3342 5339 saeculi
3392 5298 3559 5340 unam

286 5372 378 5418 est
396 5361 545 5416 enim
573 5362 819 5433 spiritus,
861 5363 1251 5433 septiformitas
1296 5366 1462 5431 enim,
1495 5365 1759 5436 perfectio
1796 5377 1881 5424 est
1980 5367 2399 5424 dominationem
2439 5368 2683 5438 Deitatis,
2718 5372 3160 5443 omnipotentiam
3206 5379 3262 5428 et
3285 5371 3575 5439 aeternitas

289 5462 350 5511 et
378 5453 676 5525 plenitudo.
731 5455 1168 5512 Commemorato
1231 5473 1359 5514 vero
1403 5459 1595 5532 spiritu
1647 5470 1836 5521 sancto
1860 5502 1876 5528 ,

291 5545 682 5603 convenienter
715 5546 859 5601 unda
884 5546 1137 5616 baptismi
1172 5548 1435 5619 sequitur,
1471 5565 1576 5619 qua
1605 5551 1745 5607 idem
1771 5552 1881 5622 spi-

294 5639 438 5694 ritus
472 5638 638 5708 recipi
666 5639 923 5695 creditur.

369 5728 439 5782 Et
465 5730 522 5783 in
550 5739 825 5800 conspectu
844 5730 980 5785 sedis
1001 5738 1253 5801 tanquam
1277 5746 1421 5785 mare
1451 5731 1687 5801 vitreum,
1709 5733 1880 5789 simile

293 5822 568 5894 crystallo.
596 5822 821 5901 Propter
850 5825 1010 5884 ﬁdem
1048 5840 1229 5882 verum
1256 5824 1524 5895 baptisma
1560 5826 1793 5886 refertur
1811 5829 1883 5891 ad

1985 5467 2095 5516 tem
2138 5468 2339 5517 sanctae
2378 5459 2656 5518 Trinitatis
2702 5463 3011 5530 afﬁrmant,
3060 5470 3311 5520 manente
3350 5463 3569 5527 intelle-

1985 5551 2176 5607 ctualis
2212 5560 2476 5609 creaturae
2504 5562 2759 5625 perpetua
2783 5554 2839 5608 in
2865 5553 3176 5609 caelestibus
3199 5552 3376 5610 laude.

2057 5642 2348 5699 Procidunt
2385 5644 2564 5715 uiginti
2608 5653 2834 5715 quatuor
2860 5644 3087 5699 seniores
3131 5654 3250 5700 ante
3299 5647 3565 5706 sedentem

1985 5734 2040 5803 in
2067 5734 2275 5800 throno,
2299 5744 2346 5790 et
2394 5735 2685 5789 adorabunt
2716 5734 2962 5788 viventem
3008 5735 3065 5789 in
3108 5735 3304 5792 sarcula
3341 5738 3566 5795 sarculo—

1988 5844 2123 5882 rum.
2192 5827 2526 5884 Animalibus
2576 5824 2990 5896 persouautibus
3039 5824 3280 5895 laudem,
3336 5828 3387 5885 id
3435 5838 3580 5912 est._
