4030 6454
1832 381 2186 442 εωωεα
2221 381 2512 439 ABBATIS

535 503 894 578 Ιιιρεάίιιὶε
949 499 1368 575 meditantibus
1382 497 1591 556 Christi
1630 498 2110 571 dispensationem,
2138 504 2194 570 Α
2288 497 2569 569 Respondit
2595 496 2752 552 Iesus
2773 503 2823 551 et
2853 495 2990 552 dixit
3008 509 3028 548 :
3055 497 3219 554 Alton
3239 514 3396 554 antes
3416 498 3536 555 dico
3555 499 3666 568 tibi,
3687 503 3803 558 nisi

533 597 715 654 otnnis
737 594 980 652 Ecclesia
1007 607 1128 664 qua
1149 593 1207 661 ia
1223 592 1529 663 praepositis
1553 599 1768 648 constat
1785 599 1844 646 et
1862 590 2107 660 popinis;

528 691 641 748 In
660 691 810 760 quin
844 688 1138 760 geminam,
1161 686 1530 751 melius
1554 698 1813 740 numerus
1843 683 2113 755 signiﬁca.-

430 845 432 848 ,
534 793 644 853 tur,
674 786 857 842 statim
887 782 1086 839 cadens
1104 782 1160 837 in
1192 779 1610 846 faciem,adorat
1633 780 1902 833 viventem
1929 778 1983 832 in
2011 793 2114 834 ste-

531 873 1013 937 cltia'saedwum
1038 915 1054 940 ,
1107 881 1166 929 et
1210 874 1502 929 mittebant
1537 885 1772 927 muas
1807 886 1934 926 suas
1987 879 2113 926 ante

530 969 786 1024 Mn
808 966 908 1022 Dei
935 965 1261 1034 ,"videiicet,
1287 964 1625 1035 assignantes
1661 961 1922 1032 quidquid
1943 961 2114 1016 virtu-

529 1058 619 1121 tis,
659 1056 920 1126 gidqaid
948 1054 1218 1110 habebant
1239 1055 1538 1126 dignitatis,
1567 1053 1769 1125 quippe
1797 1052 1890 1123 qui
1921 1066 1991 1108 ex
2021 1051 2113 1108 Ii-

529 1147 640 1204 hilo
666 1156 858 1204 cuncta
884 1147 1187 1210 creatura.

701 1240 707 1246 “
861 1237 1202 1296 dissonum
1237 1250 1481 1300 ιοηπιιι,
1511 1249 1639 1290 car.
1677 1250 1762 1301 ru.

604 1344 627 1378 ι
661 1327 794 1382 Erat
822 1328 986 1384 hom
1027 1343 1098 1382 es
1146 1327 1436 1382 Phariis-uis
1477 1325 1802 1386 Nieodemns
1841 1324 2106 1390 nomine,

533 1436 554 1469 ι
582 1418 834 1488 princeps
867 1418 1193 1472 Judaorum.
1224 1417 1328 1473 ic
1358 1416 1505 1471 venit
1543 1415 1611 1471 ad
1638 1416 1822 1470 Jcsu
1849 1423 2024 1480 nocte,
2053 1421 2111 1476 et

532 1526 554 1560 ι
587 1510 724 1568 dixit
752 1510 803 1563 ei
839 1524 853 1561 :
882 1508 1080 1573 Rabbi,
1113 1507 1317 1563 scimus
1355 1507 1481 1577 quia
1507 1523 1540 1560 a
1565 1506 1675 1561 Deo
1711 1505 1907 1560 venisti
1934 1505 2110 1576 magi-

531 1618 551 1652 ι
585 1609 723 1666 ster;
757 1615 916 1655 nemo
939 1599 1083 1654 enim
1133 1608 1311 1670 potest
1337 1600 1453 1654 haec
1481 1599 1634 1670 signa
1673 1597 1854 1653 facere
1889 1612 2007 1667 quae
2047 1605 2108 1653 tu

529 1709 550 1743 ι
581 1690 735 1755 facis,
771 1691 873 1746 nisi
902 1693 1045 1747 Deus
1066 1689 1228 1746 fuerit
1251 1706 1376 1746 cum
1406 1703 1489 1745 eo.
1517 1690 1815 1760 Respondit
1835 1688 2011 1752 Iesus,
2051 1696 2110 1744 et

529 1799 548 1834 ι
583 1782 720 1837 dixit
746 1783 837 1837 ei:
870 1783 1040 1837 Amen
1071 1797 1228 1837 amen
1265 1782 1386 1838 dico
1412 1782 1509 1837 tibi
1536 1799 1550 1834 :
1582 1780 1695 1837 Nisi
1715 1781 1838 1850 quis
1885 1788 2107 1836 renatus

2212 593 2330 663 quis
2355 599 2567 646 manu
2593 591 2751 660 fuerit
2779 590 2950 646 denuo
2969 632 2983 658 ,
3039 607 3144 645 non
3169 599 3336 662 potest
3363 593 3536 647 vitim
3582 610 3802 664 rem

2211 681 2326 737 Dei.
2355 681 2486 750 Quae
2507 682 2778 740 sententia
2818 689 2972 736 tanto
3021 683 3264 752 apertius
3293 683 3504 738 cunctis
3543 683 3804 743 Melin

2211 771 2376 838 lucet,
2407 781 2609 842 quanto
2647 780 2881 839 constat,
2915 773 3045 841 quia
3085 773 3208 827 sine
3238 771 3404 843 hujus
3437 773 3558 829 luce
3609 775 3803 832 ﬁdeles

2212 879 2332 920 esse
2355 874 2648 934 nequeunt.
2667 864 2801 930 Quis
2818 864 2964 924 eruim
2982 864 3105 919 sine
3121 863 3342 920 lavacro
3369 866 3804 936 macerationis

2211 954 2585 1010 mnium“
2616 965 2963 1024 peccatorum
3002 956 3280 1025 consequi,
3307 965 3371 1010 et
3403 970 3627 1026 regnum
3658 957 3803 1016 vales

2210 1048 2417 1102 intrare
2441 1048 2740 1110 emtorem?
2765 1048 2877 1102 Sed
2901 1046 3229 1109 Nectimus
3250 1047 3348 1115 qui
3373 1057 3534 1102 nocte
3551 1047 3709 1101 venit
3733 1048 3804 1104 ad

2211 1139 2417 1206 Iesum,
2448 1142 2678 1196 necdum
2716 1140 2850 1195 lucis
2885 1139 3140 1210 mysteria
3167 1153 3363 1208 capere
3393 1147 3644 1202 noverat,
3671 1151 3801 1194 nam

2211 1241 2267 1289 ct
2287 1249 2394 1293 nox
2415 1234 2476 1287 in
2511 1248 2616 1303 qua
2639 1232 2810 1296 venit,
2833 1233 2956 1301 ipsa
2994 1227 3111 1299 ejus
3134 1244 3242 1300 qua
3269 1230 3621 1297 metiatur
3649 1229 3802 1298 igno-

2210 1327 2446 1382 rantiam
2479 1327 2746 1397 designat,
2781 1324 3006 1378 necdum
3037 1323 3190 1377 enim
3213 1335 3405 1377 eorum
3432 1335 3667 1375 munero
3711 1337 3803 1376 sa-

2210 1418 2384 1473 eiatus
2411 1428 2550 1482 erat,
2567 1418 2773 1487 quibus
2815 1415 2894 1471 ait
2914 1414 3204 1485 Apostolus
3227 1429 3243 1466 :
3276 1412 3481 1466 Fuistis
3499 1413 3800 1482 aliquando

2210 1510 2453 1575 tenebris,
2483 1525 2621 1562 nunc
2651 1517 2824 1562 autem
2852 1507 2944 1561 tua:
2971 1507 3025 1560 in
3054 1507 3279 1560 Domino
3298 1505 3517 1577 (Ephes.
3543 1507 3645 1575 tv).
3697 1505 3801 1561 Sed

2209 1600 2352 1656 inter
2384 1616 2478 1657 eos
2523 1601 2704 1672 potius
2755 1599 3084 1656 remanebat.
3140 1598 3352 1664 Quibus
3402 1597 3537 1653 dicit
3582 1597 3798 1652 Isaias:

2211 1689 2397 1763 Surge,
2423 1690 2742 1755 illuminare,
2772 1688 3088 1753 Jerusalem,
3113 1688 3237 1758 quis
3259 1689 3395 1742 venit
3419 1687 3797 1754 iumentum,

2207 1789 2256 1834 et
2289 1779 2459 1850 gloria
2479 1778 2692 1834 Domini
2718 1795 2873 1850 super
2900 1788 2948 1832 te
2971 1787 3088 1832 orta
3110 1788 3185 1832 est
3203 1775 3345 1848 (lea.
3370 1776 3482 1845 ιι).

528 1889 548 1922 ι
573 1870 741 1926 tuerit
764 1873 960 1936 delum,
989 1887 1096 1926 non
1139 1880 1322 1942 potest
1349 1871 1533 1927 videre
1558 1886 1782 1942 regnum
1815 1869 1931 1925 Dei.
1957 1871 2102 1928 Dicit
2125 1869 2175 1931 Β
2270 1869 2411 1924 Dicit
2437 1869 2505 1923 ad
2548 1885 2668 1924 eum
2723 1868 3042 1925 Nicodemus
3082 1886 3101 1923 :
3132 1867 3406 1934 Quomodo
3437 1877 3610 1939 potest
3637 1871 3793 1926 homo

526 1977 547 2016 t
585 1962 654 2017 ad
689 1979 812 2018 eum
873 1962 1236 2018 Nicodemus:
1274 1962 1557 2031 Quomodo
1604 1972 1782 2033 potest
1826 1962 1987 2017 homo
2018 1977 2106 2018 re-

525 2070 545 2106 ι
582 2054 732 2109 nasci
767 2069 891 2110 cum
920 2055 995 2110 sit
1021 2056 1222 2111 senex?
1251 2054 1504 2126 Nunquid
1533 2064 1711 2126 potest
1756 2056 1810 2110 in
1853 2064 2103 2111 ventrem

526 2158 544 2191 ι
569 2142 765 2197 matris
784 2158 894 2198 sua:
915 2144 1110 2200 iterum
1136 2145 1364 2201 introire
1383 2157 1441 2201 et
1461 2146 1648 2200 nasci?
1690 2145 1988 2216 Respondit
2011 2144 2104 2202 Je-

496 2249 544 2284 ·‹
571 2249 671 2289 sus
699 2254 710 2289 :
741 2235 912 2292 Amen
939 2252 1097 2293 amen
1127 2239 1250 2293 dico
1285 2237 1412 2292 tibi:
1443 2238 1557 2294 Nisi
1581 2239 1704 2309 quis
1734 2247 1955 2296 renatus
1983 2237 2102 2294 fue-

520 2343 542 2381 t
573 2328 738 2386 rit’sx
771 2346 910 2402 aqua
940 2340 996 2388 et
1029 2332 1220 2402 spiritu
1243 2341 1451 2399 sancto,
1480 2350 1588 2388 non
1614 2341 1792 2405 potest
1818 2335 2023 2388 intrare
2045 2333 2103 2389 in

521 2439 541 2472 ι
576 2436 801 2493 regnum
827 2421 942 2480 Dei.
973 2423 1126 2492 Quod
1155 2433 1338 2480 natum
1351 2433 1436 2480 est
1455 2441 1524 2480 ex
1544 2439 1729 2490 carne,
1756 2439 1887 2480 caro
1913 2432 2020 2490 est,
2047 2430 2104 2478 et

518 2528 538 2562 ι
570 2513 714 2581 quod
741 2522 925 2568 natum
938 2523 1021 2570 ast
1039 2529 1106 2569 es
1134 2515 1344 2585 spiritu.
1367 2516 1590 2584 spiritus
1603 2523 1706 2570 est.
1743 2513 1861 2571 Non
1885 2513 2104 2568 mireris

519 2620 538 2654 ι
573 2604 699 2673 quia
715 2604 827 2658 dixi
855 2607 952 2661 tibi
976 2621 994 2660 :
1020 2605 1248 2675 Oportet
1267 2623 1363 2662 vos
1390 2608 1603 2662 renasci
1638 2608 1834 2662 denuo.
1864 2605 2102 2676 Spiritus

517 2709 537 2744 ι
573 2693 664 2749 ubi
694 2693 809 2750 vult
841 2696 1038 2766 spirat,
1077 2706 1344 2752 etvocem
1385 2698 1504 2768 ejus
1559 2698 1740 2760 audis,
1786 2698 1881 2752 sed
1922 2697 2102 2753 nescis

516 2801 536 2835 ι
564 2785 709 2840 unde
747 2787 946 2852 veniat,
980 2796 1073 2842 aut
1093 2803 1202 2859 quo
1226 2789 1406 2844 vadat.
1435 2789 1526 2844 Sic
1554 2798 1638 2845 est
1658 2790 1855 2855 omnis,
1885 2789 1979 2859 qui
2005 2805 2104 2844 na-

516 2892 537 2926 s
573 2881 660 2930 tus
682 2883 767 2930 est
800 2889 864 2930 ex
891 2878 1104 2947 spiritu.
1145 2878 1441 2949 Respondit
1467 2879 1829 2946 Nicodemus,
1887 2888 1943 2934 et
1962 2879 2101 2934 dixit

515 2985 534 3019 ι
570 2966 620 3021 ei
640 2984 654 3020 :
683 2966 963 3034 Quomodo
988 2979 1215 3040 possunt
1233 2971 1345 3027 haec
1376 2971 1531 3026 fieri?
1555 2971 1846 3042 Respondit
1865 2970 2024 3028 Jesus
2045 2979 2101 3028 et

517 3073 536 3106 ι
575 3057 808 3112 dixitei:
841 3059 920 3114 Tu
947 3075 1008 3117 es
1038 3061 1297 3132 magister
1319 3062 1372 3116 in
1396 3062 1582 3127 lsrael,
1610 3072 1668 3118 et
1697 3063 1811 3117 haec
1845 3049 2100 3132 ignoras?

514 3165 536 3200 ι
562 3147 737 3204 Amen
759 3166 918 3206 amen
939 3151 1062 3207 dico
1089 3151 1207 3218 tibi,
1236 3153 1362 3224 quia
1395 3152 1539 3225 quod
1567 3155 1769 3209 scimus
1804 3153 2097 3224 loquimur,

2207 1962 2356 2015 nasci
2376 1977 2494 2015 cum
2513 1962 2579 2015 sit
2604 1977 2780 2027 senex,
2805 1969 2909 2017 etc.
2937 1959 3074 2028 Quia
3091 1963 3238 2017 enim
3259 1961 3510 2017 secundae
3531 1963 3794 2018 nativita-

2207 2051 2276 2108 tis
2302 2053 2481 2107 adhuc
2505 2052 2720 2108 nescius
2754 2053 3155 2122 perseverabat,
3188 2053 3254 2107 de
3287 2052 3460 2108 salute
3485 2060 3674 2107 autem
3700 2067 3797 2109 sua

2200 2145 2314 2218 jam
2352 2146 2613 2203 sollicitus
2638 2149 2942 2213 exstiterat,
2991 2149 3302 2204 necessario
3330 2149 3396 2203 de
3435 2164 3585 2214 una,
3627 2165 3797 2220 quam

2205 2247 2430 2295 noverat
2451 2239 2732 2295 nativitate
2759 2255 2829 2294 an
2873 2248 3057 2310 posset
3089 2241 3295 2305 iterari,
3320 2240 3409 2295 vel
3435 2256 3540 2312 quo
3595 2241 3800 2297 ordino

2205 2333 2542 2406 regeneratio
2568 2332 2738 2403 possit
2789 2331 3027 2403 impleri,
3056 2332 3353 2402 quaerebat,
3384 2345 3452 2386 ne
3488 2330 3648 2402 hujus
3694 2348 3795 2386 ex-

2205 2441 2356 2497 spers
2380 2427 2731 2494 remanendo,
2757 2428 2883 2482 vitae
2903 2427 3141 2483 cmlestis
3166 2425 3440 2497 particeps
3467 2441 3588 2481 esse
3603 2424 3796 2496 nequi--

2203 2528 2308 2574 ret.
2333 2519 2637 2576 Notandum
2668 2530 2870 2586 autem,
2903 2520 3030 2590 quia
3084 2519 3150 2575 de
3182 2517 3388 2574 carnali
3421 2519 3568 2588 quod
3617 2517 3794 2584 dixit,

2203 2613 2309 2668 hoc
2337 2605 2502 2667 etiam
2553 2613 2618 2668 de
2665 2612 2893 2682 spiritali
2924 2620 3010 2668 est
3051 2600 3460 2683 regeneratione
3489 2610 3790 2665 sciendum.

2204 2701 2556 2774 Nequaquam
2590 2702 2841 2759 videlicet
2889 2717 3032 2766 eam,
3054 2710 3342 2771 postquam
3373 2699 3540 2755 semel
3576 2698 3791 2769 expleta

2203 2793 2400 2860 fuerit,
2434 2810 2594 2866 posse
2623 2795 2814 2866 repeti.
2835 2794 2963 2850 Sive
2989 2795 3134 2850 enim
3150 2792 3457 2860 haereticus,
3477 2791 3593 2846 sive
3615 2791 3794 2847 schis-

2203 2887 2454 2953 maticus,
2504 2887 2618 2942 sive
2685 2886 3025 2942 facinorosus
3076 2885 3304 2956 quisque
3347 2883 3405 2939 in
3449 2883 3796 2939 confessione

2202 2987 2400 3034 sancta:
2427 2976 2687 3032 trinitatis
2730 2977 3051 3047 baptizaret,
3088 2991 3198 3031 non
3224 2974 3368 3029 vaiet
3399 2973 3489 3028 ille
3509 3013 3526 3039 ,
3577 2972 3673 3042 qui
3717 2971 3795 3026 ita

2201 3069 2504 3139 baptizatus
2531 3077 2634 3134 est,
2653 3084 2683 3122 a
2711 3068 2866 3123 bonis
2890 3066 3171 3123 catholicis
3198 3063 3546 3135 rebaptizari,
3577 3078 3648 3118 ne
3673 3077 3798 3118 (nn-

2202 3158 2366 3216 i'essio
2390 3160 2477 3215 vel
2517 3161 2786 3215 invocatio
2815 3160 2950 3214 tanti
2965 3159 3200 3214 nominis
3223 3158 3473 3212 videatur
3497 3152 3790 3210 annullari.

515 3259 537 3294 ι
563 3249 620 3297 et
642 3243 787 3312 quod
811 3243 1045 3299 vidimus
1067 3253 1350 3313 testamur,
1373 3256 1429 3302 et
1460 3248 1824 3303 testimonium
1848 3257 2094 3304 nostrum
2123 3237 2168 3302 C
2198 3252 2266 3308 Et
2307 3254 2433 3323 quia
2462 3251 2786 3308 Nicodemus
2821 3252 2888 3307 ad
2931 3250 3164 3322 primam
3223 3247 3439 3303 Domini
3481 3245 3794 3317 responsio-

514 3353 534 3390 ι
565 3350 675 3391 non
701 3337 1010 3406 accepistis.
1033 3335 1094 3392 Si
1123 3346 1336 3394 terrena
1375 3339 1484 3394 dixi
1511 3339 1686 3406 vobis,
1713 3348 1766 3395 et
1790 3356 1896 3396 non
1919 3339 2098 3396 credi-

512 3445 533 3480 ι
560 3429 650 3495 tis,
681 3431 950 3500 quomodo
973 3431 1019 3486 si
1043 3430 1230 3488 dixero
1268 3433 1422 3490 vobis
1461 3433 1706 3489 cmlestia
1733 3434 2001 3490 credetis?
2028 3434 2096 3490 Et

513 3536 532 3572 ε
561 3535 726 3584 ιιωο
755 3524 999 3580 ascendit
1045 3524 1098 3578 in
1151 3526 1382 3592 omium,
1407 3527 1512 3582 nisi
1569 3528 1662 3598 qui
1713 3527 1994 3584 descendit
2029 3529 2096 3584 de

513 3628 534 3662 ι
565 3610 724 3677 emlo,
749 3613 890 3669 illius
929 3614 1185 3680 hominis,
1219 3617 1310 3686 qui
1339 3626 1423 3672 est
1452 3616 1507 3671 in
1533 3617 1692 3673 coelo.
1718 3617 1787 3672 Et
1815 3618 1959 3673 sicut
1981 3617 2094 3672 Mo-

513 3719 534 3753 r
560 3715 650 3758 ses
677 3703 936 3760 excitavit
979 3717 1284 3776 serpentem
1330 3709 1384 3762 in
1431 3709 1685 3775 deserto,
1739 3709 1812 3764 ita
1865 3711 2094 3768 exaltari

512 3801 774 3863 «oportet
819 3793 986 3850 tilium
1032 3797 1296 3865 hominis,
1341 3781 1402 3853 ut
1430 3800 1642 3865 omnis,
1689 3800 1782 3871 qui
1833 3802 2005 3856 credit
2037 3801 2093 3858 in

511 3902 532 3936 ι
567 3885 746 3956 ipsum
772 3901 880 3942 non
919 3896 1140 3956 pereat,
1185 3891 1281 3946 sed
1318 3891 1514 3946 habeat
1555 3893 1724 3947 vitam
1751 3903 2032 3949 aeternam.
2064 3915 2084 3949 ι

575 3977 711 4032 Erat
735 3978 890 4033 homo
917 3996 982 4034 ex
1007 3979 1296 4037 Pharisceis
1328 3982 1649 4039 Nicodamus
1684 3987 1914 4051 nomine,
1946 3987 2092 4057 prin-

505 4069 970 4142 csszndaiorum,
998 4073 1082 4128 hic
1125 4075 1262 4156 venit
1288 4074 1358 4129 ad
1383 4073 1567 4130 Iesum
1613 4088 1780 4135 nocte.
1828 4077 2090 4147 Princeps

505 4161 711 4218 scilicet
734 4159 1063 4247 Judzeorum,
1091 4166 1239 4222 venit
1271 4169 1337 4222 ad
1355 4165 1538 4224 Iesum
1563 4178 1740 4234 nocte,
1755 4170 1978 4240 cupiens
1997 4186 2087 4226 se-

503 4259 652 4306 creta
677 4250 794 4320 ejus
813 4253 1163 4321 allocutione,
1188 4256 1399 4328 plenius
1419 4260 1628 4314 discere
1651 4260 1907 4332 mysteria
1939 4260 2082 4328 ﬁdei,

503 4338 660 4409 cujus
678 4350 864 4410 aperta
889 4345 1201 4401 ostensione
1247 4348 1547 4417 signorum,
1576 4349 1923 4422 aliquatenus
1967 4351 2084 4421 jam

504 4431 810 4488 mdimenta
853 4445 1212 4507 perceperat,
1264 4439 1355 4505 qui
1383 4440 1640 4507 quoniam
1682 4445 1976 4510 prudenter
2019 4459 2086 4501 ea

505 4537 626 4594 qua
651 4524 722 4578 ab
758 4523 850 4579 illo
877 4524 1173 4594 quaerebat,
1199 4527 1527 4598 investigare
1549 4531 1866 4599 promeruit.

572 4611 764 4680 Rabiri,
793 4591 1006 4683 scimus,
1036 4616 1161 4687 quia
1191 4633 1222 4670 a
1259 4615 1367 4670 Deo
1390 4591 1573 4673 uenisti
1598 4621 1847 4691 magister
1871 4663 1886 4686 ,
1935 4639 2084 4679 nemo
2107 4591 2162 4654 Β

499 4707 640 4766 attint
675 4715 841 4779 potest
879 4709 990 4763 Ιιωο
1030 4709 1180 4781 signa
1205 4709 1379 4780 facere
1395 4726 1512 4781 quis
1536 4719 1592 4764 tu
1615 4710 1772 4781 facis,
1796 4713 1898 4768 nisi
1926 4713 2085 4784 fuerit

497 4802 644 4859 Dens
683 4820 804 4859 cum
844 4819 926 4859 eo.
957 4802 998 4860 Δ
1033 4803 1144 4858 Deo
1183 4802 1328 4858 enim
1379 4800 1563 4859 Jesum
1610 4806 1677 4861 ad
1713 4807 2084 4878 magisterium

497 4895 738 4962 calcate,
762 4896 964 4951 mundo
1010 4895 1346 4960 adhibendo,
1402 4896 1613 4952 venisse
1657 4897 1937 4954 confessus
1966 4906 2078 4966 est,

497 4991 672 5048 Deum
701 5004 823 5044 cum
847 5003 913 5044 eo
950 4988 1117 5045 fuisse
1142 4988 1420 5044 miraculis
1453 4989 1769 5058 prudentius
1795 4991 2082 5057 intellexit,

496 5084 730 5141 necdum
756 5089 934 5137 tamen
962 5081 1142 5152 ipsum
1167 5075 1335 5134 Deum
1373 5080 1623 5150 cognovit
1651 5095 1801 5147 esse;
1833 5079 1928 5135 sed
1954 5081 2081 5151 quia

497 5189 660 5248 quem
716 5174 1033 5246 magistrum
1062 5178 1285 5228 noverat
1313 5171 1575 5237 veritatis,
1607 5172 1844 5226 studiose
1878 5171 2081 5226 docen-

497 5269 619 5334 dus,
649 5267 784 5323 adiit
806 5267 1001 5321 merito
1021 5306 1035 5330 ,
1077 5272 1131 5320 et
1162 5264 1487 5336 agnitionem
1514 5263 1811 5319 divinitatis
1836 5261 1952 5332 ejus
1964 5278 2083 5334 per-

495 5359 639 5415 iecte
663 5360 853 5417 doctus
883 5359 1066 5425 subiit,
1089 5359 1285 5413 merito
1307 5358 1591 5428 utriusque
1606 5356 1904 5410 nativitatis
1939 5356 2074 5427 ejus,

497 5453 692 5508 divina:
725 5454 934 5510 scilicet
974 5462 1029 5509 et
1067 5455 1342 5518 humanae,
1397 5450 1490 5506 sed
1527 5459 1580 5505 et
1610 5449 1879 5520 passionis
1916 5459 2079 5520 atque

495 5547 828 5602 ascensionis
866 5548 1035 5619 ipsius
1081 5561 1279 5602 arcana
1314 5544 1574 5616 percepit.
1612 5541 1721 5597 Nec
1751 5558 1858 5597 non
1912 5542 2075 5597 etiam

495 5640 716 5695 modum
745 5641 994 5696 secundae
1035 5638 1421 5712 generationis,
1457 5637 1761 5708 ingressum
1795 5635 1942 5706 regni
1967 5647 2079 5689 coe-

495 5729 679 5796 lestis,
727 5729 902 5801 aliqua
929 5731 1179 5802 perplura
1217 5728 1476 5786 doctrinae
1527 5727 1850 5801 evangelica
1896 5740 2080 5784 sacra-

497 5833 702 5897 menta,
725 5823 951 5888 Domino
975 5825 1251 5887 revelante
1276 5823 1482 5883 didicit.

2197 3359 2320 3401 nem
2359 3343 2637 3409 sollicitus,
2673 3342 2943 3413 quomodo
2985 3341 3055 3396 sit
3104 3337 3452 3412 inteiligenda
3502 3337 3795 3407 diligenter

2197 3439 2441 3509 inquirit,
2478 3446 2718 3494 meretur
2759 3435 2872 3506 jam
2921 3433 3135 3504 planius
3165 3431 3392 3522 in’strui,
3436 3437 3492 3484 et
3532 3429 3660 3501 quia
3707 3441 3793 3483 se-

2196 3532 2370 3586 cunda
2405 3530 2676 3595 nativitas,
2703 3543 2812 3584 non
2845 3525 3082 3583 carnalis
3109 3521 3216 3591 est,
3247 3523 3342 3580 sed
3375 3521 3674 3595 spiritualis
3699 3535 3794 3576 au-

2197 3623 2333 3678 dire.

2266 3713 2551 3785 Respondit
2585 3709 2741 3767 Iesus
2763 3725 2782 3764 :
2811 3711 2978 3766 Amen
3011 3724 3165 3765 amen
3216 3708 3334 3762 dico
3365 3705 3479 3772 tibi,
3513 3705 3617 3760 nisi
3669 3703 3785 3774 quis

2195 3814 2406 3860 renatus
2437 3803 2596 3873 fuerit
2635 3820 2699 3858 ea:
2737 3819 2875 3874 aqua
2905 3811 2954 3856 et
2997 3801 3182 3871 spiritu
3213 3816 3315 3854 non
3366 3805 3530 3869 potest
3563 3795 3785 3849 introire

2191 3896 2248 3951 in
2275 3910 2489 3966 regnum
2516 3893 2634 3948 Dei.
2669 3892 2836 3963 Cujus
2865 3890 3166 3947 nativitatis
3201 3890 3419 3944 modum
3445 3888 3786 3956 subsequen-

2191 3993 2276 4042 ter
2303 4000 2579 4056 exponens
2601 3998 2933 4056 prorsusque
2964 3999 2995 4038 a
3016 3981 3219 4038 carnali
3244 3981 3599 4053 distinguens,
3635 3981 3712 4034 ait
3736 3999 3752 4034 ε

2263 4077 2415 4144 Quod
2447 4087 2626 4132 natum
2650 4085 2725 4130 est
2761 4075 2825 4130 de
2855 4091 3034 4139 carne,
3064 4091 3188 4128 caro
3209 4084 3307 4138 est,
3331 4073 3469 4144 quod
3493 4083 3675 4125 natum
3711 4079 3791 4126 est

2189 4169 2253 4224 de
2280 4169 2487 4240 spiritu,
2511 4169 2724 4239 spiritus
2747 4177 2842 4222 est.
2865 4165 3068 4222 Natura
3089 4166 3311 4236 spiritus
3331 4162 3640 4228 invisibilis,
3667 4179 3788 4218 car-

2189 4260 2272 4316 nis
2301 4269 2386 4316 est
2405 4259 2652 4326 visibilis,
2682 4270 2841 4330 atque
2879 4260 2998 4314 ideo
3018 4259 3252 4313 carnalis
3283 4258 3568 4332 generatio
3594 4257 3788 4312 visibi-

2187 4353 2314 4410 litcr
2361 4354 2790 4410 administratur.
2840 4351 3150 4408 Visibilibus
3199 4349 3550 4406 incrementis
3592 4351 3688 4419 qui
3725 4350 3782 4404 in

2186 4460 2350 4501 carne
2379 4445 2621 4501 nascitur
2657 4461 2756 4516 per
2800 4453 3021 4498 aetatum
3067 4454 3340 4498 momenta
3370 4442 3585 4513 proﬁcit
3621 4461 3634 4495 :
3672 4444 3786 4514 spi-

2187 4537 2395 4593 ritualis
2443 4545 2621 4592 autem
2675 4536 2954 4608 generatio
3013 4543 3126 4590 tota
3189 4534 3529 4590 invisibiliter
3579 4535 3782 4603 agitur.

2187 4630 2323 4685 Nam
2353 4631 2566 4685 videtur
2605 4631 2823 4701 quidem
2861 4629 2953 4700 qui
3004 4629 3312 4702 baptizatur
3348 4629 3402 4682 in
3433 4627 3634 4683 fontem
3691 4627 3784 4683 de-

2187 4722 2469 4788 scendere,
2492 4723 2706 4776 videtur
2745 4722 2901 4790 aquis
2959 4720 3229 4790 immergi,
3261 4719 3476 4774 videtur
3503 4719 3569 4773 de
3622 4717 3782 4789 aquis

2187 4815 2497 4869 ascendere.
2529 4811 2667 4879 Quid
2696 4821 2876 4866 autem
2902 4813 2954 4866 in
2987 4811 3080 4866 illo
3109 4812 3324 4868 lavacro
3347 4809 3782 4880 regenerationis

2186 4905 2378 4976 egerit,
2413 4903 2636 4958 minime
2669 4911 2846 4973 potest
2889 4901 3101 4970 videri,
3151 4903 3266 4958 sola
3325 4914 3506 4957 autem
3536 4901 3780 4962 fidelium

2183 4996 2359 5067 pietas
2385 4995 2552 5060 novit,
2582 4994 2706 5065 quia
2743 5001 2999 5065 peccator
3030 4993 3082 5047 in
3112 4991 3314 5048 fontem
3345 4991 3646 5055 descendit,
3683 4988 3781 5046 sed

2182 5088 2499 5160 purificatus
2526 5087 2789 5142 ascendit.
2825 5085 2993 5140 Filius
3019 5085 3210 5141 mortis
3233 5085 3530 5150 descendit,
3559 5082 3654 5138 sed
3715 5082 3780 5137 ii-

2183 5179 2289 5236 lius
2322 5178 2737 5235 resurrectionis
2793 5177 3062 5241 ascendit;
3105 5176 3246 5232 ﬁlius
3307 5175 3778 5248 przevaricationis

2185 5269 2482 5334 descendit,
2523 5267 2617 5323 sed
2668 5265 2810 5322 ﬁlius
2837 5249 3297 5322 reconciliationis
3326 5265 3599 5331 ascendit;
3631 5263 3777 5321 ﬁlius

2184 5358 2280 5414 ine
2304 5356 2600 5420 descendit,
2625 5355 2718 5410 sed
2744 5354 2886 5410 ﬁlius
2914 5355 3301 5412 misericordiae
3329 5355 3598 5419 ascendit;
3632 5355 3776 5410 tilius

2183 5447 2378 5504 diaboli
2403 5444 2701 5510 descendit,
2723 5446 2817 5501 sed
2874 5446 3014 5501 ﬁlius
3039 5446 3136 5501 Dei
3191 5447 3454 5502 ascendit.
3487 5444 3613 5500 Sola
3654 5443 3775 5498 hinc

2183 5539 2426 5597 Ecclesia
2455 5546 2647 5601 mater,
2674 5553 2794 5608 qum
2820 5546 3042 5608 generat
3094 5539 3262 5604 novit,
3286 5548 3544 5593 caeterum
3600 5535 3774 5593 oculis

2183 5631 2547 5703 insipientium
2577 5631 2791 5687 videtur
2819 5631 2942 5685 talis
2974 5631 3125 5686 exire
3155 5632 3223 5687 de
3258 5630 3428 5697 fonte,
3458 5629 3635 5702 qualis
3686 5630 3772 5685 in-

2182 5725 2364 5781 travit.
2389 5723 2692 5793 Totumque
2737 5721 2894 5778 ludus
2921 5737 3041 5778 esse
3068 5722 3214 5793 quod
3253 5723 3432 5794 agitur
3453 5764 3468 5790 ,
3525 5721 3669 5777 unde
3717 5721 3773 5776 in

2185 5816 2292 5876 line
2326 5817 2574 5876 videntes
2604 5815 2835 5889 gloriam
2875 5822 3211 5886 sanctorum,
3261 5813 3445 5874 dicent
3490 5820 3773 5890 gementes
