4030 6524
497 412 605 472 διδ
1795 409 2146 467 SMARAGDI
2178 409 2469 465 ABBATIS

3669 408 3794 466 3M

422 602 425 609 Ι
498 520 672 578 induit
692 522 877 579 carnis
894 521 1121 592 peccati,
1141 519 1318 591 inqua
1342 528 1573 578 mortem
1596 523 1775 578 crucis
1802 522 2077 591 patiendo,
2106 526 2159 587 Α
2180 524 2283 579 bis.
2315 523 2542 578 Dilectio
2562 524 2735 592 patris
2764 521 2906 579 unde
2938 524 3164 594 probata
3191 532 3277 582 est
3319 525 3373 580 in
3401 522 3592 581 nobis?
3643 523 3793 595 quia

497 613 780 669 credentes
810 613 863 667 in
891 626 948 667 se
973 612 1040 666 ab
1072 611 1217 667 omni
1242 620 1501 683 peccato,
1554 621 1613 669 et
1655 614 1724 669 ab
1752 615 1870 684 ipsa
1909 614 2077 670 etiam

497 711 674 760 morte
702 703 972 762 liberaret.

575 791 644 848 Ut
668 795 834 849 omnis
866 795 959 864 qui
983 794 1146 849 credit
1189 795 1247 849 in
1273 795 1385 867 ipso
1405 814 1508 852 non
1544 807 1742 869 pereat,
1759 798 1850 854 sed
1890 798 2077 853 habeat

501 888 657 942 vitam
685 896 953 942 aeternam.
982 885 1147 958 Cujus
1191 888 1411 959 quidem
1456 889 1607 946 verbi
1660 898 1809 961 patet
1856 905 2077 956 sensus,

500 978 626 1047 quia
650 977 742 1047 qui
767 978 940 1033 credit
964 976 1020 1031 in
1040 975 1245 1043 Jesum,
1267 994 1375 1035 non
1388 979 1561 1036 solum
1581 981 1939 1050 perditionem
1954 996 2081 1035 eva-

500 1069 579 1124 dit
597 1084 903 1140 ptenarum,
920 1071 1014 1126 sed
1027 1078 1084 1125 et
1104 1072 1269 1126 vitam
1281 1074 1515 1144 percipit
1540 1081 1819 1141 aeternam,
1834 1082 1890 1129 et
1912 1075 1966 1130 in
1977 1075 2082 1131 hoc

500 1161 642 1216 inter
673 1159 904 1231 ﬁguram
924 1161 1109 1228 distat,
1136 1169 1192 1216 et
1208 1164 1516 1229 veritatem,
1537 1164 1663 1234 quia
1684 1163 1942 1235 perillam
1970 1164 2081 1218 vita

499 1251 867 1320 protelabatur
896 1253 1185 1324 temporis,
1234 1269 1332 1324 per
1361 1254 1502 1311 hanc
1552 1257 1662 1311 vita
1699 1257 1930 1312 donatur
1966 1258 2084 1312 sine

501 1340 609 1396 ﬁne
656 1357 930 1398 mansura.
987 1341 1094 1398 Sed
1124 1347 1425 1399 curandum
1468 1345 1699 1402 solerter
1726 1355 1811 1402 est
1843 1355 1903 1401 ut
1939 1347 2085 1417 quod

502 1433 807 1490 intellectus
833 1435 972 1490 bene
1005 1436 1189 1503 sentit,
1217 1438 1460 1508 operatio
1507 1440 1770 1510 condigna
1795 1439 2083 1510 proﬁciat,

502 1532 768 1593 quatenus
792 1524 1064 1582 confessio
1089 1534 1250 1583 rectae
1277 1539 1478 1584 nostra:
1506 1529 1652 1595 ﬁdei,
1692 1530 1780 1600 pie
1813 1539 1870 1585 et
1904 1530 2086 1587 sobrie

501 1615 871 1670 conversando
916 1615 985 1670 ad
1030 1615 1420 1687 perfectionem
1449 1620 1729 1688 promissa:
1760 1621 1917 1676 nobis
1959 1621 2086 1678 vita:

501 1713 776 1760 mereatur
804 1705 1087 1777 attingere.
1116 1709 1317 1764 Verum
1366 1710 1491 1779 quia
1522 1711 1638 1766 hazc
1665 1710 1732 1766 de
1765 1711 1876 1767 ﬁlio
1905 1712 2086 1767 homi-

500 1798 586 1853 nis
614 1798 899 1865 dicuntur,
949 1800 1041 1869 qui
1070 1800 1297 1857 exaltari
1336 1801 1391 1855 in
1427 1817 1588 1857 cruce
1613 1811 1668 1857 et
1702 1812 1875 1859 morte
1907 1804 2084 1874 potuit

2176 612 2344 666 ﬁlium
2394 626 2551 667 suum
2575 611 2793 667 unicum
2823 612 2971 667 misit
2997 613 3136 667 mori
3185 628 3284 682 pro
3330 613 3509 678 nobis,
3538 613 3702 669 sicut
3731 620 3794 668 et

2174 703 2373 759 Paulus
2404 705 2676 774 apostolus
2704 704 2852 769 dicit,
2879 705 2968 776 qui
3001 705 3213 775 proprio
3255 704 3369 773 ﬁlio
3404 722 3501 759 suo
3530 720 3645 759 non
3695 718 3795 773 pe-

2175 795 2358 865 percit,
2371 796 2461 849 sed
2478 812 2572 865 pro
2585 796 2730 851 nobis
2743 795 2981 850 omnibus
2995 795 3211 849 tradidit
3230 812 3368 858 eum,
3385 795 3659 867 quomodo
3676 812 3793 849 non

2178 886 2333 940 etiam
2357 903 2475 941 cum
2503 886 2595 942 illo
2625 888 2803 942 omnia
2826 888 2974 942 nobis
3001 888 3210 943 donavit
3226 888 3252 942 Ρ
3273 887 3452 961 (Rom.
3477 890 3633 959 vni.)

2249 979 2319 1034 Et
2340 981 2395 1033 in
2417 981 2514 1035 hoc
2560 989 2635 1036 est
2675 982 2939 1047 charitas,
2974 998 3078 1035 non
3105 983 3257 1051 quasi
3287 997 3381 1036 nos
3423 981 3792 1036 dilexerimus

2179 1069 2378 1136 Deum,
2415 1072 2505 1126 sed
2531 1073 2800 1143 quoniam,
2823 1080 2929 1127 etc.
2956 1071 3073 1127 Non
3102 1072 3253 1126 illum
3283 1072 3573 1129 dileximus
3597 1074 3788 1144 prius,

2180 1178 2307 1219 nam
2330 1163 2397 1218 ad
2427 1165 2531 1220 hoc
2557 1180 2656 1219 nos
2706 1164 2894 1219 dilexit
2918 1204 2934 1230 ,
2985 1170 3047 1218 ut
3073 1163 3358 1234 diligamus
3382 1178 3526 1218 eum.
3581 1163 3789 1220 Gratia

2182 1255 2380 1325 quippe
2398 1255 2672 1311 hominem
2698 1256 2963 1326 praevenit
2987 1262 3048 1310 ut
3070 1255 3260 1326 diligat
3291 1255 3461 1311 Deum
3483 1296 3497 1320 ,
3544 1256 3645 1327 qui
3696 1256 3791 1311 di-

2183 1344 2414 1433 lectione
2435 1355 2690 1416 operetur
2716 1346 2880 1413 bona,
2903 1348 3046 1403 unde
3072 1346 3391 1403 Psalmista:
3426 1347 3571 1403 Deus
3604 1365 3786 1415 meus,

2184 1435 2379 1506 inquit,
2412 1436 2773 1491 misericordia
2805 1437 2920 1507 ejus
2948 1439 3223 1508 praeveniet
3263 1453 3344 1491 me
3382 1436 3562 1509 (Psal.
3594 1438 3785 1508 Lvnt).

2254 1523 2326 1578 Et
2354 1524 2495 1578 misit
2535 1523 2708 1593 ﬁlium
2739 1542 2893 1579 suum
2934 1527 3356 1597 propitiationem
3401 1543 3498 1597 pro
3544 1528 3789 1598 peccatis

2186 1615 2400 1670 nostris.
2445 1613 2559 1669 Hoc
2596 1622 2682 1670 est
2708 1617 3005 1670 maximum
3030 1616 3087 1670 in
3123 1630 3225 1671 nos
3267 1616 3461 1672 divinae
3489 1618 3790 1673 charitatis

2187 1706 2444 1762 indicium
2464 1746 2479 1772 ,
2506 1707 2633 1775 quia
2657 1707 2886 1762 necdum
2909 1707 3008 1777 ipsi
3033 1723 3133 1779 pro
3151 1710 3393 1779 peccatis
3419 1710 3632 1765 nostris
3657 1725 3789 1766 eum

2185 1805 2371 1869 petere
2396 1813 2705 1865 noscemus,
2734 1798 2881 1853 misit
2907 1799 2994 1854 ille
3033 1799 3202 1853 ﬁlium
3226 1814 3384 1854 suum
3412 1799 3480 1853 ad
3504 1815 3641 1863 nos,
3694 1800 3787 1870 qui

500 1888 635 1958 pati,
661 1904 731 1944 ne
762 1898 979 1959 putaret
1011 1890 1334 1947 Nicodamus
1380 1892 1549 1948 ﬁlium
1576 1900 1786 1949 tantum
1818 1909 1943 1951 eum
1987 1896 2087 1951 ho.
2112 1891 2161 1951 B
2188 1887 2344 1942 uobis
2376 1887 2432 1942 in
2453 1902 2513 1943 se
2545 1888 2891 1943 credentibus
2923 1888 3066 1943 ultro
3088 1888 3304 1943 veniam
3327 1888 3484 1943 daret
3507 1928 3523 1953 ,
3568 1901 3791 1959 nosque

503 1978 666 2033 minis
690 1994 829 2045 esse,
847 1995 878 2033 a
893 1995 1000 2049 quo
1022 1981 1129 2036 vita
1152 1997 1272 2037 esse
1291 1985 1651 2053 exspectanda
1676 1995 1958 2058 perpetua,
1984 2002 2084 2041 cu-

504 2070 644 2124 ravit
667 2070 718 2125 ei
742 2070 904 2125 etiam
924 2071 1186 2128 Dominus
1207 2072 1505 2130 divinitatis
1535 2090 1646 2131 suae
1664 2076 1972 2146 patefacere
1999 2092 2088 2134 sa-

505 2166 861 2226 cramentum,
888 2175 1165 2231 unumque
1187 2170 1242 2217 et
1273 2164 1526 2220 eumdem
1555 2165 1725 2222 ﬁlium
1749 2166 1869 2233 Dei,
1897 2175 1953 2224 et
1988 2168 2089 2223 ho-

505 2247 669 2304 minis
701 2251 887 2305 mundi
909 2252 1196 2308 ostendere
1223 2253 1564 2311 salvatorem.

658 2381 1077 2441 HEBDOMADA
1113 2386 1157 2442 ll
1193 2386 1368 2444 POST
1407 2388 1915 2449 PENTECOSTES.

538 2508 729 2551 LBC'I'IO
755 2510 1029 2553 EPISTOLB
1066 2514 1227 2554 ΒΕΔΤΙ
1262 2513 1475 2556 ιοΑΝΝιε
1508 2516 1788 2569 Ανοετοιι,
1816 2518 1933 2558 CAP.
1976 2518 2055 2558 IV.

584 2648 604 2681 ι
634 2630 776 2687 Deus
790 2632 1031 2688 charitas
1044 2642 1128 2689 est
1148 2652 1161 2688 :
1183 2635 1238 2689 in
1262 2637 1368 2692 hoc
1389 2639 1639 2707 apparuit
1660 2639 1896 2694 charitas
1912 2639 2010 2694 Dei
2030 2639 2089 2696 in

514 2737 536 2772 ι
568 2723 746 2788 nobis,
769 2725 1023 2792 quoniam
1050 2725 1220 2781 ﬁlium
1245 2743 1402 2782 suum
1417 2730 1753 2800 unigenitum
1772 2732 1922 2786 misit
1946 2732 2090 2789 Deus

514 2830 534 2863 ι
572 2812 627 2868 in
647 2816 930 2883 mundum,
954 2818 1271 2875 utvivamus
1295 2835 1394 2890 per
1418 2837 1563 2876 eum.
1591 2822 1649 2877 ln
1671 2824 1774 2879 hoc
1802 2832 1886 2880 est
1904 2825 2089 2881 chari-

515 2919 536 2954 s
564 2909 667 2969 tas,
684 2918 788 2959 non
813 2906 969 2975 quasi
1007 2920 1105 2962 nos
1127 2907 1475 2966 dilexerimus
1499 2912 1689 2976 Deum,
1719 2914 1812 2967 sed
1834 2914 2091 2982 quoniam

517 3012 536 3045 ι
572 2994 687 3065 ipse
718 2995 869 3066 prior
892 2997 1080 3053 dilexit
1102 3013 1223 3065 nos,
1255 3007 1311 3054 et
1335 3000 1485 3055 misit
1532 3001 1700 3057 ﬁlium
1728 3018 1885 3057 suum
1908 3004 2094 3074 propi-

515 3101 538 3137 ι
566 3084 848 3140 tiationem
910 3102 1010 3158 pro
1056 3090 1295 3159 peccatis
1347 3092 1565 3146 nostris.
1609 3090 1959 3158 Charissimi,
2012 3093 2093 3148 sic

515 3191 537 3227 ι
573 3175 715 3231 Deus
743 3175 931 3231 dilexit
948 3192 1068 3243 nos,
1091 3185 1147 3233 et
1174 3193 1273 3234 nos
1299 3179 1558 3235 debemus
1588 3181 1819 3237 invicem
1844 3182 2088 3254 diligere.

518 3283 540 3320 ι
576 3267 745 3325 Deum
775 3283 933 3324 nemo
956 3269 1090 3325 vidit
1117 3285 1377 3340 unquam.
1411 3271 1469 3326 Si
1503 3272 1787 3344 diligamus
1835 3274 2092 3341 invicem,

519 3376 539 3410 ο
569 3358 713 3415 Dens
740 3359 793 3413 in
822 3360 976 3415 nobis
1003 3369 1207 3427 manet,
1228 3370 1284 3416 et
1297 3362 1540 3417 charitas
1564 3363 1680 3434 ejus
1707 3363 1759 3418 in
1787 3365 1943 3419 nobis
1968 3379 2097 3435 per-

520 3466 539 3500 ι
568 3447 710 3505 fecta
743 3456 847 3505 est.
884 3447 942 3504 In
987 3450 1091 3507 hoc
1113 3449 1463 3522 intelligimus
1497 3453 1749 3522 quoniam
1776 3453 1829 3507 in
1866 3468 1931 3509 eo
1975 3469 2096 3510 ma-

520 3560 541 3594 t
572 3559 783 3609 nemus,
809 3552 865 3599 et
887 3545 1001 3614 ipse
1030 3546 1085 3599 in
1134 3546 1319 3601 nobis:
1351 3546 1609 3615 quoniam
1655 3546 1723 3602 de
1766 3548 1959 3617 spiritu
1999 3562 2098 3603 suo

522 3653 540 3687 ι
574 3635 721 3690 dedit
748 3636 925 3690 nobis.
968 3636 1038 3690 Et
1064 3651 1162 3691 nos
1183 3637 1441 3703 vidimus,
1469 3646 1525 3691 et
1554 3637 1924 3703 testiﬁcamnr,
1961 3653 2099 3708 quo-

524 3741 542 3773 ι
576 3723 719 3776 niam
740 3734 893 3793 pater
921 3724 1069 3778 misit
1092 3724 1260 3787 ﬁlium
1307 3740 1467 3780 suum
1515 3727 1837 3782 salvatorem
1889 3729 2094 3784 mundi.

524 3829 543 3862 ι
577 3810 831 3880 Quisquis
856 3810 1136 3870 confessus
1160 3814 1323 3869 fuerit
1344 3816 1601 3885 quoniam
1647 3815 1804 3873 Jesus
1823 3825 1908 3873 est
1955 3818 2099 3875 ﬁlius

525 3919 543 3953 ‹
578 3901 696 3966 Dei,
718 3900 860 3959 Deus
881 3901 936 3956 in
958 3918 1025 3957 eo
1072 3912 1275 3971 manet,
1307 3912 1362 3959 et
1388 3906 1502 3975 ipse
1530 3907 1583 3959 in
1610 3906 1740 3962 Deo.
1776 3907 1844 3961 Et
1884 3923 1983 3963 nos
2010 3923 2101 3964 co-

525 4008 544 4041 ο
577 3991 857 4060 gnovimus
881 4001 936 4047 et
960 3992 1290 4049 credidimus
1309 3995 1563 4049 charitati
1579 4011 1741 4064 quam
1772 3996 1932 4052 habet
1956 3997 2099 4053 Deus

527 4098 545 4131 ι
580 4081 634 4135 in
664 4081 838 4138 nobis.
870 4082 1012 4140 Deus
1036 4084 1274 4140 charitas
1299 4094 1405 4151 est,
1431 4093 1485 4140 et
1511 4086 1602 4156 qui
1629 4095 1812 4143 manet
1842 4088 1896 4141 in
1922 4089 2101 4143 chari-

525 4190 545 4223 ‹
580 4181 690 4229 tate
719 4175 774 4230 in
802 4175 912 4232 Deo
943 4186 1123 4233 manet
1146 4186 1202 4232 et
1228 4179 1370 4235 Deus
1397 4178 1452 4234 in
1486 4194 1571 4236 eo.
1622 4180 1681 4235 In
1717 4181 1821 4237 hoc
1860 4180 2098 4252 perfecta

527 4281 546 4315 ι
579 4273 663 4320 est
688 4265 926 4323 charitas
949 4269 1251 4336 nobiscum,
1270 4278 1331 4324 ut
1359 4270 1611 4326 ﬁduciam
1632 4272 1926 4327 habeamus
1942 4272 1997 4328 in
2012 4274 2100 4329 die

526 4368 547 4404 ι
581 4350 793 4423 iudicii,
826 4356 949 4424 quia
979 4356 1119 4412 sicut
1144 4358 1234 4413 ille
1263 4368 1347 4414 est
1377 4400 1391 4425 ,
1443 4368 1499 4414 et
1528 4376 1627 4415 nos
1676 4376 1862 4418 sumus
1914 4362 1970 4416 in
1996 4363 2102 4418 hoc

528 4456 549 4490 ι
584 4440 802 4495 mundo.
835 4441 1021 4497 Timor
1049 4460 1154 4499 non
1180 4454 1264 4501 est
1308 4448 1365 4501 in
1391 4450 1692 4516 charitate,
1742 4452 1837 4507 sed
1860 4452 2101 4522 perfecta

2188 1978 2258 2033 ad
2284 1986 2523 2047 paterna
2548 1977 2733 2047 gloriae
2757 1977 3073 2034 societatem
3094 1986 3333 2034 vocaret.
3364 1976 3424 2032 ln
3450 1978 3789 2047 quibusdam

2189 2066 2465 2123 codicibus
2495 2067 2585 2123 hic
2615 2067 2914 2123 versiculus
2938 2067 3013 2122 ita
3036 2067 3234 2136 legitur
3259 2084 3272 2121 :
3316 2067 3385 2122 Et
3414 2069 3565 2123 misit
3607 2068 3788 2123 ﬁlium

2188 2173 2346 2215 suum
2370 2157 2641 2214 litatorem
2666 2175 2763 2229 pro
2785 2160 3023 2230 peccatis
3063 2160 3285 2216 nostris.
3329 2159 3540 2215 Litator
3568 2169 3785 2224 autem,

2189 2249 2522 2305 sacriﬁcator
2544 2257 2646 2304 est.
2674 2248 3015 2305 Sacriﬁcavit
3033 2250 3179 2305 enim
3215 2250 3360 2306 ﬁlius
3382 2252 3475 2306 Dei
3502 2267 3602 2322 pro
3646 2268 3793 2323 pec-

2190 2339 2328 2395 catis
2352 2341 2575 2405 nostris,
2601 2355 2707 2394 non
2738 2340 2942 2397 hostias
2962 2341 3253 2411 pecudum,
3276 2342 3374 2397 sed
3395 2356 3455 2397 se
3488 2342 3678 2412 ipsum
3709 2341 3794 2398 of-

2190 2429 2432 2486 ferendo.
2466 2430 2615 2486 Unde
2662 2432 2800 2487 bene
2848 2430 3047 2486 Paulus
3088 2431 3387 2487 admonens
3442 2433 3563 2486 ait:
3599 2432 3791 2487 Estote

2190 2540 2312 2595 ergo
2334 2524 2622 2577 imitatores
2644 2522 2762 2588 Dei,
2784 2523 2920 2578 sicut
2939 2523 3040 2591 ﬁlii
3062 2523 3358 2579 charissimi
3376 2563 3392 2589 ,
3445 2534 3495 2578 et
3515 2523 3790 2579 ambulate

2189 2614 2246 2668 in
2274 2613 2565 2679 dilectione,
2587 2612 2721 2667 sicut
2742 2610 2983 2668 Christus
3015 2613 3198 2669 dilexit
3226 2631 3343 2680 nos,
3365 2623 3414 2668 et
3450 2614 3678 2668 tradidit
3708 2630 3811 2687 see

2191 2708 2467 2778 metipsum
2509 2722 2604 2776 pro
2659 2705 2807 2760 nobis
2860 2704 3177 2760 oblationem
3202 2715 3252 2759 et
3297 2706 3527 2760 hostium
3579 2705 3697 2759 Deo
3734 2706 3788 2761 in

2195 2803 2409 2859 odorem
2434 2803 2709 2857 suavitatis
2746 2800 2962 2873 (Ephes.
2989 2802 3070 2872 v),
3099 2801 3187 2855 cui
3218 2801 3500 2855 sententiae
3548 2801 3784 2856 concinit

2193 2895 2299 2949 hoc
2323 2894 2467 2963 quod
2491 2895 2582 2950 hic
2615 2911 2831 2967 quoque
2857 2895 3093 2952 Joannes
3124 2894 3467 2951 exhortando
3486 2894 3786 2966 subiungit,

2196 2985 2382 3040 dicens
2415 3001 2429 3039 :

2266 3075 2597 3145 Charissimi,
2620 3079 2694 3133 sic
2714 3078 2852 3133 Deus
2871 3078 3055 3133 dilexit
3084 3096 3196 3145 nos,
3220 3087 3270 3133 et
3302 3094 3397 3133 nos
3419 3079 3675 3134 debemus
3705 3080 3786 3133 in-

2196 3173 2356 3227 vicem
2400 3172 2633 3244 diligere.
2668 3173 2823 3241 Quod
2871 3183 3051 3230 autem
3100 3174 3385 3245 sequitur:
3414 3175 3588 3229 Deum
3640 3193 3785 3232 me

2198 3266 2325 3319 vidit
2385 3281 2616 3336 unquam
2649 3305 2664 3331 ,
2718 3264 2924 3334 majore
2966 3266 3329 3337 disputatione
3373 3266 3621 3336 indiget,
3666 3282 3786 3321 cum

2196 3355 2458 3412 Dominus
2480 3363 2533 3411 et
2556 3356 2866 3412 hominibus
2884 3357 3087 3412 mundo
3106 3356 3270 3412 corde
3292 3356 3463 3411 Deum
3493 3357 3784 3412 videndum

2194 3448 2493 3517 promittat,
2526 3455 2581 3502 et
2606 3447 2674 3502 de
2701 3448 2905 3504 sanctis
2932 3447 3098 3514 dicat,
3127 3447 3272 3518 quod
3304 3447 3481 3519 angeli
3508 3464 3709 3504 eorum
3736 3450 3785 3504 in

2197 3540 2350 3595 oculis
2378 3554 2591 3609 semper
2618 3540 2805 3595 vident
2827 3538 3019 3594 faciem
3046 3540 3239 3609 patris.
3268 3538 3420 3595 Hanc
3443 3547 3627 3594 autem
3667 3553 3778 3594 sen-

2197 3632 2446 3696 tentiam,
2466 3639 2521 3685 et
2546 3631 2602 3685 in
2627 3630 2918 3701 Evangelia
2940 3646 3039 3685 suo
3064 3629 3216 3699 ponit
3244 3629 3384 3684 idem
3413 3629 3674 3694 Joannes,
3696 3629 3783 3685 ubi

2198 3725 2364 3780 etiam
2391 3724 2662 3794 quomodo
2698 3724 2840 3779 Deus
2866 3721 3037 3777 videri
3059 3721 3230 3791 possit
3276 3728 3676 3790 consequenter
3692 3721 3778 3775 ad-

2190 3813 2388 3886 jungit,
2402 3815 2619 3870 dicens:
2654 3811 2967 3885 Unigenitus
2994 3811 3139 3881 ﬁlius
3165 3813 3256 3885 qui
3282 3821 3357 3866 est
3386 3812 3443 3867 in
3478 3813 3600 3866 sinu
3622 3812 3786 3883 patris

2198 3908 2307 3977 ipse
2341 3905 2597 3960 narrabit.
2627 3904 2780 3971 Quod
2805 3905 3001 3960 beatus
3035 3912 3191 3974 pater
3230 3902 3571 3969 Ambrosius,
3598 3905 3672 3958 ita
3693 3918 3771 3958 ex-

2196 3997 2394 4067 posuit.
2429 3996 2497 4048 Et
2522 3996 2642 4049 ideo
2666 3995 2832 4049 Deum
2872 4007 3032 4051 nemo
3052 3995 3191 4049 vidit
3210 4010 3468 4065 unquam,
3510 3995 3639 4064 quia
3665 4009 3788 4050 eam

2200 4100 2321 4157 quae
2349 4086 2401 4140 in
2428 4085 2536 4138 Deo
2580 4084 2792 4139 habitat
2828 4084 3217 4154 plenitudinem
3267 4084 3588 4150 divinitatis,
3621 4099 3789 4141 nemo

2201 4180 2504 4251 conspexit,
2523 4195 2684 4235 nemo
2716 4189 2897 4235 mente
2921 4189 3014 4235 aut
3040 4180 3212 4237 oculis
3232 4180 3663 4251 comprehendit.
3700 4179 3791 4234 Vi-

2200 4271 2274 4325 dit
2302 4271 2467 4335 enim,
2490 4270 2561 4326 ad
2585 4277 2874 4340 utrumque
2891 4269 3232 4326 referendum
3256 4279 3360 4326 est.
3392 4271 3641 4340 Denique
3663 4286 3789 4326 cum

2201 4362 2435 4428 additur,
2466 4361 2784 4432 Unigenitus
2810 4360 2951 4416 ﬁlius
2994 4362 3084 4430 qui
3111 4369 3194 4416 est
3216 4361 3271 4415 in
3302 4361 3420 4415 sinu
3450 4362 3648 4432 patris,
3674 4361 3788 4431 ipse

2201 4452 2494 4516 enarrabit,
2527 4452 2790 4506 mentium
2816 4451 2986 4522 magis
3009 4467 3171 4523 quam
3200 4450 3481 4507 oculorum
3527 4452 3671 4513 visio
3698 4452 3790 4507 de-

530 4550 548 4581 ι
585 4532 825 4588 charitas
849 4532 995 4589 foras
1026 4537 1191 4591 mittit
1218 4539 1489 4607 timorem,
1518 4544 1772 4612 quoniam
1800 4547 1963 4602 timor
1986 4560 2100 4616 poe-
2123 4582 2178 4643 Β
2204 4542 2462 4598 claratur.
2489 4540 2709 4612 Species
2723 4542 2869 4596 enim
2895 4542 3126 4607 videtur,
3149 4543 3323 4597 virtus
3347 4556 3477 4597 vero
3491 4551 3788 4599 narratur:

535 4636 701 4643 δη,
734 4623 895 4643 LL.
942 4622 1039 4643 n__.
1078 4641 1090 4643 ,
1144 4633 1185 4643 ,γ
1284 4629 1319 4643 _.
1418 4639 1427 4643 _
1659 4640 1669 4643 _
1827 4632 1848 4643 -
2045 4636 2056 4643 .
2424 4634 2458 4643 ..
2534 4635 2548 4643 .
3112 4635 3127 4643 -
3420 4633 3457 4643 ,ν
3597 4635 3610 4643 .

482 4645 489 4650 ·
530 4640 548 4673 ε
581 4636 706 4676 nam
734 4623 916 4680 habet.
941 4622 1042 4692 Qui
1071 4633 1250 4682 autem
1282 4629 1436 4684 timet
1464 4647 1569 4686 non
1593 4640 1675 4687 est
1721 4632 1994 4703 perfectus
2042 4636 2099 4691 in

531 4729 549 4762 ι
589 4712 875 4769 ‘clraritate.
900 4713 1009 4771 Nos
1033 4730 1161 4788 ergo
1190 4717 1476 4790 diligamus
1501 4721 1960 4793 Denm,quoniam
1984 4724 2099 4795 ipse

531 4819 550 4853 ‹
584 4803 736 4873 prior
773 4804 961 4861 dilexit
997 4822 1115 4864 nos.
1157 4806 1215 4864 Si
1262 4810 1383 4880 quis
1413 4812 1609 4869 dixerit
1656 4814 1911 4885 quoniam
1939 4816 2100 4888 diligo

532 4911 551 4945 ι
589 4893 755 4952 Deum
781 4906 836 4955 et
882 4895 1109 4957 fratrem
1151 4915 1307 4958 suum
1352 4905 1551 4973 oderit,
1580 4907 1811 4962 mendax
1860 4915 1963 4963 est.
1998 4908 2101 4976 Qui

529 5003 549 5036 ε
581 4987 726 5042 enim
753 5004 862 5046 non
883 4991 1056 5064 diligit
1080 4991 1304 5050 fratrem
1332 5012 1487 5053 suum
1516 5014 1676 5069 quem
1703 5000 1877 5066 videt,
1927 5001 2100 5059 Deum

528 5095 548 5130 ε
581 5092 743 5148 quem
786 5096 895 5138 non
937 5084 1085 5140 videt
1113 5090 1381 5158 quomodo
1407 5098 1586 5161 potest
1624 5092 1878 5164 diligere?
1908 5094 1971 5149 Et
1997 5096 2101 5152 hoc

526 5187 547 5221 ο
582 5172 898 5239 mandatum
921 5176 1183 5234 habemus
1214 5194 1243 5232 a
1271 5179 1382 5235 Deo
1404 5222 1421 5247 ,
1466 5189 1527 5236 ut
1554 5184 1645 5251 qui
1672 5183 1845 5255 diligit
1892 5185 2062 5242 Deum
2080 5225 2097 5253 ,

525 5284 546 5318 ι
577 5267 766 5340 diligat
793 5277 849 5327 et
889 5269 1114 5329 fratrem
1143 5290 1320 5331 suum.
1355 5296 1373 5329 ι

590 5362 732 5420 Deus
757 5366 987 5421 charitas
1013 5376 1088 5422 est
1112 5385 1130 5423 :
1159 5370 1213 5423 in
1247 5370 1343 5423 hoc
1387 5372 1628 5442 apparuit
1655 5372 1884 5427 charitas
1914 5371 2011 5426 Dei
2042 5373 2099 5427 in

520 5455 687 5521 nobis,
715 5460 964 5529 quoniam
1014 5459 1184 5529 ﬁlium
1217 5478 1372 5518 suum
1406 5463 1727 5533 unigenitum
1767 5464 1908 5517 misit
1954 5463 2096 5517 Deus

517 5543 575 5596 in
603 5547 880 5615 mundum,
906 5558 964 5605 ut
1002 5552 1234 5605 vivamus
1270 5568 1364 5622 per
1385 5569 1521 5607 eum.
1553 5551 1830 5619 Quomodo
1860 5555 1973 5624 ipse
1996 5553 2100 5608 Do-

518 5634 697 5689 minus
722 5637 797 5692 ait
821 5658 833 5691 :
868 5637 1125 5710 Majorem
1166 5641 1301 5696 hanc
1328 5642 1653 5696 dilectionem
1677 5661 1823 5697 nemo
1847 5645 2019 5709 habet,
2042 5653 2098 5698 ut

517 5725 747 5780 animum
774 5745 924 5783 suant
956 5743 1113 5801 ponat
1137 5734 1253 5804 quis
1282 5749 1375 5804 pro
1412 5732 1594 5786 amicis
1622 5734 1754 5798 suis,
1785 5743 1840 5787 et
1868 5732 1940 5787 ibi
1968 5748 2097 5803 pro-

519 5816 643 5873 bata
673 5826 756 5875 est
793 5818 1009 5883 dilectio
1033 5822 1233 5881 Christi
1260 5825 1313 5883 in
1336 5839 1454 5893 nos,
1488 5822 1615 5897 quia
1634 5823 1863 5882 moritur
1884 5839 1985 5897 pro
2008 5840 2102 5884 no-

2204 4635 2295 4690 illa
2319 4634 2512 4700 oculis,
2534 4635 2650 4689 hzec
2675 4642 2853 4689 mente
2892 4633 3382 4705 comprehenditur.
3420 4633 3555 4689 Item
3597 4635 3790 4691 beatus

2205 4731 2535 4801 Augustinus
2561 4730 2617 4783 in
2637 4728 2775 4783 libro
2796 4729 2863 4784 de
2891 4728 3130 4784 Videndo
3152 4728 3343 4794 Deum,
3370 4728 3435 4783 de
3459 4728 3649 4783 eadem
3679 4728 3790 4783 dis-

2205 4831 2402 4892 putans
2429 4820 2725 4891 questions:
2761 4834 2775 4872 :
2803 4818 3054 4884 Proinde,
3093 4819 3288 4889 inquit,
3318 4825 3578 4873 narrante
3600 4820 3790 4890 unigeo

2207 4915 2321 4970 nito
2341 4914 2434 4985 qui
2457 4920 2539 4968 est
2561 4913 2614 4966 in
2640 4913 2761 4966 sinu
2786 4914 2978 4982 patris,
2996 4914 3309 4970 narratione
3333 4912 3789 4977 ineﬁ'abili,crea«

2207 5014 2329 5061 tura
2367 5004 2697 5060 rationabilis
2725 5006 2925 5060 munda
2947 5012 3003 5059 et
3020 5014 3204 5059 sancta
3221 5005 3439 5074 impleta
3453 5005 3549 5059 Dei
3572 5004 3787 5060 visione

2204 5097 2492 5163 ineffabili,
2525 5111 2688 5167 quam
2728 5104 2856 5150 tunc
2906 5111 3299 5165 consequemur
3322 5136 3337 5161 ,
3391 5110 3512 5151 cum
3541 5094 3786 5164 aequales

2200 5188 2332 5245 facti
2351 5189 2632 5254 fuerimus,
2664 5188 2788 5257 quia
2814 5186 2956 5243 sicut
2986 5188 3237 5242 videntur
3264 5189 3368 5243 ista
3396 5187 3630 5243 visibilia
3651 5203 3784 5243 cor-

2200 5283 2352 5353 poris
2381 5282 2629 5338 sensibus
2655 5288 2803 5347 nota,
2834 5280 3002 5334 Deum
3045 5297 3194 5335 nemo
3223 5281 3350 5335 vidit
3373 5295 3783 5352 unquam,quo—

2202 5375 2348 5428 niam
2372 5374 2417 5428 si
2455 5372 2741 5442 aliquando
2769 5386 2835 5426 eo
2864 5372 3024 5427 modo
3046 5371 3194 5426 visus
3221 5381 3327 5437 est,
3358 5389 3461 5427 non
3507 5374 3647 5428 sicut
3674 5375 3780 5428 ista

2203 5470 2397 5517 natura
2413 5461 2644 5525 videtur,
2667 5460 2761 5515 sed
2783 5459 3053 5515 voluntate
3076 5462 3223 5516 visus
3244 5470 3349 5528 est,
3365 5463 3543 5532 specie
3561 5477 3669 5531 qua
3684 5477 3783 5519 vo-

2204 5554 2303 5608 luit
2327 5568 2614 5622 apparens,
2663 5552 2861 5607 latente
2890 5560 3082 5607 natura
3119 5555 3282 5623 atque
3312 5554 3364 5609 in
3397 5571 3456 5610 se
3479 5556 3781 5612 incommu-

2205 5645 2439 5700 tabiliter
2480 5655 2849 5714 permanente.
2899 5643 2977 5699 Eo
2996 5652 3174 5699 autem
3204 5645 3364 5700 modo
3407 5661 3514 5714 quo
3561 5647 3782 5703 videtur

2204 5739 2361 5793 sicuti
2379 5746 2480 5802 est,
2511 5753 2654 5793 nunc
2688 5736 2918 5794 fortasse
2945 5737 3154 5792 videtur
3183 5751 3215 5790 a
3246 5737 3567 5806 quibusdam
3613 5752 3781 5810 ange-

2205 5826 2273 5886 lis
2309 5827 2424 5885 suis
2450 5828 2675 5885 sanctis.
2705 5826 2751 5886 A
2789 5827 3175 5913 nobisautem,
3209 5835 3337 5884 tunc
3372 5827 3448 5886 ita
3471 5829 3778 5905 videbitur,
3834 5852 3841 5861 ί
