4030 6454
214 423 329 482 διε

1034 408 1552 470 COLLECTIONES
1589 410 1659 467 IN
1698 409 2077 468 EPISTOLAS
2114 404 2203 467 ET
2242 410 2656 470 EVANGELIA.

3366 402 3470 469 346

212 553 341 595 cum
368 535 420 591 ei
456 531 584 590 facti
608 530 865 588 fuerimus
885 523 1138 600 aequales.
1164 526 1231 582 Et
1251 535 1371 597 post
1404 527 1677 597 aliquanta
1699 541 1792 581 ex-
1817 535 1871 594 Α
1965 526 2031 582 In
2054 527 2151 583 hoc
2198 526 2556 598 intelligimus,
2586 525 2832 597 quoniam
2869 525 2926 580 in
2970 541 3029 579 eo
3061 540 3329 581 manemus
3354 568 3370 593 ,
3420 538 3473 584 et

210 642 423 699 ponens
460 623 782 681 sententiam
808 620 980 675 sancti
1001 618 1302 674 Ambrosii:
1331 617 1496 672 Deum
1522 617 1689 683 enim,
1713 617 1795 672 in-

209 721 378 792 quit,
430 735 578 773 nemo
607 715 733 771 vidit
760 729 1013 785 unquam,
1056 711 1141 768 vel
1195 712 1250 766 in
1291 713 1394 766 hac
1416 711 1527 766 vita
1553 752 1567 777 ,
1628 711 1788 766 sicuti

210 812 327 882 ipse
352 817 456 872 est,
484 807 567 862 vel
591 806 754 861 etiam
802 805 857 858 in
884 803 1197 874 angelorum
1217 802 1349 866 vita,
1387 802 1527 856 sicut
1562 800 1794 856 visibilia

209 904 315 957 ista
342 914 462 971 quae
507 896 772 968 corporali
798 895 1003 950 visione
1046 900 1366 958 cernuntur,
1393 892 1520 962 quia
1548 891 1796 963 unigeni-

209 1002 298 1049 tus
330 992 502 1057 lilius,
543 990 632 1059 qui
656 996 740 1043 est
764 989 819 1042 in
845 989 963 1041 sinu
990 985 1159 1057 patris
1211 984 1323 1053 ipse
1353 983 1637 1047 narrabit,
1669 982 1793 1051 quia

208 1100 319 1140 non
347 1082 417 1137 ad
445 1081 723 1136 oculorum
770 1076 1147 1147 corporalium,
1178 1074 1272 1129 sed
1302 1075 1368 1129 ad
1420 1073 1682 1128 mentium
1710 1072 1794 1126 vi-

207 1176 420 1230 sionem
447 1173 649 1227 dictum
672 1177 754 1225 est
770 1169 1041 1239 pertinere
1067 1167 1210 1237 quod
1240 1166 1503 1225 narrabit.
1520 1165 1651 1219 item
1672 1170 1795 1235 post

206 1264 411 1321 multa:
433 1263 515 1317 Ad
544 1277 662 1318 eam
685 1276 814 1315 vero
838 1261 1123 1323 visionem,
1139 1257 1331 1327 inquit,
1364 1258 1487 1326 quia
1512 1257 1793 1312 videbimus

205 1356 379 1411 Deum
402 1353 556 1409 sicuti
580 1362 675 1417 est,
708 1351 1016 1405 mundanda
1046 1349 1210 1405 corda
1245 1348 1610 1413 commonuit,
1665 1348 1791 1417 quia

205 1447 356 1501 enim
382 1440 653 1516 corporﬂi
676 1444 1063 1499 consuetudine
1092 1442 1342 1513 loquendi
1376 1442 1603 1498 visibilia
1627 1444 1794 1497 nomi-

204 1544 425 1599 nantur,
457 1543 676 1605 propter
714 1549 779 1589 ea
823 1533 966 1589 Deus
997 1534 1279 1588 invisibilis
1307 1534 1528 1599 dicitur,
1570 1549 1638 1588 ne
1670 1548 1793 1588 cor-

204 1641 309 1695 pus
332 1641 452 1681 esse
480 1626 750 1681 credatur.
795 1624 1044 1694 Nunquid
1071 1626 1234 1680 corda
1281 1627 1479 1680 munda
1509 1622 1619 1680 sua:
1661 1626 1790 1681 sub-

204 1716 422 1770 stantiae
448 1715 898 1785 contemplatione
940 1714 1234 1782 fraudabit,
1275 1731 1398 1770 cum
1444 1716 1560 1771 haec
1594 1730 1789 1787 magna

204 1814 261 1861 et
289 1823 497 1861 summa
536 1822 744 1862 merces
770 1806 937 1862 Deum
966 1806 1267 1862 colentibus
1292 1847 1307 1873 ,
1353 1814 1407 1861 et
1442 1806 1789 1878 diligentibus

1896 623 2005 693 ipse
2026 623 2080 677 in
2106 622 2272 687 nobis,
2298 630 2402 678 etc.
2428 621 2541 677 Hoc
2563 621 2759 692 ipsum,
2776 620 2918 692 quod
2941 619 3007 675 de
3034 618 3224 690 spiritu
3248 636 3346 676 suo
3379 621 3473 676 de-

1895 714 1975 770 dit
2008 714 2105 770 tibi
2153 715 2294 773 unde
2341 715 2647 786 cognoscis,
2698 713 2969 784 interroga
3022 712 3231 768 viscera
3272 720 3385 779 tua,
3422 711 3475 768 si

1893 808 2050 877 plena
2082 814 2208 862 sunt
2230 806 2515 872 charitate,
2540 805 2709 862 babes
2733 805 2981 877 spiritum
3006 804 3124 859 Dei.
3146 802 3315 860 Paulo
3337 810 3474 859 teste

1894 900 1986 969 qui
2022 901 2132 955 ait:
2171 899 2308 965 Quia
2362 900 2591 954 charitas
2643 898 2740 952 Dei
2778 898 2973 967 diffusa
3018 906 3093 952 est
3131 899 3187 951 in
3229 896 3471 951 cordibus

1894 991 2083 1044 nostris
2105 1007 2198 1061 per
2211 992 2452 1061 spiritum
2479 999 2738 1054 sanctum,
2758 989 2847 1060 qui
2869 987 3022 1043 datus
3036 996 3109 1042 est
3130 989 3298 1054 nobis,
3313 996 3360 1043 et
3378 1002 3473 1042 nos

1893 1080 2135 1146 vidimus,
2166 1090 2214 1135 et
2258 1081 2628 1149 testi/icamur,
2672 1079 2920 1150 quoniam
2962 1086 3111 1149 pater
3137 1079 3277 1132 misit
3299 1077 3472 1147 ﬁlium

1893 1160 2045 1228 suum
2079 1175 2390 1229 salvatorem
2434 1173 2615 1229 mundi
2653 1171 2827 1244 (Rom.
2861 1169 2935 1242 v).
2983 1168 3151 1224 Nemo
3198 1168 3263 1223 dc
3298 1170 3473 1256 saJutO

1894 1265 2162 1334 desperet,
2193 1265 2318 1335 quia
2338 1273 2392 1319 et
2422 1264 2466 1319 si
2497 1263 2673 1332 magni
2706 1270 2830 1318 sunt
2868 1261 3042 1317 morbi
3064 1259 3347 1324 scelerum,
3377 1259 3473 1330 qui

1893 1355 2216 1424 deprimunt,
2234 1354 2573 1425 omnipotens
2588 1352 2921 1409 estmedicus
2946 1350 3037 1421 qui
3054 1349 3246 1414 salvet,
3264 1354 3471 1403 tantum

1892 1446 2197 1501 meminerit
2224 1444 2468 1514 quisque,
2498 1443 2641 1513 quod
2673 1442 2814 1497 idem
2844 1440 2984 1495 filius
3009 1440 3144 1506 Dei,
3201 1439 3293 1508 qui
3325 1438 3474 1495 venit

1892 1538 2037 1593 mitis
2062 1546 2121 1591 ut
2152 1536 2402 1599 salvaret,
2433 1543 2689 1590 venturus
2715 1541 2798 1588 est
2833 1532 3130 1598 districtus,
3161 1540 3221 1585 ut
3244 1528 3468 1600 iudicet.

1964 1628 2269 1699 Quicunque
2294 1626 2561 1696 confessus
2610 1624 2789 1695 fuerit,
2816 1623 3066 1694 quoniam
3107 1620 3265 1677 Iesus
3294 1629 3369 1675 est
3404 1619 3474 1690 fi-

1889 1721 1993 1775 lius
2014 1721 2133 1785 Dei,
2162 1719 2301 1773 Deus
2326 1719 2378 1771 in
2403 1733 2463 1771 eo
2483 1725 2657 1771 manet
2702 1724 2751 1770 et
2776 1717 2884 1786 ipse
2911 1716 2967 1769 in
2991 1714 3122 1768 Deo.
3166 1712 3471 1767 Perfectam

1890 1812 2068 1868 cordis
2089 1809 2483 1866 confessionem
2509 1808 2660 1872 dicit,
2677 1805 2820 1876 quod
2842 1820 2942 1861 nec
2971 1804 3113 1859 male
3132 1802 3473 1859 suadentium

203 1896 572 1967 promittatur,
603 1896 817 1951 dicente
845 1896 961 1966 ipso
1004 1897 1253 1962 Domino,
1292 1898 1509 1966 quando
1534 1913 1789 1967 corpora-
1818 1888 1863 1947 Β
1892 1901 2264 1959 haereticorum
2290 1901 2459 1971 possit
2487 1897 2676 1953 fraude
2718 1896 2992 1966 corrumpi
3020 1910 3121 1951 nec
3145 1906 3474 1965 persequen-

203 1986 347 2043 libus
360 1987 533 2042 oculis
544 1987 833 2043 visibiliter
856 1988 1167 2059 apparebat,
1185 1997 1241 2043 et
1251 1988 1575 2043 invisibilem
1596 2003 1655 2043 se
1668 2003 1792 2043 con-

202 2078 462 2133 tuendum
478 2078 688 2133 mundis
708 2077 961 2139 cordibus
985 2080 1358 2149 promittebat:
1378 2079 1480 2146 Qui
1500 2079 1671 2148 diligit
1686 2095 1787 2145 me,

199 2169 450 2240 diligetur
476 2188 510 2223 a
547 2180 694 2241 patre
718 2188 854 2237 meo,
878 2181 926 2225 et
968 2172 1185 2243 diligam
1212 2190 1329 2227 eum
1350 2214 1364 2238 ,
1422 2183 1469 2227 et
1518 2172 1788 2227 ostendam

198 2275 284 2313 me
312 2260 478 2330 ipsum
501 2261 616 2325 illi;
642 2263 757 2317 haec
782 2263 979 2333 quippe
1002 2274 1196 2318 natura
1221 2262 1338 2332 ejus
1365 2266 1647 2335 aequaliter
1665 2280 1791 2320 cum

195 2361 355 2423 patre
391 2354 678 2408 invisibilis
723 2354 864 2409 sicut
908 2354 1188 2423 aequaliter
1225 2354 1648 2424 incorruptibilis
1673 2361 1788 2418 est,

196 2442 332 2511 quia
358 2442 715 2496 continuatim
762 2441 1051 2512 Apostolus
1078 2443 1259 2513 posuit
1282 2443 1470 2497 dicens
1493 2460 1505 2496 :
1539 2441 1670 2512 Regi
1697 2459 1795 2497 au-

194 2540 307 2583 tem
331 2530 648 2584 sivculorum
691 2532 957 2598 inrisibili,
986 2531 1389 2603 incorruptibili,
1411 2532 1647 2586 divinam
1669 2532 1795 2588 sub-

195 2619 479 2682 stantiam,
499 2635 603 2687 qua
617 2620 791 2688 potuit
801 2621 1108 2676 hominibus
1131 2621 1513 2692 praedicatione
1526 2636 1795 2677 commen-

180 2700 355 2765 dans.
395 2711 541 2765 Deus
567 2726 699 2780 ergo
732 2727 829 2766 rex
876 2712 1191 2775 invisibilis,
1250 2727 1424 2782 neque
1475 2713 1663 2777 oculis,
1698 2713 1793 2769 sed

195 2808 382 2855 mente
435 2800 757 2869 quaerendus
784 2808 888 2866 est,
912 2801 1005 2856 sed
1034 2802 1488 2871 quemadmodum
1544 2803 1590 2857 si
1622 2802 1791 2857 solem

198 2890 367 2945 istum
403 2891 587 2945 videre
612 2890 871 2945 vellemus
891 2891 1106 2947 oculum
1134 2892 1381 2963 corporis
1408 2908 1787 2964 purgaremus,

197 2981 345 3037 unde
366 2980 534 3036 videri
562 2982 654 3036 lux
676 2991 873 3053 potest,
900 2983 1140 3039 volentes
1159 2984 1345 3038 videre
1372 2983 1791 3050 Deum,bculum

199 3074 382 3129 cordis
395 3089 504 3143 quo
530 3075 673 3129 Deus
699 3074 871 3129 videri
897 3083 1093 3145 potest,
1110 3091 1407 3146 purgemus
1434 3093 1446 3128 :
1475 3074 1627 3129 Beati
1653 3077 1792 3130 enim

196 3164 385 3217 mundi
406 3163 581 3227 corde,
602 3167 849 3235 quoniam
872 3166 972 3235 ipsi
986 3164 1151 3219 Deum
1182 3165 1425 3220 videbunt
1461 3165 1676 3236 (Matth.
1708 3166 1786 3238 v).

202 3256 405 3313 Verum
429 3257 557 3326 quia
584 3258 699 3313 haec
726 3257 863 3313 visio
885 3258 939 3312 in
961 3256 1141 3313 futuro
1180 3250 1450 3328 speratur,
1473 3259 1604 3329 quid
1623 3274 1790 3330 agen-

198 3349 328 3402 dum
357 3358 441 3405 est
473 3348 647 3414 nobis,
673 3348 801 3403 dum
826 3347 1004 3404 adhuc
1024 3349 1302 3403 constituti
1330 3349 1385 3403 in
1416 3364 1647 3420 corpore
1686 3364 1785 3419 pe-

199 3440 542 3510 regrinamur
587 3456 620 3495 a
669 3439 916 3507 Domino,
946 3455 1054 3510 quo
1097 3439 1291 3495 solatio
1354 3441 1651 3509 utendum,
1691 3440 1785 3496 ubi

199 3533 383 3588 divina
409 3533 637 3598 visione,
661 3534 893 3588 necdum
930 3532 1061 3588 licet
1091 3532 1329 3602 perfrui?

274 3621 339 3678 Si
364 3623 646 3693 diligamus
675 3623 929 3687 invicem,
982 3621 1124 3676 Deus
1153 3623 1208 3676 in
1240 3621 1386 3676 nobis
1434 3630 1630 3676 manet.
1678 3621 1787 3677 Sed

199 3728 363 3769 nemo
411 3722 562 3784 putet
611 3714 750 3769 hanc
779 3712 1125 3769 dilectionem
1161 3713 1216 3768 in
1244 3729 1351 3785 qua
1389 3714 1530 3769 Deus
1566 3721 1785 3781 manet,

200 3802 416 3874 abjecta
437 3812 493 3858 et
523 3804 790 3859 desidiosa
820 3804 1053 3874 quadam
1077 3805 1508 3871 mansuetudine,
1538 3805 1648 3860 imo
1676 3819 1787 3861 non

200 3897 641 3963 mansuetudine,
662 3899 757 3953 sed
799 3898 1117 3954 remissione
1162 3906 1217 3952 et
1242 3898 1565 3970 negligentia
1610 3912 1787 3953 reser-

198 3992 340 4056 vari,
365 4006 474 4045 non
499 3998 581 4045 est
609 3991 711 4045 ista
735 3989 997 4057 charitas,
1023 3990 1117 4045 sed
1147 3989 1393 4062 languor,
1421 3990 1629 4046 ferveat
1648 3991 1784 4046 cha-

198 4082 339 4137 ritas
391 4081 460 4135 ad
485 4081 881 4151 corrigendum,
908 4082 975 4135 ad
1018 4080 1412 4136 emendandum
1433 4096 1491 4135 se
1514 4121 1530 4146 ,
1584 4080 1631 4135 si
1658 4079 1784 4134 boni

201 4188 387 4229 mores
407 4172 698 4237 delectant,
722 4173 768 4226 si
791 4171 917 4226 mali
941 4171 1314 4236 emendentur,
1337 4172 1698 4243 corrigantur.
1724 4170 1787 4227 Si

200 4280 336 4334 ergo
368 4264 658 4334 diligamus
677 4263 907 4318 invicem
932 4262 1143 4318 sincera
1173 4270 1230 4317 et
1255 4262 1635 4333 disciplinabili
1661 4264 1789 4317 cha-

200 4358 388 4421 ritate,
418 4356 560 4410 Deus
579 4354 634 4408 in
662 4353 818 4409 nobis
846 4360 1057 4419 manet,
1102 4352 1356 4423 operibus
1383 4352 1599 4421 quidem
1621 4352 1788 4422 ipsius

200 4446 492 4505 charitatis
511 4444 908 4510 manifestatus,
939 4443 1185 4515 quamvis
1226 4443 1460 4499 nondum
1502 4442 1789 4499 visibiliter

202 4554 495 4611 apparens.

274 4632 348 4687 Et
378 4631 609 4687 charitas
636 4631 750 4701 ejus
773 4631 829 4685 in
858 4629 1002 4684 nobis
1043 4630 1272 4700 perfecta
1310 4637 1402 4685 est.
1429 4628 1790 4696 Qumrendum

202 4733 411 4790 autem,
441 4724 708 4793 quomodo
728 4723 874 4777 dicat
910 4720 1303 4791 perfectionem
1334 4721 1530 4776 divina:
1554 4721 1791 4775 charita-

204 4818 276 4872 tis
307 4816 362 4870 in
400 4823 585 4868 mutua
610 4814 894 4869 dilectione
924 4812 1241 4877 consistere,
1270 4828 1392 4867 cum
1438 4812 1694 4867 Dominus
1733 4812 1789 4867 in

201 4904 497 4974 Evangelio
524 4903 853 4974 pronuntiet,
875 4917 982 4957 non
1002 4916 1120 4957 esse
1145 4918 1396 4972 magnum
1410 4943 1423 4965 ,
1444 4902 1488 4956 si
1503 4901 1789 4973 diligamus

201 5014 321 5061 eos,
347 4996 439 5067 qui
461 5010 559 5050 nos
586 4994 842 5065 diligunt,
890 4994 994 5049 nisi
1019 4994 1084 5048 ad
1106 4993 1355 5048 inimicos
1384 4995 1549 5048 etiam
1576 4994 1641 5049 de
1670 4994 1790 5063 qui-

200 5091 308 5145 bus
339 5086 427 5141 bic
449 5086 662 5156 penitus
690 5092 870 5140 tacere
895 5084 1138 5148 videtur,
1167 5084 1356 5139 eadem
1394 5084 1611 5139 dilectio
1658 5099 1784 5153 per-

204 5180 402 5249 tingat,
430 5177 531 5232 nisi
562 5176 702 5232 forte
733 5176 878 5246 ipsos
900 5174 1149 5229 inimicos
1190 5173 1414 5228 fraterni
1469 5173 1675 5228 amoris
1704 5174 1790 5228 in-

203 5272 350 5327 tuitu
374 5270 599 5340 diligere
623 5269 903 5331 debemus,
926 5265 1177 5321 videlicet
1205 5273 1266 5319 ut
1306 5280 1415 5320 non
1445 5279 1658 5333 semper
1687 5264 1791 5318 ini-

205 5363 335 5418 mici
364 5368 700 5426 remaneant,
726 5362 820 5415 sed
846 5359 1170 5429 resipiscam
1190 5374 1218 5413 a
1242 5357 1438 5413 diaboli
1467 5357 1675 5427 laqueis
1695 5371 1792 5412 no-

202 5456 400 5523 bisque
428 5468 687 5526 germano
707 5452 912 5507 foedere
948 5451 1259 5505 socientur:
1292 5449 1352 5505 Si
1374 5449 1678 5520 diligamus,
1702 5451 1788 5506 in-

1889 1993 2022 2048 tium
2052 2006 2381 2061 paganorum
2422 1989 2703 2046 tormentis
2750 1984 3121 2056 conquassari,
3149 1999 3251 2040 nec
3279 1996 3472 2038 cama-

1888 2085 2016 2139 lium
2047 2083 2276 2139 fratrum
2325 2081 2604 2152 exemplis,
2629 2093 2730 2134 nec
2767 2078 2997 2149 propriae
3043 2073 3351 2145 fragilitatis
3379 2086 3470 2128 se-

1890 2175 2056 2250 gnitia
2087 2174 2341 2229 titubare.
2372 2172 2510 2227 Sunt
2543 2174 2774 2235 etenim,
2824 2168 2917 2239 qui
2951 2166 3114 2223 etiam
3159 2165 3337 2220 verbis
3366 2176 3464 2218 ne-

1891 2271 2018 2335 gant
2069 2278 2187 2318 esse
2238 2260 2420 2317 Iesum
2475 2260 2645 2315 filium
2687 2258 2828 2324 Dei,
2871 2255 3055 2327 quales
3105 2252 3257 2309 multi
3301 2251 3469 2307 fuisse

1890 2354 2189 2424 produntur
2215 2367 2280 2408 eo
2314 2352 2431 2422 ipso
2456 2360 2717 2419 tempore,
2747 2364 2853 2418 quo
2874 2349 2991 2403 haec
3014 2345 3284 2402 scribebat
3305 2342 3468 2398 Joan-

1892 2462 2030 2512 nes;
2062 2453 2187 2501 sunt
2228 2446 2358 2500 item
2394 2444 2486 2513 qui
2513 2442 2843 2498 confitentur
2863 2439 3048 2494 verbis
3083 2444 3139 2493 et
3180 2436 3337 2491 factis
3376 2449 3473 2490 ne-

1892 2546 2040 2609 gant,
2070 2539 2211 2591 unde
2235 2536 2394 2600 bene,
2418 2534 2509 2603 qui
2554 2547 2696 2587 nunc
2720 2532 2829 2586 ait:
2867 2529 3175 2599 Quicunque
3202 2524 3469 2594 confessus

1892 2626 2075 2696 fuerit,
2101 2626 2350 2697 quoniam
2393 2622 2549 2679 Iesus
2578 2631 2655 2677 est
2692 2621 2836 2691 ﬁlius
2861 2619 2982 2684 Dei,
3008 2618 3147 2671 Deus
3172 2618 3228 2670 in
3255 2631 3316 2669 eo
3352 2630 3471 2668 ma-

1892 2728 1996 2784 net,
2026 2728 2075 2773 et
2108 2720 2218 2788 ipsc
2258 2719 2314 2771 in
2346 2716 2456 2770 Deo
2484 2714 2536 2783 (Ι
2564 2713 2727 2768 Joan.
2768 2712 2862 2782 Iv),
2895 2712 3009 2780 ipse
3032 2708 3193 2780 paulo
3221 2705 3472 2776 superius

1892 2812 2059 2866 dicit:
2099 2809 2157 2864 Si
2185 2806 2465 2878 diligamus
2511 2806 2761 2869 invicem,
2808 2802 2951 2856 Deus
3002 2802 3058 2854 in
3085 2799 3229 2854 nobis
3257 2802 3471 2861 manet,

1892 2898 2174 2954 insinuans
2199 2895 2438 2967 profecto
2461 2895 2586 2964 quia
2627 2893 2855 2963 quisque
2884 2889 3225 2947 dilectionem
3257 2888 3312 2941 in
3360 2884 3474 2939 fra-

1893 2998 2006 3045 tres
2032 2990 2217 3053 habet,
2246 2987 2336 3042 ille
2362 2985 2547 3042 Jesum
2572 2984 2670 3039 Dei
2696 2998 2820 3039 esse
2842 2982 3012 3037 filium
3045 2985 3292 3035 testatur.

1961 3082 2031 3137 Et
2059 3083 2389 3153 cognovimus
2438 3087 2488 3133 et
2533 3076 2792 3132 credimus
2837 3073 3044 3130 veritati
3067 3113 3083 3138 ,
3120 3086 3279 3142 ᾳιιαηι
3323 3067 3477 3123 habet

1892 3177 2035 3232 Deus
2059 3177 2114 3229 in
2152 3171 2713 3243 nobis.'Cognovimus
2732 3168 2860 3241 quia
2894 3164 3052 3222 Iesus
3076 3172 3161 3221 est
3199 3162 3340 3218 ﬁlius
3354 3159 3473 3226 Dei,

1894 3277 1951 3324 et
1982 3268 2107 3339 quia
2134 3276 2289 3338 pater
2311 3263 2459 3320 misit
2489 3278 2612 3319 eum
2639 3260 2961 3317 salvatorem
2992 3254 3200 3319 mundi,
3228 3263 3283 3308 et
3308 3249 3478 3307 credi-

1893 3375 2017 3414 mus
2066 3355 2341 3421 cbaritati,
2372 3369 2535 3424 quam
2573 3351 2739 3407 habet
2783 3349 2926 3405 Deus
2950 3348 3006 3402 in
3035 3346 3211 3410 nobis,
3250 3344 3375 3414 quia
3400 3341 3476 3397 vi-

1893 3450 2090 3507 delicet
2116 3464 2240 3505 cum
2258 3447 2485 3503 haberet
2510 3446 2752 3510 unicum,
2772 3442 2945 3497 noluit
2964 3440 3114 3496 illum
3143 3449 3265 3493 esse
3282 3449 3476 3501 unum,

1893 3542 1986 3597 sed
2018 3548 2079 3595 ut
2115 3538 2310 3594 fratres
2369 3537 2597 3593 haberet
2645 3533 2920 3605 adoptavit
2947 3531 3046 3599 illi,
3080 3529 3173 3601 qui
3208 3541 3332 3583 cum
3380 3524 3476 3580 illo

1890 3634 2229 3706 possiderent
2250 3632 2419 3686 vitam
2455 3638 2737 3685 aeternam.

1962 3726 2103 3780 Deus
2152 3723 2382 3778 charitas
2409 3732 2504 3777 est.
2533 3719 2653 3775 Jam
2680 3716 2927 3789 superius
2962 3713 3100 3771 dixit
3141 3711 3301 3780 illud,
3340 3721 3473 3766 ecce

1891 3820 2091 3875 iterum
2136 3816 2307 3881 dicit,
2362 3812 2592 3883 amplius
2617 3810 2715 3867 tibi
2748 3826 2857 3865 non
2910 3806 3084 3879 potuit
3108 3799 3477 3860 commendari

1891 3911 2148 3975 charitas,
2175 3923 2339 3979 quam
2366 3914 2427 3962 ut
2458 3906 2728 3962 diceretur
2752 3904 2895 3959 Deus
2917 3941 2933 3968 ,
2976 3900 3116 3955 forte
3142 3909 3339 3953 munus
3377 3890 3476 3948 Dei

1891 4009 2302 4072 contempturus
2328 4014 2468 4065 eras,
2496 3995 2740 4068 nunquid
2769 4003 2825 4050 et
2848 3995 3019 4048 Deum
3045 3986 3381 4077 contemnis?

1963 4092 2033 4147 Et
2059 4095 2149 4165 qui
2172 4101 2345 4147 manet
2373 4092 2429 4145 in
2452 4090 2707 4143 charitate
2730 4088 2787 4141 in
2825 4085 2935 4139 Deo
2959 4074 3155 4146 manet,
3175 4090 3221 4132 et
3256 4078 3397 4132 Deus
3417 4074 3477 4131 in

1891 4203 1971 4243 eo.
1995 4185 2246 4241 Vicissim
2274 4184 2327 4236 in
2342 4196 2401 4237 se
2422 4180 2667 4235 habitant
2691 4177 2781 4248 qui
2807 4174 3046 4230 continet
3057 4180 3114 4227 et
3131 4170 3221 4240 qui
3235 4168 3479 4224 contine-

1848 4280 1853 4289 ’
1895 4284 2001 4341 tur,
2027 4275 2237 4331 habitas
2263 4274 2316 4327 in
2346 4274 2479 4337 Deo,
2510 4270 2606 4325 sed
2630 4277 2691 4324 ut
2715 4264 3066 4331 continearis,
3094 4261 3306 4318 habitat
3335 4259 3387 4314 in
3418 4265 3475 4313 te

1894 4369 2057 4433 Deus,
2080 4367 2174 4423 sed
2196 4375 2259 4421 ut
2276 4365 2570 4428 contineat,
2604 4377 2672 4417 ne
2706 4360 2892 4425 cadas,
2921 4356 3048 4428 quia
3086 4354 3164 4410 sic
3186 4349 3475 4423 Apostolus

1893 4458 1960 4514 de
2018 4459 2134 4527 ipsa
2177 4456 2443 4512 charitate
2493 4453 2675 4509 dicit:
2712 4447 2956 4506 Charitas
3010 4458 3277 4517 nunquam
3332 4440 3474 4496 cadit

1894 4549 1947 4621 (1
1973 4548 2096 4604 Cor.
2130 4550 2253 4618 χιιι)
2273 4589 2287 4614 ,
2312 4545 2580 4618 quomodo
2603 4542 2748 4599 cadit
2775 4553 2936 4611 quem
2956 4537 3202 4595 continet
3227 4533 3405 4591 Deus?

1964 4641 2033 4695 Et
2059 4641 2115 4695 in
2138 4642 2233 4695 hoc
2258 4641 2484 4711 perfecta
2496 4646 2571 4693 est
2591 4636 2822 4691 charitas
2835 4631 3122 4695 nobiscum,
3145 4639 3201 4683 ut
3222 4626 3474 4699 ﬁduciam

1891 4735 2195 4799 habeamus,
2210 4741 2315 4787 etc.
2342 4730 2598 4801 Quisquis
2616 4725 2868 4782 fiduciam
2887 4722 3049 4777 habet
3066 4723 3120 4776 in
3141 4722 3227 4777 die
3247 4718 3435 4790 judicii
3454 4757 3471 4783 ,

1891 4825 2131 4898 perfecta
2152 4832 2236 4879 est
2258 4825 2313 4878 in
2340 4822 2430 4877 illo
2459 4821 2715 4876 charitas.
2735 4815 2875 4884 Quid
2897 4822 2982 4871 est
2999 4814 3200 4870 habere
3218 4811 3473 4867 fiduciam

1892 4916 1944 4970 in
1971 4916 2057 4971 die
2073 4914 2299 4985 judicii?
2323 4929 2428 4969 non
2456 4914 2667 4976 timere,
2682 4926 2751 4967 ne
2777 4907 3087 4965 veniatdies
3101 4906 3321 4977 judicii;
3348 4920 3474 4962 cum

1892 5006 2034 5060 enim
2063 5006 2239 5075 primo
2252 5005 2372 5075 quis
2402 5003 2469 5059 ad
2498 5003 2867 5075 paenitendum
2892 5014 2971 5068 se,
2993 5001 3059 5056 de
3084 4999 3239 5053 malis
3263 4998 3477 5053 actibus

1890 5097 2238 5161 converterit,
2270 5096 2458 5165 incipit
2487 5096 2677 5150 timere
2712 5094 2856 5150 diem
2887 5084 3096 5165 judicii,
3124 5106 3192 5146 ne
3227 5088 3478 5144 videlicet

1890 5197 2184 5259 apparente
2206 5186 2354 5256 justo
2373 5185 2577 5256 judice,
2595 5186 2709 5257 ipse
2728 5186 3044 5241 damnetur:
3064 5194 3316 5253 processu
3344 5186 3475 5232 vero

1890 5280 2045 5335 bona:
2063 5279 2490 5335 conversationis
2504 5278 2776 5333 animatus
2796 5278 2967 5335 discet
2990 5291 3095 5330 non
3120 5275 3311 5328 timere
3332 5266 3479 5340 quod

1891 5370 2139 5436 timebat,
2174 5373 2265 5425 sed
2300 5370 2479 5439 potius
2514 5378 2722 5441 Optare,
2749 5364 3121 5424 utveniat‘ille
3141 5361 3479 5418 desideratus

1893 5460 2104 5517 cunctis
2130 5460 2401 5532 gentibus,
2426 5474 2857 5530 speranssecum
2883 5455 3085 5512 sanctis
3113 5450 3308 5507 merito
3324 5448 3480 5505 bona;

205 5545 348 5614 quit,
372 5544 612 5607 invicem,
634 5543 776 5597 Deus
798 5543 854 5595 in
885 5540 1032 5595 nobis
1055 5548 1251 5602 manet,
1281 5549 1328 5593 et
1350 5538 1579 5592 charitas
1607 5538 1720 5608 ejus
1742 5538 1797 5593 in

1897 5555 2130 5610 actionis
2151 5568 2271 5609 esse
2289 5553 2682 5609 coronandum.
2716 5550 2869 5606 Unde
2902 5553 3084 5601 autem
3137 5542 3392 5600 fiduciam
3419 5540 3482 5596 in

208 5636 359 5690 nobis
405 5634 633 5705 perlecta
662 5644 755 5688 εει·
788 5633 968 5703 Incipe
997 5624 1237 5701 diligere.
1263 5629 1560 5700 perﬁceris.
1588 5628 1799 5699 coepisti
1897 5642 2193 5713 diejudicii
2236 5643 2433 5699 habere
2478 5656 2788 5713 possumus,
2818 5637 3030 5709 plenius
3051 5631 3328 5691 subdendo
3355 5645 3477 5688 ma-

208 5727 457 5797 diligcre,
475 5727 639 5796 cmpit
667 5727 722 5781 in
748 5735 800 5781 te
830 5726 971 5779 Deus
1000 5724 1266 5785 habitare,
1293 5729 1353 5775 ut
1382 5718 1678 5789 perfectius
1701 5719 1799 5774 ha-
1903 5732 2148 5788 ηίῑρςιιη,

206 5822 436 5878 bitando
462 5820 626 5878 faciat
653 5829 703 5876 te
734 5818 1055 5891 perfectum.

1976 5825 2115 5892 Quia
2147 5829 2279 5882 sicut
2311 5828 2399 5882 ille
2447 5836 2551 5889 est,
2606 5834 2654 5879 et
2682 5838 2775 5878 nos
2805 5836 2986 5877 sumus
3033 5819 3087 5875 in
3124 5819 3220 5873 hoc
3260 5810 3483 5871 mundo.
3534 5856 3543 5871 ι
