4030 6458
544 348 652 407 3ιῖ

1842 346 2211 409 SMARAGDI
2245 349 2422 406 ABBA
2429 348 2539 406 TIS

3740 350 3850 409 348

541 467 797 542 Nunquid
821 481 952 525 vero
969 474 1155 540 potest
1196 467 1361 524 homo
1401 480 1522 524 esse
1551 459 1693 526 sicut
1728 468 1908 525 Deus?
1957 468 2053 524 sed
2081 475 2137 521 et
2161 468 2217 533 Α
2314 468 2427 523 Nos
2457 484 2580 540 ergo
2606 467 2885 541 diligamus
2924 468 3116 538 Deum,
3146 469 3399 542 quoniam
3425 470 3538 542 ipse
3583 472 3746 541 prior
3768 473 3849 528 di‘

540 561 856 619 meminisse
881 568 1114 635 oportet,
1136 560 1280 632 quod
1308 569 1363 617 et
1405 576 1571 632 supra
1597 561 1803 617 dictum
1830 570 1917 617 est
1939 602 1954 626 ,
2004 561 2133 630 quia

539 669 648 717 non
673 670 887 727 semper
906 654 974 715 ad
998 653 1366 725 :equalitatem
1389 653 1610 721 dicitur,
1627 655 1721 711 sed
1745 655 1886 711 sicut
1908 655 2129 721 dicitur,

541 751 611 806 ad
642 752 931 823 quamdam
970 749 1403 817 similitudinem,
1454 749 1725 825 quomodo
1754 749 1898 805 enim
1951 748 2087 803 dicis
2117 767 2128 803 :

542 841 696 898 Sicut
722 857 881 897 aures
906 840 1083 897 habeo
1110 841 1183 898 ita
1206 841 1375 898 habet
1404 850 1457 896 et
1494 842 1672 912 imago
1694 882 1709 907 ,
1750 839 1990 909 nunquid
2020 855 2136 893 om-

539 936 670 991 nino
695 934 815 991 sic?
852 936 947 991 sed
977 944 1158 995 tamen
1184 934 1325 991 dicis
1353 936 1511 992 sicut.
1544 933 1697 989 Sicut
1732 949 1862 1005 ergo
1890 931 2017 989 facti
2045 950 2134 989 su-

538 1043 658 1084 mas
684 1027 752 1082 ad
787 1028 1076 1099 imaginem
1106 1026 1224 1093 Dei,
1254 1042 1426 1100 quare
1449 1044 1555 1082 non
1583 1027 1724 1083 sicut
1752 1026 1893 1085 Deus
1923 1042 2129 1091 sumus,

536 1132 646 1178 non
680 1124 751 1180 ad
774 1123 1160 1193 aequalitatem,
1189 1124 1282 1179 sed
1313 1140 1412 1197 pro
1435 1124 1595 1181 mo'lo
1626 1132 1832 1181 nostro.
1855 1123 1982 1178 Inde
2004 1137 2135 1192 ergo

536 1214 693 1271 nobis
731 1216 893 1273 datur
931 1215 1125 1271 ﬁducia
1156 1217 1209 1273 in
1257 1217 1342 1273 die
1362 1214 1571 1287 iudicii,
1604 1217 1729 1287 quia
1752 1217 1894 1273 sicut
1921 1217 2008 1271 ille
2029 1224 2131 1282 est,

536 1314 595 1371 et
621 1320 722 1362 nos
752 1322 941 1363 sumus
970 1308 1022 1361 in
1053 1306 1157 1362 hoc
1201 1307 1420 1372 mundo,
1448 1308 1710 1363 imitan:lo
1741 1307 1986 1363 videlicet
2010 1324 2135 1377 per-

535 1396 825 1463 fectionem
863 1398 1168 1455 dileetionis
1195 1398 1247 1453 iu
1279 1396 1500 1464 mundo,
1526 1397 1678 1467 cujus
1700 1399 1791 1454 ille
1829 1401 2134 1470 exemplum

534 1490 692 1546 nobis
719 1486 959 1560 quotidie
978 1490 1187 1559 praebet
1218 1490 1284 1545 de
1316 1490 1474 1546 cudo.
1506 1488 1583 1547 De
1631 1506 1734 1561 qua
1790 1491 2031 1545 salvator
2077 1491 2130 1545 in

533 1574 860 1651 Evangelia:
890 1576 1123 1650 Diligite,
1150 1580 1324 1650 inquit
1343 1621 1358 1645 ,
1388 1582 1632 1635 inimicos
1658 1592 1872 1647 vestros,
1906 1592 1952 1636 et
1985 1591 2131 1636 orate

530 1687 626 1742 pro
658 1673 1082 1746 persequentibus
1127 1689 1233 1737 vos,
1289 1683 1343 1727 ut
1380 1673 1495 1729 sitis
1523 1673 1625 1742 ﬁlii
1653 1673 1820 1742 patris
1861 1675 2017 1728 vestri
2042 1675 2133 1743 qui

530 1764 588 1821 in
618 1766 757 1821 cmlis
783 1776 879 1832 est,
910 1769 999 1839 qui
1020 1766 1187 1827 solem
1218 1783 1374 1823 suum
1417 1769 1546 1825 oriri
1572 1768 1723 1838 facit,
1763 1785 1921 1839 super
1969 1770 2132 1824 bonos

532 1864 582 1910 et
603 1854 792 1922 malos,
822 1865 871 1913 et
897 1856 1031 1927 pluit
1061 1874 1221 1929 super
1243 1858 1423 1928 justas
1468 1868 1517 1914 et
1550 1859 1776 1929 mjustos
1801 1859 2018 1929 (Matth.
2052 1860 2128 1933 v).

608 1950 789 2008 Timor
834 1970 939 2010 non
964 1955 1121 2009 estin
1144 1954 1422 2010 charitate.
1450 1954 1508 2010 lu
1552 1954 1643 2009 tali
1672 1956 1922 2011 videlicet
1956 1957 2137 2012 chari-

534 2051 668 2110 tate,
697 2060 822 2116 qua:
848 2046 917 2107 ad
968 2046 1329 2105 imitationem
1381 2048 1575 2107 divina:
1608 2048 1871 2107 bonitatis
1895 2089 1910 2118 ,
1964 2052 2135 2107 etiam

533 2134 769 2197 inimicis
795 2138 1133 2205 benefaoene,
1160 2141 1338 2196 ethos
1362 2140 1586 2212 diligere
1611 2142 1781 2196 novit.

602 2226 713 2287 Sed
737 2230 968 2299 perfecta
1016 2232 1251 2286 charitas
1291 2231 1435 2301 foras
1469 2233 1626 2287 mittit
1672 2233 1929 2288 timorem.
1978 2233 2133 2291 Illum

532 2318 743 2377 scilicet
771 2320 1045 2385 timenem,
1072 2322 1141 2376 de
1167 2338 1278 2391 quo
1315 2323 1514 2378 dicitur
1541 2342 1555 2377 :
1593 2322 1816 2379 Initium
1862 2325 2133 2395 sapientia:

530 2414 691 2470 timor
711 2413 948 2471 Domini.
978 2415 1097 2484 Quo
1120 2416 1281 2475 timet
1322 2417 1560 2487 quisque
1584 2457 1602 2482 ,
1656 2418 1922 2486 incipiens
1962 2432 2131 2489 Opera

523 2502 769 2575 institis,
798 2521 868 2561 ne
893 2507 1076 2565 veniat
1093 2507 1320 2578 iustitia;
1345 2507 1627 2564 districtus
1654 2507 1844 2576 iudex,
1867 2517 1925 2563 et
1954 2510 2001 2564 si
2032 2510 2134 2564 mi-

529 2611 635 2655 nus
658 2598 982 2668 ca~tigatun
1016 2598 1318 2662 inveniens,
1348 2600 1588 2655 damnat.
1618 2599 1708 2654 ill.
1745 2601 1988 2655 charitas
2018 2600 2133 2670 pel-

529 2686 597 2753 lit
626 2688 797 2755 foras,
824 2704 945 2758 quae
968 2704 1069 2758 pro
1098 2690 1295 2745 merito
1317 2691 1568 2760 iustitiaa,
1602 2691 1852 2746 ﬁduciam
1879 2693 2046 2747 habet
2074 2694 2131 2748 in

533 2778 622 2837 die
663 2776 874 2847 iudicii,
908 2776 1006 2835 sed
1051 2787 1109 2835 et
1148 2778 1499 2848 prementium
1553 2779 1942 2835 adversitatum
1976 2781 2134 2837 timo-

530 2882 649 2929 rem
698 2867 939 2939 perfecta
958 2871 1201 2927 (abolitas
1226 2870 1376 2941 eiicit
1402 2887 1467 2927 ex
1494 2872 1695 2937 animo,
1723 2889 1887 2942 quam
1930 2875 2132 2930 habere

532 2962 833 3032 quaerebat,
852 2963 1134 3032 qniDeum
1154 2963 1487 3034 supplicans,
1517 2965 1626 3019 ait:
1656 2964 1901 3021 Atimore
1928 2968 2131 3023 inimici

537 3054 681 3123 eripe
706 3053 943 3111 animum
970 3070 1177 3119 meum;
1202 3068 1369 3124 quam
1398 3055 1635 3111 habebat
1661 3057 1754 3124 qui
1790 3056 1961 3112 dixit:
1998 3056 2128 3122 Quis

534 3159 629 3211 nos
653 3145 924 3215 narrabit
941 3163 977 3201 α
1002 3146 1259 3207 castitate
1284 3146 1521 3201 Christi?
1536 3147 1828 3214 tribulatio,
1858 3151 2124 3220 angustia,

530 3235 720 3305 fama,
756 3254 825 3292 an
850 3236 1165 3308 persecutio,
1187 3254 1258 3295 an
1284 3238 1521 3307 auditas,
1548 3255 1621 3297 as
1662 3238 1957 3311 periculum
1979 3280 1994 3309 ,
2054 3257 2130 3296 au

528 3327 741 3400 gladius
768 3328 947 3401 (Rom.
971 3330 1135 3401 suis)?

600 3419 866 3487 Quoniam
911 3422 1297 3494 timum
1343 3424 1520 3481 habet.
1565 3424 1803 3496 Torquet
1853 3441 1951 3481 cor
1992 3442 2129 3483 oon-

528 3511 755 3571 scientia
793 3524 1162 3584 peccatorum,
1198 3516 1438 3573 nondum
1488 3516 1630 3572 facta
1661 3527 1746 3572 est
1780 3516 2125 3587 iustiﬁcatio,

529 3604 654 3660 ideo
681 3605 734 3659 in
763 3605 972 3674 psalmo
998 3608 1065 3662 de
1092 3608 1209 3677 ipsa
1235 3608 1589 3678 perfectionis
1611 3609 1823 3677 iustitia
1857 3629 1869 3664 :
1903 3612 2130 3667 Conuer-

528 3693 661 3759 αἱαὶ,
693 3694 889 3764 inquit,
920 3695 1189 3765 planctum
1214 3713 1387 3753 meum
1415 3697 1472 3759 in
1518 3697 1771 3767 gaudium
1816 3701 1965 3765 mihi,
1996 3716 2127 3756 cou-

528 3784 706 3845 cids'sti
731 3800 942 3843 saccum
970 3801 1161 3851 meum,
1192 3796 1241 3845 α
1292 3788 1617 3858 prwoiuxisti
1656 3805 1738 3842 sue
1790 3788 1978 3844 lwtitia
2005 3830 2021 3856 ,
2069 3799 2128 3845 ut

529 3888 737 3937 caulem
766 3877 862 3932 tibi
890 3877 1114 3949 glouiam
1154 3896 1325 3935 meum
1372 3891 1427 3935 ut
1464 3898 1571 3936 nos
1598 3898 1921 3953 compungar
1949 3882 2123 3955 (Psal.

530 3968 710 4040 nix),
735 3968 786 4027 id
822 3978 927 4036 est,
963 3984 1070 4027 non
1098 3969 1208 4037 sit,
1274 3971 1421 4041 quod
1469 3973 1711 4033 stimulet
1738 3975 2126 4032 conscientiam

526 4075 726 4119 aleam.
756 4059 1011 4117 Stimulat
1038 4061 1220 4127 timor,
1250 4062 1345 4118 sed
1375 4062 1483 4117 noli
1506 4063 1721 4131 timum,
1747 4065 1916 4123 intrat
1934 4066 2125 4125 chari-

525 4156 614 4207 tas
637 4167 760 4221 qua:
787 4160 941 4207 sanat
965 4151 1110 4223 quod
1144 4152 1394 4208 vulnerat
1417 4154 1601 4213 timor.

600 4240 709 4307 Qui
755 4251 933 4299 autem
983 4244 1128 4301 timet
1176 4261 1282 4300 non
1323 4256 1400 4301 est
1450 4247 1709 4318 perfectus
1752 4249 1809 4304 in
1846 4250 2121 4308 charitate.

528 4331 665 4399 Quia
712 4334 971 4388 nimirum
1004 4335 1165 4389 timor
1200 4352 1419 4406 pinnam
1450 4338 1614 4394 habet
1638 4379 1652 4404 ,
1696 4344 1947 4410 quamvis
1982 4345 2126 4399 sicut

529 4423 826 4479 sectionem
854 4425 1049 4480 medici
1078 4426 1225 4483 salus
1255 4438 1441 4497 aptata
1464 4471 1480 4495 ,
1525 4431 1597 4486 ita
1632 4432 1905 4499 timorem,
1943 4436 2122 4495 chari—

526 4518 615 4565 tas
646 4511 951 4567 desiderata
998 4512 1377 4583 subsequatur.
1430 4516 1541 4572 Nec
1590 4521 1769 4586 putari
1826 4522 2005 4582 debet.
2038 4523 2201 4616 his”

526 4603 673 4660 beati
725 4601 949 4660 Joannis
994 4608 1338 4664 sermonibus
1389 4624 1509 4665 esse
1546 4614 1920 4681 contrarium,
1976 4618 2122 4685 quod

524 4696 813 4759 Psalmista
838 4700 972 4755 dicit
1002 4720 1014 4755 :
1048 4700 1226 4759 Timor
1264 4701 1477 4759 Domini
1511 4716 1719 4762 sancta
1770 4721 2037 4777 permanet
2065 4712 2122 4768 in

526 4789 777 4845 saxulum
815 4794 997 4847 swculi
1046 4791 1222 4866 (Psal.
1265 4795 1409 4868 xui).
1467 4797 1584 4853 Duo
1620 4814 1852 4870 namque
1880 4812 2008 4856 sunt
2046 4803 2118 4858 ti—

525 4897 729 4949 mores,
759 4900 899 4940 unus
947 4901 1057 4956 quo
1086 4887 1273 4943 timent
1317 4891 1564 4947 homines
1590 4892 1783 4957 Deum,
1810 4908 1878 4948 ne
1904 4894 2119 4949 mittan-

527 4980 617 5030 tur
642 4974 699 5029 in
727 4977 1031 5046 gehennam
1062 4997 1075 5032 :
1109 4980 1227 5049 ipse
1261 4989 1347 5036 est
1382 4982 1543 5038 timor
1568 4983 1676 5049 ille,
1705 4984 1798 5054 qui
1826 4986 2123 5041 introducit

526 5068 870 5131 charitatem.
909 5070 1016 5129 Sed
1048 5073 1129 5129 sic
1156 5075 1325 5141 venit,
1366 5085 1428 5132 ut
1450 5087 1643 5143 exeat;
1697 5079 1743 5134 si
1770 5078 1915 5135 enim
1942 5080 2121 5138 adhuc

524 5168 748 5231 propter
773 5176 968 5233 pmnas
1002 5164 1162 5226 “mea
1207 5165 1376 5224 Donni
1399 5208 1416 5234 ,
1466 5168 1703 5225 nonduin
1757 5185 1928 5238 amas,
1955 5187 2119 5242 quem

526 5257 606 5317 sic
631 5254 810 5312 times.
863 5255 980 5315 Non
1019 5260 1159 5317 bona
1197 5260 1497 5328 desideras,
1528 5266 1623 5320 sed
1651 5265 1791 5321 mala
1815 5281 1998 5332 caves,
2025 5269 2119 5324 sed

522 5362 593 5403 ex
628 5364 694 5405 eo
720 5351 864 5420 quod
914 5352 1057 5408 mala
1092 5370 1274 5422 caves,
1304 5358 1534 5429 corrigis
1562 5366 1635 5423 te,
1662 5368 1720 5414 et
1758 5360 1951 5431 incipis
1975 5362 2117 5416 bona

525 5441 853 5504 desiderare.
882 5447 1021 5506 Cum
1058 5451 1198 5509 bona
1225 5453 1535 5511 desiderare
1561 5456 1813 5527 emporia,
1843 5459 1951 5514 erit
1977 5458 2032 5513 in
2064 5466 2119 5514 te

523 5531 692 5589 timor
714 5545 955 5606 sanctus,
998 5543 1086 5598 ille
1132 5545 1356 5612 scilicet,
1411 5561 1482 5603 ne
1517 5550 1631 5617 ipsa
1680 5550 1819 5605 bona
1852 5552 2111 5618 amittas;

524 5637 635 5679 non
684 5635 746 5682 ut
781 5631 1015 5690 mittaris
1040 5635 1093 5690 in
1121 5637 1558 5710 gebennam,sed
1586 5654 1653 5695 ne
1674 5649 1728 5695 te
1745 5643 1958 5698 deserat
1984 5659 2118 5714 prte-

523 5718 957 5873 Womim,
982 5745 1146 5804 quem
1173 5733 1519 5808 amplecteris
1543 5776 1559 5806 ,
1607 5744 1663 5794 et
1686 5746 1950 5797 aiteruum
2006 5739 2115 5800 frui

742 5826 827 5873 u.
1950 5821 1967 5833 .

742 5826 827 5877 ﬂ.
1950 5821 1967 5833 .

2237 559 2362 614 lexit
2392 577 2507 615 nos.
2542 561 2861 632 Diligamus,
2892 563 3147 632 quoniam
3178 564 3291 634 ipse
3318 565 3471 634 prior
3499 564 3696 621 dilexit
3723 583 3841 635 nos,

2236 667 2361 706 nam
2392 653 2533 708 unde
2564 653 2934 726 diligeremus,
2964 656 3069 709 nisi
3102 656 3192 712 ille
3218 659 3369 728 prior
3406 657 3694 714 dilexisset
3720 676 3840 717 nos.

2236 741 2373 799 Hinc
2401 745 2547 799 enim
2587 747 2704 816 ipse
2733 747 2786 801 in
2819 746 3113 818 Evangelio
3138 749 3301 803 dicit:
3334 749 3455 804 Non
3484 767 3574 805 vos
3626 767 3715 806 me
3742 753 3843 807 elo-

2234 837 2399 908 gistis,
2433 838 2524 893 sed
2546 856 2639 908 ego
2665 838 2796 909 elegi
2825 857 2911 895 vos
2934 839 3120 909 (Joan.
3153 841 3294 911 XIII).
3327 842 3405 897 Ita
3428 852 3612 899 autem
3654 844 3838 914 perfe-

2236 929 2307 984 cti
2344 930 2546 986 erimus
2577 931 2629 985 in
2672 932 2959 995 charitate,
3004 932 3049 987 si
3078 933 3534 1003 quemadmodum
3567 934 3706 990 nulli
3768 938 3839 991 al-

2237 1023 2425 1088 terius,
2455 1024 2557 1079 nisi
2585 1023 2776 1078 salutis
2805 1040 2906 1078 nos
2935 1040 3008 1080 ra:
3038 1025 3234 1096 gratia,
3274 1027 3423 1097 p.ior
3454 1027 3543 1083 ille
3570 1043 3680 1081 nos
3710 1027 3840 1083 dile-

2236 1115 2331 1177 xit,
2362 1133 2461 1170 nos
2485 1131 2701 1186 quoque
2741 1117 2814 1170 ita
2838 1133 2963 1172 eum
3000 1118 3203 1174 nullius
3236 1121 3336 1184 rei,
3360 1120 3463 1174 nisi
3513 1120 3600 1175 sui
3625 1128 3836 1176 tantum

2237 1209 2437 1263 amoris
2462 1208 2811 1264 dilexerinius
2853 1210 3098 1265 obtentu.
3132 1212 3330 1267 Verum
3359 1213 3487 1284 quia
3536 1226 3704 1280 sunt,
3749 1213 3836 1286 qui

2234 1300 2405 1353 verbo
2433 1308 2589 1354 tenus
2620 1300 2787 1355 Deum
2824 1299 3078 1372 diligunt,
3106 1303 3353 1358 consulte
3372 1302 3730 1375 subiungitur
3754 1323 3770 1357 :

2306 1388 2365 1444 Si
2396 1392 2512 1459 quis
2538 1391 2752 1453 dixerit,
2784 1392 3032 1462 quoniam
3080 1392 3242 1463 diligo
3284 1392 3482 1454 Deus,
3536 1403 3652 1449 etc.
3690 1393 3836 1450 Unde

2233 1483 2525 1552 probamus
2542 1484 2686 1553 quod
2713 1481 2943 1538 mendax
2972 1492 3080 1539 est.
3103 1484 3244 1539 Audi
3269 1503 3284 1538 :
3318 1483 3421 1548 Qui
3449 1486 3588 1539 enim
3620 1502 3731 1540 non
3752 1486 3834 1540 di-

2234 1573 2347 1645 iigit
2378 1574 2595 1644 fratrsm
2617 1592 2770 1630 suum
2809 1593 2963 1647 quem
2985 1576 3141 1643 videt,
3170 1577 3341 1630 Deum
3368 1593 3523 1648 quem
3563 1593 3681 1635 non
3702 1578 3834 1631 ridet

2232 1669 2493 1740 quomodo
2520 1678 2686 1739 potest
2709 1669 2969 1740 diligere?
2996 1669 3137 1737 Quid
3160 1671 3326 1741 ergo?
3372 1671 3478 1739 Qui
3506 1671 3699 1741 diligit
3734 1670 3836 1726 fra-

2237 1767 2372 1815 trem
2402 1777 2580 1828 suum,
2612 1762 2782 1833 diligit
2810 1762 3005 1826 Deum,
3033 1778 3258 1819 necesse
3285 1771 3387 1827 est,
3415 1772 3477 1819 ut
3521 1765 3617 1833 qui
3650 1764 3837 1835 diligat

2159 1827 2208 1890 Β
2236 1850 2429 1918 Deum,
2489 1853 2675 1924 diligat
2711 1827 2895 1924 ipsam
2945 1855 3326 1918 dilectionem,
3372 1854 3518 1909 Deus
3539 1827 3723 1909 enim

2235 1943 2395 1999 lectio
2419 1952 2523 2011 est,
2555 1956 2609 2000 et
2638 1960 2709 2001 ne
2742 1946 2865 2016 quis
2893 1945 3076 2002 dicere
3103 1947 3331 2003 auderet
3361 1964 3374 2000 :
3402 1947 3471 2001 Et
3496 1947 3633 2015 quid
3660 1948 3837 2005 obstat

2235 2038 2459 2108 diligere
2490 2038 2682 2106 Deum,
2708 2040 2873 2095 etiam
2904 2039 2951 2096 si
3005 2055 3114 2097 non
3142 2039 3309 2110 diligo
3356 2038 3584 2095 [mtrem
3605 2040 3635 2094 7
3694 2048 3836 2096 recte

2235 2130 2510 2187 subdidit:
2676 2132 2702 2167 ’-
3598 2181 3617 2197 ,

2303 2219 2375 2274 Et
2399 2226 2498 2275 hoc
2534 2222 2842 2277 mandatum
2876 2222 3127 2278 habemus
3174 2241 3209 2279 α
3240 2222 3385 2290 Deo,
3430 2232 3489 2277 ut
3526 2223 3621 2293 qui

2234 2310 2424 2377 Deum,
2449 2312 2635 2385 diligat
2658 2323 2705 2366 et
2730 2313 2948 2382 fratrem
2998 2331 3175 2368 suum.
3220 2314 3504 2381 Quomodo
3521 2315 3677 2369 enim
3716 2313 3835 2369 dii-

2234 2406 2317 2477 gis
2342 2421 2488 2469 eum.
2516 2404 2671 2474 cujus
2694 2408 2856 2461 odisti
2884 2408 3236 2463 mandatum?
3264 2407 3403 2474 Quis
3429 2415 3513 2463 est
3533 2407 3629 2477 qui
3653 2407 3829 2463 dicat:

2233 2496 2406 2569 Diligo
2440 2501 2847 2569 imperatorem,
2876 2500 2972 2556 sed
3006 2501 3094 2555 odi
3129 2501 3274 2571 leges
3296 2499 3450 2568 eius,
3494 2516 3605 2555 non
3636 2500 3725 2554 ita
3758 2506 3833 2554 est

2232 2607 2395 2647 verus
2418 2592 2513 2648 Dei
2542 2604 2775 2658 amator,
2801 2593 2893 2648 sed
2917 2593 3058 2656 vide,
3088 2593 3284 2663 inquit,
3304 2594 3431 2663 quia
3454 2593 3725 2648 uadosa
3744 2603 3832 2647 sas

2234 2685 2420 2750 dilexi,
2448 2684 2692 2751 Domine,
2716 2695 2772 2741 et
2793 2684 2917 2743 ideo
2936 2686 3271 2744 conﬁdenter
3295 2685 3586 2758 adiungit,
3632 2685 3700 2741 In
3742 2694 3831 2740 κ

2232 2780 2600 2837 misericordia
2631 2780 2836 2847 vivi/ica
2868 2796 2950 2834 me
2976 2777 3150 2850 (Psal.
3181 2776 3395 2849 cavus).

2588 2888 2928 2927 BVANGBLHI‘H
2964 2886 3149 2936 LUCB,
3184 2885 3307 2925 car.
3348 2884 3462 2924 ιη.

2310 2981 2330 3017 ι
2364 2962 2539 3019 Homo
2576 2964 2799 3033 quidam
2836 2970 2956 3018 erat
2991 2963 3163 3027 dives,
3186 2961 3280 3031 qui
3323 2959 3657 3016 induebatur
3710 2964 3830 3032 par-

2240 3074 2259 3108 ι
2295 3068 2429 3126 pura
2448 3063 2508 3112 et
2544 3056 2727 3127 bysso.
2760 3055 2829 3110 Et
2852 3056 3180 3125 epulabatur
3228 3053 3475 3123 quotidie
3526 3053 3827 3123 splendidi.

2238 3168 2258 3200 ι
2294 3149 2362 3203 Ει
2394 3156 2517 3203 erat
2556 3148 2777 3217 quidam
2828 3148 3108 3201 mendicus
3152 3147 3373 3201 nomine
3419 3146 3702 3214 Lazarus,
3740 3149 3828 3219 qui

2241 3259 2259 3291 ι
2286 3239 2504 3308 iacebat
2531 3240 2600 3294 ad
2624 3239 2847 3309 ianuam
2872 3236 2986 3305 eius
3014 3237 3289 3293 ulceribus
3323 3238 3518 3308 plenus
3538 3278 3557 3303 ,
3598 3239 3830 3308 cupiens

2237 3350 2256 3384 ε
2286 3333 2520 3388 satin-ari
2554 3333 2622 3387 de
2645 3332 2822 3395 micis,
2844 3346 2965 3399 qua
2993 3332 3259 3386 cadebant
3284 3331 3351 3386 de
3378 3332 3586 3387 mensis
3619 3332 3827 3397 divitis,

2237 3442 2256 3475 ι
2288 3433 2344 3479 et
2378 3439 2536 3479 nemo
2572 3423 2649 3477 illi
2680 3423 2860 3478 dabat.
2915 3420 3021 3477 Sed
3044 3431 3101 3476 et
3127 3438 3292 3479 canes
3311 3424 3613 3479 veniebant
3638 3432 3699 3479 et
3732 3423 3829 3479 lia-

2236 3534 2254 3567 i
2289 3519 2489 3587 geilalll
2517 3517 2696 3571 ulcera
2727 3516 2867 3584 eius.
2890 3516 3117 3571 Factum
3139 3526 3225 3572 est
3243 3524 3449 3582 autem,
3476 3526 3540 3572 It
3582 3531 3829 3572 nome—

2235 3627 2255 3660 ι
2294 3617 2383 3663 tur
2416 3609 2714 3674 mendicus,
2746 3616 2801 3664 et
2846 3617 3055 3679 portari
3070 3617 3157 3663 tur
3200 3610 3273 3664 ab
3296 3610 3506 3680 angelis
3546 3610 3607 3664 in
3646 3609 3829 3664 sinum

2236 3718 2255 3751 ι
2289 3700 2543 3755 Abrahae.
2583 3700 2826 3756 Mortuus
2875 3711 2962 3756 est
2994 3691 3176 3756 autem
3204 3709 3266 3757 et
3292 3702 3464 3766 dives,
3492 3709 3551 3757 et
3580 3700 3830 3771 sepultus

2236 3810 2255 3843 ι
2287 3801 2371 3847 est
2394 3793 2448 3847 in
2473 3793 2703 3849 inferno.
2755 3794 2991 3849 Elevans
3019 3802 3201 3849 autem
3237 3794 3422 3849 oeulos
3448 3809 3580 3848 suos
3600 3808 3729 3848 cum
3750 3806 3831 3848 ea-

2235 3901 2255 3935 (
2288 3892 2371 3939 set
2404 3886 2459 3939 in
2506 3887 2821 3951 tormentis,
2861 3886 2995 3941 vidit
3020 3886 3297 3941 Abraham
3326 3901 3357 3941 a
3384 3887 3545 3957 longe
3570 3894 3628 3941 et
3659 3886 3831 3941 Laza-

2235 3992 2254 4025 ι
2291 3991 2409 4030 rum
2436 3976 2489 4029 in
2516 3977 2636 4030 sinu
2668 3976 2805 4045 eius.
2855 3977 2925 4031 Et
2968 3978 3084 4046 ipse
3127 3976 3372 4032 clamans
3424 3979 3565 4033 dixit
3600 3995 3617 4032 :
3663 3977 3831 4034 Pam

2234 4084 2254 4118 ι
2286 4066 2585 4133 Abraham,
2612 4070 2875 4124 miserere
2912 4070 3039 4134 mei,
3079 4078 3138 4125 et
3160 4071 3315 4125 mitte
3338 4069 3632 4135 Lazarum,
3654 4080 3717 4125 ut
3746 4072 3828 4127 in-

2234 4179 2254 4212 ι
2291 4160 2463 4232 tingat
2502 4170 2806 4218 extremum
2835 4162 2987 4234 digiti
3022 4164 3105 4218 sui
3155 4162 3207 4217 in
3248 4174 3467 4232 aquam,
3495 4171 3558 4217 ut
3598 4164 3829 4235 afﬁge-

2233 4271 2253 4303 ‹
2292 4264 2374 4309 ret
2411 4255 2648 4326 linguam
2671 4268 2846 4311 meam
2874 4296 2889 4322 ,
2950 4257 3076 4325 quia
3107 4257 3322 4311 crucior
3354 4258 3405 4310 in
3432 4256 3535 4313 hac
3579 4256 3822 4313 “animo.

2233 4366 2252 4398 ι
2286 4347 2353 4401 Et
2382 4348 2517 4403 dixit
2545 4348 2621 4403 illi
2650 4350 2927 4404 Abraham
2954 4367 2966 4403 :
2998 4349 3099 4404 Fili
3138 4349 3460 4415 necoMare,
3500 4352 3635 4420 quia
3672 4366 3827 4407 rece-

2233 4459 2252 4492 ‹
2283 4443 2409 4512 pisti
2435 4442 2576 4497 bona
2606 4444 2661 4497 in
2712 4444 2820 4497 vita
2849 4450 2961 4507 tua,
2993 4451 3048 4496 et
3083 4443 3324 4499 Lazarus
3364 4443 3617 4499 similiter
3655 4444 3820 4500 mala.

2231 4552 2249 4584 ι
2286 4534 2437 4590 Nunc
2466 4546 2647 4589 autem
2678 4536 2767 4590 hic
2792 4536 3134 4603 consolatur,
3174 4547 3232 4591 tu
3260 4554 3389 4594 vero
3413 4539 3704 4594 cruciaris.
3755 4538 3824 4595 Et

2230 4647 2248 4680 ι
2288 4629 2341 4683 in
2388 4629 2474 4684 his
2503 4631 2754 4685 omnibus
2804 4629 2947 4683 inter
2987 4645 3086 4685 nos
3117 4639 3171 4686 et
3218 4642 3316 4687 vos
3357 4633 3521 4687 chaos
3562 4648 3824 4701 magnum

2228 4738 2248 4771 ι
2285 4720 2559 4775 ﬁrmatum
2612 4729 2714 4786 est,
2747 4702 2820 4776 ita
2869 4723 3006 4777 uthl
3061 4723 3152 4791 qui
3190 4724 3377 4779 volunt
3411 4725 3541 4780 hinc
3585 4726 3825 4781 transire

2230 4831 2247 4864 i
2282 4813 2350 4867 ad
2386 4828 2480 4867 vos
2502 4828 2607 4867 non
2639 4814 2883 4882 possint,
2938 4829 3114 4883 neque
3139 4815 3263 4871 inde
3295 4816 3399 4871 huc
3453 4825 3819 4876 transmeare.

2228 4922 2248 4955 ‹
2285 4903 2352 4957 Et
2378 4904 2489 4956 ait:
2524 4903 2672 4973 Rogo
2694 4920 2824 4975 ergo
2851 4914 2924 4969 te,
2958 4914 3133 4976 pater,
3165 4914 3224 4961 ut
3263 4908 3450 4963 mittas
3477 4924 3602 4965 eum
3628 4910 3686 4965 in
3727 4911 3823 4969 do-

2229 5014 2248 5046 ι
2286 5010 2434 5050 mum
2458 4998 2629 5066 patris
2661 4998 2785 5053 mei.
2823 4997 3008 5053 Habeo
3040 4998 3183 5053 enim
3213 5001 3451 5070 quinque
3480 5000 3679 5059 D‘atres
3702 5045 3718 5070 ,
3759 5010 3823 5061 ut

2228 5106 2247 5140 ι
2282 5097 2515 5143 testatur
2537 5089 2663 5154 illis,
2691 5104 2759 5145 ne
2786 5100 2839 5145 et
2867 5090 2969 5160 ipsi
3007 5091 3225 5145 veniant
3250 5091 3303 5145 in
3332 5091 3507 5148 locum
3531 5094 3679 5150 hunc
3711 5104 3823 5151 tor-

2227 5200 2246 5233 (
2277 5192 2601 5237 mentorum.
2643 5180 2710 5236 Et
2745 5184 2821 5237 ait
2852 5182 2925 5237 illi
2949 5181 3228 5237 Abraham
3255 5203 3267 5237 :
3296 5183 3510 5240 Habent
3548 5184 3735 5243 Mosen
3765 5196 3823 5243 et

2224 5295 2245 5328 ι
2277 5278 2570 5347 pmpbetas
2608 5294 2621 5330 :
2653 5275 2873 5330 audiant
2905 5274 3043 5330 illos.
3074 5272 3142 5331 At
3174 5274 3261 5331 ille
3299 5275 3470 5331 dixit:
3501 5276 3621 5333 Non
3661 5288 3823 5351 pater

2225 5387 2243 5420 ι
2278 5367 2571 5432 Abraham,
2602 5367 2693 5422 sed
2726 5367 2771 5421 si
2804 5368 2927 5437 quis
2949 5382 3011 5422 ex
3038 5369 3269 5424 mortuis
3304 5368 3427 5424 ierit
3447 5370 3517 5426 ad
3555 5378 3673 5437 eos,
3704 5384 3821 5442 po:-

2230 5479 2249 5512 ι
2284 5460 2567 5514 nitentium
2599 5467 2777 5531 agent.
2809 5460 2901 5514 Ait
2928 5468 3109 5516 autem
3161 5461 3237 5517 illi
3264 5481 3277 5517 :
3319 5462 3376 5517 Si
3409 5462 3590 5519 Mosen
3611 5473 3669 5519 et
3694 5477 3819 5535 pro-

2231 5572 2250 5605 i
2285 5554 2477 5623 phetas
2515 5569 2621 5608 non
2658 5553 2904 5620 audiunt,
2930 5569 3107 5626 neque
3134 5553 3181 5610 si
3209 5557 3334 5627 quis
3362 5571 3430 5612 ex
3457 5557 3694 5614 mortuis
3726 5568 3819 5615 re-

2232 5664 2251 5697 ι
2281 5647 2600 5710 surrexerit,
2626 5647 2869 5703 credent.
2909 5668 2927 5700 ι

2296 5737 2468 5793 Homo
2517 5739 2731 5811 quidam
2760 5748 2872 5794 erat
2918 5740 3081 5807 dives,
3127 5750 3230 5797 etc.
3262 5738 3363 5812 (Ex
3386 5740 3579 5813 Beda.)
3607 5740 3811 5815 Purpu-

2220 5848 2340 5894 ram
2387 5833 2523 5904 regii
2560 5831 2777 5890 habitus
2805 5848 2927 5890 esse
2958 5831 3197 5892 colorem
3239 5815 3468 5893 mai'inis
3507 5849 3539 5894 e
3576 5836 3811 5909 conchy-
