4030 6460
994 471 1514 532 COLLECTIONES
1542 470 1619 530 lN
1654 468 2035 537 EPlSTOLAS
2074 469 2163 526 ET
2200 466 2612 525 EVANGELIA.

3330 465 3440 527 350

172 587 272 657 lh's
306 586 563 653 tinctam,
582 597 748 642 nemo
770 583 885 651 (ore
926 591 1021 640 est
1052 584 1149 653 qui
1174 584 1405 643 dubitet.
1446 581 1583 640 Nam
1625 597 1759 638 con-
1784 584 1839 657 Α
1859 588 1985 637 ante
2012 577 2130 650 ejus
2154 577 2376 648 januam
2424 594 2531 634 non
2560 575 2845 645 iacuisset,
2875 574 2920 633 si
2950 583 3189 635 remotus
3222 576 3443 649 fuisset,

175 679 361 753 cbylia
390 678 538 735 ferro
592 675 911 734 circumcisa
937 676 1207 748 lacrymas
1252 675 1506 747 μυεῖ)ωεὶ
1564 673 1763 730 coloris

175 770 383 843 quibus
426 769 549 823 lana
594 768 832 840 tingatur
879 768 1149 822 emittunt.
1180 767 1403 839 Byssum
1439 778 1568 820 vero
1594 779 1764 835 genus

178 872 274 920 est
295 860 565 934 quoddam
586 857 706 925 lini,
730 858 958 919 nimium
972 856 1194 914 candidi
1218 866 1273 916 et
1286 854 1609 919 molliSSimi,
1622 852 1766 925 quid

179 954 363 1013 Graeci
398 955 647 1015 mitto»
678 960 891 1007 vocant.
940 950 1308 1007 Admonuerat
1332 962 1461 1021 ergo
1508 942 1767 1003 Dominus

181 1061 349 1120 supra
374 1045 552 1103 facere
564 1043 767 1100 amicos
792 1043 1180 1101 demammona
1194 1037 1513 1119 iniquitatis,
1528 1034 1618 1111 qui
1642 1048 1768 1091 cum

182 1137 259 1195 ab
284 1134 513 1192 bacvita
536 1131 912 1195 defecerimus,
942 1129 1207 1198 recipiant
1232 1144 1330 1185 nos
1362 1127 1424 1183 .in
1463 1134 1663 1183 aeterna
1689 1128 1769 1177 ta-

182 1223 673 1301 banaculazquod
707 1221 988 1279 audientes
1011 1218 1268 1277 Pbariszri
1300 1214 1635 1274 deridebant.
1665 1208 1771 1266 Ve-

185 1334 312 1377 rum
343 1318 432 1373 ille
450 1333 576 1393 quae
600 1323 973 1387 proposuerat,
1004 1312 1267 1385 exemplis
1304 1319 1554 1365 astruens
1588 1314 1772 1393 ostenf

186 1407 293 1473 dit,
326 1406 448 1463 ideo
473 1405 692 1469 divith
730 1412 1090 1479 purpuratum
1124 1397 1587 1457 irremediabilitei
1627 1392 1769 1465 apud

185 1496 397 1552 inferos
433 1504 653 1559 tortum,
680 1495 808 1564 quia
840 1507 1137 1564 pauperem
1172 1491 1441 1547 Lazarum
1488 1502 1521 1542 a
1569 1500 1676 1555 quo
1714 1482 1769 1543 in

187 1586 320 1640 vitm
349 1583 688 1643 tabernacula
726 1584 892 1653 recipi
921 1590 1129 1654 posset,
1156 1582 1391 1637 amicum
1426 1576 1529 1637 sibi
1586 1573 1771 1635 facere

190 1678 524 1751 neglexerat.
549 1676 804 1735 Nonnulli
822 1661 1009 1733 autem
1056 1681 1247 1747 putant
1269 1677 1532 1742 prlecepta
1558 1666 1770 1724 Veteris

190 1766 526 1827 Testamenti
552 1767 881 1841 districtiora
909 1780 1028 1822 esse
1052 1780 1214 1835 quam
1260 1762 1414 1819 Novi.
1445 1761 1552 1821 Sed
1596 1759 1652 1815 bi
1682 1759 1769 1813 ni-

190 1858 391 1915 mirum
443 1857 739 1926 improvida
779 1855 1214 1929 consideratione
1247 1854 1527 1911 falluntur.
1569 1849 1628 1905 ln
1680 1848 1771 1903 illo

1865 672 1910 727 si
1932 671 2053 742 ejus
2076 668 2257 740 inopia
2282 684 2389 724 non
2412 676 2561 725 esset
2586 669 2704 738 ejus
2746 667 2919 723 oculis
2942 668 3268 737 importuna.
3300 667 3444 727 Rur-
3544 710 3551 717 -

1865 777 1957 821 sus
1974 761 2024 817 si
2050 759 2213 831 longe
2252 768 2397 817 esset
2424 760 2575 816 dives
2595 761 2664 814 ab
2687 760 2857 817 oculis
2884 759 3118 817 uleerosi
3158 760 3440 832 pauperis,

1864 855 2127 919 minorem
2145 853 2450 911 tollerasset
2460 854 2814 911 tentationem
2825 869 3035 924 pauper
3056 856 3112 912 in
3127 854 3329 920 animo,
3350 853 3447 913 sed

1867 945 1993 1000 dum
2022 961 2247 1016 egenum
2264 955 2320 1001 et
2338 945 2641 1001 ulceratum
2675 952 2799 1000 ante
2822 943 3042 1013 ianuam
3068 946 3329 1003 divitiset
3355 944 3446 999 de-

1866 1037 2012 1094 liciis
2043 1037 2349 1093 allluentem
2384 1038 2586 1106 posuit.
2616 1037 2671 1092 in
2707 1054 2814 1095 una
2860 1038 3163 1106 eademque
3191 1054 3271 1103 re,
3295 1044 3351 1093 et
3380 1051 3448 1090 ex

1865 1126 2075 1185 visione
2124 1128 2377 1197 pauperis
2435 1143 2542 1185 non
2594 1128 2919 1192 miserentis,
2962 1127 3114 1191 diviti
3171 1127 3448 1185 amasium

1870 1218 2234 1277 damnationis
2282 1219 2490 1286 intulit,
2541 1228 2599 1275 et
2646 1235 2864 1276 rursum
2910 1234 2980 1275 ex
3024 1218 3232 1275 visione
3268 1218 3450 1281 divitis

1869 1315 2134 1365 tentatum
2172 1310 2414 1379 quotidie
2440 1309 3030 1381 pauperemprobavit,
3060 1309 3151 1363 cui
3170 1318 3322 1365 certe
3349 1323 3450 1378 po.

1871 1404 2015 1455 terat
2038 1399 2108 1454 ad
2136 1412 2351 1469 pinnam
2395 1397 2638 1455 subicere
2666 1408 2976 1470 paupertas,
3009 1399 3172 1455 etiam
3213 1399 3257 1457 si
3284 1410 3452 1457 eam

1871 1488 2080 1545 fuisset.
2112 1488 2347 1545 Rursum
2377 1490 2678 1547 suffecisset
2698 1492 2981 1561 aegritudo,
3007 1490 3173 1547 etiam
3196 1489 3248 1547 si
3273 1487 3455 1545 subsi-

1871 1582 2019 1639 dium
2046 1582 2281 1638 adesset.
2321 1582 2426 1638 Sed
2469 1591 2529 1639 ut
2567 1583 2889 1652 probaretur
2941 1582 3172 1652 amplius
3224 1594 3450 1651 pauper,

1872 1672 2029 1744 simul
2062 1674 2204 1731 hunc
2232 1682 2286 1729 et
2308 1685 2598 1743 paupertas
2616 1683 2677 1733 et
2700 1674 2967 1745 agritudo
2996 1675 3270 1739 labefecit,
3288 1683 3455 1744 latque

1871 1764 2093 1833 insuper
2113 1763 2331 1822 videbat
2357 1762 2736 1834 procedentem
2770 1764 2992 1823 divitem
3040 1764 3230 1823 cuneis
3270 1762 3455 1822 {taciti

1872 1854 2312 1923 obsequentibus,
2350 1862 2404 1908 et
2446 1866 2504 1911 se
2534 1853 2588 1909 in
2615 1853 2930 1911 inﬁrmitate
2962 1854 3223 1924 etincpia
3244 1870 3280 1911 ιι
3302 1854 3456 1911 nullo

191 1947 337 2004 enim
368 1962 480 2005 non
516 1947 754 2012 tenacia,
779 1948 875 2007 sed
910 1948 1096 2019 rapina
1136 1946 1420 2009 multatur,
1452 1943 1525 1999 ibi
1558 1958 1647 1999 res
1688 1942 1773 1998 in—
1799 1951 1848 2016 Β
1873 1942 2104 1999 visitari.
2132 1942 2268 1998 Nam
2313 1943 2442 2013 quia
2471 1944 2711 2007 nemoei
2749 1945 2817 2003 ad
2867 1944 3194 2003 visitandum
3243 1946 3455 2011 aderat,

182 2036 333 2108 justo
358 2036 563 2094 sublata
600 2038 943 2097 restitutione
969 2036 1252 2109 quadrupli
1279 2037 1522 2107 punitur.
1555 2032 1655 2088 Hic
1684 2048 1775 2087 au.-

194 2134 306 2182 tem
343 2126 494 2182 dives
521 2127 642 2195 iste,
668 2143 776 2185 non
802 2126 1091 2185 abstulisse
1110 2126 1289 2183 aliena
1336 2122 1772 2195 reprehenditur,

193 2216 290 2275 sed
314 2217 536 2289 propria
559 2232 665 2275 non
689 2217 901 2277 dedisse
926 2234 942 2283 ;
987 2231 1088 2273 nec
1119 2215 1319 2273 dicitur
1344 2214 1468 2283 quia
1494 2212 1547 2267 vi
1589 2225 1778 2281 quem-

187 2306 339 2378 piam
368 2307 655 2377 oppressit,
676 2308 772 2369 sed
806 2307 933 2379 quia
972 2307 1026 2362 in
1060 2306 1298 2383 acceptis
1344 2303 1509 2365 rebus
1538 2317 1597 2357 se
1624 2309 1779 2357 extu—

188 2394 275 2454 lit.
310 2397 449 2455 Hinc
463 2413 615 2467 ergo,
644 2398 772 2457 hinc
799 2412 1143 2468 summopere
1162 2395 1521 2466 colligendum
1546 2401 1648 2458 est,
1674 2409 1780 2462 qua

183 2499 355 2557 ptrue
382 2485 690 2551 multandus
740 2486 841 2553 sit,
878 2487 973 2559 qui
1002 2486 1175 2541 aliena
1223 2484 1436 2553 diripit,
1482 2482 1528 2541 si
1583 2481 1781 2538 inferni

188 2579 549 2637 damnatione
574 2580 908 2651 percutitur,
941 2579 1035 2649 qui
1057 2577 1272 2649 propria
1299 2593 1409 2631 non
1442 2574 1688 2647 largitur.
1714 2574 1783 2635 Et

191 2677 326 2726 sunt
346 2669 587 2729 nonnulli
629 2672 721 2741 qui
753 2670 956 2727 cultum
987 2670 1266 2725 subtilium
1315 2670 1783 2739 pretiosarumque

192 2759 430 2819 vestium
462 2776 565 2819 non
588 2768 784 2831 putant
831 2776 949 2821 esse
978 2769 1281 2831 peccatum.
1329 2758 1480 2828 Quod
1508 2759 1552 2829 si
1595 2758 1782 2815 videli-

193 2861 290 2912 cet
313 2852 465 2924 culpa
489 2868 593 2913 non
615 2859 780 2920 esset,
807 2867 1147 2922 nequaquam
1178 2865 1356 2906 sermo
1396 2849 1491 2907 Dei
1512 2857 1621 2907 tam
1645 2848 1782 2920 vigi—

112 2950 119 2953 '
195 2946 376 3009 linter
395 2945 741 3016 exprimeret,
763 2945 907 3015 quod
933 2945 1083 3000 dives
1104 2944 1195 3015 qui
1220 2950 1502 3011 torquetur
1530 2940 1671 3012 apud
1696 2939 1783 2995 in-

195 3034 364 3101 terea,
398 3036 562 3109 bysso
580 3043 638 3091 et
663 3051 897 3107 purpura
924 3035 1145 3093 indutus
1166 3032 1379 3099 fuisset,
1404 3047 1564 3091 nemo
1586 3030 1785 3102 quippe

197 3127 522 3187 vestimenta
542 3126 951 3197 pracipuamisi
979 3125 1047 3183 ad
1076 3125 1291 3180 inanem
1314 3123 1540 3195 gloriam
1568 3121 1780 3194 qumrit.

197 3216 460 3279 Videlicet
483 3225 544 3272 ut
561 3216 932 3275 honorabilior
957 3214 1167 3273 czeteris
1190 3229 1310 3270 esse
1331 3214 1604 3277 videatur,
1620 3224 1785 3281 quam

1877 2042 2147 2091 testantur
2169 2050 2348 2099 canes.
2390 2036 2485 2104 qui
2510 2035 2742 2095 licente
2779 2035 3006 2093 vulnera
3040 2035 3338 2106 litigabunt.
3369 2035 3455 2097 Et

1873 2143 1979 2185 una
2001 2143 2129 2198 ergo
2154 2142 2235 2193 re,
2265 2127 2609 2198 omnipotens
2634 2128 2799 2193 Deus,
2828 2126 2936 2187 duo
2955 2126 3158 2195 iudicia
3184 2126 3453 2191 exhibuit,

1878 2220 2002 2276 dum
2030 2219 2298 2274 Lazarum
2327 2234 2622 2289 pauperem
2648 2227 2775 2274 ante
2806 2219 3031 2289 ianuam
3061 2217 3247 2277 divitis
3273 2216 3459 2287 iacere

1877 2308 2142 2377 permisit,
2175 2316 2234 2362 ut
2262 2316 2319 2363 et
2344 2308 2496 2365 dives
2518 2308 2738 2379 impius,
2760 2308 3127 2369 damnationis
3161 2306 3268 2365 sibi
3288 2320 3459 2376 augeo

1880 2404 1964 2453 ret
1984 2397 2271 2452 ultionem.

1953 2485 2177 2543 Factum
2215 2496 2292 2541 est
2312 2495 2489 2541 autem
2512 2495 2572 2540 at
2592 2493 2887 2554 moreretur
2914 2484 3210 2549 mendicus,
3239 2493 3291 2543 et
3329 2498 3458 2555 por-

1867 2587 2083 2652 ,ταγείαν
2127 2579 2192 2633 ab
2229 2577 2428 2649 angelis
2457 2578 2512 2631 in
2561 2577 2734 2634 sinant
2785 2576 3032 2633 Λύκιε.
3092 2576 3337 2634 Μαι-ιω
3380 2584 3461 2635 ut

1882 2677 2059 2727 autem
2094 2678 2144 2723 ct
2178 2668 2337 2731 dives,
2388 2678 2435 2722 et
2465 2666 2701 2737 sepultus
2739 2677 2815 2723 est
2848 2668 2905 2722 in
2932 2667 3159 2737 inferno.
3200 2667 3303 2740 (Ex
3350 2668 3465 2725 Amo

1881 2757 2051 2831 gust.)
2102 2758 2265 2815 Sinus
2288 2759 2523 2817 Abrahae
2551 2760 2765 2831 requies
2794 2768 2882 2819 est
2932 2760 3218 2817 beatorum
3250 2776 3461 2831 paupe-

1882 2863 2027 2913 rum,
2057 2862 2289 2917 quorum
2321 2854 2407 2902 est
2442 2862 2670 2917 regnum
2704 2847 2986 2912 calorum,
3039 2863 3146 2918 quo
3168 2857 3292 2919 post
3316 2850 3459 2906 hanc

1881 2941 2046 2996 vitam
2095 2940 2452 3011 recipiuntur.
2481 2938 2765 3010 Sepultum
2794 2939 2992 2999 inferni
3017 2954 3302 3008 ptnnarum
3328 2956 3461 3010 pm-

1881 3027 2142 3096 funditas,
2180 3046 2302 3100 quae
2325 3029 2588 3102 superbos
2604 3038 2663 3085 et
2695 3029 3151 3092 immisetioordes
3172 3036 3297 3101 post
3316 3029 3463 3089 bane

1881 3122 2048 3179 vitam
2079 3123 2323 3179 devorat.
2914 3146 2917 3151 ·

1954 3216 2180 3272 Elevans
2206 3226 2379 3271 autent
2411 3213 2589 3270 oculos
2615 3231 2738 3275 suos
2777 3230 2899 3275 cunt
2927 3222 3061 3271 me:
3084 3214 3142 3271 in
3162 3213 3460 3280 tumulis.

197 3306 410 3379 culpam
430 3320 726 3379 possumus
754 3305 947 3367 melius
975 3304 1139 3361 etiam
1165 3318 1234 3361 ex
1261 3303 1474 3359 diverso
1502 3300 1773 3371 colligere,
1802 3292 1850 3365 ε
1879 3309 2007 3364 uidit
2040 3308 2304 3375 Abraham
2343 3325 2377 3361 a
2413 3306 2582 3377 longe,
2618 3315 2672 3360 at
2702 3304 2967 3361 Locorum
2991 3305 3047 3359 in
3075 3305 3194 3358 sinu
3236 3303 3375 3373 ejus,
3414 3310 3463 3356 et

196 3400 326 3475 quia
350 3399 398 3455 si
436 3396 667 3467 ahjectio
710 3397 833 3455 vilis
883 3394 1182 3457 indumenti
1219 3394 1392 3449 virtus
1448 3407 1556 3451 non
1602 3397 1773 3456 esset,

196 3478 541 3563 Evangelista
555 3490 620 3553 de
636 3488 844 3555 Joanne
868 3505 976 3545 non
1004 3488 1209 3549 diceret
1225 3502 1239 3541 :
1256 3486 1389 3542 Erat
1413 3485 1630 3541 indutus
1656 3482 1781 3555 pilis

197 3579 548 3649 antelatum.
584 3579 690 3641 Sed
722 3581 1018 3639 notandum
1059 3579 1213 3645 nobis
1236 3590 1563 3648 magnopere
1586 3583 1701 3643 est,
1722 3574 1782 3635 ia

196 3685 297 3731 ore
317 3671 558 3729 veritatis
585 3671 650 3731 de
670 3671 905 3745 superbo
925 3671 1107 3734 divite,
1124 3677 1179 3726 et
1207 3669 1273 3727 de
1303 3667 1493 3724 humili
1516 3679 1777 3739 paupere,

197 3770 435 3835 quantus
485 3761 559 3819 sit
608 3762 746 3821 .urdo
781 3761 1125 3831 narrationis.
1185 3759 1325 3815 Ecce
1362 3757 1507 3814 enim
1542 3757 1778 3815 dicitur:

200 3851 377 3915 HW
397 3853 611 3927 quidam
638 3862 748 3913 erat
775 3854 935 3921 dicer.
968 3852 1034 3911 Et
1048 3851 1301 3923 protinus
1323 3849 1576 3907 subditur
1598 3865 1613 3902 :

271 3943 342 4003 Et
369 3955 482 4003 erat
519 3944 733 4015 quidam
764 3944 1056 4008 mendicus,
1100 3944 1307 3999 nomine
1334 3940 1592 3998 Lazarus.
1621 3937 1782 3996 Certe

198 4036 256 4093 in
287 4035 483 4111 pupulo
526 4035 703 4097 solent
737 4036 955 4095 nomina
1001 4036 1222 4093 divitum
1251 4033 1372 4105 plus
1400 4049 1560 4105 quam
1584 4048 1786 4104 paupe-

198 4144 323 4185 rum
352 4128 498 4185 sciri.
525 4128 666 4197 Quid
692 4136 778 4186 est
815 4143 967 4197 ergo,
989 4129 1131 4197 quod
1154 4126 1413 4189 Dominus
1436 4127 1505 4182 de
1546 4138 1783 4198 paupere

198 4228 255 4276 et
284 4218 449 4277 divite
487 4219 710 4279 verbum
758 4216 988 4284 faciens,
1040 4231 1237 4275 nomen
1263 4216 1515 4286 pauperis
1545 4216 1695 4281 dicit,
1726 4222 1783 4277 et

197 4328 402 4371 nomen
445 4311 629 4369 divitis
674 4326 785 4371 non
839 4308 993 4375 dicit,
1049 4309 1152 4367 nisi
1200 4309 1343 4378 quod
1385 4306 1525 4367 Deus
1550 4305 1785 4365 humiles

196 4402 375 4469 novit,
403 4410 564 4474 atque
597 4400 877 4477 approbat,
902 4407 957 4454 et
990 4399 1251 4470 superbos
1279 4399 1509 4469 ignorat.
1543 4398 1697 4455 Unde
1726 4403 1785 4457 et

199 4493 524 4565 quibusdam
563 4492 629 4549 de
672 4490 1056 4553 miraculorum
1088 4489 1285 4545 virtute
1324 4488 1783 4559 superbientibus,

200 4587 259 4643 in
305 4586 412 4641 line
457 4587 697 4645 dicturus
725 4593 809 4649 est
848 4600 865 4640 :
894 4584 1084 4643 Nescio
1126 4601 1213 4639 vos
1244 4583 1380 4639 unde
1416 4583 1530 4638 sitis
1559 4581 1773 4655 (Matth.

200 4675 325 4748 vn).
363 4674 630 4737 Discedite
659 4691 689 4729 a
715 4691 820 4742 me,
847 4690 1035 4739 omnes
1074 4675 1308 4744 operarii
1354 4674 1675 4743 iniquitatis.
1705 4672 1779 4733 At

201 4775 397 4824 contra
424 4765 559 4823 Mosi
588 4767 788 4822 dicitur
819 4783 831 4819 :
868 4766 1005 4821 Novi
1030 4775 1078 4820 te
1102 4782 1173 4823 ,επ
1205 4764 1411 4821 nomine
1443 4763 1639 4835 (Exod.
1668 4766 1779 4838 tu).

201 4854 295 4914 Ait
318 4871 447 4930 ergo
467 4858 534 4914 de
563 4858 728 4913 divite
753 4876 766 4911 :
793 4855 965 4921 Homo
984 4856 1232 4929 quidam;
1254 4857 1322 4911 de
1344 4870 1583 4927 paupere
1606 4872 1620 4909 :
1647 4856 1784 4927 Ege-

202 4966 305 5005 nas
342 4950 549 5005 nomine
594 4946 833 5006 Lazarus
852 4967 873 5016 ;
905 4964 971 5009 ac
998 4949 1044 5005 si
1072 4956 1256 5018 aperte
1283 4949 1447 5017 dicit,
1491 4936 1778 5020 pauperem

204 5039 466 5096 humilem
488 5041 620 5105 scio,
647 5042 936 5112 superbum
965 5041 1185 5098 divitem
1207 5040 1586 5113 nescio.rlllum
1608 5038 1786 5109 cogni«

205 5138 324 5186 tum
361 5145 462 5201 per
487 5130 931 5202 approbationem
964 5131 1161 5201 habeo,
1208 5131 1355 5191 hunc
1388 5145 1490 5209 per
1516 5130 1783 5203 judicium

204 5222 607 5294 reprobationis
632 5225 840 5296 ignoro.

280 5313 388 5384 Qui
425 5315 638 5385 jacebat
690 5316 759 5371 ad
801 5316 1031 5388 januam
1074 5316 1210 5388 ejus,
1264 5315 1527 5373 ulceribus
1577 5315 1783 5388 ριεκαε,

205 5405 425 5478 cupiens
453 5407 685 5461 saturari
730 5405 796 5461 de
836 5407 1007 5473 micis,
1057 5423 1175 5478 qua:
1225 5407 1481 5462 cadebant
1510 5408 1574 5462 dc
1604 5424 1786 5465 mense

204 5496 411 5567 divitis,
440 5498 532 5555 sed
581 5506 631 5554 et
679 5514 833 5555 canet
879 5497 1144 5555 ueniebant
1176 5506 1225 5554 et
1272 5498 1537 5572 ﬁngebant
1569 5499 1786 5561 uulnera

206 5597 348 5669 ejus.
394 5594 591 5653 Plenus
617 5595 892 5653 ulceribus
927 5594 1209 5651 mendicus
1247 5594 1505 5660 Lazarus,
1540 5602 1663 5650 ante
1701 5593 1789 5650 Ja-

208 5704 375 5747 nuam
413 5688 598 5745 divitis
635 5688 806 5759 jacet,
842 5703 950 5760 qua
997 5686 1065 5742 de
1101 5702 1160 5742 re
1208 5702 1338 5753 una,
1390 5687 1651 5744 Dominus
1685 5688 1792 5744 duo

200 5778 413 5859 judicia
448 5780 703 5853 explevit.
753 5779 1044 5837 [inbuisset
1088 5777 1234 5839 enim
1281 5778 1514 5837 fortasse
1558 5781 1792 5852 aliquam

207 5874 624 5947 mmmam
650 5874 825 5961 dives,
841 5875 902 5961 pi
1183 5888 1390 5969 pauper
1409 5881 1467 5934 et
1490 5875 1788 5949 ulcerosum

1878 3402 1987 3472 ipse
2016 3399 2259 3456 clamans
2279 3398 2415 3453 dixit
2444 3413 2462 3451 :
2485 3394 2648 3451 Peter
2675 3395 2964 3459 Abraham,
2992 3395 3238 3451 miserm
3277 3391 3382 3448 mei
3409 3399 3462 3449 et

1878 3491 2023 3547 mitte
2072 3488 2359 3551 Lazarum,
2394 3495 2453 3541 ut
2493 3486 2718 3556 intian
2774 3495 3065 3541 carentum
3093 3483 3243 3555 digiti
3284 3483 3368 3539 uti
3405 3482 3464 3542 in

1880 3598 2071 3653 quam
2092 3589 2149 3635 et
2179 3579 2449 3652 refrigeret
2493 3570 2730 3648 linguam
2770 3593 2962 3645 meum,
2990 3576 3117 3647 quia
3155 3574 3364 3631 crucior
3400 3574 3465 3631 in

1879 3672 1978 3729 hac
2002 3672 2242 3741 ﬂamma.
2265 3669 2310 3727 0
2331 3676 2535 3740 quanta
2552 3675 2637 3725 est
2656 3667 2968 3733 sublimitas
2978 3665 3306 3736 iudiciorum
3324 3664 3455 3721 Boil

1879 3779 1914 3822 ο
1942 3779 2102 3835 quam
2144 3763 2392 3820 districte
2415 3763 2594 3834 agitur
2625 3763 2886 3823 bonorum
2913 3770 3132 3819 actuum
3166 3757 3465 3817 malorum-

1880 3871 1985 3927 que
2022 3856 2348 3919 retributiol
2390 3853 2558 3911 Certe
2582 3853 2851 3924 “superius
2879 3853 3083 3913 dictum
3104 3860 3215 3918 est,
3244 3851 3371 3922 quia
3407 3850 3465 3906 ia

1879 3947 1982 4005 hac
2019 3948 2132 4003 vita
2166 3946 2407 4002 Lazarus
2453 3946 2709 4002 cadentes
2753 3945 2926 4003 micas
2952 3945 3019 4001 de
3047 3957 3238 3999 mensa
3281 3941 3467 3999 divitia

1880 4040 2176 4112 quaerebat,
2208 4046 2263 4094 et
2308 4053 2467 4095 nemo
2505 4037 2583 4093 illi
2612 4038 2793 4093 dabat.
2819 4036 2973 4093 Nune
2992 4038 3065 4092 de
3080 4034 3350 4105 supplicio
3378 4034 3481 4089 ὁὶ·-

1881 4133 2007 4188 vitis
2035 4132 2252 4197 dicitur,
2283 4132 2409 4202 quia
2431 4131 2499 4187 de
2519 4139 2763 4186 extremo
2794 4129 2960 4199 digito
2986 4127 3181 4183 Lauri
3211 4124 3467 4182 distillari

1882 4244 2075 4298 aquam
2110 4227 2165 4283 in
2209 4243 2304 4283 ore
2327 4242 2425 4283 suo
2450 4226 2807 4295 concupiscit.
2836 4224 2943 4292 Qui
2966 4240 3096 4295 ergo
3127 4238 3331 4279 nienses
3354 4235 3468 4278 sua

1880 4318 1966 4377 vel
1994 4318 2227 4374 minima
2274 4317 2405 4375 dare
2443 4316 2637 4381 uoluit,
2672 4316 2726 4371 in
2771 4314 2985 4379 inferne
3028 4315 3258 4385 positis,
3291 4326 3466 4383 usque

1881 4406 1949 4462 ad
1966 4406 2189 4461 minima
2219 4405 2508 4476 qnmrenda
2532 4405 2808 4476 pervenit.
2843 4403 2949 4465 Sed
2980 4404 3277 4461 notandum
3309 4403 3468 4459 τωο

1880 4505 1990 4563 est,
2032 4497 2162 4569 quid
2202 4497 2274 4555 sit
2324 4495 2468 4568 quod
2502 4497 2661 4553 dives
2700 4497 2757 4553 in
2794 4497 2917 4567 igne
2964 4495 3192 4567 positus,
3228 4496 3468 4566 linguam

1885 4605 2040 4647 suam
2067 4588 2377 4660 refrigerari
2410 4589 2564 4659 petit.
2610 4588 2724 4643 llos
2748 4588 2945 4659 quippe
2971 4597 3054 4645 est
3072 4589 3215 4645 sacri
3243 4586 3466 4657 eloquii,

1882 4689 1945 4736 ut
1976 4678 2269 4749 aliquando
2310 4678 2460 4734 aliud
2500 4679 2670 4745 dicat,
2711 4678 2804 4737 sed
2828 4694 2897 4735 ex
2927 4679 3118 4737 βοὰ)-
3148 4680 3293 4737 dioto
3321 4677 3469 4739 aliud

1884 4775 2094 4833 innuat.
2123 4772 2385 4843 Superius
2411 4779 2594 4827 autem
2624 4773 2768 4831 hune
2796 4774 3087 4843 superbum
3110 4773 3333 4828 divitem
3363 4773 3470 4827 Do.

1884 4864 2066 4921 minus
2092 4880 2197 4921 non
2220 4862 2543 4933 loquacitate
2575 4870 2880 4929 vacantem,
2906 4864 3144 4929 dixerat,
3166 4865 3261 4921 sed
3281 4880 3469 4935 supero

1882 4954 1988 5013 ﬂue
2014 4955 2409 5012 convivantem.
2451 4954 2639 5025 Neque
2664 4957 2807 5013 hunc
2835 4958 2905 5014 de
2932 4958 3259 5029 loquacitate
3280 4972 3467 5014 πει-ηδ

1881 5047 1982 5113 vit,
2012 5047 2107 5105 sed
2153 5062 2276 5104 cum
2312 5046 2551 5102 elatione
2586 5055 2643 5103 et
2679 5049 2890 5104 tenacia
2932 5048 2999 5104 de
3028 5049 3295 5105 edacitate
3344 5063 3470 5119 peo-

1886 5151 2060 5192 casse.
2110 5135 2218 5192 Sed
2259 5137 2385 5206 quia
2434 5135 2710 5192 abundare
2764 5138 2821 5193 in
2866 5138 3131 5195 conviviis
3170 5138 3469 5207 loquacitas

1888 5227 2057 5288 solet,
2096 5227 2143 5283 is
2185 5226 2277 5298 qui
2316 5227 2407 5282 hic
2447 5226 2587 5281 male
2611 5228 2930 5285 convivatus
2955 5228 3179 5292 dicitur,
3209 5226 3347 5294 apud
3378 5226 3466 5279 ἰη-

1889 5318 2033 5375 feros
2055 5317 2275 5390 gravius
2302 5317 2356 5373 in
2384 5316 2568 5388 lingua
2597 5316 2789 5379 ardere
2831 5317 3165 5390 perhibetur.
3208 5314 3314 5369 Sed
3339 5329 3464 5371 cum

1889 5410 2041 5484 gravi
2082 5410 2238 5467 valde
2278 5425 2477 5480 pavore
2504 5412 2839 5480 pensandum
2873 5419 2979 5474 est,
3018 5408 3165 5479 quod
3194 5406 3462 5477 sequitur.

1962 5504 2032 5559 Et
2060 5503 2190 5558 dixit
2231 5502 2309 5557 illi
2353 5502 2619 5557 Abraham
2645 5518 2664 5556 :
2701 5501 2830 5567 Fili,
2859 5500 3151 5563 recordare,
3183 5497 3306 5572 quia
3326 5514 3469 5555 me.

1888 5598 2011 5670 pisti
2030 5598 2166 5653 bona
2193 5597 2247 5651 in
2277 5597 2379 5652 rita
2411 5605 2525 5660 tua,
2545 5605 2596 5650 et
2617 5594 2859 5650 Lazarus
2878 5591 3119 5648 similiter
3134 5590 3298 5657 mala,
3329 5604 3468 5648 tunc

1891 5701 2065 5745 autem
2118 5689 2202 5743 hic
2245 5684 2567 5751 consolatur,
2610 5695 2667 5738 tu
2714 5700 2833 5739 vero
2859 5680 3468 5738 cruciaris.th

1892 5798 2014 5841 cum
2043 5781 2238 5839 dicitur
2267 5797 2281 5834 :
2313 5775 2567 5847 Recepisti
2597 5774 2731 5830 bona
2766 5775 2825 5830 in
2849 5774 2954 5829 vita
2974 5782 3088 5841 tua,
3112 5773 3388 5831 indicatur
3409 5776 3466 5827 et

1892 5874 2045 5932 dives
2069 5872 2192 5943 iste,
2222 5876 2279 5926 et
2310 5866 2440 5928 boni
3019 5878 3239 5955 ἔσαιιο
3263 5865 3326 5927 in
3358 5864 3468 5927 hac
