4030 6520
437 512 638 579 ·3ὕί

1816 495 2164 557 SMARAGDI
2202 494 2492 553 ABBATIS
2524 545 2528 551 .
3687 489 3816 549 552

539 633 652 688 vita
696 629 840 685 bona
889 623 1167 694 reciperet.
1218 620 1560 688 Rursumque
1598 616 1727 670 dum
1781 613 1849 668 de
1887 613 2096 667 Lazaro
2122 612 2173 672 Α
2271 608 2324 662 Ν
2328 626 2414 674 οη,
2439 617 2588 679 pater
2606 606 2894 670 Abraham,
2912 603 3002 659 sed
3023 603 3070 658 si
3099 602 3213 674 quis
3241 619 3306 658 ex
3330 604 3556 658 mortuis
3576 604 3706 658 ierit
3729 606 3813 659 ad

543 725 763 788 dicitur,
817 719 942 789 quia
1004 714 1206 785 recepit
1258 713 1418 777 mala,
1476 710 1720 782 profecto
1777 716 2112 764 monstratur
2208 724 2314 773 eos,
2370 706 2720 776 paenitentiam
2767 713 2943 775 agent.
2978 702 3077 759 Cui
3118 717 3244 757 mox
3281 703 3462 757 veraci
3514 702 3813 757 sententia

545 824 600 870 et
622 813 891 868 Lazarum
934 806 1191 861 habuisse
1217 803 1416 858 malum
1445 801 1662 871 aliquod
1689 798 1828 868 quod
1855 813 2112 869 purgare-
2209 803 2438 859 dicitur:

545 913 648 966 tur,
685 902 776 959 sed
805 899 945 954 mala
975 896 1167 952 Lazari
1196 894 1446 965 purgavit
1476 893 1614 962 ignis
1644 891 1859 960 inopiae,
1891 898 1944 946 et
1968 893 2112 947 bona
2281 893 2342 949 Si
2386 891 2566 946 Mosen
2591 900 2641 946 et
2681 891 2957 961 praphetas
2992 905 3094 942 non
3120 887 3363 953 audiunt,
3395 903 3563 958 neque
3595 887 3649 942 si
3683 886 3814 957 quis

543 994 724 1049 divrtis
759 988 1124 1047 remuneravit
1152 986 1378 1041 felicitas
1403 984 1731 1038 transeuntis
1751 983 1895 1036 vitte.
2209 1000 2274 1039 ex
2317 985 2534 1037 mortuis
2570 983 2912 1036 resurrexerit
2943 980 3169 1034 credent.
3197 976 3335 1044 Quia
3378 979 3650 1032 nimirum
3706 978 3813 1048 qui

613 1082 682 1135 Et
721 1081 777 1135 in
803 1081 884 1133 his
926 1077 1163 1133 omnibus
1190 1077 1326 1129 inter
1352 1091 1438 1128 vos
1481 1083 1529 1126 et
1561 1089 1653 1126 nos
1683 1073 1838 1124 chaos
1866 1088 2113 1142 magnum
2210 1074 2375 1128 verba
2419 1073 2553 1141 legis
2594 1072 2913 1141 despiciunt,
2963 1069 3318 1138 redemptoris
3354 1077 3656 1139 prmcepta,
3711 1070 3814 1138 qui

543 1172 812 1241 ﬁrmatum
842 1179 939 1235 est,
970 1175 1026 1221 ut
1067 1169 1120 1221 hi
1171 1167 1258 1236 qui
1288 1164 1463 1218 volunt
1500 1164 1618 1216 hinc
1644 1162 1868 1215 transire
1893 1162 1961 1215 ad
2001 1178 2108 1227 vos,
2212 1179 2278 1220 ex
2322 1164 2550 1217 mortuis
2595 1163 2851 1226 surrexit,
2877 1169 3080 1230 quanto
3121 1161 3404 1216 subtiliora
3454 1170 3607 1225 sunt,
3637 1169 3811 1215 tanto

545 1277 647 1315 non
676 1261 894 1331 possint,
939 1274 1101 1328 neque
1147 1257 1268 1310 inde
1294 1256 1394 1308 huc
1435 1264 1775 1307 transmeare.
1807 1253 1918 1318 Qua
1952 1253 2008 1306 in
2055 1266 2116 1307 re
2213 1256 2328 1310 haec
2368 1253 2634 1309 difﬁcilius
2675 1252 2990 1322 implebunt,
3018 1259 3073 1304 et
3101 1251 3353 1305 nimirum
3392 1259 3628 1314 constat,
3669 1251 3810 1319 quia

543 1350 701 1406 valde
727 1350 1076 1422 quaerendum
1104 1356 1208 1413 est,
1255 1346 1522 1416 quomodo
1552 1345 1780 1408 dicatur,
1808 1344 1861 1397 hi
1893 1342 1984 1412 qui
2018 1357 2114 1397 vo-
2212 1345 2366 1415 cujus
2395 1344 2618 1415 implere
2653 1344 2795 1399 dicta
2825 1350 3079 1407 renuunt,
3108 1342 3157 1396 ei
3186 1341 3371 1410 procul
3400 1341 3569 1395 dubio
3597 1340 3809 1396 crede-

545 1441 662 1495 lunt
686 1442 754 1495 ad
803 1456 899 1495 vos
927 1440 1160 1494 transire
1197 1454 1303 1493 non
1348 1443 1592 1507 possunt,
1623 1435 1749 1504 quia
1772 1436 1913 1488 enim
1941 1435 1996 1489 hi
2024 1435 2116 1503 qui
2215 1449 2274 1490 re
2299 1443 2567 1491 recusant.
2613 1433 2781 1500 Quem
2806 1448 2936 1488 vero
2957 1431 3110 1500 juxta
3135 1429 3448 1501 allegorﬂm
3479 1431 3634 1485 dives
3670 1431 3808 1494 iste,

547 1533 601 1585 in
631 1531 837 1586 inferno
852 1538 995 1596 sunt,
1017 1529 1083 1584 ad
1105 1529 1385 1583 beatorum
1408 1536 1611 1582 sortem
1629 1525 1857 1579 transire
1873 1525 2114 1593 cupiunt,
2215 1528 2307 1597 qui
2331 1527 2652 1581 induebatur
2681 1538 2917 1594 purpura
2947 1531 3002 1576 et
3021 1521 3205 1592 bysso,
3228 1528 3284 1575 et
3310 1519 3634 1590 epulabatur
3666 1535 3814 1588 quo-

547 1624 764 1678 dubium
793 1638 898 1677 non
925 1630 1008 1677 est
1039 1639 1052 1674 :
1085 1621 1175 1689 qui
1207 1634 1335 1674 vero
1355 1620 1466 1689 jam
1499 1619 1552 1671 in
1580 1617 1928 1672 beatitudinis
1973 1624 2119 1670 sorte
2215 1617 2344 1672 tidie
2391 1616 2688 1686 splendide,
2740 1615 2842 1669 nisi
2890 1613 3172 1668 Judaicum
3207 1611 3462 1682 p0pulum
3499 1605 3807 1681 signiﬁcat,

546 1714 781 1783 suscepti
817 1721 961 1779 sunt,
1007 1727 1115 1780 quo
1143 1720 1301 1780 pacto
1353 1709 1570 1773 dicitur,
1601 1709 1724 1776 quia
1783 1706 2013 1760 transire
2051 1705 2121 1761 ad
2217 1709 2310 1778 qui
2343 1708 2546 1763 cultum
2574 1707 2698 1760 vitae
2738 1705 2978 1760 exterius
3022 1703 3233 1768 habuit,
3264 1701 3355 1771 qui
3391 1709 3632 1770 accepta:
3666 1701 3813 1771 legis

546 1818 640 1856 eos
663 1804 754 1870 qui
779 1803 831 1855 in
853 1802 1063 1856 inferno
1076 1800 1408 1862 cruciantur,
1433 1799 1638 1852 volunt.
1658 1797 1763 1851 Sed
1784 1797 1924 1852 sicut
1949 1805 2121 1851 trans-
2218 1800 2425 1855 deliciis
2449 1800 2517 1853 ad
2536 1800 2768 1853 nitorem
2790 1812 2920 1852 usus
2939 1803 3041 1861 est,
3061 1810 3167 1849 non
3194 1795 3262 1849 ad
3285 1793 3598 1848 utilitatem.
3627 1792 3812 1859 Quem

548 1890 628 1945 ire
683 1892 898 1960 reprobi
945 1891 1011 1944 ad
1051 1890 1253 1944 electos
1307 1888 1546 1958 cupiunt,
1579 1888 1630 1942 id
1657 1896 1739 1942 est
1768 1904 1798 1941 a
1829 1886 2118 1956 supplicio—
2220 1899 2399 1944 autem
2448 1889 2689 1943 Lazarus
2741 1887 3016 1942 ulceribus
3045 1885 3257 1956 plenus,
3286 1884 3388 1938 nisi
3417 1884 3676 1954 gentilem
3709 1899 3812 1954 po—

550 1996 670 2034 rum
719 1997 938 2036 suorum
968 1979 1255 2034 alllictione
1287 1979 1538 2048 migrare,
1569 1978 1644 2031 ita
1675 1978 1742 2032 ad
1771 1977 1996 2032 alllictos
2041 1985 2121 2031 at—
2147 1972 2194 2032 B
2220 1981 2405 2052 pulum
2442 1980 2739 2051 ﬁguraliter
2766 1978 3040 2048 exprimit,
3101 1977 3194 2047 qui
3244 1977 3370 2032 dum
3406 1990 3709 2030 conversus
3742 1975 3814 2028 ad

549 2086 654 2141 que
677 2072 1028 2126 intormentis
1052 2071 1256 2139 positos
1285 2070 1518 2123 transire
1529 2067 1800 2138 justorum
1823 2078 1924 2134 est,
1942 2078 2120 2125 mente

2237 2077 2385 2132 )enm
2425 2083 2646 2146 peccata
2667 2090 2762 2130 sua
2785 2072 3031 2129 conﬁteri
3061 2087 3166 2126 non
3193 2070 3425 2135 erubuit,
3451 2070 3580 2124 huic
3605 2068 3814 2124 vulnus

551 2162 628 2217 ire
661 2178 759 2232 Pel'
799 2161 1228 2216 misericordiam
1257 2202 1272 2225 9
1319 2176 1519 2230 eosque
1561 2160 1697 2214 "ene
1727 2160 1976 2216 liberal'e-
2013 2159 2119 2215 Sed
2219 2169 2272 2222 in
2301 2175 2422 2222 cute
2452 2165 2572 2220 fuit.
2596 2166 2653 2219 ln
2686 2165 2822 2220 cutis
2852 2164 3048 2233 quippe
3078 2162 3301 2216 vulnere
3330 2161 3480 2214 virus
3510 2175 3541 2213 a
3576 2160 3815 2213 visceri-

552 2254 644 2322 qui
697 2255 884 2308 volunt
913 2254 977 2309 de
1001 2254 1279 2308 beatorum
1322 2254 1448 2308 sede
1487 2253 1553 2307 ad
1591 2252 1818 2307 alllictos
1870 2261 2030 2322 atque
2065 2254 2120 2308 in
2217 2259 2319 2312 bus
2341 2257 2595 2320 trahitur,
2622 2264 2677 2309 et
2697 2253 2840 2308 foras
2868 2252 3124 2322 erumpit.
3158 2251 3295 2318 Quid
3335 2258 3418 2304 est
3440 2264 3568 2319 ergo
3599 2263 3809 2318 pecca-

553 2345 838 2398 tormentis
868 2345 1074 2414 positos
1103 2343 1356 2410 transire,
1388 2359 1494 2398 non
1526 2344 1913 2413 possunt,quia
1944 2342 2119 2411 justo-

2237 2365 2398 2404 orum
2448 2347 2736 2411 confessio,
2805 2345 2910 2400 nisi
2960 2345 3205 2414 quaedam
3247 2341 3532 2396 vulnerum
3583 2342 3815 2410 ruptio?

553 2449 671 2488 rum
701 2434 893 2488 anima:
921 2435 1165 2503 quamvis
1192 2435 1244 2488 in
1273 2450 1382 2488 suae
1410 2443 1617 2488 natura:
1643 2435 1883 2488 bonitate
1911 2432 2124 2488 miseri-
2222 2442 2344 2512 quia
2367 2440 2575 2510 peccati
2601 2440 2750 2492 virus
2773 2436 3065 2492 salubriter
3089 2435 3331 2504 aperitur
3357 2433 3412 2486 in
3432 2431 3811 2493 confessione,

551 2527 789 2580 cordiam
843 2527 1096 2590 habeant,
1135 2525 1248 2595 jam
1289 2534 1419 2580 tunc
1467 2525 1705 2580 auctoris
1768 2525 1850 2580 sui
1899 2523 2123 2593 iustitia:

2237 2537 2364 2605 quod
2401 2532 2656 2603 pestifere
2689 2531 2889 2585 latebat
2911 2530 2965 2583 in
2993 2536 3194 2583 mente.
3227 2526 3334 2582 Sed
3361 2525 3606 2579 Lazarus
3629 2524 3813 2578 vulne-

551 2617 870 2686 eonjunctae,
927 2625 1074 2672 tanta
1134 2617 1452 2671 rectitudine
1526 2618 1988 2687 constringuntur,
2066 2624 2126 2670 ut

2237 2633 2373 2678 ratus
2407 2623 2658 2693 cupiebat
2705 2621 2936 2676 saturari
2969 2620 3034 2674 de
3060 2619 3234 2683 micis,
3277 2632 3396 2687 qure
3427 2616 3702 2671 cadebant
3739 2616 3810 2668 de

553 2706 696 2760 nulla
726 2708 792 2760 ad
820 2709 1077 2776 reprobos
1105 2708 1477 2776 compassione
1501 2715 1837 2772 moveantur,
1867 2707 1959 2761 sed
1983 2715 2127 2775 post-

2237 2732 2410 2771 mcnsa
2468 2715 2668 2780 divitis,
2733 2721 2788 2768 et
2831 2727 2989 2767 nemo
3039 2711 3116 2765 illi
3151 2711 3332 2765 dabat.
3365 2708 3504 2776 Quia
3548 2708 3810 2779 gentilem

553 2810 714 2863 quam
757 2796 964 2850 ardenti
993 2795 1145 2850 ἀίνίῑί
1173 2796 1237 2849 de
1272 2811 1328 2849 se
1356 2811 1480 2864 5905
1516 2795 1740 2860 ιοιιίιυνν
1765 2795 1882 2863 eius
1916 2796 2128 2849 animus
2224 2823 2491 2878 quemque
2519 2808 2587 2861 ad
2613 2805 2973 2876 cognitionem
3018 2803 3150 2874 legis
3199 2801 3488 2856 admittere
3537 2800 3810 2868 superbus

557 2884 624 2937 ad
638 2884 964 2955 propinquos
986 2899 1121 2952 quos
1143 2884 1438 2952 reliquerat
1463 2885 1766 2954 praecurrit,
1790 2886 1914 2954 quia
1945 2900 2126 2955 repro-

556 2976 746 3030 borum
798 2984 1034 3030 mentem
1094 2990 1252 3045 ptena
1305 2991 1424 3040 sua,
1479 2977 1799 3046 quandoque
1869 2976 2130 3030 inutiliter

556 3065 732 3119 erudit
765 3067 832 3119 ad
860 3066 1200 3131 cbaritatem,
1233 3074 1294 3119 ut
1323 3064 1437 3132 jam
1467 3075 1594 3120 tunc
1613 3067 1777 3121 etiam
1816 3081 1940 3120 suos
1970 3066 2130 3133 spiri-

561 3155 744 3210 taliter
767 3157 1008 3228 diligant,
1043 3159 1133 3227 qui
1180 3159 1266 3213 hic
1292 3159 1420 3213 dum
1469 3168 1690 3229 peccata
1714 3160 2000 3230 diligerent
2030 3173 2130 3214 nec

557 3251 920 3313 se-amabant,
948 3252 1091 3305 unde
1114 3267 1255 3306 nunc
1284 3253 1547 3320 sequitur,
1576 3261 1628 3308 et
1650 3253 1724 3308 ait
1751 3272 1762 3306 :

2226 2897 2316 2953 ille
2357 2895 2585 2967 populus
2636 2895 2984 2965 despiciebat,
3042 2893 3133 2962 qui
3163 2894 3291 2947 dum
3339 2891 3652 2945 doctrinam
3681 2889 3815 2957 legis

2227 3003 2334 3041 non
2381 2987 2449 3041 ad
2483 2986 2802 3040 cbaritatem
2849 2985 3056 3047 habuit,
3085 2983 3178 3039 sed
3222 2983 3289 3038 ad
3309 2982 3629 3046 elationem,
3659 2980 3814 3049 quasi

2229 3081 2295 3136 de
2321 3079 2557 3148 acceptis
2583 3080 2775 3147 opibus
2805 3077 3018 3140 tumuit,
3064 3085 3120 3129 et
3143 3075 3268 3145 quia
3317 3074 3365 3128 ei
3407 3073 3580 3127 verba
3613 3070 3815 3125 deﬂue-

2227 3171 2360 3225 bant
2385 3171 2451 3225 de
2477 3169 2704 3225 scientia
2732 3168 2887 3238 quasi
2927 3167 3082 3221 ιιιίοω
3124 3166 3388 3220 cadebant
3412 3165 3481 3218 de
3503 3178 3720 3217 mensa.
3749 3161 3817 3214 At

2230 3269 2419 3316 contra
2462 3260 2692 3330 jacentis
2745 3247 2996 3328 pauperis
3037 3257 3260 3311 vulnera
3298 3255 3580 3324 lingehant
3607 3268 3812 3307 canes:

629 3343 776 3414 Rogo
797 3361 918 3415 ergo
947 3356 996 3398 te
1016 3356 1179 3416 pater,
1212 3356 1267 3399 ut
1293 3348 1466 3401 mittas
1495 3363 1611 3400 eum
1639 3349 1695 3400 in
1729 3331 1941 3401 domum
1961 3346 2127 3416 patris
2155 3332 2199 3396 C
2231 3365 2617 3420 nonnunquam
2644 3349 2818 3403 solem,
2852 3349 2905 3403 in
2933 3363 3091 3403 sacro
3114 3347 3350 3416 eloquio,
3375 3361 3475 3415 per
3497 3361 3667 3399 canes
3691 3359 3818 3414 pra:-

557 3437 675 3498 mei,
717 3435 880 3489 habeo
908 3437 1044 3490 enim
1080 3438 1304 3508 quinque
1332 3437 1546 3508 fratres,
1588 3445 1692 3493 etc.
1733 3437 1848 3505 Qua
1872 3439 1925 3492 in
1954 3453 2011 3492 re
2037 3452 2131 3491 no-

559 3527 779 3580 tandum
833 3537 936 3590 est,
973 3529 1182 3582 ardenti
1232 3529 1385 3583 diviti
1440 3537 1640 3599 quanta
1697 3530 1765 3583 ad
1811 3528 2132 3598 supplicium

559 3617 918 3671 cumulantur.
950 3617 1031 3671 Ad
1059 3633 1272 3686 poenam
1297 3636 1530 3690 namque
1565 3637 1715 3676 suam
1739 3622 1788 3676 ei
1819 3629 1871 3675 et
1899 3621 2133 3691 cognitio

563 3715 810 3760 servatur
855 3715 910 3761 et
960 3710 1238 3762 memoria.
1294 3709 1583 3780 Cognoscit
1659 3711 1804 3765 enim
1863 3710 2131 3764 Lazarum

571 3810 732 3863 quem
796 3797 1064 3867 despexit,
1119 3798 1349 3854 fratrum
1415 3817 1626 3871 quoque
1666 3817 1886 3856 suorum
1949 3802 2135 3858 memi-

563 3885 664 3948 nit,
726 3901 862 3956 quos
912 3887 1166 3956 reliquit;
1216 3891 1458 3959 perfecta
1523 3893 1718 3962 quippe
1777 3893 1826 3947 ei
1873 3893 2006 3948 ultio
2067 3894 2135 3948 de

562 3993 796 4048 paupere
835 3996 941 4036 non
967 3990 1132 4047 esset,
1176 3985 1221 4038 si
1254 3985 1396 4041 hunc
1424 3987 1475 4040 in
1527 3988 1881 4044 retributione
1911 4005 2018 4044 non
2045 4005 2136 4046 co-

563 4071 868 4140 gnosceret,
917 4082 974 4128 et
1021 4073 1258 4143 perfecta
1306 4093 1464 4146 poena
1506 4079 1560 4133 in
1594 4079 1718 4148 igne
1761 4096 1868 4135 non
1898 4091 2058 4146 esset,
2089 4082 2136 4137 si

563 4179 669 4218 non
706 4165 810 4220 hoc
851 4169 992 4236 quod
1046 4168 1159 4238 ipse
1186 4171 1408 4239 patitur,
1441 4173 1603 4227 etiam
1649 4174 1759 4230 suis
1806 4177 2037 4232 timeret.
2066 4176 2136 4233 Ut

562 4273 692 4327 ergo
716 4270 1028 4327 peccatores
1072 4263 1125 4316 in
1174 4265 1435 4334 supplicio
1462 4268 1691 4337 amplius
1721 4270 2033 4339 puniantur,
2081 4277 2136 4325 et

563 4364 750 4403 eorum
805 4354 990 4408 vident
1039 4353 1262 4424 gloriam
1311 4372 1445 4426 quos
1479 4356 1940 4429 contempserunt,
1987 4361 2138 4416 etde

565 4439 778 4494 illorum
839 4445 1003 4496 etiam
1058 4459 1216 4512 poena
1270 4455 1614 4516 torquentur,
1671 4467 1808 4520 quos
1874 4451 2138 4507 inutiliter

566 4542 902 4587 amaverunt.
928 4533 1264 4592 Credendum
1296 4555 1424 4594 vero
1450 4549 1554 4605 est,
1583 4543 1726 4611 quod
1755 4552 1879 4598 ante
1902 4545 2136 4600 retribu-

569 4623 766 4677 tionem
795 4625 1022 4679 extremi
1061 4624 1271 4695 judicii,
1302 4629 1484 4698 injusti
1536 4632 1591 4685 in
1638 4634 1826 4702 requie
1873 4633 2136 4703 quosdam

561 4711 738 4780 justos
770 4716 1125 4784 conspiciunt,
1173 4726 1234 4772 ut
1272 4734 1365 4774 eos
1394 4721 1639 4776 videntes
1683 4723 1735 4776 in
1779 4724 1991 4794 gaudio,
2029 4739 2137 4780 non

567 4802 740 4856 solum
778 4803 845 4857 de
885 4820 981 4859 suo
1029 4807 1311 4877 supplicio,
1350 4810 1442 4864 sed
1469 4811 1630 4865 etiam
1653 4813 1719 4867 de
1747 4813 1961 4868 illorum
1995 4815 2138 4871 bono

568 4895 895 4949 crucientur.
918 4894 1057 4951 Justi
1087 4913 1212 4954 vero
1235 4900 1288 4952 in
1315 4903 1597 4956 tormentis
1629 4917 1841 4972 semper
1865 4904 2141 4959 intuentur

571 4985 816 5054 injustos,
855 4995 916 5040 ut
942 4987 1067 5042 hinc
1087 5003 1273 5042 eorum
1301 4991 1551 5060 gaudium
1604 5003 1837 5058 crescat,
1868 4995 1994 5061 quia
2021 5009 2138 5048 ma-

570 5075 680 5129 lum
743 5077 1084 5147 conspiciunt
1151 5082 1293 5149 quod
1357 5081 1779 5138 misericorditer
1833 5094 2138 5150 evaserunt,

569 5175 827 5236 tantoque
874 5167 1109 5237 majores
1135 5171 1462 5240 redemptori
1515 5188 1614 5228 suo
1643 5175 1844 5244 gratias
1876 5174 2134 5242 referant,

571 5269 773 5328 quanto
794 5261 977 5315 vident
1004 5261 1056 5314 in
1081 5261 1221 5326 aliis,
1260 5264 1388 5332 quid
1422 5265 1519 5334 ipsi
1545 5268 1750 5335 perpeti
1781 5267 1826 5320 si
1849 5275 2030 5323 essent
2053 5283 2140 5323 ne-

571 5349 730 5417 glecti
779 5357 1088 5418 potuerunt,
1132 5351 1260 5420 quia
1289 5353 1379 5420 qui
1431 5356 1692 5410 creatoris
1731 5357 1813 5410 sui
1837 5357 2138 5411 claritatem

571 5439 774 5507 vident,
830 5443 964 5497 nihil
1005 5443 1060 5497 in
1105 5453 1354 5499 creatura
1405 5447 1600 5516 agitur,
1649 5449 1792 5528 quod
1818 5449 2003 5504 videre
2032 5464 2140 5504 non

571 5531 796 5597 possint.

645 5620 715 5673 Et
744 5623 817 5675 ait
839 5623 918 5677 illi
941 5624 1205 5680 Abraham
1221 5645 1238 5683 :
1254 5627 1458 5682 Habent
1475 5628 1655 5683 Mosen
1675 5640 1722 5684 et
1738 5633 2034 5701 prophetas,
2051 5649 2146 5685 au-

581 5708 728 5763 diant
751 5710 888 5767 illos.
919 5714 1026 5770 Sed
1043 5718 1136 5786 qui
1153 5720 1314 5772 verba
1339 5720 1432 5772 Dei
1457 5721 1797 5788 despexerat,
1824 5724 1938 5776 haec
1958 5723 2147 5778 audire

577 5815 685 5856 non
720 5817 878 5873 posse
907 5822 1034 5864 suos
1081 5824 1339 5880 sequaces
1380 5812 1721 5882 aestimabat;
1755 5815 1896 5870 unde
1923 5831 2143 5886 respon-

576 5892 655 5950 dit
675 5894 823 5952 dives
850 5911 864 5952 :

2233 3445 2500 3500 dicatores
2546 3441 2790 3512 intelligi.
2855 3440 3063 3495 Canum
3113 3440 3313 3495 etenim
3362 3437 3570 3508 lingua,
3624 3436 3819 3490 vulnus

2233 3536 2360 3590 dum
2386 3535 2540 3605 lingit
2565 3541 2736 3596 curat,
2764 3531 2890 3602 quia
2916 3540 2971 3587 et
2987 3531 3235 3587 doctores
3255 3530 3429 3586 sancti
3455 3529 3589 3584 dum
3612 3529 3665 3582 in
3690 3543 3819 3583 con-

2234 3622 2467 3679 fessione
2519 3623 2730 3691 peccati
2775 3621 2951 3676 nostri
2987 3635 3086 3676 nos
3111 3620 3404 3684 instruunt,
3436 3620 3595 3689 quasi
3623 3617 3820 3673 vulnus

2233 3714 2430 3771 mentis
2471 3730 2569 3784 per
2598 3713 2836 3782 linguam
2868 3718 3116 3782 tangunt,
3149 3718 3206 3764 et
3233 3710 3357 3780 quia
3405 3724 3507 3763 nos
3547 3708 3819 3778 loquendo

2235 3819 2267 3860 a
2291 3804 2529 3875 peccatis
2566 3803 2825 3873 eripiunt,
2859 3802 3014 3872 quasi
3047 3800 3319 3871 tangendo
3368 3799 3596 3854 vulnera
3629 3799 3698 3851 ad
3727 3811 3818 3851 sa-

2234 3897 2401 3951 lutem
2447 3895 2728 3958 reducunt,
2776 3893 2918 3948 unde
2945 3893 3082 3948 bene
3110 3890 3350 3945 Lazarus
3400 3890 3618 3959 adjutus
3643 3889 3817 3943 inter-

2234 3995 2500 4059 pretatur,
2544 3987 2669 4056 quia
2699 3987 2798 4056 ipsi
2827 3987 2971 4041 hunc
2997 3987 3064 4041 ad
3103 3986 3434 4054 ereptionem
3469 3985 3688 4054 juvant,
3723 3982 3821 4052 qui

2237 4077 2353 4147 eius
2376 4077 2600 4132 vulnera
2623 4092 2720 4147 per
2744 4076 2936 4146 linguae
2957 4077 3351 4147 correptionem
3381 4083 3595 4130 curant.
3630 4073 3820 4129 Conti—

2236 4170 2314 4240 git
2344 4183 2472 4223 vero
2499 4176 2558 4222 ut
2579 4175 2807 4237 uterque
2833 4177 3136 4224 moreretur
3159 4185 3171 4220 :
3192 4167 3343 4222 dives
3366 4167 3456 4236 qui
3487 4166 3822 4220 induebatur

2236 4275 2472 4330 purpura
2495 4266 2549 4313 et
2576 4258 2737 4330 bysso
2765 4258 3007 4329 sepultus
3025 4266 3111 4314 est
3138 4259 3194 4314 in
3221 4257 3491 4313 infernum
3517 4274 3533 4323 ;
3557 4259 3612 4312 in
3638 4259 3819 4312 sinum

2236 4367 2366 4407 vero
2402 4351 2633 4406 Abrahae
2660 4351 2898 4406 Lazarus
2946 4350 3016 4404 ab
3062 4350 3267 4421 angelis
3312 4351 3503 4405 ductus
3535 4358 3641 4404 est.
3675 4347 3818 4416 Quid

2238 4441 2469 4496 Abrahae
2499 4442 2649 4496 sinus
2679 4442 2781 4496 nisi
2826 4449 3091 4496 secretam
3137 4442 3378 4511 requiem
3407 4439 3675 4509 signiﬁcat
3726 4455 3820 4508 pa-

2240 4533 2362 4597 tris,
2391 4535 2458 4586 de
2480 4548 2585 4602 qua
2612 4532 2846 4587 veritas:
2872 4531 3047 4596 Multi,
3079 4532 3274 4602 inquit,
3298 4533 3499 4586 venient
3519 4533 3584 4585 ab
3603 4531 3822 4587 Oriente

2241 4632 2289 4677 et
2337 4623 2637 4688 Occidente,
2681 4633 2730 4678 et
2775 4623 3064 4678 recumbent
3109 4641 3227 4679 cum
3266 4623 3552 4689 Abraham,
3581 4624 3745 4679 Isaac
3775 4634 3822 4679 et

2163 4676 2216 4736 Ι)
2239 4676 2404 4766 ἐπεὶ)ιᾶ
2419 4676 2428 4678 ⁷
2445 4676 2514 4766 ἑῇ
2530 4676 2696 4783 an;
2716 4676 2997 4767 partes;
3014 4676 3355 4768 aratas...
3371 4676 3526 4784 an;
3539 4676 3703 4783 hij-us
3720 4676 3826 4784 si;

2241 4803 2442 4856 cientur
2497 4803 2552 4856 in
2624 4805 2858 4858 tenebras
2905 4807 3185 4860 exteriores
3243 4805 3455 4877 (Matth.
3497 4809 3642 4877 vm).
3718 4807 3825 4875 Qui

2240 4895 2384 4949 enim
2424 4910 2660 4964 purpura
2687 4896 2905 4952 indutus
2929 4898 3144 4964 dicitur,
3192 4909 3338 4955 recte
3369 4901 3508 4956 ﬁlius
3538 4904 3693 4972 regni
3722 4917 3825 4955 vo-

2243 4994 2417 5050 catur,
2448 4986 2539 5055 qui
2569 4988 2632 5041 de
2656 4987 2949 5059 longinquo
2975 4990 3042 5043 ad
3070 4991 3357 5047 videndum
3402 4991 3670 5047 Lazarum
3697 5010 3826 5050 ocu-

2244 5077 2324 5132 los
2348 5077 2508 5143 levat,
2555 5079 2679 5146 quia
2708 5079 2833 5131 dum
2860 5093 2957 5148 per
2978 5081 3339 5136 damnationis
3361 5097 3470 5136 sua:
3498 5083 3825 5154 supplicium

2248 5171 2488 5226 inﬁdeles
2533 5172 2588 5225 in
2635 5172 2742 5225 imo
2786 5180 2954 5238 sunt,
3002 5173 3186 5229 ﬁdeles
3248 5190 3460 5244 quoque
3505 5186 3634 5230 ante
3682 5178 3826 5232 diem

2247 5262 2475 5317 extremi
2493 5260 2680 5329 judicii
2704 5277 2865 5331 super
2891 5278 2950 5318 se
2979 5264 3219 5333 requiem
3256 5267 3559 5327 attendunt,
3592 5281 3826 5336 quorum

2247 5361 2369 5422 post
2393 5353 2581 5422 gaudia
2616 5354 2970 5422 contemplari
3016 5355 3320 5412 nullatenus
3356 5367 3602 5427 possunt.
3642 5358 3827 5429 Longe

2250 5457 2378 5496 vero
2405 5450 2504 5504 est,
2545 5442 2686 5511 quod
2713 5443 3071 5513 conspiciunt,
3117 5446 3243 5515 quia
3274 5447 3401 5502 illuc
3426 5463 3523 5516 per
3570 5449 3826 5502 meritum

2251 5545 2357 5585 non
2401 5532 2687 5600 attingunt.
2717 5533 2773 5586 lu
2815 5532 2994 5603 lingua
3025 5546 3204 5591 autem
3241 5537 3471 5608 amplius
3496 5539 3697 5594 ardere
3741 5553 3828 5595 os-

2252 5621 2507 5682 tenditur,
2541 5637 2662 5676 cum
2691 5622 2822 5676 dicit
2851 5641 2862 5676 :
2895 5623 3045 5679 Mitte
3082 5624 3346 5680 Lazarum
3381 5638 3437 5682 ut
3474 5630 3708 5700 intingat
3739 5647 3831 5684 ea:-

2251 5720 2472 5764 tremum
2502 5712 2652 5783 digiti
2700 5714 2780 5766 sui
2823 5713 2874 5766 in
2909 5731 3118 5784 aquam,
3166 5727 3215 5770 et
3267 5719 3533 5789 refrigeret
3591 5720 3830 5792 linguam

2252 5817 2441 5864 meam,
2472 5803 2596 5871 quia
2625 5805 2834 5856 crucior
2857 5805 2912 5857 in
2937 5805 3034 5859 hac
3066 5808 3300 5875 ﬂamma.
3334 5809 3568 5864 lnﬁdelis
3600 5813 3831 5882 populus

2253 5894 2417 5948 verba
2441 5894 2572 5966 legis
2600 5895 2649 5949 in
2679 5911 2772 5954 ore
2800 5897 2990 5964 tenuit,
3014 5913 3133 5967 qua:
3167 5915 3330 5970 opere
3362 5905 3688 5974 contempsit
3714 5919 3829 5961 εει·-
