4030 6454
160 337 267 393 555

975 333 1488 392 COLLECTIONES
1526 334 1592 390 lN
1633 333 2014 393 EPISTOLAS
2053 334 2143 393 ΕΤ
2181 338 2590 395 EV'ANGELIA.

3301 329 3405 402 354

159 469 314 508 vare.
346 451 424 507 lbi
448 467 578 523 ergo
603 451 829 523 amplius
859 451 1086 516 ardebit,
1117 451 1210 507 ubi
1244 467 1301 506 se
1330 452 1564 506 ostendit
1595 451 1732 506 scire
1760 458 1813 517 Α
1909 455 2022 510 Nos
2049 456 2240 509 scimus
2260 497 2274 521 ,
2303 459 2392 527 qui
2419 458 2660 514 translati
2698 476 2877 514 sumus
2918 460 2982 514 de
3022 471 3185 516 morte
3223 465 3292 518 ad
3330 465 3408 522 vi-

160 547 307 619 quod
334 545 510 600 facere
536 545 723 600 noluit.
756 545 835 599 Ab
855 554 1098 598 extremo
1137 545 1288 615 digiti
1319 561 1376 600 se
1406 545 1551 615 tangi
1593 545 1735 599 desi-

157 638 338 701 derat,
393 636 518 706 quia
569 635 784 690 zetcrnis
820 635 1094 704 suppliciis
1129 634 1307 698 datus,
1345 642 1497 706 optat
1547 648 1738 704 Opera-

156 729 307 783 tione
329 725 624 796 justorum,
670 725 755 780 vel
782 725 968 778 ultima
1005 725 1340 795 participari.
1379 723 1477 779 Cui
1507 738 1734 792 respon-

155 819 337 882 detur,
365 819 506 890 quod
545 819 598 872 in
629 818 730 873 hac
765 818 874 871 vita
901 819 1038 872 bona
1092 817 1376 887 receperit,
1411 817 1536 886 quia
1580 830 1739 870 omne

153 923 317 965 suum
346 907 624 979 gaudium,
647 907 956 962 felicitatem
997 908 1366 963 transitoriam
1405 907 1616 978 putavit
1643 906 1738 960 ha-

157 999 310 1054 bere.
346 998 442 1053 llic
465 998 664 1051 etenim
698 1005 922 1066 possunt
944 996 1146 1065 etjusti
1176 998 1318 1052 bona
1353 998 1614 1067 recipere,
1639 1010 1740 1050 nec

157 1096 344 1142 tamen
375 1089 492 1142 haec
517 1087 759 1157 recipere
805 1087 860 1141 in
890 1087 1416 1157 recompensatione,
1458 1088 1583 1157 quia
1613 1087 1740 1141 dum

159 1178 408 1243 meliora,
443 1178 496 1234 id
544 1186 648 1244 est,
699 1188 901 1234 aeterna
949 1186 1228 1250 appetunt,
1280 1194 1465 1234 eorum
1513 1179 1736 1248 judicio,

157 1283 282 1337 qua:
310 1269 436 1323 licet
492 1270 633 1324 bona
673 1269 980 1337 adfuerant,
1041 1287 1164 1325 cum
1204 1271 1406 1326 sanctis
1459 1271 1740 1326 desideriis

158 1369 410 1424 :estuant,
429 1363 568 1416 bona
597 1363 818 1417 minime
838 1363 1110 1418 videntur.
1142 1363 1288 1418 inter
1305 1365 1420 1418 luec
1444 1363 1738 1417 notandum

157 1457 261 1513 est,
308 1451 448 1520 quod
481 1452 532 1506 ei
581 1452 778 1508 dicitur
835 1471 848 1508 :
911 1453 1195 1513 Memento.
1253 1455 1350 1524 ﬁli.
1399 1455 1539 1510 Ecce
1593 1454 1736 1509 enim

158 1541 433 1597 Abraham
465 1543 632 1598 ﬁlium
663 1556 838 1613 vocat,
868 1563 1027 1617 quem
1056 1556 1232 1604 tamen
1263 1564 1292 1602 a
1322 1556 1591 1604 tormento
1626 1563 1735 1602 non

158 1631 374 1696 liberat,
406 1635 660 1702 quoniam
704 1633 862 1702 hujus
902 1635 1132 1691 inﬁdelis
1159 1637 1341 1707 populi
1367 1638 1736 1706 prmcedentes

156 1732 344 1793 patres
366 1723 572 1789 ﬁdeles,
595 1726 722 1796 quia
746 1726 942 1781 multos
967 1743 996 1780 a
1024 1742 1119 1781 sua
1143 1726 1246 1782 ﬁde
1271 1727 1516 1782 deviasse
1551 1727 1733 1782 consi-

1837 553 1964 610 tam,
1996 547 2242 616 quoniam
2264 547 2530 618 diligimus
2557 550 2764 618 fratres.
2799 550 2968 607 Nemo
3007 568 3066 608 se
3101 554 3166 609 de
3195 554 3410 612 virtuti-

1835 636 1937 690 bus
1959 635 2093 691 falso
2123 638 2368 715 extollat,
2387 654 2546 694 nemo
2574 655 2792 696 suarum
2825 644 3014 698 virium
3038 653 3408 715 paupertatem

1836 731 1976 785 ultra
2016 713 2240 788 modum.
2279 743 2502 788 metuat.
2538 734 2795 804 Apertum
2835 734 2927 790 dat
2961 713 3250 806 judicium,
3291 741 3410 810 qui-

1838 836 2048 891 cunque
2078 821 2316 878 fraterna
2350 824 2637 880 dilectione
2663 826 2852 894 plenus
2887 837 2998 894 est,
3029 830 3152 899 quia
3192 831 3257 886 ad
3292 846 3411 887 sor-

1837 919 1949 965 tem
1975 911 2269 967 electorum
2312 914 2572 984 pertinet,
2606 915 2730 985 quia
2771 917 3072 986 portionem
3115 921 3314 977 habere
3352 921 3408 977 in

1840 1009 1982 1056 terra
2012 1004 2307 1058 viventium
2334 1006 2549 1061 meruit.

1909 1091 2014 1158 Qui
2051 1111 2152 1148 non
2187 1095 2358 1167 diligit
2395 1097 2644 1166 fratrem,
2673 1109 2845 1154 manet
2877 1099 2933 1154 in
2967 1111 3149 1156 morte.
3184 1103 3410 1162 Mortem

1839 1172 2030 1238 anima:
2057 1186 2203 1240 dicit.
2235 1187 2427 1240 Anima
2449 1188 2589 1242 enim
2616 1206 2731 1260 qua:
2753 1191 3062 1260 peccaverit,
3089 1192 3200 1262 ipsa
3230 1196 3418 1250 morie‘

1839 1283 1927 1327 tur
1953 1273 2168 1344 (Ezech.
2200 1277 2387 1349 xvm).
2427 1279 2546 1333 Vita
2583 1281 2778 1350 quippe
2812 1282 3020 1345 carnis,
3059 1284 3236 1338 anima
3258 1326 3271 1350 ,
3300 1280 3411 1340 vita

1838 1364 2030 1418 animae
2057 1365 2198 1421 Deus
2232 1375 2335 1422 est.
2383 1368 2524 1424 Mors
2549 1372 2822 1439 corporis,
2863 1373 3112 1430 amittere
3149 1376 3407 1444 animam,

1836 1471 1983 1510 mors
2011 1458 2222 1522 animm,
2253 1461 2504 1515 amittere
2530 1461 2718 1515 Deum.
2754 1462 2905 1518 Unde
2930 1472 3158 1530 constat,
3189 1468 3331 1536 quod
3357 1467 3411 1521 in

1836 1547 2016 1602 anima
2047 1551 2246 1603 mortui
2279 1565 2468 1606 omnes
2495 1552 2548 1606 in
2581 1553 2685 1607 hac
2714 1553 2831 1608 luce
2861 1556 3156 1623 nascimur,
3187 1559 3410 1612 trahen-

1835 1647 1917 1694 tes
1946 1656 2013 1696 ex
2042 1640 2212 1696 Adam
2241 1643 2504 1713 originale
2532 1655 2812 1714 peccatum
2834 1688 2848 1712 ,
2880 1649 2973 1702 sed
3003 1647 3205 1704 Christi
3238 1651 3408 1718 gratia

1836 1727 2084 1784 ﬁdelibus
2108 1734 2475 1800 regenerando
2504 1733 2680 1803 agitur
2706 1743 2764 1788 ut
2796 1736 2850 1789 in
2875 1737 3053 1790 anima
3078 1737 3258 1792 vivere
3282 1752 3410 1807 pos-

155 1815 370 1882 derant,
399 1834 494 1874 eos
516 1819 659 1873 nulla
694 1821 1064 1890 compassione
1096 1835 1126 1875 a
1164 1821 1450 1875 tormentis
1475 1821 1730 1890 eripiunt,
1763 1811 1810 1870 B
1839 1818 1965 1873 sint.
2001 1819 2236 1875 Verbum
2272 1822 2642 1892 baptismatis,
2676 1833 2730 1879 et
2766 1825 2890 1880 ﬁdei
2926 1828 3270 1897 mysterium,
3306 1827 3413 1884 illis

155 1922 296 1976 quos
322 1916 496 1963 tamen
518 1925 617 1979 per
645 1925 865 1965 carnem
909 1911 1051 1965 ﬁlios
1075 1919 1486 1978 recognoscunt.
1539 1910 1596 1964 ln
1623 1917 1733 1964 tor-

154 1999 356 2053 mentis
400 2008 580 2053 autem
610 2000 763 2054 dives
785 2001 1009 2069 positus,
1039 2001 1275 2070 quinque
1310 2016 1368 2056 se
1396 2000 1594 2054 fratres
1636 2001 1733 2054 ha-

151 2085 288 2141 bere
308 2089 573 2157 perhibet,
602 2089 727 2158 quia
752 2091 1015 2159 superbus
1041 2091 1180 2144 idem
1200 2089 1457 2145 Judaicus
1483 2090 1728 2160 populus,

152 2177 331 2245 quiex
357 2194 548 2250 magna
563 2178 677 2248 jam
697 2189 853 2249 parte
879 2181 1163 2234 damnatus
1183 2188 1284 2235 est.
1317 2180 1592 2249 Sequaces
1606 2195 1734 2235 suos

149 2281 296 2336 quos
322 2283 484 2338 super
518 2276 720 2322 terram
743 2269 976 2338 reliquit,
1004 2270 1241 2338 quinque
1271 2271 1516 2324 sensibus
1538 2285 1730 2339 corpo-

148 2357 232 2411 ris
281 2359 488 2413 deditos
532 2359 700 2413 novit.
762 2359 1022 2426 Quinario
1065 2375 1194 2429 ergo
1247 2374 1474 2413 numero
1532 2358 1732 2414 fratres

145 2464 292 2518 quos
335 2450 628 2518 reliquerat
663 2452 933 2520 exprimit,
966 2452 1088 2521 quia
1113 2467 1206 2506 eos
1233 2451 1300 2506 ad
1327 2450 1624 2520 spiritalem
1648 2451 1733 2505 in-

147 2538 508 2608 telligentiam
530 2554 635 2593 non
659 2554 965 2610 assurgere,
987 2541 1041 2595 in
1075 2540 1286 2596 inferno
1311 2541 1517 2611 positus
1543 2541 1728 2612 gemit.

145 2631 299 2687 Petit
326 2639 387 2685 ut
423 2633 490 2686 ad
517 2647 610 2687 eos
637 2631 872 2686 Lazarus
899 2634 1165 2698 mittatur,
1197 2633 1283 2687 cui
1304 2634 1448 2702 quod
1474 2632 1654 2688 Mosen
1677 2641 1732 2688 et

147 2722 446 2792 prophetas
484 2723 717 2776 habeant
750 2723 968 2778 dicitur.
1001 2723 1105 2778 Sed
1147 2724 1225 2777 ait
1261 2741 1273 2776 :
1315 2722 1454 2789 Quia
1484 2740 1588 2777 non
1617 2739 1729 2776 cre-

143 2811 306 2875 dunt,
337 2811 438 2865 nisi
484 2812 598 2881 quis
625 2827 689 2864 ea:
726 2813 942 2866 mortuis
973 2811 1332 2866 resurrexerit.
1361 2810 1459 2866 Cui
1482 2811 1729 2881 protinus

150 2901 510 2970 respondetur
538 2918 552 2955 :
587 2900 642 2956 Si
670 2901 852 2956 Mosen
873 2912 921 2956 et
941 2903 1218 2972 prophetas
1235 2918 1338 2956 non
1363 2901 1606 2966 audiunt,
1637 2917 1728 2955 nec

148 2992 200 3046 si
243 2993 358 3062 quis
383 3009 447 3046 es
475 2993 692 3046 mortuis
727 2994 1086 3058 resurrexerit,
1138 2992 1342 3046 credent
1362 2992 1428 3046 ei.
1474 2991 1633 3047 Certe
1662 2992 1728 3046 de

150 3082 306 3137 Mose
362 3084 564 3138 veritas
595 3083 726 3138 dicit
770 3100 784 3135 :
817 3081 874 3137 Si
917 3083 1191 3136 crederetis
1237 3081 1396 3147 Mosi,
1449 3081 1725 3137 crederetis

1837 1911 1966 1966 solis
2002 1913 2252 1980 prodest,
2294 1913 2416 1970 illos
2450 1915 2516 1970 de
2559 1926 2735 1971 morte
2771 1915 2974 1986 trajicit
3012 1921 3082 1974 ad
3114 1920 3281 1974 vitam
3319 1919 3412 1989 qui

1836 2001 2045 2056 sincera
2088 2013 2269 2058 mente
2307 2006 2536 2076 diligunt
2577 2005 2796 2062 fratres.
2843 2009 3017 2079 Atque
3053 2011 3174 2066 ideo
3219 2021 3413 2067 notan-

1835 2091 1961 2145 dum
1980 2132 1994 2155 ,
2026 2094 2168 2161 quod
2204 2110 2309 2148 non
2338 2096 2414 2150 ait
2443 2115 2456 2150 :
2491 2096 2591 2163 Qui
2629 2113 2736 2152 non
2763 2098 2934 2169 diligit
2963 2110 3221 2156 venturus
3244 2111 3326 2156 est
3357 2103 3412 2157 in

1834 2190 2098 2248 mortem,
2130 2184 2285 2252 quasi
2317 2185 2383 2239 de
2421 2201 2580 2255 paena
2620 2198 2879 2259 perpetua
2917 2189 3251 2261 loqueretur,
3292 2208 3411 2262 qua:

1833 2279 2004 2325 restat
2045 2275 2424 2342 peccatoribus
2453 2277 2508 2332 in
2547 2278 2761 2346 futuro,
2807 2280 2899 2336 sed
2938 2282 3027 2353 qui
3073 2299 3177 2336 non
3218 2283 3408 2355 diligit,

1833 2361 2026 2432 inquit,
2052 2375 2226 2418 manet
2250 2366 2304 2418 in
2330 2379 2514 2433 morte,
2549 2370 2600 2423 in
2636 2371 2721 2425 illa
2762 2374 2947 2443 utique
2976 2384 3179 2439 morte,
3214 2378 3280 2432 de
3305 2393 3410 2446 qua

1829 2457 1994 2511 etiam
2009 2457 2064 2511 in
2087 2458 2188 2513 hac
2203 2459 2309 2514 vita
2333 2461 2375 2515 si
2401 2460 2596 2517 fratres
2611 2464 2848 2534 perfecte
2874 2475 3096 2531 amaret,
3117 2484 3410 2540 exsurgere

1829 2555 2027 2614 posset.
2063 2547 2199 2604 Hinc
2228 2551 2423 2606 etenim
2454 2551 2595 2608 Deus
2632 2555 2684 2608 in
2723 2555 3040 2627 Apocalypsi
3079 2576 3091 2612 :
3132 2558 3327 2614 Beatus
3362 2568 3412 2615 et

1827 2648 2039 2692 sanctus
2067 2640 2157 2710 qui
2182 2640 2334 2694 habet
2361 2659 2501 2712 spem
2525 2644 2580 2697 in
2603 2647 2980 2702 resurrectione
3007 2650 3176 2718 prima
3195 2690 3209 2715 ,
3246 2651 3300 2704 iu.
3330 2651 3411 2707 his

1828 2729 2057 2784 secunda
2085 2748 2227 2786 mors
2263 2749 2366 2787 non
2390 2734 2543 2788 habet
2568 2745 2870 2805 potestatem
2896 2737 3077 2809 (Apoc.
3108 2739 3221 2813 xx).

1903 2825 2084 2883 Omnis
2121 2830 2210 2899 qui
2252 2831 2361 2885 odit
2411 2832 2627 2901 fratrem
2671 2852 2858 2903 suum,
2894 2838 3155 2892 homicida
3190 2846 3265 2893 est
3297 2837 3409 2909 (Ex

1826 2917 2099 2991 August.).
2131 2919 2191 2976 Si
2218 2924 2600 2980 contemnebat
2620 2925 2849 2998 quisque
2872 2927 3053 2983 odium
3084 2927 3406 2998 fraternum,

1828 3009 2068 3078 nunquid
2109 3018 2162 3065 et
2206 3011 2558 3068 homicidium
2588 3015 2643 3069 in
2681 3017 2845 3072 corde
2883 3033 2981 3073 suo
3008 3028 3412 3089 contempturus

1830 3101 1947 3154 est?
1971 3099 2088 3156 Non
2116 3111 2295 3158 movet
2325 3120 2516 3161 manus
2546 3107 2614 3162 ad
2639 3109 2994 3164 occidendum
3023 3111 3294 3166 hominem
3314 3154 3328 3177 ,
3357 3120 3414 3167 et

150 3170 333 3240 utique
369 3181 416 3223 et
455 3171 612 3235 mihi;
653 3170 717 3224 de
758 3187 840 3224 me
883 3171 1020 3224 enim
1069 3170 1156 3225 ille
1197 3170 1401 3239 scripsit
1437 3169 1618 3242 (Joan.
1647 3169 1722 3242 v).

1831 3190 2100 3246 homicida
2134 3191 2246 3260 jam
2285 3203 2499 3250 tenetur
2537 3213 2568 3252 a
2604 3198 2861 3267 Domino,
2899 3201 3032 3256 vivit
3073 3203 3189 3270 ille,
3220 3210 3276 3258 et
3309 3202 3412 3258 iste

149 3259 411 3328 lmpletur
450 3273 578 3328 ergo
617 3259 760 3328 quod
783 3273 879 3328 per
904 3259 1133 3314 Abrahae
1155 3260 1558 3329 responsionem
1591 3259 1727 3314 dici-

150 3359 262 3406 tur.
313 3345 395 3405 Ex
429 3351 659 3406 mortuis
699 3351 842 3405 enim
869 3350 1130 3407 Dominus
1156 3352 1472 3418 resurrexit,
1511 3353 1608 3408 sed
1634 3350 1728 3408 Ju-

147 3443 341 3496 daicus
360 3441 606 3511 populus,
636 3440 764 3511 quia
795 3440 929 3496 Mosi
967 3443 1188 3497 credere
1215 3443 1407 3508 noluit,
1441 3442 1490 3497 ei
1538 3443 1723 3510 etiam,

144 3531 245 3601 qui
310 3531 602 3586 resurrexit
664 3545 731 3585 ex
798 3534 1043 3599 mortuis,
1110 3534 1330 3589 credere
1383 3535 1724 3605 contempsit.

146 3622 398 3692 Cumque
468 3621 601 3677 Mosi
671 3624 832 3678 verba
891 3624 1210 3694 spiritaliter
1272 3625 1572 3697 intelligere
1636 3640 1726 3680 re-

143 3710 289 3775 nuit,
347 3711 417 3764 ad
459 3709 630 3765 Deum
674 3711 740 3768 de
779 3727 886 3782 quo
931 3712 1106 3768 Moses
1141 3713 1352 3769 locutus
1390 3714 1589 3783 fuerat,
1620 3729 1728 3770 non

145 3801 418 3878 pervenit.

341 3891 760 3950 HEBDOMADA
793 3895 859 3950 Ill
890 3895 1065 3953 POST
1100 3895 1523 3954 PENTECOST.

141 3998 406 4039 ιῬιδτοιΑ
449 4001 612 4040 PBIIA
662 4002 819 4041 ΒΕΔἸΊ
873 4003 1088 4044 ιοΑΝΜε
1136 4005 1420 4055 APOSTOLI,
1472 4006 1590 4046 CAP.
1641 4008 1724 4048 Ill.

224 4093 244 4124 ‹
280 4074 460 4132 Nolite
509 4077 696 4131 mirari
737 4079 782 4132 si
812 4079 927 4132 odit
954 4095 1050 4136 vos
1085 4081 1336 4136 mundus.
1376 4081 1486 4136 Nos
1526 4082 1727 4140 scimus

152 4191 171 4222 ι
200 4170 462 4239 quoniam
491 4169 737 4225 translati
768 4185 954 4226 sumus
982 4173 1048 4226 de
1076 4181 1248 4227 morte
1276 4173 1344 4227 ad
1373 4174 1564 4238 vitam,
1591 4189 1727 4244 quo-

145 4282 164 4312 ι
200 4261 352 4315 niam
381 4261 654 4331 diligimus
677 4262 895 4318 fratres.
927 4264 1046 4330 Qui
1073 4280 1179 4319 non
1218 4265 1418 4335 diligit,
1451 4275 1635 4322 manet
1665 4267 1726 4326 in

145 4373 165 4406 ε
203 4359 403 4406 morte.
433 4351 618 4407 Omnis
639 4354 732 4422 qui
756 4354 869 4409 odit
889 4354 1113 4410 fratrem
1136 4372 1311 4423 suum,
1332 4358 1599 4415 homicida
1621 4368 1723 4426 est,

145 4461 165 4495 ι
198 4452 258 4496 et
304 4442 458 4498 scitis
504 4445 630 4512 quia
676 4445 852 4502 omnis
896 4447 1167 4505 homicida
1204 4465 1311 4506 nou
1356 4451 1518 4506 habet
1559 4453 1726 4508 vitam

1824 3278 1935 3352 jam
1965 3282 2279 3340 interfector
2297 3285 2592 3355 judicatur.

1900 3371 1971 3426 Et
1996 3374 2139 3429 scitis
2169 3378 2414 3446 quoniam
2453 3383 2618 3435 omnis
2648 3382 2908 3439 homicida
2935 3402 3037 3439 non
3066 3386 3216 3441 habet
3252 3387 3413 3442 vitam

1829 3471 2079 3518 aeternam
2124 3466 2179 3518 in
2216 3484 2270 3521 se
2320 3480 2634 3525 manentem.
2689 3473 2756 3526 Et
2805 3475 2894 3530 hic
2925 3490 3022 3546 per
3061 3476 3220 3532 ﬁdem
3268 3477 3412 3533 inter

1830 3563 2048 3610 sanctos
2078 3557 2261 3612 vivere
2291 3561 2551 3628 cernitur,
2588 3578 2694 3617 non
2725 3563 2887 3619 habet
2920 3565 2974 3619 in
3008 3581 3066 3622 se
3093 3575 3408 3637 perpetuam

1828 3647 1994 3701 vitam
2019 3659 2344 3706 manentem.
2377 3651 2511 3707 Nam
2547 3655 2637 3709 ubi
2679 3657 3050 3713 retributionis
3081 3667 3292 3730 tempus
3319 3660 3412 3716 ad-

1826 3737 2034 3801 veniet,
2067 3754 2190 3794 cum
2224 3739 2355 3795 Cain
2392 3744 2481 3812 qui
2509 3759 2574 3798 ex
2599 3744 2832 3816 maligno
2863 3755 3012 3813 erat,
3043 3748 3406 3817 damnabitur,

1826 3825 1990 3881 etiam
2019 3829 2112 3898 qui
2141 3829 2416 3886 homicidii
2447 3847 2645 3903 genere
2674 3843 2907 3903 tenetur,
2939 3844 3000 3892 ut
3024 3836 3315 3904 discordet,
3349 3847 3408 3896 ut

1827 3914 2114 3984 dissideat,
2148 3927 2204 3974 et
2237 3936 2425 3992 pacem
2462 3938 2586 3978 cum
2615 3922 2874 3981 fratribus
2910 3941 3016 3982 non
3050 3926 3265 3982 habeat.
3298 3928 3411 3984 No-

1826 4008 2049 4063 tandum
2077 4011 2220 4065 enim
2259 4015 2403 4082 quod
2433 4031 2539 4069 non
2570 4016 2645 4070 ait
2685 4017 2954 4081 absolute,
2998 4019 3266 4073 homicida
3298 4037 3407 4076 non

1826 4095 1989 4151 habet
2015 4098 2182 4154 vitam
2210 4101 2264 4154 in
2296 4117 2353 4156 se
2381 4113 2710 4170 manentem,
2744 4107 2839 4161 sed
2866 4107 3060 4171 omnis,
3091 4107 3282 4177 inquit,
3311 4109 3409 4166 ho-

1825 4187 2021 4242 micida
2041 4229 2056 4252 ,
2099 4190 2304 4245 scilicet
2353 4208 2460 4246 non
2491 4194 2640 4249 solus
2671 4197 2760 4251 ille
2789 4197 2880 4266 qui
2921 4197 3098 4264 ferro,
3129 4214 3317 4254 verum
3351 4209 3408 4257 et

1826 4273 1916 4330 ille
1941 4278 2034 4346 qui
2065 4279 2188 4333 odio
2216 4278 2436 4335 fratrem
2469 4282 2792 4354 insequitur.

1898 4367 1965 4421 In
1993 4370 2090 4423 hoc
2121 4373 2453 4442 cognovimus
2479 4376 2784 4431 charitatem
2809 4379 2926 4444 Dei,
2950 4393 3055 4436 etc.
3081 4382 3264 4449 Qualis
3285 4401 3404 4456 per-

1829 4460 1968 4515 fecta
1993 4463 2232 4519 Charitas
2260 4479 2380 4520 esse
2409 4467 2598 4523 debeat
2635 4469 2689 4523 in
2727 4471 2908 4536 nobis,
2939 4471 3236 4531 Dominicze
3276 4492 3404 4547 pas—

143 4551 165 4584 s
197 4542 463 4587 aeternam
492 4533 547 4587 in
579 4547 638 4590 se
673 4545 1000 4592 manentem.
1043 4539 1100 4594 ln
1132 4539 1235 4595 hoc
1270 4550 1449 4597 autem
1473 4543 1725 4614 cognovi-
1747 4523 1803 4585 Β
1827 4553 1994 4610 sionis
2021 4558 2268 4629 exemplo
2312 4562 2614 4620 didicimus.
2646 4564 2898 4634 Majorem
2928 4583 3160 4640 namque
3187 4523 3404 4630 1]δὲἀί-

145 4643 165 4678 c
195 4640 324 4679 mus
347 4626 665 4682 charitatem
695 4628 825 4696 Dei,
872 4632 1124 4699 quoniam
1159 4632 1250 4688 ille
1275 4649 1374 4704 pro
1409 4636 1566 4692 nobis
1606 4637 1722 4693 ani-

144 4735 164 4768 ι
198 4732 347 4770 mam
378 4733 533 4772 suam
561 4721 757 4789 posuit,
788 4728 843 4775 et
885 4737 984 4776 nos
1021 4722 1280 4779 debemus
1321 4741 1420 4795 pro
1463 4725 1722 4784 fratribus

145 4823 166 4856 ι
201 4806 418 4862 animas
452 4823 673 4878 ponere.
723 4809 822 4876 Qui
873 4812 1122 4869 habuerit
1165 4817 1524 4872 substantiam
1562 4818 1722 4890 hujus

145 4915 164 4947 ε
199 4899 426 4965 mundi,
457 4906 512 4953 et
545 4900 740 4955 viderit
768 4900 991 4958 fratrem
1028 4920 1183 4960 suum
1219 4909 1600 4964 necessitatem
1624 4925 1721 4980 pa-

147 5010 169 5042 ‹
205 4988 461 5056 tientem,
490 4999 547 5047 et
582 4991 838 5048 clauserit
869 4995 1077 5050 viscera
1102 5012 1199 5053 sua
1229 4998 1298 5054 ab
1332 5014 1417 5065 eo,
1454 5001 1721 5070 quomodo

145 5102 168 5135 α
195 5081 439 5137 charitas
472 5082 568 5138 Dei
595 5094 775 5140 manet
799 5085 854 5140 in
877 5088 980 5142 eo?
1021 5087 1200 5146 Filioli
1223 5091 1362 5157 mei,
1402 5106 1510 5146 non
1539 5092 1725 5164 diliga-

151 5191 170 5224 ι
201 5189 327 5228 mus
356 5173 544 5240 verbo,
575 5189 753 5246 neque
779 5176 990 5249 lingua,
1023 5180 1118 5236 sed
1141 5196 1304 5251 opere
1333 5191 1389 5237 et
1415 5184 1659 5239 veritate.
1696 5203 1715 5238 ι

222 5264 406 5319 Nolite
457 5267 642 5322 mirari
702 5270 746 5323 si
787 5270 895 5324 odit
954 5287 1041 5326 vos
1085 5271 1310 5327 mundus
1358 5270 1469 5345 (Ex
1520 5271 1718 5347 Beda).

147 5355 406 5413 Mundum
454 5359 739 5416 dilectores
789 5362 970 5417 mundi
1020 5363 1168 5419 dicit.
1220 5363 1331 5421 Nec
1381 5366 1717 5434 mirandum,

147 5448 276 5521 quia
301 5451 394 5520 qui
432 5462 617 5508 amant
651 5457 942 5522 mundum,
983 5453 1204 5511 fratrem
1242 5473 1274 5513 a
1311 5460 1496 5514 mundi
1536 5475 1720 5517 amore

152 5549 482 5610 separatum,
530 5553 584 5600 et
621 5547 928 5602 coelestibus
971 5555 1182 5602 tantum
1218 5551 1496 5606 desideriis
1537 5553 1712 5608 inten-

153 5639 294 5698 tum,
329 5648 513 5689 amare
535 5651 641 5691 non
660 5638 888 5707 possint.
931 5637 1272 5694 Abominatio
1296 5650 1377 5696 est
1413 5644 1554 5712 enim
1596 5659 1720 5718 pec-

150 5724 320 5781 catori
369 5725 588 5799 religio,
628 5737 687 5783 ut
716 5728 995 5800 Scriptura
1022 5736 1272 5786 testatur.

1826 4642 2110 4703 lectionem
2139 4665 2298 4707 nemo
2325 4653 2515 4719 habet,
2549 4665 2609 4711 ut
2637 4657 2871 4714 animam
2902 4675 3053 4715 suam
3083 4671 3247 4733 ponat
3283 4666 3404 4736 quis

1825 4749 1925 4806 pro
1967 4739 2157 4795 amicis
2191 4743 2322 4798 suis.
2367 4744 2520 4800 Unde
2559 4756 2614 4801 et
2651 4747 2848 4806 Paulus
2886 4752 2961 4806 ait
3002 4771 3017 4808 :
3059 4753 3403 4812 Commendat

1826 4836 2000 4881 autem
2036 4829 2177 4885 Deus
2205 4849 2356 4887 suam
2387 4835 2694 4893 charitatem
2720 4841 2774 4894 in
2805 4843 2950 4898 nobis
2968 4884 2982 4910 ,
3011 4847 3257 4916 quoniam
3284 4864 3402 4903 cum

1827 4918 1998 4973 adhuc
2023 4935 2318 4992 peccatores
2345 4943 2594 4998 essemus,
2621 4930 2859 4988 Christus
2879 4953 2973 5006 pro
2995 4938 3141 4993 nobis
3167 4950 3401 4996 mortuus

1823 5020 1898 5065 est
1927 5011 2097 5083 (Rom.
2125 5015 2201 5088 v).
2227 5017 2377 5074 Hanc
2401 5020 2591 5080 beatus
2629 5025 2818 5084 Petrus
2858 5031 3055 5089 habere
3082 5036 3399 5094 monebatur

1824 5114 1947 5155 cum
1961 5101 2185 5160 Domino
2197 5107 2409 5165 dicente
2427 5128 2438 5163 :
2460 5108 2634 5181 Petre,
2649 5133 2796 5172 amas
2809 5120 2918 5173 me?
2926 5139 3079 5190 pasce
3093 5140 3208 5178 oves
3226 5142 3398 5190 meas;

1824 5197 2102 5265 respondit
2128 5213 2188 5253 se
2231 5215 2444 5268 amare,
2475 5206 2763 5278 statimque
2789 5213 2989 5267 audivit
3017 5228 3032 5267 :
3066 5212 3196 5269 Cum
3223 5226 3397 5270 autem

1822 5286 2084 5353 senueris,
2115 5289 2356 5345 extendes
2392 5309 2579 5350 manus
2613 5306 2762 5362 tuas,
2793 5310 2841 5353 et
2875 5299 3010 5356 alius
3045 5311 3094 5356 te
3119 5303 3316 5371 cinget,
3347 5312 3396 5359 et

1822 5374 1973 5464 ducet
1999 5393 2101 5447 quo
2134 5388 2190 5433 tu
2225 5396 2326 5435 non
2366 5384 2458 5438 vis.
2498 5384 2614 5442 Hoc
2647 5398 2820 5444 autem
2853 5391 2984 5445 dixit
3019 5389 3125 5464 (ait
3157 5392 3379 5464 Evange

1821 5463 1976 5538 lium)
1995 5468 2320 5539 signiﬁcans,
2343 5489 2446 5544 qua
2471 5486 2636 5532 morte
2657 5463 3042 5549 clariﬁcaturus
3067 5491 3198 5536 esset
3226 5463 3394 5541 Deum

1826 5556 2006 5628 (Joan.
2031 5559 2254 5634 ultimo).
2280 5563 2374 5619 Cui
2399 5569 2541 5622 enim
2568 5585 2806 5625 amorem
2830 5573 3102 5627 conﬁtenti
3126 5589 3252 5631 suas
3268 5591 3392 5634 oves

1825 5655 2262 5724 commendarat,
2292 5676 2414 5715 eum
2455 5663 2509 5717 in
2540 5665 2905 5719 testimonium
2935 5667 3160 5736 perfecti
3195 5675 3391 5731 amoris

1824 5742 2058 5820 animam
2083 5762 2234 5805 suam
2257 5766 2356 5821 pro
2377 5753 2580 5810 eisdem
2603 5753 2794 5810 ovibus
2816 5768 3016 5826 ponere
3039 5758 3285 5821 docebat.
