4030 6460
221 308 335 371 357

942 256 950 263 .
1038 244 1569 355 EOLDECTIONES
1602 295 1673 351 1N
1705 290 2087 359 EPISTOLAS
2125 293 2216 351 ET
2253 295 2669 355 EVANGELIA.

3402 299 3512 361 558

222 424 591 483 humilitatem
634 418 889 475 insinuat.
931 413 1274 487 Subjuugens
1320 422 1533 478 autem,
1570 410 1815 467 converti
1843 410 1896 473 Α
1920 406 2110 477 iignnt,
2136 407 2230 463 sed
2257 408 2374 464 haec
2401 407 2582 464 facere
2612 409 2912 476 desistunt,
2945 408 3033 467 his
3064 417 3127 465 ut
3155 410 3405 483 superius
3433 414 3517 473 di'

222 533 335 573 non
367 530 609 585 possum,
642 511 947 581 superbiam
981 508 1339 562 demonstrat.

300 608 370 663 Et
396 608 535 661 alius
572 604 704 659 dixit
733 619 750 656 :
785 602 1013 657 Uxorem
1051 601 1208 663 duxi,
1242 611 1287 655 et
1324 601 1438 655 ideo
1473 615 1577 653 non
1610 610 1821 667 possunt

223 701 423 756 uenire.
451 698 590 766 Quid
621 711 719 768 per
745 710 971 750 uxorem
1005 695 1106 749 nisi
1140 694 1391 764 voluptas
1420 693 1599 748 carnis
1624 690 1824 761 accipi-

223 790 353 847 tur?
377 789 512 844 Nam
552 788 798 858 quamvis
831 786 1033 841 bonum
1075 786 1145 841 sit
1180 785 1517 856 coniugium,
1554 792 1715 853 atque
1753 781 1822 835 ad

219 885 633 959 propaganda"!
676 882 916 937 sobolem
952 881 1288 951 providentia
1332 880 1513 936 divina
1564 878 1822 933 constitu-

226 988 368 1044 mm,
399 977 639 1033 nonnulli
670 986 853 1031 tamen
878 990 984 1030 non
1015 974 1112 1045 per
1139 977 1242 1029 hoc
1286 972 1671 1028 fecunditatem
1698 982 1823 1043 pro-

220 1069 319 1137 le,
342 1071 443 1125 sed
459 1068 722 1124 desideria
750 1074 1013 1137 expetunt
1028 1064 1337 1136 voidptatis,
1361 1074 1416 1120 et
1438 1063 1560 1119 ideo
1584 1078 1682 1133 per
1709 1072 1821 1117 rem

216 1160 428 1232 iustam
458 1159 752 1231 significari
788 1167 966 1228 potest
995 1173 1101 1212 non
1140 1159 1438 1230 incongrue
1472 1172 1560 1212 res
1595 1156 1816 1227 iniusta.

221 1252 317 1308 Ad
335 1264 552 1306 cauam
580 1266 679 1306 nos
723 1264 854 1321 ergo
883 1249 1075 1305 merui
1097 1249 1330 1305 convivii
1357 1264 1601 1304 summus
1636 1259 1819 1319 pater-

220 1342 465 1400 familias
491 1343 705 1405 invitat,
735 1343 837 1397 sed
854 1343 987 1396 dum
1008 1342 1153 1397 hunc
1180 1351 1395 1397 terrena
1416 1357 1545 1397 cura
1570 1347 1818 1409 occupat,

221 1432 385 1490 ilum
415 1434 585 1489 alieni
607 1440 764 1489 actus
802 1444 967 1505 sagax
998 1434 1259 1505 cogitatio
1286 1435 1550 1488 devastat.
1585 1432 1821 1488 Alterius

219 1526 400 1584 etiam
422 1536 658 1582 mentem
680 1527 931 1596 voluptas
951 1525 1184 1581 carnalis
1212 1525 1476 1595 inquinat,
1506 1522 1822 1579 fastidiosus

222 1620 462 1691 quisque
485 1618 555 1673 ad
578 1627 794 1674 aeterna
820 1617 945 1672 vitm
971 1614 1159 1687 epulas
1188 1632 1292 1671 non
1322 1614 1560 1670 festinat.

300 1714 371 1769 Et
390 1728 843 1778 reversueserm,
868 1711 1135 1768 umﬂinvii
1156 1711 1267 1765 luce
1288 1710 1502 1764 domino
1521 1725 1639 1763 suo.
1674 1706 1821 1763 Tunc

1923 500 2122 565 ximus,
2153 499 2471 571 plerumque
2495 503 2779 576 contingit,
2803 511 2862 558 ut
2891 518 2983 559 eos
3006 504 3058 558 in
3084 506 3396 564 carnalibus
3422 509 3518 566 de-

1923 592 2140 648 sideriis
2172 593 2318 659 suis,
2366 594 2550 648 mundi
2584 594 2740 662 hujus
2788 594 3089 653 adrersitas
3135 599 3311 654 feriat.
3363 600 3517 673 Saepe

1924 700 2157 755 namque
2186 694 2279 740 aut
2318 685 2475 757 longa
2500 684 2817 758 aegritudine
2853 688 3166 756 tabescum,
3202 701 3296 746 aut
3333 691 3518 750 amicti

1924 780 2138 850 injuriis
2164 776 2486 845 concidunt,
2525 789 2619 835 aut
2655 783 2903 850 percussi
2931 784 3271 854 gravioribus
3305 786 3517 842 damnis

1924 873 2251 948 alliiguntur,
2280 877 2375 932 sed
2400 877 2492 946 qui
2522 878 2668 946 ipsos
2700 874 2755 930 in’
2779 875 2894 937 Suis
2918 878 3199 937 desideriis
3226 880 3517 952 reprehen-

1924 970 2113 1025 dentes
2139 971 2205 1025 ad
2238 971 2524 1025 Dominum
2558 966 2721 1026 cord'a
2747 970 3091 1029 convertunt.
3120 972 3221 1043 Qui
3252 989 3383 1046 ergo
3415 974 3520 1029 hu-

1916 1061 2009 1131 jus
2034 1063 2220 1117 mundi
2250 1063 2672 1118 adver’sitatibus
2699 1061 2890 1127 fracti,
2926 1052 2995 1118 a'd
3032 1061 3133 1121 Dei
3163 1080 3404 1122 amorem
3435 1080 3522 1123 re-

1925 1155 2107 1218 deunt,
2134 1162 2297 1225 atque
2323 1170 2353 1208 a
2382 1156 2664 1225 praesentis
2691 1155 2815 1210 vita:
2840 1154 3123 1213 desideriis
3152 1159 3516 1230 corriguntur,

1925 1248 2055 1317 quid
2090 1248 2179 1303 isti
2220 1248 2324 1302 nisi
2364 1246 2776 1318 compelluntur,
2829 1255 2889 1302 ut
2929 1242 3170 1305 intrent?
3213 1244 3319 1304 Sed
3365 1250 3523 1307 valde

1923 1347 2007 1395 est
2046 1339 2326 1395 tremenda
2376 1340 2668 1407 sententia,
2709 1324 2828 1413 qua:
2864 1341 3116 1415 protinus
3157 1339 3517 1399 subinfertur.

1924 1430 2018 1487 Ait
2050 1432 2196 1487 enim
2231 1450 2245 1485 :

1995 1522 2127 1578 Dico
2156 1532 2330 1577 autem
2362 1523 2502 1579 vobis
2521 1566 2535 1589 ,
2565 1521 2709 1598 quod
2744 1542 2894 1582 nemo
2923 1524 3153 1582 virorum
3182 1510 3397 1583 illorum
3425 1525 3517 1599 qui

1925 1621 2094 1673 vocati
2120 1622 2273 1685 sunt,
2305 1628 2411 1675 etc.
2443 1621 2583 1677 Ecce
2614 1637 2711 1693 per
2738 1637 2797 1679 se
2823 1624 2985 1679 vacat
3003 1663 3027 1689 ,τ
3048 1637 3146 1695 per
3177 1622 3398 1695 angelos
3426 1637 3523 1679 vo-

1927 1716 2050 1774 cat,
2096 1724 2195 1780 per
2234 1711 2505 1781 apostolos
2537 1722 2723 1778 vocat,
2769 1715 3087 1785 plerumque
3116 1729 3216 1789 per
3258 1715 3521 1773 miracula

221 1804 403 1859 bam
429 1804 819 1875 paterfautitias
847 1803 981 1858 dixit
1003 1812 1269 1857 nmmo
1292 1815 1310 1854 :
1334 1800 1441 1855 Exi
1479 1802 1585 1854 cito
1624 1801 1679 1854 in
1702 1799 1818 1869 pla-
1848 1781 1896 1851 Β
1925 1807 2109 1865 vocat,
2151 1799 2467 1871 plerumque
2499 1818 2597 1872 per
2632 1781 2837 1873 flagella
2868 1781 3057 1870 vocat,
3096 1781 3389 1876 aliquando
3424 1821 3526 1876 per

220 1904 361 1960 ιω,
404 1909 454 1950 α
497 1897 638 1951 viros
664 1896 929 1962 ciuitatis,
973 1902 1229 1965 paupera
1257 1908 1319 1947 ae
1340 1891 1556 1956 debiles,
1578 1904 1743 1946 arcos
1771 1899 1820 1945 et

221 1988 449 2044 clauda
476 1988 722 2047 iitrond
756 1989 883 2043 huc.
921 1987 1059 2042 Ecce
1100 1987 1195 2056 qui
1239 1994 1467 2040 terrena:
1504 1985 1821 2041 substantire

220 2080 348 2150 plus
368 2078 516 2148 justo
542 2080 782 2145 incubat,
812 2079 999 2133 venire
1030 2079 1098 2132 ad
1122 2077 1457 2132 Dominicam
1485 2086 1700 2133 canam
1729 2090 1819 2131 res

221 2179 414 2237 cusat,
440 2171 534 2242 qui
570 2170 756 2225 labore
793 2168 1184 2224 iiieuriositatis
1225 2168 1471 2233 insudat,
1516 2173 1821 2237 praeparata

218 2262 649 2319 vitaaiimenta
692 2259 935 2325 fastidit,
967 2260 1060 2329 qui
1088 2257 1398 2314 carnalibus
1423 2257 1707 2313 desideriis
1735 2255 1820 2310 in-

217 2353 427 2419 haeret,
473 2352 735 2424 spiritalis
778 2352 1012 2407 convivii
1051 2352 1237 2420 epulas
1269 2351 1494 2418 respuit.
1526 2349 1662 2417 Quia
1693 2353 1823 2420 ergo

216 2446 419 2501 vcnire
442 2441 661 2513 superbi
684 2450 944 2507 renuunt,
967 2455 1235 2511 pauperes
1254 2441 1544 2511 eliguntur,
1567 2456 1665 2495 cur
1685 2441 1823 2495 hoc?

213 2537 336 2593 nisi
369 2537 500 2606 quia
527 2536 680 2607 iusta
724 2535 877 2589 Pauli
922 2550 1141 2599 vocem,
1188 2535 1399 2604 infirma
1442 2534 1627 2589 mundi
1671 2534 1823 2605 elegit

218 2628 389 2693 Deus,
420 2639 479 2682 tu
510 2628 800 2697 confundat
824 2628 985 2697 fortia
1010 2626 1061 2699 (I
1089 2627 1211 2681 Cor.
1238 2627 1298 2699 ι).
1330 2627 1603 2697 Pauperes
1639 2636 1821 2683 autem

220 2728 282 2778 et
307 2720 513 2775 debiles
538 2720 813 2785 dicuntur,
844 2722 934 2789 qui
958 2720 1165 2788 judicio
1189 2736 1289 2775 suo
1321 2721 1463 2790 apud
1503 2721 1822 2791 semetipsos

222 2809 433 2868 inﬁrmi
464 2818 609 2866 sunt.
648 2809 787 2864 Nam
811 2818 1077 2880 pauperes
1104 2820 1157 2866 et
1177 2812 1331 2881 quasi
1365 2810 1532 2866 fortes
1557 2818 1703 2877 sunt,
1728 2811 1820 2882 qui

221 2909 287 2957 et
307 2902 466 2973 positi
504 2903 565 2956 in
600 2909 921 2972 paupertate
953 2903 1287 2971 superbiant.
1334 2901 1472 2956 ϐωοί
1510 2914 1638 2956 vero
1672 2910 1819 2969 sunt,

221 2993 322 3065 qui
366 2993 579 3047 nullum
622 2993 831 3062 ingenii
869 2993 1053 3047 iumen
1096 2993 1314 3047 habent.
1360 2992 1546 3047 Claudi
1586 3000 1819 3063 quoque,

223 3086 326 3158 Qui
360 3090 546 3142 rectos
583 3090 804 3157 gressus
849 3085 915 3140 lyr
942 3087 1255 3155 operatione
1302 3101 1407 3141 non
1451 3087 1678 3152 habent,
1727 3086 1822 3142 sed

223 3180 357 3236 dum
384 3184 599 3235 monuit
626 3178 759 3233 vitia
792 3176 849 3233 in
885 3180 1252 3233 membrorum
1291 3179 1567 3234 debilitate
1606 3181 1823 3250 signan-

225 3278 339 3336 tur,
385 3268 629 3341 profecto
668 3269 839 3342 liquet
884 3270 1010 3341 quia
1054 3272 1194 3325 sicut
1234 3268 1309 3325 illi
1356 3279 1666 3340 peccatores
1717 3271 1824 3327 fue-

222 3370 391 3427 runt,
418 3363 517 3435 qui
554 3361 736 3418 ruenti
776 3362 963 3417 venire
1008 3361 1328 3425 noluerunt,
1381 3363 1455 3416 ita
1507 3363 1563 3417 hi
1610 3366 1826 3433 quoque

219 3458 549 3532 peceatores
570 3458 713 3519 sunt.
742 3457 833 3527 qui
864 3457 1170 3512 invitantur
1196 3462 1251 3512 ct
1287 3457 1526 3513 veniunt.
1558 3455 1663 3513 Sed
1692 3473 1823 3528 pec—

223 3561 448 3609 catores
482 3550 702 3622 Stiptu'bi
747 3558 1094 3621 respuuntdr,
1145 3556 1199 3605 et
1242 3559 1557 3623 peccatores
1594 3550 1825 3608 humiles

222 3640 520 3717 eliguntur.
554 3640 666 3701 Hos
699 3647 882 3716 itaque
909 3645 1059 3717 eligit
1098 3642 1389 3713 Dominus,
1427 3663 1563 3719 quos
1597 3648 1825 3718 despicit

221 3734 481 3790 mundus.
514 3734 655 3803 Quia‘
688 3735 1005 3809 plerumque
1055 3736 1170 3808 ipsa
1222 3736 1499 3809 despectio
1549 3740 1824 3795 hominem

223 3834 450 3882 revocat
474 3826 544 3882 ad
570 3828 938 3911 ymetipsum.
968 3826 1243 3897 Pauperes
1272 3838 1327 3884 et
1354 3830 1585 3897 debiles,
1615 3832 1743 3886 czeci
1770 3841 1826 3887 et

222 3918 407 3976 claudi
444 3930 706 3975 vocantur
733 3928 787 3975 et
815 3921 1067 3985 veniunt,
1108 3921 1233 3990 quia
1272 3921 1473 3975 infirmi
1509 3922 1711 3992 quique
1742 3931 1825 3978 at-

223 4020 333 4082 que
362 4009 417 4065 in
439 4010 545 4065 huc
575 4010 775 4064 mundo
798 4009 1036 4081 despecti
1066 4011 1386 4082 plerumque
1412 4021 1562 4067 tanto
1594 4012 1824 4070 celerius

224 4117 425 4162 vocem
448 4101 543 4159 Dei
571 4104 817 4167 audiunt,
842 4113 1045 4173 quanto
1074 4108 1127 4157 et
1151 4103 1202 4157 in
1227 4102 1330 4159 huc
1362 4105 1563 4160 mundo
1593 4120 1699 4161 non
1729 4105 1825 4160 lia-

220 4194 360 4250 bent
386 4193 476 4249 ubi
508 4193 862 4257 delectentur,
897 4195 989 4248 sed
1028 4193 1203 4247 ductis
1231 4196 1297 4248 ad
1334 4209 1545 4249 ccenam
1573 4196 1825 4266 pauperi-

222 4286 352 4351 bus,
388 4285 517 4355 quisi
544 4300 680 4353 puer
705 4282 996 4353 subiungat
1022 4284 1305 4339 audiamuS
1340 4304 1353 4338 :

225 4433 243 4446 ,
300 4373 544 4433 Domine.
572 4374 771 4444 factum
792 4384 867 4427 est
888 4384 943 4426 ut
969 4372 1257 4443 imperasti,
1286 4383 1332 4427 et
1355 4374 1527 4428 adhuc
1551 4373 1698 4429 locus
1724 4385 1818 4431 est.

224 4466 385 4521 Multi
416 4466 551 4521 tales
585 4467 653 4520 ad
690 4465 1023 4520 Dominicam
1054 4476 1264 4520 cte‘nam
1294 4482 1362 4520 ex
1391 4464 1574 4520 ,ιιιάερίι
1611 4466 1822 4523 collecti

225 4565 373 4619 sunt,
412 4557 507 4611 sed
534 4554 819 4610 multitudo
847 4570 965 4625 qua:
996 4570 1059 4610 ex
1100 4554 1397 4610 lsraelitico
1428 4555 1623 4626 populo
1650 4557 1826 4611 credi-

227 4650 341 4713 dit,
384 4649 563 4703 locum
606 4646 825 4718 superni
865 4647 1096 4701 convivii
1139 4662 1246 4702 non
1293 4647 1553 4716 implevit.
1601 4648 1830 4705 intravit

219 4741 338 4811 jam
370 4734 672 4809 frequentia
704 4737 1010 4793 Iudaeorum
1036 4781 1050 4805 ,
1079 4740 1173 4795 sed
1202 4740 1378 4797 adhuc
1410 4742 1559 4796 locus
1583 4753 1697 4808 est,
1728 4760 1824 4798 va-

226 4841 319 4889 cat
340 4832 399 4886 in
430 4846 595 4903 regno
628 4831 713 4886 ubi
737 4832 936 4903 suscipi
960 4831 1151 4887 debeat
1173 4834 1537 4890 numerositas
1561 4837 1824 4908 gentium,

228 4927 374 4980 unde
402 4934 457 4980 et
485 4925 661 4980 eidem
691 4940 847 4979 servo
875 4924 1073 4980 dicitur
1098 4945 1111 4980 :

305 5014 411 5071 Eri
440 5018 499 5071 in
521 5018 632 5071 tias
654 5026 702 5071 et
727 5033 893 5087 seres,
934 5026 983 5071 et
1009 5018 1255 5090 compelle
1276 5021 1475 5077 intrare
1493 5064 1508 5089 ,
1531 5034 1587 5077 ut
1611 5026 1828 5097 implea-

226 5116 320 5164 tur
363 5109 552 5163 domus
600 5122 733 5163 mea.
766 5108 901 5163 Cum
929 5109 994 5166 de
1016 5111 1151 5166 vicis
1181 5120 1235 5166 rt
1272 5113 1465 5184 plateis
1503 5119 1571 5173 ad
1612 5134 1826 5176 caenam

227 5200 496 5256 Dominus
525 5201 748 5268 invitat,
787 5202 936 5257 illum
973 5202 1223 5260 videlicet
1260 5207 1516 5278 populum
1558 5210 1827 5283 designat,

231 5294 325 5363 qui
355 5305 541 5350 tenere
570 5294 742 5368 legem
769 5298 870 5352 sub
904 5296 1105 5352 urbana
1136 5302 1548 5358 conversatione
1576 5316 1821 5363 noverat.

232 5384 372 5441 Cum
414 5400 547 5444 vero
587 5388 843 5445 convivas
888 5405 1017 5444 suos
1055 5387 1230 5461 colligi
1270 5406 1337 5446 ex
1378 5392 1480 5449 viis
1518 5402 1572 5449 et
1611 5397 1837 5467 sepibus

231 5479 517 5550 praecipit,
553 5478 811 5534 nimirum
850 5489 1117 5553 agrestem
1156 5482 1414 5552 populum
1450 5485 1730 5559 colligere,
1771 5489 1840 5548 id.

230 5577 355 5634 est,
396 5569 654 5642 gentilem
691 5571 904 5643 quaerit.
948 5570 1249 5626 Notandum
1287 5588 1417 5631 vero
1459 5578 1602 5646 quod
1640 5579 1693 5633 in
1726 5580 1841 5641 hac

236 5662 561 5718 invitatione
594 5663 788 5732 tertia,
822 5679 929 5719 non
968 5662 1164 5719 dicitur
1191 5663 1390 5733 invita,
1428 5668 1524 5723 sed
1565 5673 1839 5742 compelle

238 5755 469 5821 intrare.
497 5750 640 5814 Nam
664 5752 1081 5826 suntnonnuili,
1112 5756 1206 5831 qui
1229 5752 1372 5817 bona
1394 5755 1642 5821 facienda
1669 5762 1841 5827 intqu

1924 1898 2112 1952 mundi
2141 1896 2304 1968 hujus
2333 1914 2593 1969 prospera
2619 1909 2799 1964 vocat,
2827 1899 3117 1969 aliquando
3142 1914 3240 1973 per
3268 1901 3517 1957 adversa.

1925 1982 2097 2047 Nemo
2130 1998 2463 2056 contemnat,
2492 2007 2560 2047 ne
2592 1978 2724 2055 dum
2747 2002 2980 2059 vocatus
2998 2002 3243 2065 excusat,
3273 2011 3409 2055 cum
3428 2010 3524 2061 vo-

1922 2078 2088 2138 luerit
2114 2080 2318 2139 intrare
2341 2094 2447 2137 non
2470 2082 2669 2139 valeat.

2100 2219 2524 2278 Ηεθῡοωιω
2561 2220 2650 2279 tm
2683 2164 2864 2278 res!
2898 2204 3327 2279 eammeam

2149 2348 2323 2389 EPIST.
2367 2340 2529 2390 sum
2564 2344 2726 2391 parnt
2761 2346 3051 2403 APOSTOLI,
3093 2338 3214 2393 cui.
3250 2352 3304 2391 v.

2002 2461 2023 2498 ς
2061 2442 2437 2499 Humillamini
2469 2445 2570 2500 sub
2593 2445 2800 2515 potenti
2829 2450 2990 2501 manu
3021 2446 3153 2511 Dei,
3175 2454 3239 2502 ut
3263 2460 3365 2502 vos
3383 2447 3526 2505 θυι

1932 2553 1951 2586 ι
1999 2542 2077 2591 tet
2106 2538 2156 2589 in
2186 2541 2429 2606 tempore
2454 2535 2781 2590 visitationis
2803 2575 2817 2601 ,
2853 2550 3069 2592 omnem
3106 2536 3526 2595 sollicitudinem

1931 2642 1953 2676 ι
1996 2631 2232 2679 vestram
2255 2624 2603 2695 projicientes
2632 2625 2683 2679 in
2707 2641 2854 2692 eum,
2877 2627 3133 2697 quoniam
3161 2628 3264 2699 ipsi
3290 2644 3425 2685 cura
3441 2636 3528 2687 est

1932 2735 1951 2768 ι
1994 2712 2061 2773 de
2086 2718 2258 2772 vobis.
2296 2717 2476 2772 Sobrii
2516 2727 2688 2775 estote
2733 2729 2787 2775 et
2826 2720 3075 2792 vigilate,
3114 2723 3240 2792 quia
3271 2724 3528 2785 adversa-

1932 2828 1950 2860 ι
1995 2810 2109 2864 rius
2145 2817 2329 2865 vester
2364 2810 2611 2866 diabolus
2644 2820 2898 2880 tanqtmm
2933 2814 3017 2868 leo
3060 2815 3278 2885 rugiens
3306 2815 3525 2883 circuit,

1932 2920 1953 2954 ‹
1994 2918 2243 2973 quterens
2264 2918 2423 2972 quem
2455 2904 2700 2969 devoret,
2729 2904 2817 2960 cui
2850 2906 3087 2965 resistite
3117 2905 3289 2963 fortes
3314 2907 3520 2975 inﬁde,

1932 3011 1951 3045 ι
1997 2995 2230 3049 scientes
2266 3009 2383 3049 eam
2395 2994 2510 3048 dem
2539 2992 2846 3065 passionem
2870 2995 2955 3063 ei,
2975 3012 3095 3067 qua:
3124 2998 3417 3057 inmundo
3439 3006 3525 3059 est

1933 3103 1951 3137 ι
1997 3094 2192 3141 vestrae
2213 3082 2542 3143 fraternitati
2566 3087 2704 3143 fieri.
2739 3087 2883 3147 Deus
2907 3098 3088 3146 autem
3114 3091 3523 3162 omnisgratia.

1933 3197 1951 3230 ι
1998 3179 2088 3249 qui
2117 3181 2329 3235 vocavit
2354 3196 2451 3236 vos
2480 3182 2533 3235 in
2550 3190 2810 3239 aeternam
2832 3200 2985 3240 sua-lu
3007 3184 3258 3256 gloriam,
3289 3187 3343 3242 in
3366 3186 3526 3244 Chri-

1932 3292 1951 3325 ‹
1993 3272 2079 3330 sto
2108 3271 2264 3338 Iesu,
2297 3276 2567 3331 modicum
2596 3292 2807 3347 passos.
2837 3277 2956 3353 ipse
3006 3278 3281 3348 perficiet,
3324 3280 3525 3337 conﬁr—

1932 3385 1951 3418 t
1998 3367 2195 3433 mabit,
2237 3368 2630 3438 solidabitque,
2678 3370 2782 3439 ipsi
2823 3369 2997 3443 gloria
3034 3380 3090 3429 et
3134 3370 3434 3444 imperium»
3466 3374 3526 3431 in

1932 3454 1963 3513 ι’
1997 3461 2193 3517 secula
2226 3463 2569 3518 surculorum.
2601 3462 2792 3518 Amen.

1997 3550 2374 3607 Humiliamini
2409 3553 2505 3608 sub
2536 3554 2737 3623 potenti
2762 3570 2924 3610 manu
2963 3553 3093 3621 Dei,
3126 3564 3182 3611 ut
3208 3572 3295 3611 vos
3330 3556 3526 3613 exultet

1924 3644 1979 3697 in
2003 3638 2232 3715 tempore
2258 3644 2617 3702 tribulationis
2636 3687 2657 3709 ν
2677 3654 2782 3702 etc.
2824 3645 2974 3703 Hauc
3010 3664 3139 3719 ergo
3165 3652 3398 3721 gratiam
3423 3650 3527 3707 hu-

1926 3734 2143 3790 milibus
2171 3736 2386 3800 trEbuit,
2420 3743 2481 3809 ιε
2514 3753 2622 3808 quo
2646 3739 2821 3811 magis
2846 3739 3112 3796 bumiliati
3145 3740 3371 3804 fuerint,
3398 3758 3525 3814 pro-

1924 3837 2048 3899 pter
2088 3827 2263 3899 ipsum
2300 3836 2543 3900 tempore
2583 3832 2931 3899 certaminis,
2972 3847 3039 3889 eo
3061 3833 3357 3909 gloriosius
3376 3837 3524 3895 exal-

1926 3928 2110 3973 tentnr
2138 3920 2205 3975 ab
2242 3920 2391 3990 ipso,
2420 3930 2663 3992 tempore
2701 3923 3093 3980 retrilmtionis.
3123 3925 3306 3984 Potest
3337 3936 3523 3986 autem

1924 4000 2230 4067 humiliatio
2258 4012 2361 4069 hoc
2389 4013 2443 4067 in
2476 4013 2596 4071 loco
2631 4013 2926 4070 multifarie
2961 4016 3167 4087 accipi,
3194 4018 3298 4076 hoc
3325 4028 3443 4086 est,
3468 4028 3525 4078 et

1923 4117 1987 4158 ea
2015 4119 2118 4173 qua
2144 4104 2405 4173 incipiens
2431 4103 2663 4175 quisque
2682 4105 2771 4161 via
2791 4105 3077 4181 virtutum,
3108 4123 3207 4177 pro
3233 4110 3521 4169 abluendis

1925 4211 2043 4265 quae
2067 4196 2416 4250 commiserat
2444 4196 2682 4265 peccatis
2715 4195 3009 4252 salubriter
3046 4199 3315 4265 atteritur,
3347 4209 3403 4257 et
3430 4202 3520 4258 illa

1924 4302 2043 4356 qua:
2066 4296 2361 4357 spontanea
2385 4288 2580 4341 mentis
2605 4286 2890 4343 devotione
2915 4304 2948 4343 a
2969 4288 3387 4359 perfectionibus
3411 4294 3521 4353 Deo

1926 4377 2011 4431 vel
2052 4377 2313 4449 proximis
2355 4378 2409 4433 in
2448 4394 2580 4449 pace
2617 4380 2906 4443 exhibetur
2942 4398 3124 4440 rerum
3163 4386 3521 4445 circumstan-

1850 4506 1903 4569 Β
1929 4470 2092 4535 tium,
2140 4486 2241 4526 nec
2270 4488 2376 4526 non
2414 4480 2468 4527 et
2504 4488 2568 4528 ea
2604 4490 2710 4543 qua
2754 4475 3154 4536 incursantibus
3187 4485 3523 4551 persecutio-

1928 4578 2057 4617 num
2105 4560 2450 4630 turbinibus,
2503 4565 2739 4622 invictus
2786 4581 2886 4637 per
2934 4569 3213 4640 patientia;
3262 4575 3520 4634 virtutem

1929 4656 2141 4711 animus
2167 4667 2430 4712 armatur.
2462 4657 2620 4714 Omni
2648 4670 2827 4716 autem
2852 4665 3035 4734 generi
3063 4666 3269 4723 devotas
3303 4671 3522 4728 immiliva

1930 4750 2056 4804 tatis
2085 4765 2295 4805 merces
2326 4753 2566 4807 succedit
2611 4754 2703 4810 illa
2726 4796 2741 4821 ,
2795 4765 2857 4811 ut
2896 4759 2995 4827 qui
3028 4775 3095 4816 se
3135 4769 3379 4834 tempore
3409 4783 3519 4823 suae

1928 4842 2382 4914 peregrinationis
2404 4844 2688 4902 bumiliaut
2706 4887 2722 4915 ,
2756 4855 2998 4921 tempore
3045 4854 3375 4914 visitationis
3399 4859 3521 4931 ejus

1931 4934 2254 4990 exaitcntur.
3514 4984 3523 4989 _

2000 5024 2175 5081 Sobrii
2207 5036 2395 5094 estote,
2423 5028 2659 5100 vigilate,
2692 5034 2819 5103 quia
2844 5034 3178 5094 adversaria
3206 5049 3374 5097 vester
3400 5042 3520 5100 dia-

1928 5115 2077 5172 bolus
2101 5128 2349 5190 tanquam
2380 5118 2458 5173 leo
2502 5123 2711 5193 rugiens
2736 5127 2925 5182 circuit
2966 5143 3208 5200 querens
3238 5149 3389 5204 quem
3420 5136 3522 5191 de:

1928 5218 2084 5264 voret.
2127 5208 2184 5264 In
2226 5208 2385 5278 huius
2433 5214 2770 5283 expositione
2796 5220 3099 5299 sententia
3134 5238 3244 5277 non
3290 5236 3515 5295 mura,

1926 5314 2117 5353 verum
2141 5301 2283 5355 beati
2298 5300 2556 5375 Cypriani
2582 5305 2723 5363 dicta
2746 5323 3030 5379 ponamus.
3057 5313 3282 5380 Circuit,
3315 5318 3517 5387 inquit,

1927 5391 2018 5447 ille
2045 5407 2147 5449 nos
2171 5393 2430 5465 singulos,
2461 5402 2516 5451 et
2536 5404 2793 5469 tanquam
2822 5402 2994 5459 hostis
3015 5402 3234 5461 clausus
3257 5408 3523 5468 obsidens

1927 5502 2133 5552 muros,
2166 5487 2413 5559 explorat
2463 5503 2519 5547 et
2559 5500 2746 5560 tentat,
2781 5512 2851 5551 an
2876 5497 2948 5552 sit
2976 5512 3106 5568 pars
3136 5498 3315 5572 siqua
3345 5519 3521 5563 mem-3

1926 5580 2147 5639 brorum
2186 5583 2366 5641 minus
2402 5587 2642 5653 stabilis;
2668 5599 2728 5646 et
2762 5592 2943 5653 minus
2970 5592 3106 5661 lida,
3137 5595 3292 5667 cuius
3327 5600 3516 5661 auditu

1930 5674 1999 5733 ad
2039 5672 2296 5733 interiora
2340 5689 2679 5750 penetratur,
2712 5682 2877 5741 oden
2906 5686 3079 5743 oculis
3115 5686 3322 5748 formas
3345 5684 3521 5753 illico!

1926 5775 1984 5825 et
2007 5766 2195 5829 faciles
2223 5771 2551 5853 voluptates,
2575 5782 2633 5832 ut
2660 5775 2778 5836 visu
2799 5777 3045 5841 demat
3061 5786 3389 5861 anitatem,
3414 5798 3523 5857 an?
