4030 6464
456 5137 466 5146 1

493 4992 523 5157 ᾖ
593 5013 694 5068 Cui
734 5017 956 5074 resistite
989 4992 1150 5091 Iertes
1189 5027 1243 5079 in
1287 5027 1357 5096 ﬁd

515 5104 767 5172 rsistentis
795 5109 850 5163 in
882 5110 1097 5169 deserto
1126 5115 1357 5172 diabolo.

569 344 675 402 559

1859 353 2207 410 smmum
2242 333 2536 414 innuis

3739 378 3851 439 360

568 475 657 516 res
679 474 777 529 per
799 475 1056 514 canoram
1082 461 1343 516 musicam
1373 469 1570 528 tentat,
1605 474 1664 518 ut
1704 466 1755 519 vi
1789 467 1905 520 soni
1940 466 2145 520 dulcio-
2172 471 2225 528 Α
2323 470 2424 535 Qui
2473 474 2666 527 vocavit
2712 492 2838 541 nos,
2881 484 2988 532 etc.
3037 478 3220 534 Gloria
3261 482 3406 537 enim
3449 484 3604 543 istius
3653 495 3851 552 εεαιῑὶ

567 549 645 604 ris
673 550 913 603 auditum
943 550 1144 615 solvat,
1171 560 1225 605 et
1255 553 1462 607 molliat
1487 554 1852 609 Christianum
1883 557 2142 626 vigorem,

566 637 806 709 linguam
838 640 1078 694 convicio
1105 651 1379 710 provocat,
1410 661 1631 698 manum
1652 645 1861 714 injuriis
1883 647 2149 702 lacessen—

568 730 712 785 tibus
752 732 820 786 ad
846 731 1196 800 petulantiam
1227 734 1388 790 caedis
1418 736 1668 808 instigat,
1697 748 1756 792 ut
1784 737 2148 796 fraudatorem

567 820 748 887 faciat,
795 823 944 877 lucra
971 825 1210 894 aopponit
1254 824 1486 894 injusta,
1539 838 1598 883 ut
1641 830 1876 884 animam
1921 833 2147 900 pecunia

567 913 771 980 capiat,
798 912 994 982 ingerit
1022 913 1324 982 perniciosa
1351 919 1686 985 compendia.
1713 918 1957 975 Honores
1978 928 2150 976 terre-

563 1017 662 1057 nos
707 1002 1012 1073 promittit,
1052 1014 1113 1060 ut
1149 1007 1316 1062 cmlos
1357 1008 1590 1074 adimat,
1633 1011 1868 1066 ostendit
1890 1012 2060 1078 falsa,
2089 1023 2150 1068 ut

561 1107 688 1147 vera
728 1093 1024 1164 subripiat,
1065 1105 1120 1150 et
1152 1112 1277 1150 cum
1311 1097 1541 1154 latenter
1575 1115 1681 1154 non
1724 1110 1902 1171 potest
1940 1102 2144 1171 fallere,

562 1191 748 1253 aperte
783 1185 1025 1240 minatur
1059 1194 1326 1243 terrorem
1366 1190 1596 1244 turbidae
1630 1193 2022 1260 persecutionis
2063 1194 2147 1248 in-

560 1284 804 1344 tentans,
843 1278 911 1332 ad
946 1279 1290 1337 debellandos
1329 1297 1515 1338 servos
1572 1283 1667 1338 Dei
1706 1285 1978 1354 inquietus
2007 1301 2174 1340 sem--

559 1385 677 1440 per,
705 1379 760 1425 et
788 1387 1003 1441 semper
1032 1373 1288 1441 infestus,
1315 1376 1367 1430 in
1396 1392 1526 1447 pace
1554 1377 1840 1443 subdolus,
1870 1379 1922 1432 in
1958 1395 2145 1448 perse-

561 1461 776 1515 cutione
797 1462 1082 1518 violentus.
1099 1464 1477 1534 Quamobrem,
1501 1478 1691 1524 contra
1712 1485 1901 1524 omnes
1923 1471 2142 1538 diaboli,

559 1549 643 1603 vel
669 1551 889 1608 fallaces
929 1555 1151 1611 insidias
1173 1597 1186 1622 ,
1229 1558 1313 1612 vel
1350 1568 1566 1630 apertas
1596 1560 1772 1615 minas
1807 1569 1952 1616 stare
1987 1562 2145 1617 debet

560 1638 856 1696 instructus
894 1645 1136 1711 animus,
1167 1656 1223 1701 et
1254 1656 1497 1702 armatur
1531 1656 1639 1703 tam
1673 1657 1895 1719 paratus
1932 1667 2146 1721 semper

559 1729 624 1781 ad
654 1735 1076 1801 repugnandum,
1098 1752 1260 1806 quam
1281 1746 1365 1793 est
1386 1739 1454 1792 ad
1480 1739 1901 1811 impugnandum
1928 1758 2142 1814 semper

555 1830 776 1887 paratus
802 1823 1077 1882 inimicus.

627 1909 728 1965 Cui
754 1915 974 1970 resistite
999 1917 1158 1983 fortes
1187 1920 1240 1974 in
1261 1921 1397 1990 ﬁde,
1428 1923 1648 1977 scientes
1675 1926 1909 1979 eamdem
1935 1929 2138 1997 passio-

554 2014 672 2052 nem
699 2001 766 2067 ei,
815 2019 932 2073 qua:
981 2007 1036 2060 in
1070 2008 1265 2062 mundo
1295 2020 1386 2075 est,
1423 2022 1606 2066 vestrae
1649 2013 1965 2082 fraternitati
1988 2016 2135 2085 ﬁeri,

555 2098 659 2144 etc.
693 2091 890 2161 Tanto,
921 2095 1117 2166 inquit,
1146 2098 1398 2156 fortiores
1421 2112 1591 2159 estote
1613 2106 1666 2159 in
1695 2105 1819 2169 ﬁde,
1844 2115 1994 2162 tanto
2024 2124 2139 2163 ma-

549 2182 722 2252 jorem
744 2187 886 2243 habe
914 2197 965 2244 te
994 2191 1246 2249 ﬁduciam
1279 2197 1346 2250 ad
1374 2200 1704 2267 superandas
1728 2201 1929 2256 diaboli
1949 2218 2137 2258 versu-

553 2273 689 2340 tias,
717 2287 919 2346 quanto
957 2292 1204 2351 constat,
1233 2289 1356 2356 quia
1398 2306 1502 2344 non
1547 2307 1640 2346 vos
1672 2293 1770 2347 soli
1823 2296 2132 2364 tentamini,

550 2364 646 2419 sed
683 2365 800 2436 ipsa
836 2372 1016 2438 passio
1058 2389 1177 2443 qua:
1210 2392 1306 2432 vos
1335 2377 1558 2450 fatigat,
1587 2383 1638 2436 ei
1663 2399 1877 2454 quoque
1903 2401 2020 2455 quae
2041 2403 2138 2457 per

550 2462 719 2511 totum
749 2462 1005 2518 mundum
1031 2475 1114 2521 est
1144 2469 1400 2526 Ecclesiae
1425 2473 1645 2541 Christi,
1670 2485 1863 2531 vestrae
1893 2479 2138 2534 videlicet

546 2547 876 2608 fraternitati
919 2563 1222 2618 communis
1259 2574 1375 2631 est,
1415 2576 1471 2622 et
1511 2570 1638 2639 quia
1681 2585 1708 2624 a
1752 2575 2135 2631 constitutione

545 2643 734 2698 mundi
761 2660 972 2716 semper
1005 2655 1145 2720 passi
1173 2665 1298 2711 sunt
1314 2657 1469 2726 justi,
1495 2664 1695 2732 pudeat
1721 2681 1815 2720 vos
1841 2667 1984 2722 solos
2019 2685 2132 2739 pra:

545 2732 796 2789 omnibus
818 2737 1086 2797 sustinere
1109 2760 1215 2798 non
1242 2764 1420 2818 posse.

1101 2851 1223 2891 ΑΗΔ
1257 2855 1564 2898 Ειροειτιο.

617 2915 988 2976 Humiliamini
1014 2924 1109 2977 sub
1137 2931 1335 2998 potenti
1365 2949 1525 2987 manu
1555 2934 1672 2989 Dei.
1700 2936 1754 2990 id
1778 2947 1880 3004 est,
1914 2942 2014 2996 sub
2039 2958 2134 3012 po-

546 3015 743 3062 testate
775 3007 891 3076 Dei,
923 3027 1116 3070 manus
1143 3018 1286 3072 enim
1313 3021 1408 3077 Dei
1432 3032 1485 3077 et
1515 3024 1656 3080 ﬁlius
1680 3035 1732 3081 et
1758 3037 1998 3098 potestas
2018 3007 2133 3101 ejus

543 3095 878 3168 intelligitur.
921 3101 1090 3160 Filius
1128 3107 1219 3162 ubi
1259 3109 1334 3164 ait
1366 3127 1379 3163 :
1412 3111 1608 3168 Emitte
1642 3095 1853 3171 manum
1890 3095 2131 3176 tuam'de

543 3185 678 3253 alto,
716 3191 855 3261 eripe
890 3209 970 3249 me
1001 3205 1048 3249 et
1088 3196 1251 3253 libera
1284 3217 1384 3255 me.
1425 3201 1671 3261 Potestas
1710 3209 1801 3263 ubi
1836 3208 1968 3265 dicit
2014 3231 2026 3266 :
2060 3212 2128 3269 In
2156 3189 2201 3252 C

541 3295 728 3335 manus
756 3292 872 3340 tuas
895 3291 1198 3346 commendo
1225 3295 1465 3364 spiritum
1492 3313 1683 3366 meum,
1714 3309 1768 3355 et
1800 3303 2020 3358 similia.

614 3371 681 3427 Ut
710 3393 796 3431 vos
816 3381 1026 3436 exultet.
1052 3381 1240 3440 Omnis
1265 3388 1410 3441 enim
1438 3390 1514 3443 ait
1533 3391 1882 3463 'Evangclium
1911 3415 1922 3451 :
1949 3397 2053 3465 Qui
2072 3417 2128 3456 se

538 3462 802 3532 humiliat,
835 3471 1174 3530 exaltabitur.

608 3553 677 3610 In
704 3566 930 3627 tempore
950 3564 1280 3621 uisitationis.
1311 3569 1369 3624 ld
1394 3577 1496 3636 est,
1528 3571 1582 3626 in
1611 3575 1696 3629 die
1715 3576 1925 3645 judicii.

611 3641 828 3700 Omnem
866 3651 1268 3710 sollicitudinem
1302 3671 1542 3726 vestram,
1571 3674 1675 3720 etc.
1707 3641 1777 3723 llt
1803 3671 1870 3724 ab
1901 3687 1966 3726 e0
1991 3674 2122 3729 edu-

538 3734 680 3800 cati,
734 3736 968 3796 inimicis
1012 3741 1227 3800 fortiter
1276 3750 1530 3806 resistere
1572 3753 1816 3812 Valeatis.
1863 3761 2018 3816 Jacta
2069 3765 2126 3819 in

535 3824 725 3894 Deum,
751 3830 826 3884 ait
857 3832 1161 3903 Psalmista,
1185 3856 1366 3894 curam
1392 3852 1557 3910 tuam,
1587 3857 1635 3900 et
1664 3849 1772 3919 ipse
1802 3861 1850 3906 te
1878 3856 2118 3911 enutriet.

609 3917 870 3983 Quoniam
901 3925 1000 3994 ipsi
1024 3943 1150 3981 cura
1171 3940 1245 3983 est
1269 3932 1332 3986 de
1362 3935 1523 3988 vobis.
1564 3937 1716 3993 Oculi
1739 3943 1883 3997 enim
1908 3945 2120 4002 Domini

533 4023 696 4080 super
727 4009 902 4079 justos
936 4024 992 4070 et
1019 4033 1179 4074 aures
1213 4020 1330 4090 ejus
1365 4025 1430 4079 ad
1462 4042 1652 4096 preces
1685 4045 1905 4099 eorum,
1941 4046 1995 4090 et
2028 4038 2121 4107 qui

533 4103 707 4174 tangit
733 4118 846 4170 eos,
878 4109 1030 4175 quasi
1062 4111 1154 4181 qui
1183 4115 1353 4186 tangit
1377 4117 1634 4186 pupillam
1662 4123 1801 4176 oculi
1829 4124 1964 4194 ejus.

603 4193 779 4250 Sobrii
821 4207 999 4253 estote.
1048 4200 1105 4255 ld
1150 4211 1264 4270 est,
1310 4210 1624 4279 temperati,
1667 4193 1933 4272 sobrietas
1973 4218 2118 4276 enim

530 4289 884 4355 temperantia
911 4291 1244 4364 intelligitur.

610 4375 852 4447 Vigilate.
897 4381 1022 4436 Haec
1062 4385 1336 4454 vigilantia
1384 4393 1677 4460 spiritualis
1727 4415 1832 4454 non
1883 4405 2116 4460 carnalis

531 4464 866 4538 intelligitur,
901 4487 1004 4525 non
1049 4483 1124 4527 est
1151 4477 1297 4532 nobis
1326 4481 1625 4538 colluctatio
1644 4527 1657 4551 ,
1687 4489 1763 4540 ait
1791 4489 2110 4562 Apostolus,

529 4557 777 4613 adversus
803 4579 1016 4617 carnem
1041 4574 1088 4618 et
1113 4571 1420 4638 sanguinem
1439 4613 1452 4640 ,
1489 4577 1580 4630 sed
1614 4579 1865 4636 adversus
1895 4587 2101 4656 spirita-

527 4651 601 4705 les
626 4652 902 4722 nequitias.
1921 4651 1931 4656 ’
2090 4663 2094 4666 ’

495 4777 514 4837 ἒ
601 4742 739 4809 Quia
777 4746 1108 4804 adversarius
1145 4762 1309 4808 vester
1344 4756 1618 4828 diabolus,
1666 4772 1771 4818 etc.
1807 4765 2110 4837 Aliquando

498 4807 768 4903 jdiabolus
810 4835 895 4890 leo
935 4847 1156 4909 propter
1198 4854 1412 4912 apertas
1455 4853 1855 4917 persecutiones
1890 4807 2105 4913 dicitur.

521 4921 828 4991 Aliquando
849 4927 1012 4982 draco
1032 4942 1253 5002 propter
1272 4937 1510 4993 occultas
1531 4940 1752 4999 insidias
1774 4948 2104 5005 nominatur.

593 5013 694 5068 Cui
734 5017 956 5074 resistite
989 5021 1148 5091 fortes
1189 5027 1243 5079 in
1287 5027 1410 5096 ﬁde.
1466 5031 1725 5104 Exemplo
1775 5036 1977 5094 Christi
2023 5057 2109 5097 re-

451 5171 520 5296 d
595 5197 827 5255 Scientes
864 5204 1098 5260 eamdem
1131 5211 1456 5279 passionem,
1501 5225 1604 5270 etc.
1639 5217 1694 5272 ld
1737 5230 1819 5275 est
1857 5226 2103 5281 eamdem

490 5289 844 5358 ‘passionem,
870 5309 1032 5364 quam
1054 5313 1150 5353 vos
1173 5303 1471 5370 sustinetis,
1505 5315 1560 5360 et
1582 5323 1644 5361 ea
1672 5325 1790 5379 qua:
1816 5313 1871 5366 in
1901 5317 2103 5372 mundo

519 5389 605 5435 est
625 5392 818 5441 vestrm
839 5385 1217 5460 fraternitatis,
1243 5411 1364 5466 qua:
1387 5405 1470 5453 est
1493 5400 1814 5459 universalis
1836 5405 2097 5476 Ecclesia,

519 5475 788 5532 sustinere
809 5495 916 5535 non
939 5494 1137 5539 cessat.

589 5561 731 5618 Deus
758 5578 929 5624 autem
957 5576 1124 5628 omnis
1143 5580 1347 5647 gratiae.
1370 5580 1425 5635 Id
1455 5590 1566 5649 est,
1595 5585 1940 5645 multiformis
1979 5607 2102 5664 gra-

519 5652 610 5720 tiae
624 5669 637 5706 :
653 5654 822 5715 Omne
837 5663 981 5716 enim
1001 5665 1222 5735 bonum,
1247 5672 1390 5739 quod
1405 5673 1566 5729 homo
1587 5652 2099 5754 habetpergratiam

515 5743 635 5816 Dei,
665 5756 724 5802 ut
748 5749 946 5809 habeat
967 5757 1179 5830 accipit.
1761 5743 1779 5749 -
1869 5743 1896 5754 ⁷
1970 5769 2036 5776 ”

2166 1821 2214 1881 Β

2249 562 2558 629 temporalis
2586 573 2689 629 est,
2715 575 2770 620 ct
2795 567 2963 636 gloria
2992 568 3154 624 futuri
3185 574 3367 628 saeculi
3397 585 3620 633 aeterna.

2318 651 2383 705 In
2420 652 2624 708 Christo
2649 655 2778 711 Jesu
2807 659 3034 715 Domino
3064 673 3259 718 nostra.
3291 666 3347 719 ld
3376 677 3488 734 est,
3517 685 3621 741 per
3657 673 3848 732 incar-

2246 741 2524 796 nationem
2547 742 2675 798 Jesu
2705 745 2906 802 Christi
2934 749 3149 806 Domini
3178 756 3370 811 nostri.

2319 834 2583 890 Modicum
2606 856 2812 909 passus.
2838 842 2897 897 ld
2922 853 3006 898 est
3022 885 3037 911 ,
3069 855 3194 916 post
3221 852 3490 908 modicam
3524 859 3845 927 passionem

2246 922 2302 978 in
2341 935 2597 983 aeternam
2641 947 2902 988 vocamur
2953 939 3214 1006 requiem.
3270 941 3341 997 Ut
3379 922 3846 1019 illud—propheti-

2245 1030 2369 1070 cum
2400 1035 2413 1071 :
2458 1019 2638 1076 Videte
2667 1025 2790 1094 quia
2814 1027 3016 1084 modice
3038 1028 3305 1101 laboravi,
3340 1045 3389 1090 et
3418 1038 3592 1094 inveni
3616 1042 3844 1099 multam

2246 1111 2374 1164 mihi
2404 1116 2650 1184 requiem.

2315 1200 2435 1271 Ipse
2459 1206 2711 1273 perﬁciet,
2741 1210 3095 1279 conﬁrmabit,
3123 1214 3388 1272 solidabit.
3421 1218 3686 1280 Perﬁciet
3729 1240 3845 1282 eor-

2243 1281 2392 1362 pore,
2426 1296 2769 1354 conﬁrmabit
2798 1304 3002 1369 animo,
3033 1307 3286 1380 solivdabit
3315 1313 3505 1380 spiritu
3527 1355 3543 1380 ,
3570 1317 3696 1373 sive
3727 1335 3843 1388 per—

2245 1381 2392 1436 ﬁciet
2433 1387 2657 1453 prmmio
2686 1396 2908 1445 azterno.
2954 1392 3310 1452 Conlirmabit
3356 1400 3411 1453 in
3460 1416 3632 1471 opere
3667 1381 3838 1470 bono,

2245 1473 2493 1529 solidabit
2519 1478 2573 1531 in
2609 1479 2713 1535 ﬁde
2749 1482 2804 1536 in
2831 1481 3047 1539 Christo
3077 1483 3206 1542 Jesu
3242 1488 3471 1546 Domino
3501 1505 3729 1558 nostro,
3757 1497 3840 1551 cui

2242 1574 2330 1623 est
2357 1567 2526 1638 gloria
2554 1580 2609 1627 et
2643 1572 2930 1645 imperium
2961 1577 3017 1632 in
3045 1580 3238 1635 szecula
3270 1583 3611 1640 saeculorum.
3637 1586 3832 1643 Amen.

2608 1700 2947 1743 ΕνΑΝςειιωι
2985 1705 3134 1745 ιυοᾶἒ
3157 1731 3172 1756 ,
3210 1708 3329 1747 CAP.
3372 1710 3459 1749 XV.

2318 1791 2339 1825 ι
2383 1772 2552 1828 Erant
2591 1778 3086 1848 appropinquantes
3123 1782 3194 1836 ad
3236 1783 3420 1839 Jesum
3463 1787 3750 1856 publicani
3789 1799 3838 1846 et

2247 1877 2267 1912 ί
2311 1869 2650 1930 peccatores,
2694 1871 2754 1918 ut
2787 1867 3036 1922 audirent
3082 1869 3252 1924 illum.
3302 1872 3370 1926 Et
3419 1878 3837 1931 murmurabant

2245 1970 2264 2003 ι
2308 1943 2566 2010 Pharisaei
2598 1964 2653 2010 et
2690 1957 2882 2013 scribae
2912 1959 3185 2027 dicentes,
3219 1963 3342 2032 quia
3383 1964 3472 2019 hic
3515 1976 3834 2034 peccatores

2244 2061 2265 2096 ι
2310 2046 2502 2115 recipit
2533 2057 2585 2100 et
2619 2049 3060 2106 manducatcum
3087 2052 3210 2107 illis.
3253 2053 3322 2107 Et
3349 2055 3427 2109 ait
3458 2056 3525 2110 ad
3573 2056 3706 2113 illos
3749 2075 3836 2128 pa-

2243 2154 2262 2188 r
2307 2137 2548 2192 rabolam
2585 2139 2743 2194 istam
2777 2140 2963 2196 dicens
3007 2159 3021 2196 :
3057 2141 3188 2210 Quis
3229 2160 3295 2199 ex
3345 2146 3497 2201 vobis
3532 2147 3705 2202 homo
3750 2150 3834 2219 qui

2243 2245 2262 2278 ι
2302 2228 2464 2284 habet
2489 2239 2706 2286 centum
2732 2249 2889 2297 oves,
2921 2243 2976 2288 et
3003 2236 3048 2290 si
3075 2237 3373 2305 perdiderit
3403 2255 3567 2294 unam
3602 2255 3674 2294 ex
3710 2242 3831 2306 illis,

2241 2336 2262 2371 ι
2306 2335 2486 2374 nonne
2511 2322 2731 2378 dimittit
2751 2325 3041 2396 nonaginta
3063 2342 3254 2382 novem
3277 2328 3331 2382 in
3353 2329 3590 2396 deserto,
3606 2341 3667 2386 et
3694 2333 3833 2387 vadit

2243 2427 2260 2459 ι
2307 2410 2375 2464 ad
2406 2409 2553 2465 illam
2603 2429 2722 2482 qua:
2758 2415 3016 2482 perierat,
3060 2417 3232 2473 donec
3275 2419 3514 2474 inveniat
3549 2421 3725 2478 illam.
3772 2423 3831 2478 Et

2241 2518 2260 2551 ι
2307 2517 2427 2555 cum
2463 2503 2727 2559 invenerit
2749 2521 2890 2572 eam,
2922 2507 3150 2578 imponit
3179 2509 3234 2563 in
3263 2510 3518 2566 humeros
3541 2528 3676 2568 suos
3709 2530 3830 2584 gau-

2241 2610 2259 2642 ι
2305 2591 2436 2646 dens
2465 2602 2520 2646 et
2549 2595 2771 2650 veniens
2799 2597 3016 2651 domum
3036 2639 3050 2664 ,
3083 2608 3347 2654 convocat
3375 2602 3582 2658 amicos
3608 2611 3666 2658 et
3698 2606 3826 2660 vici-

2241 2701 2260 2734 ‹
2303 2699 2422 2749 nos,
2441 2684 2628 2740 dicens
2660 2687 2764 2742 illis
2789 2707 2800 2741 :
2829 2688 3288 2761 Congratulamini
3312 2694 3468 2759 mihi,
3497 2697 3628 2766 quia
3651 2697 3828 2754 inveni

2240 2790 2259 2823 ι
2305 2786 2460 2826 ovem
2506 2788 2682 2829 meam
2731 2793 2851 2847 qua:
2894 2780 3150 2848 perierat.
3192 2782 3323 2838 Dico
3369 2786 3525 2840 vobis
3564 2789 3719 2858 quod
3762 2789 3828 2843 ita

2240 2880 2260 2911 ι
2301 2863 2553 2932 gaudium
2593 2866 2698 2920 erit
2735 2866 2790 2920 in
2818 2868 2956 2923 coelo
2992 2885 3155 2940 super
3189 2888 3299 2929 uno
3334 2884 3627 2944 peccatore
3657 2878 3826 2948 poeni-

2239 2967 2258 3002 ‹
2304 2952 2529 3006 tentiam
2558 2963 2770 3024 agente,
2796 2972 2958 3026 quam
2997 2975 3160 3029 super
3195 2964 3488 3035 nonaginta
3521 2981 3724 3023 novem
3749 2968 3805 3036 jl

2238 3060 2257 3094 ι
2300 3043 2418 3107 stis,
2449 3046 2539 3113 qui
2571 3062 2679 3101 non
2716 3048 2958 3119 indigent
2981 3052 3318 3120 poenitentia.
3357 3056 3470 3111 Aut
3489 3073 3613 3127 quae
3637 3061 3827 3115 mulier

2241 3149 2259 3182 ι
2307 3133 2510 3189 habens
2544 3134 2796 3207 dragmas
2843 3139 3058 3208 decem,
3113 3144 3160 3198 si
3202 3146 3500 3214 perdiderit
3545 3149 3825 3221 dragmam

2239 3239 2257 3273 ι
2300 3239 2481 3290 unam,
2510 3243 2688 3282 nonne
2723 3231 2970 3285 accendit
2992 3232 3267 3290 lucernam
3289 3245 3344 3292 et
3364 3241 3563 3294 evertit
3584 3241 3822 3309 domum,

2236 3330 2255 3364 ι
2300 3322 2356 3368 et
2376 3317 2568 3385 quaerit
2601 3318 2906 3390 diligenter,
2938 3323 3108 3381 donec
3138 3327 3395 3384 inveniat.
3424 3330 3492 3386 Et
3523 3348 3650 3388 cum
3680 3335 3823 3392 inve-

2234 3423 2252 3456 ‹
2297 3407 2462 3473 nerit,
2495 3420 2756 3465 convocat
2783 3413 2989 3470 amicas
3012 3423 3066 3470 et
3090 3418 3297 3475 vicinas
3326 3421 3513 3478 dicens
3539 3443 3552 3478 :
3586 3423 3823 3499 Congru-

2232 3513 2252 3546 ‹
2295 3496 2539 3552 tulamini
2569 3501 2730 3567 mihi,
2762 3504 2890 3574 quia
2915 3505 3097 3561 inveni
3122 3509 3424 3581 dragmam,
3453 3529 3622 3583 quam
3648 3496 3821 3587 perdi-

2233 3603 2252 3637 t
2300 3587 2501 3641 deram.
2535 3589 2614 3643 lta
2641 3591 2762 3646 dico
2791 3595 2943 3649 vobis
2961 3635 2976 3660 ,
3002 3598 3256 3668 gaudium
3284 3602 3392 3657 erit
3413 3602 3468 3657 in
3491 3604 3635 3661 caelo
3662 3621 3821 3677 super

2233 3693 2251 3726 ι
2295 3692 2403 3731 uno
2424 3689 2707 3747 peccatore
2731 3685 3110 3752 pmnitentiam
3141 3699 3352 3759 agente.
3393 3711 3414 3746 ι

2297 3767 2467 3823 Erant
2501 3775 2976 3846 appropinquantes
3005 3781 3073 3833 ad
3101 3780 3282 3836 Iesum
3317 3785 3585 3855 publicani
3621 3797 3670 3844 et
3705 3808 3820 3861 pec-

2225 3867 2448 3926 catores,
2479 3870 2583 3916 etc.
2617 3865 2752 3931 Quia
2782 3884 2888 3923 non
2910 3870 3085 3926 solum
3104 3871 3285 3942 justus
3308 3893 3538 3948 peccare
3556 3897 3657 3951 per
3679 3883 3821 3940 iner-

2225 3951 2385 4018 tiam,
2417 3954 2510 4008 sed
2546 3965 2601 4010 et
2628 3969 2898 4028 peccator,
2931 3964 3253 4034 resipiscere
3291 3985 3390 4039 per
3417 3971 3695 4029 solertiam
3725 3992 3818 4046 po-

2222 4051 2363 4111 test,
2406 4055 2691 4117 postquam
2740 4052 2820 4106 sal
2869 4053 3190 4112 infatuatum
3237 4058 3386 4116 foras
3428 4063 3572 4119 mitti
3615 4066 3818 4122 debere

2221 4144 2502 4192 narratum
2553 4149 2653 4206 est,
2700 4159 2826 4198 mox
2863 4131 3222 4216 paenitentum
3273 4154 3470 4210 cohors
3523 4157 3674 4214 intus
3719 4162 3813 4216 ad-

2221 4226 2408 4293 missa,
2452 4229 2800 4301 describitur,
2844 4238 2936 4306 qui
2979 4241 3045 4294 ad
3080 4243 3403 4302 audiendum
3435 4246 3533 4302 Dei
3581 4252 3810 4308 verbum

2220 4319 2736 4390 appropinquantes,
2775 4342 2883 4381 non
2922 4330 3096 4386 solum
3135 4336 3202 4389 ad
3239 4335 3682 4407 colloquendum,
3711 4342 3810 4397 sed

2219 4408 2381 4462 etiam
2424 4412 2490 4465 ad
2526 4419 2960 4474 convescendum
3013 4425 3218 4494 recepti
3265 4436 3410 4493 sunt,
3442 4431 3586 4498 quod
3617 4433 3809 4488 viden-

2223 4508 2302 4554 tes
2365 4500 2627 4559 Pharismi
2695 4507 2970 4581 dedignati
3037 4527 3180 4581 sunt,
3209 4518 3333 4586 quia
3399 4534 3532 4574 .vera
3592 4522 3809 4591 justitia

2219 4595 2649 4661 compassionem
2721 4599 2923 4667 habet,
2993 4602 3128 4659 falsa
3193 4605 3407 4675 justitia
3462 4610 3806 4693 dedignatio-

2217 4699 2364 4749 nem,
2412 4689 2659 4754 quamvis
2702 4699 2758 4744 et
2793 4691 2928 4762 justi
2971 4695 3180 4752 soleant
3229 4710 3376 4755 recte
3420 4689 3804 4772 peccatoribus

2217 4774 2516 4846 indignari;
2552 4781 2645 4834 sed
2675 4783 2818 4837 aliud
2860 4794 2945 4841 est
2983 4791 3127 4858 quod
3157 4793 3333 4864 agitur
3356 4802 3479 4866 typo
3507 4800 3800 4867 superbia,

2215 4866 2362 4920 aliud
2406 4869 2522 4923 zelo
2565 4871 2898 4944 disciplinze;
2932 4880 3027 4934 sed
3075 4884 3200 4952 quia
3237 4886 3365 4955 aegri
3417 4866 3594 4954 erant,
3636 4889 3719 4944 ita
3745 4897 3803 4946 ut

2213 4972 2387 5027 aegros
2416 4975 2473 5014 sc
2503 4976 2622 5017 esse
2651 4967 2945 5035 nescirent,
2977 4981 3249 5041 quatenus
3277 4981 3418 5048 quod
3447 4991 3604 5037 erant
3631 4998 3800 5053 agno-

2209 5058 2442 5115 scerent,
2488 5053 2724 5109 caelestis
2762 5073 2856 5112 eos
2885 5062 3128 5118 medicus
3161 5064 3375 5123 blandis
3405 5069 3662 5127 fomentis
3707 5089 3799 5127 cu-

2209 5146 2312 5200 rat,
2339 5137 2631 5209 benignum
2664 5144 2970 5220 παράδιγμα
3007 5150 3212 5218 objicit,
3244 5163 3299 5209 et
3335 5157 3386 5210 in
3416 5174 3604 5214 eorum
3631 5163 3797 5217 corde

2205 5225 2445 5282 vulneris
2475 5238 2739 5286 tumorem
2763 5237 2980 5302 premit.
3012 5239 3103 5295 Ait
3129 5258 3362 5315 namque
3389 5266 3400 5300 :

2277 5314 2408 5381 Quis
2456 5336 2520 5373 ex
2561 5322 2701 5376 vobis
2747 5325 2923 5392 homo,
2965 5333 3054 5400 qui
3078 5333 3229 5388 habet
3271 5349 3474 5394 centum
3517 5360 3658 5408 oves,
3685 5353 3790 5400 etc.

2203 5403 2345 5462 Ecce
2383 5409 2520 5464 mira
2557 5411 2957 5481 dispensatione
2999 5422 3218 5490 pietatis
3253 5428 3661 5487 similitudinem
3691 5435 3792 5489 Ve-

2202 5497 2340 5552 ritas
2370 5500 2534 5566 dedit,
2565 5518 2728 5571 quam
2758 5515 2811 5560 et
2843 5507 2896 5562 in
2919 5527 2976 5565 se
3009 5513 3126 5582 ipso
3153 5517 3315 5572 homo
3347 5532 3786 5592 recognosceret,

2202 5598 2257 5645 et
2285 5598 2465 5647 tamen
2500 5594 2615 5650 haec
2645 5599 2954 5667 specialiter
2982 5606 3049 5659 ad
3087 5607 3259 5676 ipsum
3290 5621 3569 5668 auctorem
3604 5616 3786 5674 homi-

2201 5698 2330 5738 num
2360 5687 2673 5756 pertineret.
2712 5689 2846 5758 Quia
2875 5697 3018 5751 enim
3046 5705 3390 5760 centenarius
3418 5722 3680 5767 numerus
3704 5719 3789 5770 est

2199 5776 2494 5848 perfectus,
2527 5778 2640 5852 ipse
2669 5793 2885 5842 centum
2922 5804 3052 5847 oves
3093 5792 3284 5852 habuit
3311 5811 3437 5854 cum
3464 5800 3781 5872 angelorum
