4030 6462
176 436 281 496 561

1000 425 1521 488 COLLECTIONES
1556 423 2044 501 lNi‘EPlSTOLAS
2082 421 2172 480 ET
2210 422 2628 482 EVANGELIA.

3345 423 3454 480 362

180 549 547 612 substantiam
580 555 636 606 et
664 545 944 604 hominum
972 547 1200 613 creavit,
1231 547 1326 603 sed
1352 559 1460 601 una
1485 542 1605 600 ovis
1630 551 1761 599 tunc
1786 545 1842 606 Α
1863 542 1940 598 cit
1967 540 2022 596 in
2056 539 2197 597 coelo
2231 539 2509 611 gaudium,
2537 536 2756 611 quando
2779 537 2884 594 hoc
2910 536 3053 607 quod
3089 535 3230 591 male
3263 541 3452 611 gessit,

177 645 368 719 periit,
398 642 616 714 quando
649 642 924 712 peccando
959 641 1122 696 homo
1167 655 1372 710 pascua
1412 638 1540 694 vitae
1571 635 1768 694 dereli-

180 739 321 812 quit.
339 733 559 790 Dimisit
575 739 756 787 autem
771 730 1064 802 nonaginta
1085 742 1281 786 novem
1299 744 1429 785 oves
1451 729 1506 784 in
1528 727 1764 790 deserto,

180 831 314 906 quia
364 827 488 886 illos
537 839 780 883 summos
831 823 1146 894 angelorum
1198 823 1398 879 choros
1448 819 1668 890 reliquit
1711 819 1769 874 in

178 923 344 982 caelo.
412 919 522 976 Cur
569 925 752 974 autem
803 916 1001 974 coelum
1049 915 1322 972 desertum
1368 922 1618 979 vocatur,
1664 911 1769 968 nisi

179 1016 330 1090 quod
356 1015 630 1090 desertum
656 1011 858 1069 dicitur
893 1010 1232 1067 derelictum.
1267 1009 1420 1065 Tunc
1447 1015 1630 1064 autem
1652 1020 1769 1062 cm-

177 1087 297 1168 lum
329 1108 494 1165 homo
523 1087 781 1171 deseruit,
811 1118 935 1161 cum
963 1103 1228 1175 peccavit.
1267 1103 1327 1158 In
1348 1103 1564 1158 deserto
1588 1109 1770 1155 autem

181 1201 485 1273 nonaginta
505 1213 700 1254 novem
726 1213 856 1254 oves
881 1195 1512 1266 remanserant,quando
1540 1193 1596 1249 in
1624 1201 1773 1248 terra

179 1290 448 1348 Dominus
473 1303 638 1344 unam
662 1288 958 1358 quaerebat,
987 1288 1115 1358 quia
1145 1286 1484 1342 rationabilis
1508 1293 1773 1342 creaturae

180 1397 472 1447 numerus,
498 1379 814 1450 angelorum
839 1380 1092 1434 videlicet
1126 1387 1179 1435 et
1206 1378 1509 1443 hominum,
1548 1391 1669 1446 quae
1705 1375 1774 1430 ad

179 1473 476 1529 videndum
506 1471 679 1527 Deum
728 1472 945 1528 condita
981 1470 1179 1537 fuerat,
1217 1477 1480 1543 pereunte
1526 1469 1770 1535 homine,

179 1572 309 1622 erat
343 1563 768 1629 imminutus,'et
803 1570 863 1617 ut
897 1561 1137 1633 perfecta
1175 1577 1387 1617 summa
1414 1560 1598 1617 ovium
1634 1559 1774 1614 inte-

182 1663 440 1730 graretur
491 1655 548 1711 in
593 1655 758 1722 cmlo,
810 1656 975 1712 homo
1029 1655 1274 1726 perditus
1325 1652 1671 1726 quaerebatur
1717 1652 1775 1708 in

187 1757 360 1806 terra.

260 1863 332 1920 Et
372 1881 492 1920 cum
529 1864 782 1920 inuenerit
822 1862 973 1918 illam
1009 1863 1227 1934 imponit
1269 1862 1326 1917 in
1364 1864 1607 1918 humeros
1649 1877 1773 1917 suos

1868 649 1968 706 per
1990 631 2394 706 pmnitentiam,
2422 632 2644 687 damnat
2670 629 2921 701 injustus.

1939 725 2042 781 Aut
2070 741 2187 798 quae
2223 723 2414 778 mulier
2436 723 2630 778 habens
2664 723 2912 795 dragmas
2951 723 3151 792 decem,
3191 726 3239 782 si
3278 727 3457 798 perdi-

1869 817 2009 874 derit
2041 817 2319 889 dragmam
2353 832 2540 881 unam,
2569 823 2676 870 etc.
2719 814 2822 882 Qui
2856 817 3106 889 signatur
3141 833 3241 890 per
3268 829 3458 890 pasto-

1869 923 1985 964 rem
2003 950 2018 976 ,
2047 908 2163 979 ipse
2191 915 2249 964 et
2278 921 2377 978 per
2401 905 2686 961 mulierem
2706 945 2722 972 ,
2759 905 2874 976 ipse
2902 910 3044 962 enim
3074 907 3238 976 Deus,
3267 909 3382 980 ipse
3405 921 3464 966 et

1871 1000 1968 1056 Dei
2015 1001 2304 1070 sapientia,
2347 998 2475 1069 quia
2524 998 2704 1069 imago
2748 999 3069 1069 exprimitur
3110 1001 3166 1056 in
3211 1003 3458 1074 dragma.

1871 1087 2066 1144 Mulier
2101 1089 2380 1162 dragmam
2407 1087 2646 1159 perdidit
2670 1086 2886 1158 quando
2918 1089 3100 1156 homo,
3141 1092 3234 1161 qui
3271 1093 3462 1148 condi-

1873 1189 1964 1237 tus
1989 1182 2057 1237 ad
2083 1182 2375 1253 imaginem
2395 1179 2492 1236 Dei
2521 1178 2719 1245 fuerat,
2743 1181 3020 1250 peccando
3047 1197 3079 1236 a
3107 1182 3465 1240 similitudine

1875 1277 1960 1332 sui
1993 1275 2295 1332 conditoris
2334 1275 2580 1331 recessit.
2613 1273 2724 1330 Sed
2757 1275 3007 1330 accendit
3049 1275 3246 1331 mulier
3282 1277 3462 1333 lucer-

1875 1387 2026 1438 nam,
2063 1371 2192 1441 quia
2240 1370 2508 1442 sapientia
2552 1368 2648 1423 Dei
2695 1369 2947 1441 apparuit
2991 1369 3048 1424 in
3102 1369 3463 1427 humanitate.

1874 1462 2122 1520 Lucerna
2147 1463 2345 1534 quippe
2386 1463 2568 1518 lumen
2603 1461 2658 1516 in
2692 1468 2832 1519 testa
2863 1471 2967 1518 est.
3010 1462 3219 1518 Lumen
3248 1478 3378 1519 vero
3410 1463 3467 1518 in

1877 1566 2035 1623 testa,
2068 1565 2152 1613 est
2177 1557 2433 1612 divinitas
2463 1557 2517 1612 in
2545 1572 2732 1612 carne.
2765 1557 3009 1613 Accensa
3035 1563 3218 1610 autem
3243 1555 3470 1610 lucerna

1876 1651 2075 1708 evertit
2099 1651 2344 1718 domum,
2374 1651 2500 1723 quia
2536 1669 2682 1718 mox,
2711 1661 2773 1707 ut
2795 1650 2912 1722 ejus
2939 1652 3196 1708 divinitas
3222 1665 3320 1722 per
3345 1665 3470 1706 car-

1876 1760 2003 1800 nem
2031 1744 2249 1812 claruit,
2276 1745 2455 1801 omnis
2489 1761 2548 1801 se
2575 1755 2765 1802 nostra
2795 1744 3133 1801 conscientia
3155 1743 3468 1810 concussit;

1877 1837 2073 1898 domus
2108 1854 2345 1910 namque
2388 1841 2675 1908 evertitur,
2704 1856 2827 1897 eum
2867 1840 3307 1898 consideratione
3352 1855 3474 1896 rea-

183 1959 444 2033 gaudens.
467 1957 634 2014 Ovem
668 1959 723 2013 in
750 1958 992 2014 humeris
1019 1931 1296 2028 imposuit,
1328 1957 1453 2029 quia
1482 1957 1774 2012 humanam
1803 1941 1852 2002 Β
1877 1939 1966 1986 “‘5
2015 1932 2098 2033 διξί
2141 1932 2402 2033 Ῑιυξηίωῧ-
2455 1933 2793 2033 θοῖξδείθηῑίί
2839 1933 3214 2033 Ρέτίιξτδθίυτ·
3269 1931 3472 2033 ΕΪθηθ

183 2062 442 2110 naturam
477 2052 781 2124 suscipiens
804 2061 1028 2123 peccata
1066 2060 1255 2108 nostra
1293 2053 1408 2122 ipse
1441 2054 1700 2123 portavit.

260 2170 331 2227 Et
369 2167 574 2226 veniens
611 2170 846 2232 domum,
884 2175 1130 2224 convocat
1168 2167 1385 2231 amicos,
1416 2174 1523 2222 etc.
1555 2166 1778 2221 Inventa

185 2277 293 2319 ove
323 2264 392 2318 ad
419 2264 640 2318 domum
683 2261 861 2326 rediit,
890 2261 1020 2330 quia
1061 2268 1248 2330 pastor
1292 2267 1498 2324 noster,
1527 2266 1780 2328 reparato

185 2353 432 2420 homine,
473 2355 543 2409 ad
591 2369 820 2425 regnum
865 2352 1086 2425 caeleste
1135 2350 1318 2415 rediit,
1349 2350 1438 2404 ubi
1476 2350 1683 2405 amicos
1727 2358 1784 2406 et

183 2447 403 2503 vicinos
450 2448 690 2512 invenit,
740 2446 861 2502 illos
902 2419 1155 2500 videlicet
1199 2443 1516 2514 angelorum
1563 2444 1780 2510 choros,

183 2540 288 2610 qui
333 2539 493 2594 amici
531 2538 649 2610 ejus
676 2549 822 2602 sunt,
853 2538 981 2609 quia
1023 2537 1356 2591 voluntatem
1385 2535 1504 2606 ejus
1532 2537 1786 2590 continue

187 2631 247 2688 in
269 2647 368 2686 sua
391 2631 689 2688 stabilitate
709 2631 1040 2687 custodiunt.
1063 2630 1235 2684 Vicini
1262 2644 1475 2700 quoque
1500 2629 1616 2700 ejus
1636 2637 1782 2695 sunt,

188 2726 320 2796 quia
370 2725 619 2780 claritate
665 2725 890 2780 visionis
938 2724 1083 2779 illius
1143 2739 1239 2778 sua
1289 2723 1608 2779 assiduitate
1655 2739 1782 2794 per-

190 2816 474 2885 fruuntur,
515 2827 573 2874 et
606 2818 900 2873 notandum
940 2816 1085 2887 quod
1125 2831 1232 2871 non
1270 2815 1416 2871 dicat
1445 2815 1786 2886 congratula-

189 2909 328 2964 mini
357 2910 446 2964 ovi
476 2909 728 2976 inventze,
759 2909 855 2965 sed
877 2909 1031 2973 mihi,
1065 2909 1208 2979 quia,
1244 2908 1513 2974 videlicet,
1556 2905 1674 2977 ejus
1702 2914 1787 2964 est

193 2999 453 3072 gaudium
478 3000 587 3055 vita
618 3009 826 3066 nostra,
875 3008 930 3055 et
961 3016 1084 3054 cum
1117 3015 1216 3055 nos
1248 2999 1316 3054 ad
1341 2999 1540 3054 ccelum
1575 2997 1786 3056 reduci-

190 3107 339 3160 mur,
370 3093 767 3149 solemnitatem
794 3091 994 3148 lzetitia:
1018 3090 1161 3147 illius
1195 3091 1500 3162 implemus.

269 3228 401 3285 Dico
443 3231 606 3297 vobis,
646 3232 787 3304 quod
827 3231 905 3285 ita
946 3231 1202 3302 gaudium
1245 3231 1344 3285 erit
1384 3231 1438 3285 in
1481 3229 1630 3297 caelo,
1675 3238 1782 3286 etc.

1879 2040 2010 2081 vero
2037 2026 2196 2082 domo
2226 2027 2500 2082 invenitur
2525 2027 2775 2098 dragma,
2803 2027 2931 2098 quia
2961 2027 3090 2081 dum
3119 2025 3476 2097 perturbatur

1881 2119 2211 2174 conscientia
2239 2119 2499 2186 hominis,
2526 2128 2814 2192 reparatur
2840 2121 2896 2176 in
2925 2119 3147 2176 homine
3170 2118 3472 2175 similitudo

1881 2210 2205 2266 conditoris.

1956 2297 2026 2358 Et
2049 2321 2166 2358 cum
2187 2306 2464 2372 invenerit,
2485 2318 2734 2362 convocat
2755 2309 2976 2375 amicas,
2999 2316 3105 2365 etc.
3137 2308 3268 2376 Quae
3290 2308 3479 2365 amicae

1885 2392 1971 2448 vel
1999 2393 2230 2448 vicinae?
2273 2395 2381 2448 nisi
2419 2394 2523 2450 illae
2547 2405 2845 2466 potestates
2895 2407 3023 2453 sunt
3065 2398 3338 2464 ocelestes,
3362 2395 3476 2466 jam

1887 2487 2138 2557 superius
2166 2486 2343 2554 dictae,
2381 2503 2502 2558 qua:
2542 2498 2694 2545 tanto
2734 2505 2982 2561 supernas
3022 2492 3300 2561 sapientiae
3319 2489 3482 2561 juxta

1887 2587 2036 2645 sunt,
2074 2587 2280 2648 quanto
2324 2579 2375 2635 ei
2405 2595 2503 2650 per
2538 2583 2768 2652 gratiam
2798 2584 3071 2639 continuze
3111 2582 3337 2638 visionis
3387 2598 3484 2654 ap-

1887 2671 2285 2742 pr0pinquant;
2338 2673 2432 2727 sed
2477 2674 2795 2729 intuendum
2836 2690 2936 2730 cur
2977 2675 3082 2730 ista
3133 2675 3331 2730 mulier
3383 2675 3480 2730 de-

1889 2775 2010 2816 cem
2037 2762 2291 2834 dragmas
2312 2763 2569 2820 habuisse
2587 2765 2922 2836 perhibetur.
2939 2767 3269 2838 Angelorum
3285 2767 3485 2838 quippe

1890 2861 1947 2908 et
1986 2854 2268 2909 hominum
2297 2863 2549 2911 naturam
2571 2857 2639 2912 ad
2663 2858 3097 2928 cognoscendum
3136 2874 3195 2914 se
3223 2859 3486 2916 Dominus

1891 2945 2154 3011 condidit,
2183 2961 2344 3017 quam
2373 2947 2499 3003 dum
2545 2949 2848 3004 consistere
2892 2949 2959 3004 ad
3002 2950 3364 3005 aeternitatem
3390 2964 3487 3006 vo-

1891 3039 2014 3106 luit,
2051 3054 2172 3094 eam
2200 3040 2388 3111 procul
2415 3040 2583 3098 dubio
2608 3041 2677 3097 ad
2706 3057 2861 3098 suam
2893 3041 3303 3098 similitudinem
3334 3058 3487 3098 crea-

1890 3130 1991 3185 vit.
2017 3129 2215 3185 Decem
2240 3145 2370 3186 vero
2395 3131 2647 3204 dragmas
2675 3133 2866 3188 habuit
2890 3133 3102 3198 mulier,
3132 3134 3258 3204 quia
3289 3149 3485 3190 novem

1895 3228 2022 3276 sunt
2043 3220 2264 3276 ordines
2292 3221 2640 3293 angelorum;
2673 3223 2769 3279 sed
2796 3232 2855 3277 ut
2881 3223 3244 3293 compleretur
3282 3224 3485 3280 electo-

193 3322 328 3378 Plus
367 3323 433 3377 de
468 3324 748 3379 conversis
790 3325 1191 3394 peccatoribus,
1223 3339 1387 3394 quam
1417 3325 1482 3378 de
1518 3324 1789 3379 stantibus
1816 3317 1862 3381 C
1892 3331 2015 3370 Tum
2039 3331 2320 3383 numerus,
2349 3317 2513 3372 homo
2542 3317 2786 3372 deCimUS
2816 3324 3038 3373 creatus
3080 3327 3184 3384 δεῖν
3211 3319 3304 3388 (illi
3355 3333 3488 3374 0οη·

188 3410 363 3483 justis
414 3412 671 3484 gaudium
723 3413 778 3468 in
825 3413 1006 3480 caelo,
1057 3413 1186 3484 quia
1231 3413 1551 3483 plerumque
1595 3412 1651 3467 hi
1698 3413 1790 3483 qui

195 3503 366 3559 nullis
393 3521 452 3561 se
472 3520 761 3577 oppressos
787 3513 1135 3576 peccatorum
1161 3504 1393 3560 molibus
1415 3505 1620 3570 sciunt,
1645 3513 1795 3561 stant

199 3595 421 3664 quidem
467 3595 523 3650 in
548 3599 634 3649 via
665 3595 916 3664 justitite,
943 3598 1089 3652 nulla
1119 3597 1307 3654 illicita
1335 3606 1674 3669 perpetrant,
1699 3598 1794 3654 sed

200 3697 389 3743 tamen
438 3688 506 3742 ad
557 3687 836 3743 caelestem
877 3691 1111 3757 patriam
1148 3691 1311 3747 anxie
1346 3707 1454 3747 non
1500 3693 1792 3758 anhelant,

202 3787 465 3850 tantoque
491 3778 594 3834 sibi
629 3779 685 3834 in
717 3779 881 3834 rebus
910 3779 1076 3834 licitis
1108 3795 1266 3834 usum
1293 3783 1558 3851 praebent,
1589 3791 1795 3852 quanto

202 3887 268 3930 se
290 3881 636 3944 perpetrasse
663 3871 849 3928 illicita
877 3873 1023 3928 nulla
1058 3874 1445 3940 meminerunt,
1473 3884 1528 3930 et
1556 3875 1796 3947 plerum-

202 3979 316 4036 que
354 3965 493 4035 pigri
542 3972 826 4020 remanent
873 3965 942 4020 ad
983 3967 1288 4021 exercenda
1333 3968 1475 4022 bona
1499 3969 1791 4039 praecipua,

203 4056 337 4126 quia
384 4055 542 4111 valde
592 4055 770 4112 securi
822 4062 983 4122 sunt,
1034 4056 1180 4126 quod
1228 4056 1372 4112 nulla
1419 4059 1798 4114 commiserint

203 4147 353 4204 mala
381 4149 653 4220 graviora.
683 4147 756 4203 At
775 4155 966 4204 contra
996 4164 1384 4220 nonnunquam
1406 4151 1463 4207 hi
1491 4152 1584 4223 qui
1613 4167 1673 4208 se
1699 4152 1798 4207 ali-

206 4254 318 4309 qua
360 4239 548 4295 illicita
585 4240 763 4312 egisse
801 4240 1187 4306 meminerunt,
1214 4256 1282 4296 ex
1323 4242 1443 4313 ipso
1483 4258 1582 4299 suo
1612 4244 1798 4300 dolore

207 4331 549 4402 compuncti,
575 4332 926 4388 inardescunt
951 4332 1019 4388 ad
1045 4347 1288 4388 amorem
1318 4331 1448 4400 Dei,
1482 4348 1711 4405 seseque
1740 4335 1796 4390 in

208 4424 426 4495 magnis
466 4423 758 4479 virtutibus
799 4431 1077 4479 exercent.
1111 4423 1281 4495 Magis
1327 4438 1456 4496 ergo
1493 4424 1562 4480 de
1586 4441 1795 4495 .pecca-

209 4527 333 4571 tore
370 4531 654 4582 converso,
685 4531 848 4586 quam
885 4517 952 4572 de
985 4524 1164 4573 stante
1187 4515 1337 4586 justo
1363 4517 1621 4590 gaudium
1653 4519 1715 4573 fit
1743 4519 1798 4574 in

213 4608 379 4673 cmlo,
411 4610 534 4676 quia
567 4617 624 4664 et
658 4609 768 4666 dux
793 4609 850 4665 in
882 4608 1088 4680 praelio,
1122 4608 1245 4680 plus
1270 4625 1394 4665 eum
1423 4610 1647 4666 militem
1677 4612 1798 4667 dili-

1895 3410 2059 3465 ditori
2083 3425 2204 3476 suo,
2229 3424 2330 3465 nec
2357 3418 2480 3480 post
2507 3409 2719 3480 culpam
2744 3411 2929 3479 periit,
2957 3410 3083 3480 quia
3109 3411 3254 3466 hunc
3280 3419 3489 3466 :eterna

1893 3501 2161 3572 sapientia
2185 3515 2285 3571 per
2315 3516 2536 3557 carnem
2560 3501 2837 3557 miraculis
2867 3517 3159 3559 coruscans
3185 3518 3254 3558 ex
3281 3502 3489 3561 lumine

1892 3600 2049 3650 testae
2075 3594 2370 3665 reparavit.

1965 3684 2056 3740 Ita
2094 3685 2212 3740 dico
2255 3686 2424 3753 vobis,
2465 3687 2719 3757 gaudium
2759 3689 2858 3742 erit
2902 3704 3081 3742 coram
3127 3687 3350 3758 angelis,
3375 3696 3484 3745 etc.

1895 3777 2278 3834 Pcenitentiam
2306 3795 2487 3852 agere,
2519 3789 2680 3836 estet
2705 3789 3014 3852 perpetrata
3044 3781 3183 3836 mala
3208 3782 3489 3854 plangere,

1895 3877 1953 3925 et
1983 3870 2285 3943 plangenda
2321 3888 2428 3928 non
2469 3880 2802 3942 perpetrare.
2846 3872 2981 3928 Nam
3018 3875 3110 3944 qui
3149 3875 3229 3930 sic
3263 3873 3366 3928 alia
3398 3874 3490 3929 de-

1894 3964 2096 4034 plorat,
2125 3972 2187 4019 ut
2217 3972 2396 4020 tamen
2421 3964 2527 4020 alia
2557 3967 2880 4032 committat,
2910 3967 3086 4023 adhuc
3108 3968 3487 4037 paenitentiam

1899 4071 2062 4128 agere
2107 4066 2203 4112 aut
2252 4057 2500 4128 ignorat,
2547 4067 2642 4112 aut
2685 4059 3006 4114 dissimulat.
3058 4059 3198 4126 Quid
3249 4059 3394 4113 enim
3444 4059 3490 4113 si

1895 4155 2120 4218 peccata
2149 4148 2272 4219 quis
2313 4148 2542 4203 luxuria:
2583 4147 2798 4214 deﬂeat,
2832 4157 2888 4204 et
2923 4157 3104 4202 tamen
3156 4149 3333 4203 adhuc
3361 4163 3490 4203 ava-

1896 4240 2038 4295 ritiae
2069 4241 2290 4296 aestibus
2337 4239 2588 4306 anhelat;
2616 4250 2709 4294 aut
2737 4240 2866 4310 quid
2893 4238 3134 4309 prodest,
3164 4239 3211 4294 si
3249 4240 3345 4294 ira:
3371 4239 3488 4295 cul-

1899 4345 1997 4400 pas
2015 4330 2130 4401 jam
2158 4331 2357 4403 lugeat,
2403 4339 2458 4385 et
2489 4340 2669 4387 tamen
2697 4333 2872 4387 adhuc
2909 4330 3127 4386 invidia:
3161 4331 3371 4387 facibus
3404 4340 3487 4387 ta-

1898 4421 2106 4478 bescat.
2150 4421 2256 4478 Sed
2295 4422 2476 4478 minus
2512 4431 2596 4479 est
2633 4423 2792 4479 valde
2831 4422 2975 4494 quod
3014 4422 3267 4490 dicimus,
3299 4433 3359 4479 ut
3396 4426 3489 4495 qui

1899 4524 2124 4586 peccata
2147 4515 2394 4587 deplorat
2421 4517 2686 4587 plorando
2728 4518 2953 4573 minime
2978 4518 3305 4574 committat.
3349 4517 3488 4574 Nam

1901 4610 2248 4681 cogitandum
2281 4626 2622 4682 summopere
2647 4619 2751 4675 est,
2783 4619 2841 4665 ut
2868 4612 2960 4681 qui
2996 4626 3055 4666 se
3081 4611 3270 4668 illicita
3300 4613 3492 4669 memi-

212 4699 316 4770 git,
345 4697 439 4768 qui
461 4706 586 4768 post
606 4695 788 4767 fugam
815 4714 1071 4755 reversus
1095 4701 1308 4756 hostem
1336 4699 1554 4757 fortiter
1575 4704 1796 4774 premit,
1824 4689 1880 4750 Ῑ)
1905 4705 1988 4758 nit
2023 4705 2384 4771 commisisse,
2423 4720 2454 4759 a
2491 4706 2816 4775 quibusdam
2855 4706 3019 4760 etiam
3070 4705 3235 4762 licitis
3277 4706 3492 4760 studeat

215 4805 383 4859 quam
432 4788 582 4844 illum
634 4789 726 4858 qui
773 4801 1051 4858 nunquam
1099 4794 1251 4860 terga
1288 4792 1541 4859 praebuit,
1579 4803 1635 4845 ct
1661 4810 1801 4844 nun-

215 4895 384 4952 quam
410 4879 613 4950 aliquid
641 4878 856 4935 fortiler
881 4878 1027 4936 fecit.
1061 4877 1167 4934 Sed
1198 4879 1342 4934 inter
1375 4879 1493 4936 haec
1519 4878 1801 4936 sciendum

216 4982 325 5038 est,
358 4973 484 5044 quia
524 4980 652 5027 sunt
679 4972 926 5044 plerique
947 4971 1081 5044 justi
1108 4973 1166 5026 in
1190 4987 1422 5042 quorum
1443 4971 1557 5028 vita
1592 4981 1802 5030 tantum

216 5075 306 5124 est
329 5065 607 5138 gaudium,
635 5073 699 5120 ut
728 5066 810 5122 eis
837 5065 1090 5138 qualibet
1115 5074 1463 5138 peccatorum
1488 5068 1806 5136 poenitentia

219 5159 463 5231 prreponi
496 5158 804 5215 nullatenus
841 5159 1035 5230 possit.
1085 5157 1223 5214 Nam
1263 5159 1420 5214 multi
1446 5167 1502 5214 et
1529 5159 1803 5215 nullorum

221 5252 326 5307 sibi
358 5251 624 5307 malorum
652 5258 778 5306 sunt
803 5250 1027 5316 conscii,
1056 5258 1113 5306 et
1143 5259 1323 5307 tamen
1351 5251 1408 5306 in
1440 5250 1577 5304 tanti
1603 5250 1818 5306 ardoris

222 5343 517 5399 alliictione
545 5360 604 5399 se
630 5352 890 5409 exerunt,
923 5358 986 5398 ac
1013 5342 1058 5398 si
1089 5343 1327 5414 peccatis
1363 5342 1616 5398 omnibus
1651 5357 1818 5414 angu-

1906 4795 2202 4857 ahstinere,
2231 4803 2501 4862 quatenus
2535 4811 2634 4862 per
2685 4796 2786 4849 hoc
2822 4795 3092 4849 conditori
3135 4810 3234 4850 suo
3275 4793 3492 4850 satisfa-

1905 4882 2037 4948 ciat,
2063 4889 2124 4936 ut
2149 4883 2241 4952 qui
2287 4884 2558 4939 commisit
2580 4884 2873 4954 prohibita,
2912 4884 3235 4956 sibimetipsi
3279 4887 3494 4943 abscin-

1907 4976 2038 5033 dere
2064 4976 2256 5032 debeat
2284 4978 2448 5033 etiam
2477 4980 2786 5035 commissa.

2050 5087 2473 5146 BEBDOMADA
2524 5091 2570 5147 γ
2618 5089 2794 5148 POST
2830 5091 3353 5151 PENTECOSTEN.

1911 5196 2107 5238 LECTIO
2143 5198 2415 5239 81³15⁸1⁸0ιῶ
2452 5200 2612 5240 ΒΕΔΤῘ
2651 5202 2805 5242 PAULI
2836 5203 3093 5245 APOSTOLI
3126 5204 3194 5243 AD
3228 5199 3497 5250 ROIANOS,

2573 5271 2690 5312 CAP.
2734 5273 2850 5317 νιιι.

1990 5362 2010 5396 ι
2055 5345 2319 5402 Existimo
2347 5346 2493 5402 enim
2525 5349 2669 5417 quod
2696 5365 2803 5404 non
2830 5358 2957 5404 sunt
2986 5350 3265 5419 condignae
3286 5346 3500 5417 passio-

223 5444 460 5493 stentur.
489 5435 698 5492 Cuncta
721 5437 887 5492 etiam
923 5436 1073 5491 licita
1097 5443 1380 5507 respuunt,
1408 5438 1478 5491 ad
1505 5435 1817 5506 despectum
1919 5453 1938 5488 ι
1985 5450 2083 5491 nes
2119 5435 2280 5506 hujus
2310 5438 2572 5508 temporis
2611 5439 2678 5493 ad
2722 5436 2958 5495 futuram
2996 5439 3220 5512 gloriam
3261 5453 3382 5508 qua:
3412 5453 3502 5494 re-

223 5528 419 5584 mundi
447 5527 752 5584 sublimiter
785 5527 1167 5599 accinguntur,
1198 5526 1450 5583 lamentis
1475 5527 1731 5599 gaudent,
1764 5527 1821 5584 in
1921 5545 1942 5580 ι
1984 5528 2254 5584 velabitur
2277 5529 2334 5584 in
2360 5531 2539 5586 nobis.
2583 5529 2720 5587 Nam
2743 5532 3076 5603 exspectatio
3114 5537 3380 5588 creaturae
3417 5546 3507 5588 re-

225 5622 443 5679 cunctis
478 5623 798 5694 semetipsos
822 5620 1127 5684 humiliant,
1159 5629 1216 5674 et
1244 5620 1386 5676 sicut
1420 5619 1661 5676 nonnulli
1689 5634 1816 5690 pec-

227 5719 356 5766 cata
398 5724 641 5781 Operum,
675 5713 756 5769 sic
796 5711 898 5784 ipsi
939 5720 1165 5784 peccata
1208 5711 1596 5783 cogitationum
1634 5711 1818 5782 deplo-

229 5811 379 5856 rant.
414 5800 553 5858 Hinc
582 5817 712 5873 ergo
741 5804 1102 5876 colligendum
1131 5811 1236 5869 est,
1266 5813 1531 5874 quantum
1551 5803 1666 5860 Deo
1688 5819 1818 5879 gau-

231 5895 388 5951 dium
426 5896 612 5962 faciat,
640 5893 856 5965 quando
887 5895 1163 5952 humiliter
1187 5895 1393 5967 plangit
1427 5893 1627 5965 justus,
1660 5896 1706 5952 si
1739 5894 1819 5951 fa-

637 5992 916 6053 ΡΑτιιοι..
965 5989 1097 6053 Cll.

1927 5636 1946 5670 ‹
1989 5619 2314 5676 velationem
2355 5620 2590 5678 filiorum
2617 5624 2712 5679 Dei
2757 5630 3056 5693 exspectat.
3085 5619 3327 5679 Vanitati
3357 5623 3505 5680 enim

1926 5729 1947 5764 ι
1991 5721 2241 5771 creatura
2270 5711 2509 5784 subjecta
2540 5722 2624 5770 est
2647 5731 2753 5772 non
2775 5715 2981 5782 volens,
3014 5716 3108 5771 sed
3134 5725 3357 5787 propter
3378 5731 3504 5772 eum

1928 5825 1948 5860 ι
1994 5807 2088 5878 qui
2114 5807 2347 5879 subjecit
2373 5824 2494 5865 eam
2527 5808 2582 5863 in
2614 5822 2729 5879 spe,
2763 5808 2889 5879 quia
2924 5818 2981 5865 et
3008 5810 3125 5880 ipsa
3153 5817 3404 5864 creatura
3441 5807 3509 5861 li—

1930 5916 1950 5952 ι
1993 5898 2276 5956 berabitur
2318 5917 2350 5956 a
2383 5900 2645 5956 servitute
2691 5900 3052 5973 corruptionis
3100 5901 3156 5956 in
3193 5898 3508 5956 libertatem

3031 5995 3108 6057 12
