4026 6518
548 491 655 549 563

1847 465 2203 527 SMARAGDI
2236 462 2526 522 ABBATIS

3713 458 3816 517 δδι

558 625 577 659 ι
618 601 805 676 gloriae
850 599 1082 655 ﬁliorum
1112 593 1231 650 Dei.
1278 592 1493 649 Scimus
1541 596 1720 645 autem
1766 588 1911 660 quod
1953 585 2134 642 omnis
2160 582 2397 648 Amodo
2434 576 2661 635 vanitati
2705 582 2961 676 creatura
3294 576 3403 638 est,
3453 584 3563 676 non
3608 571 3810 676 volens,

558 719 579 753 ι
623 705 878 757 creatura
906 691 1212 766 ingemiscit
1240 696 1293 744 et
1317 686 1549 761 parturit
1575 700 1749 759 usque
1776 683 1973 739 adhuc.
2015 679 2136 735 Non

561 812 581 847 ι
623 791 797 851 solum
824 794 1003 855 autem
1031 784 1142 849 illa,
1169 779 1263 837 sed
1286 789 1343 837 et
1372 795 1471 836 nos
1498 778 1598 849 ipsi
1625 776 1894 850 primitias
1916 772 2137 851 spiritus

561 902 582 937 ‹
626 882 909 944 habentes,
948 884 1008 935 et
1040 873 1142 946 ipsi
1181 873 1325 928 intra
1355 886 1455 926 nos
1486 868 1771 941 gemimus,
1794 864 2134 941 adoptionem

560 992 582 1028 ι
624 973 860 1029 ﬁliorum
885 968 984 1029 Dei
1011 972 1410 1036 exspectantes,
1444 959 1868 1031 redemptionem
1894 955 2137 1028 corporis

562 1048 585 1118 ιΔ
625 1063 810 1121 nostri
839 1062 894 1118 in
919 1058 1139 1116 Christo
1163 1055 1289 1113 Iesu
1315 1054 1543 1111 Domino
1571 1060 1777 1109 nostro.
1828 1071 1846 1104 ι

625 1177 885 1233 Existimo
913 1174 1053 1231 enim
1081 1171 1220 1243 quod
1262 1186 1366 1227 non
1402 1178 1524 1225 sunt
1566 1165 1838 1237 condigna:
1869 1164 2138 1236 passiones

552 1271 717 1342 hujus
748 1267 995 1339 temporis
1030 1265 1100 1321 ad
1137 1265 1376 1336 futuram
1402 1262 1648 1333 gloriam,
1677 1276 1795 1332 qua:
1828 1256 2140 1313 revelabitur

555 1364 613 1423 in
648 1360 819 1416 nobis.
871 1356 929 1413 Si
974 1357 1096 1427 quis
1142 1356 1432 1420 intueatur,
1474 1352 1621 1422 quod
1665 1366 1765 1421 pro
1798 1365 1882 1415 eo,
1932 1356 1991 1403 ut
2019 1348 2140 1418 quis

555 1451 820 1509 efﬁciatur
864 1449 1008 1505 ﬁlius
1041 1448 1238 1504 excelsi
1266 1446 1362 1503 Dei
1397 1456 1453 1502 et
1480 1445 1655 1501 bteres
1696 1442 1955 1499 bonitatis
2000 1439 2137 1509 ejus,

556 1552 613 1601 et
643 1544 829 1615 gloriae
851 1541 1080 1608 Christi,
1104 1554 1226 1610 quas
1262 1537 1525 1611 unigeniti
1556 1536 1650 1591 ﬁlii
1678 1535 1774 1591 Dei
1806 1533 2137 1596 cohaeredes,

557 1637 722 1693 etiam
763 1636 810 1692 si
856 1636 913 1690 in
950 1633 1193 1690 omnium
1233 1631 1615 1687 mandatorum
1641 1628 1739 1683 Dei
1775 1624 2135 1688 observantia,

555 1741 613 1787 et
634 1726 1113 1803 justiﬁeationibus
1136 1725 1373 1791 Domini,
1398 1724 1519 1781 sine
1555 1721 1777 1794 querela
1800 1727 2137 1793 permaneat,

559 1834 614 1882 et
639 1821 889 1896 pervigili
928 1822 985 1876 in
1020 1820 1106 1876 his
1143 1826 1326 1875 mente
1351 1818 1644 1887 perduret;
1692 1814 1738 1870 si
1764 1813 1945 1869 omnia
1975 1812 2140 1866 etiam

556 1928 843 1989 pinnarum
886 1927 1111 1986 genera,
1142 1926 1263 1982 qum
1308 1908 1442 1966 ferri
1488 1910 1738 1965 humanae
1790 1915 2016 1971 natura),
2055 1918 2119 1958 ve

555 2010 916 2074 extrinsecus,
945 2004 1033 2061 vel
1061 2005 1391 2061 intrinsecus
1418 2009 1668 2072 possunt,
1695 1998 1938 2056 conferat
1965 1997 2029 2051 ad
2058 1994 2141 2050 fu-

558 2109 737 2161 turam
765 2098 1017 2173 gloriam,
1056 2111 1178 2167 quae
1206 2094 1537 2151 revelabitur
1568 2094 1622 2149 in
1662 2093 1884 2155 sanctis,
1915 2089 2000 2145 his
2021 2104 2140 2159 qua:

556 2191 746 2248 oculus
788 2206 897 2245 non
923 2189 1079 2255 vidit,
1111 2202 1212 2243 nec
1246 2188 1395 2242 auris
1428 2185 1651 2250 audivit,
1697 2201 1796 2239 nec
1832 2183 1886 2239 in
1914 2198 2008 2237 cor
2041 2182 2142 2236 lio-

558 2282 721 2343 minis
746 2281 992 2339 aScendit
1033 2299 1044 2332 :
1085 2279 1386 2349 intelligere
1430 2285 1612 2349 potest
1644 2275 1913 2347 quomodo
1942 2273 2141 2331 Paulus

556 2350 721 2435 altius
742 2373 846 2429 ista
871 2357 1222 2435 considerans
1248 2371 1402 2435 dixit,
1428 2370 1666 2427 existimo
1690 2377 1872 2423 autem
1893 2368 2141 2439 quoniam

556 2480 661 2521 non
692 2471 812 2523 sunt
844 2462 1116 2533 condigna:
1137 2462 1404 2531 passiones
1430 2459 1588 2529 hujus
1610 2459 1875 2528 temporis,
1908 2456 1975 2511 ad
2000 2456 2142 2525 futu-

557 2571 672 2611 ram
696 2552 944 2629 gloriam,
965 2568 1082 2625 qua:
1116 2550 1427 2619 revelabitur
1456 2551 1509 2602 in
1534 2550 1701 2611 nobis.
1747 2548 1892 2603 Nihil
1922 2548 2140 2617 quidem

557 2646 780 2717 dignum
810 2645 1061 2713 inveniri,
1085 2643 1169 2698 vel
1207 2642 1511 2712 comparari
1542 2642 1611 2695 ad
1650 2640 1884 2701 futuram
1914 2640 2141 2710 gloriam

555 2743 752 2805 potest.
783 2734 842 2789 In
862 2750 969 2805 quo
998 2734 1144 2789 enim
1174 2734 1403 2791 mortale
1439 2732 1841 2788 immortalibus
1871 2730 2137 2797 conferas,

557 2830 652 2889 aut
694 2824 1057 2881 invisibilibus
1088 2825 1350 2891 visibilia,
1392 2832 1487 2880 aut
1536 2825 1754 2880 aeternis
1798 2824 2137 2894 temporalia,

559 2925 655 2973 aut
681 2916 889 2979 caduca
918 2917 1232 2988 perpetuis?

629 3047 775 3105 Nam
792 3051 1106 3123 exspectatio
1132 3058 1388 3106 creatura:
1414 3050 1774 3111 reuelationem
1791 3051 2022 3122 ﬁliorum
2042 3050 2142 3106 Dei

557 3150 836 3208 exspectat.
853 3142 985 3211 Quae
1011 3150 1191 3198 autem
1220 3151 1306 3199 est
1329 3151 1583 3198 creatura
1605 3158 1725 3214 qua:
1755 3143 2139 3199 revelatiouem

555 3242 789 3294 ﬁliorum
804 3237 899 3293 Dei
928 3238 1241 3307 exspectat?
1264 3235 1413 3302 llaec,
1442 3236 1637 3307 inquit,
1663 3250 1784 3306 quae
1810 3250 1952 3290 nunc
1979 3234 2137 3289 vani-

555 3329 658 3384 tati
685 3326 927 3400 subjecta
955 3334 1058 3393 est,
1090 3324 1335 3395 subjecta
1373 3334 1552 3381 autem
1599 3342 1709 3381 non
1737 3325 1923 3382 volens
1962 3340 2138 3396 neque
2165 3323 2212 3388 C

552 3426 744 3490 sponte
783 3420 1026 3490 propria,
1073 3419 1167 3472 sed
1217 3418 1493 3475 voluntate
1527 3418 1663 3488 ejus,
1707 3427 1929 3490 propter
1958 3418 2135 3488 ipsum

552 3523 683 3581 ergo
729 3509 978 3579 subjecta
1022 3516 1126 3575 est,
1156 3508 1397 3578 subjecta
1445 3519 1624 3565 autem
1676 3527 1781 3565 non
1834 3526 1898 3567 ea
1947 3512 2137 3566 condi-

557 3602 726 3668 tione,
752 3608 814 3655 ut
841 3610 1060 3655 maneat
1093 3617 1307 3671 semper
1344 3600 1584 3670 subjecta
1611 3604 1858 3668 vanitati,
1887 3605 1983 3658 sed
2012 3619 2136 3659 cum

554 3694 788 3762 quadam
816 3708 946 3762 spe;
979 3709 1101 3763 quae
1120 3704 1303 3749 autem
1338 3710 1462 3765 spes
1502 3696 1604 3749 ista
1645 3696 1716 3749 sit
1751 3704 2138 3751 commemorat

556 3784 773 3849 dicens,
816 3784 1071 3854 quoniam
1115 3792 1170 3839 et
1211 3785 1328 3854 ipsa
1370 3793 1645 3850 creatura,
1703 3786 1896 3857 inquit,
1944 3786 2139 3841 libera-

554 3875 706 3931 bitur
747 3891 780 3930 a
820 3876 1081 3932 servitute
1128 3876 1489 3946 corruptionis
1536 3876 1591 3930 in
1656 3876 1908 3932 libertate
1952 3876 2138 3947 gloriae

556 3965 793 4022 ﬁliorum
813 3963 932 4024 Dei.

640 4076 871 4136 Vanitati
919 4080 1058 4136 enim
1097 4087 1341 4135 creatura
1374 4080 1605 4152 subjecta
1645 4088 1752 4147 est,
1795 4097 1899 4135 non
1938 4081 2134 4149 volens,

555 4172 646 4226 sed
690 4181 901 4245 propter
947 4188 1065 4227 eum
1107 4172 1197 4243 qui
1241 4171 1460 4243 subjecit
1506 4173 1560 4226 in
1602 4189 1710 4243 spe,
1755 4175 1878 4246 quia
1925 4183 1973 4227 et
2020 4175 2135 4245 ipsa

556 4275 799 4318 creatura
841 4262 1164 4330 liberabitur,
1197 4271 1303 4320 etc.
1350 4263 1479 4331 Quae
1520 4272 1605 4319 est
1637 4264 1739 4319 ista
1777 4266 2017 4329 vanitas,
2049 4264 2135 4318 cui

556 4362 807 4410 creatura
834 4355 1032 4413 dicitur
1067 4371 1187 4411 esse
1218 4354 1480 4424 subjecta,
1515 4364 1569 4409 et
1598 4371 1718 4426 quae
1748 4364 1832 4411 est
1872 4356 1975 4409 ista
2019 4371 2137 4410 eor-

555 4448 758 4518 ruptio,
808 4448 877 4506 de
922 4449 1077 4519 cujus
1125 4448 1385 4503 servitute
1433 4448 1767 4504 liberandam
1816 4464 1875 4503 se
1920 4447 2138 4517 sperat?

557 4540 691 4594 mihi
723 4539 956 4607 videtur,
983 4539 1128 4610 quod
1155 4538 1221 4593 de
1268 4539 1373 4595 hac
1409 4538 1678 4594 materiali
1706 4547 1761 4594 et
1796 4540 2136 4609 corruptibili

556 4621 847 4703 corporum
898 4631 1201 4689 substantia
1264 4632 1365 4688 ista
1419 4633 1689 4688 dicuntur.
1763 4634 1948 4705 Neque
1991 4637 2137 4691 enim

2239 675 2331 731 sed
2371 680 2592 746 propter
2626 686 2749 728 eum
2791 670 2880 740 qui
2931 666 3163 737 subjecit
3206 665 3260 721 in
3296 678 3412 737 spe,
3442 674 3498 722 et
3534 666 3737 738 ipsum,
3774 670 3816 726 si

2236 770 2468 836 videtur,
2516 767 2741 823 Paulum
2779 763 3127 837 ponamusin
3155 763 3418 829 medium,
3444 759 3596 831 cujus
3639 766 3818 835 utiqne

2238 858 2417 914 anima
2440 858 2523 915 vel
2551 873 2726 926 mens,
2754 872 2874 929 quae
2902 863 2988 913 est
3014 855 3243 913 interior
3267 855 3386 927 ejus
3411 855 3591 919 homo,
3635 860 3820 927 super-

2239 953 2484 1022 greditur
2534 960 2589 1007 et
2637 948 2886 1007 ascendit
2942 964 3103 1005 omne
3158 948 3301 1021 quod
3347 960 3674 1020 corporeum
3721 958 3817 1015 est,

2239 1045 2382 1116 quod
2418 1043 2654 1111 visibile,
2696 1041 2841 1114 quod
2877 1042 3060 1098 sensui
3102 1040 3345 1112 subiacet
3383 1044 3436 1097 et
3474 1041 3744 1111 aspectui,
3772 1050 3820 1096 et

2239 1136 2410 1207 ipsius
2435 1136 2630 1192 divina:
2661 1143 2871 1191 naturai
2896 1132 3127 1189 efﬁcitur
3162 1149 3333 1204 capax
3393 1131 3500 1193 Sed
3531 1134 3653 1188 haec
3681 1142 3819 1187 tanta

2239 1234 2297 1282 et
2318 1227 2445 1284 talis
2472 1227 2650 1282 anima
2678 1224 2796 1294 ejus
2830 1225 3075 1295 subjecta
3105 1233 3190 1280 est
3214 1224 3476 1281 servitute
3521 1226 3821 1296 corruptio-

2240 1315 2327 1373 nis
2354 1317 2620 1387 corporis,
2650 1323 2703 1371 et
2726 1314 2957 1370 vanitati
2986 1314 3101 1386 ejus
3126 1314 3375 1371 devincta
3400 1320 3502 1371 est.
3530 1313 3821 1371 Considera

2240 1411 2382 1465 enim
2422 1409 2776 1464 necessitates
2819 1406 3084 1478 corporis,
3118 1408 3480 1479 appetentiam
3521 1409 3659 1474 cibi,
3688 1409 3824 1479 dige-

2242 1503 2477 1558 stionum
2513 1509 2785 1573 putorem,
2828 1500 3164 1571 posteritatis
3207 1500 3522 1570 reparandae
3567 1512 3825 1555 verecun-

2241 1596 2405 1661 diam,
2453 1604 2513 1650 ut
2550 1596 2753 1651 seritur
2794 1592 3029 1662 soboles,
3056 1602 3118 1650 ut
3160 1593 3360 1665 editur,
3389 1601 3451 1649 ut
3485 1594 3755 1660 nutritur,
3779 1600 3826 1651 et

2240 1689 2365 1744 vide
2391 1696 2592 1759 quanta
2634 1689 2687 1744 in
2722 1689 2809 1744 his
2837 1688 3051 1744 vanitas
3079 1687 3366 1754 habeatur,
3399 1696 3602 1757 quanta
3646 1701 3826 1744 corru-

2240 1781 2374 1850 ptio,
2405 1781 2491 1836 cui
2517 1788 2766 1835 creatura
2794 1781 2990 1835 anima:
3016 1780 3213 1836 nobilis
3234 1787 3290 1836 et
3316 1779 3685 1847 rationabilis,
3717 1780 3828 1836 licet

2122 1902 2140 1958 ι
2169 1954 2204 1958 _
2243 1889 2351 1929 non
2380 1874 2567 1929 volens
2592 1872 2832 1942 subjecta
2855 1882 2959 1929 est.
2987 1871 3241 1943 Subiecta
3265 1879 3445 1928 tamen
3468 1872 3526 1927 in
3553 1887 3680 1943 spe,
3708 1881 3828 1927 tein-

2168 1954 2217 2015 Β
2242 1983 2345 2039 pus
2378 1967 2630 2023 videlicet
2658 1982 2909 2038 sperans,
2941 1969 3086 2038 quod
3124 1967 3403 2034 liberetur,
3433 1982 3560 2023 cum
3592 1965 3827 2023 ﬁliorum

2242 2060 2340 2116 Dei
2370 2070 2582 2131 tempus
2620 2059 2887 2115 libertatis
2923 2059 3226 2127 advenerit,
3257 2059 3362 2115 hoc
3387 2062 3663 2130 est,'ergo
3695 2059 3828 2130 quod

2242 2161 2296 2209 et
2338 2153 2393 2207 in
2432 2152 2554 2207 aliis
2590 2152 2830 2221 apertius
2892 2151 2957 2206 de
2996 2150 3177 2222 seipse
3241 2148 3461 2206 dicebat
3515 2148 3824 2221 Apostolus,

2243 2248 2369 2317 quia
2413 2245 2540 2300 dum
2582 2263 2767 2300 sumus
2806 2245 2863 2300 in
2902 2243 3204 2299 habitacula
3247 2244 3376 2309 hoc,
3442 2244 3827 2317 ingentide

2245 2336 2331 2410 (ΙΙ
2352 2336 2472 2391 Cor.
2499 2335 2573 2409 v).
2617 2336 2767 2407 Ipsos
2796 2351 3012 2407 quoque
3052 2335 3271 2407 angelos
3312 2335 3361 2391 si
3397 2335 3466 2392 ad
3504 2336 3829 2399 sententiam

2242 2428 2395 2485 Pauli
2425 2428 2686 2500 respicias
2715 2444 2823 2500 qua
2853 2429 3061 2494 dicunt,
3087 2429 3212 2499 quia
3247 2444 3423 2485 omnes
3465 2426 3830 2488 ministerium

2242 2521 2460 2593 spiritus
2504 2522 2573 2575 ad
2611 2521 2965 2577 ministerium
3000 2522 3148 2577 missi
3178 2531 3390 2593 propter
3423 2538 3509 2581 eos
3542 2520 3639 2593 qui
3676 2520 3829 2577 [urn-

2243 2614 2460 2671 ditatem
2494 2615 2708 2686 capiunt
2748 2613 2937 2669 salutis
2978 2610 3136 2687 (Heb.
3170 2612 3233 2689 1),
3267 2613 3539 2686 intelliges
3581 2613 3700 2677 tale
3747 2612 3830 2671 ali-

2244 2708 2375 2777 quid
2406 2690 2627 2778 gercre,
2667 2715 2723 2762 et
2752 2706 2882 2763 huic
2913 2707 3112 2762 rationi
3141 2722 3261 2764 esse
3304 2704 3602 2775 subjectos.
3663 2706 3829 2769 Credo

2242 2797 2409 2853 etiam
2468 2798 2614 2868 ipsos
2672 2814 2783 2855 non
2834 2797 3095 2864 volentes,
3151 2797 3248 2853 sed
3297 2805 3524 2869 propter
3576 2812 3710 2863 eum
3751 2796 3831 2869 qui

2242 2888 2475 2960 subjecit
2512 2890 2565 2945 in
2601 2904 2717 2962 spe.
2750 2890 3033 2949 Voluntati
3071 2890 3217 2946 enim
3256 2889 3403 2946 illius
3436 2890 3565 2961 quis
3598 2892 3830 2955 resistet,

2240 2997 2341 3055 ego
2386 2984 2556 3040 etiam
2596 2984 2665 3041 de
2714 2983 3080 3057 archangelis,
3129 2984 3236 3039 tale
3282 2984 3489 3055 aliquid
3531 2984 3833 3059 intelligere

2240 3078 2571 3151 propheticis
2597 3078 2797 3135 invitor
2825 3079 3077 3150 eloquiis.
3101 3078 3242 3147 Quid
3267 3079 3413 3136 enim
3436 3086 3609 3135 tanta
3628 3081 3832 3135 vanita-

2246 3172 2319 3227 tis
2367 3180 2422 3227 et
2451 3179 2616 3228 tanta:
2643 3173 3012 3243 corruptionis
3056 3171 3324 3239 invenias,
3357 3187 3521 3243 quam
3562 3172 3713 3229 bella
3752 3188 3833 3257 ge-

2242 3277 2364 3320 rere
2393 3264 2447 3319 in
2477 3262 2584 3319 hoc
2618 3264 2844 3333 mundo,
2882 3280 3094 3338 pugnas
3132 3266 3421 3322 adversum
3458 3280 3518 3322 se
3554 3280 3752 3339 regum
3787 3276 3834 3321 et

2243 3359 2484 3431 gentium
2539 3344 2901 3415 eommovere.
2953 3359 3088 3415 Vide
3132 3372 3301 3432 ergo,
3350 3358 3497 3430 quod
3541 3368 3603 3416 et
3660 3360 3720 3417 in
3758 3359 3835 3417 bis

2239 3449 2575 3521 praecipuum
2604 3448 2965 3521 archangelici
2996 3450 3176 3521 operis
3196 3444 3429 3507 habetur
3451 3449 3723 3520 cilicium,
3740 3454 3837 3509 sic-

2240 3548 2302 3595 ut
2326 3540 2513 3596 Daniel
2540 3543 2803 3613 propheta
2846 3549 3081 3597 testatur
3119 3557 3242 3598 cum
3266 3542 3416 3615 dicit,
3446 3543 3577 3613 quia
3608 3544 3835 3599 archan-

2240 3631 2392 3704 gelus
2415 3633 2654 3704 loquitur
2680 3634 2751 3689 ad
2774 3648 2916 3696 eum,
2952 3634 3043 3703 qui
3071 3633 3214 3689 dicet
3241 3634 3309 3697 ei,
3339 3631 3482 3701 quod
3512 3635 3836 3704 pugnaverit

2241 3723 2527 3779 adversum
2577 3724 2879 3794 principem
2914 3722 3240 3789 Persarum,
3287 3728 3343 3777 et
3401 3738 3585 3791 nemo,
3641 3727 3833 3799 inquit,

2241 3813 2344 3868 fuit
2369 3815 2502 3867 mihi
2548 3816 2603 3867 in
2654 3810 3003 3881 adjutorium,
3040 3813 3145 3869 nisi
3194 3812 3422 3869 Michael
3449 3815 3715 3888 princeps
3742 3832 3833 3874 ve-

2242 3911 2373 3958 ster.
2406 3901 2513 3958 Per
2536 3902 2653 3959 haec
2691 3918 2822 3975 ergo
2860 3903 3069 3975 singula
3109 3906 3556 3979 deprehenditur,
3600 3911 3835 3967 rationa-

2241 3995 2367 4051 bilis
2393 4003 2643 4051 creatura
2668 3997 2897 4051 vanitati
2931 4011 3051 4053 esse
3080 3998 3343 4069 subjecta,
3372 4015 3481 4056 non
3508 4003 3723 4071 volens,
3746 4002 3836 4062 sed

2240 4097 2464 4159 propter
2497 4104 2643 4155 eum,
2674 4090 2766 4160 qui
2803 4089 3031 4160 subjecit
3070 4091 3126 4145 in
3163 4106 3279 4161 spe,
3322 4104 3447 4163 Spes
3487 4110 3731 4169 namque
3759 4108 3837 4156 est

2246 4177 2314 4233 ab
2352 4180 2437 4235 his
2475 4179 2637 4235 rebus
2675 4181 2916 4251 corporis
2960 4190 3016 4237 et
3055 4185 3501 4255 corruptibilihus
3544 4188 3834 4262 aliquando

2244 4270 2585 4324 cessandum.
2634 4269 2788 4326 Hanc
2815 4272 2962 4326 enim
2980 4269 3148 4328 habet
3176 4276 3644 4344 exspectationem
3685 4296 3836 4337 crea-

2243 4369 2369 4416 tura
2399 4361 2502 4416 ista
2535 4362 2894 4430 rationabilis,
2937 4372 2995 4418 ut
3025 4365 3286 4422 revelatio
3325 4365 3419 4421 ﬁat
3448 4367 3688 4426 ﬁliorum
3719 4370 3833 4439 Dei,

2242 4462 2466 4525 propter
2506 4471 2641 4525 quos
2689 4455 2866 4527 angeli
2904 4458 3195 4512 mittuntur
3238 4459 3293 4513 in
3339 4460 3740 4531 ministerium,
3781 4474 3836 4520 ut

2245 4559 2300 4605 et
2338 4550 2440 4620 ipsi
2480 4565 2600 4606 cum
2636 4552 2720 4606 his
2751 4552 2946 4623 quibus
2980 4553 3429 4611 ministraverunt
3458 4555 3834 4615 bmreditatem

2247 4643 2465 4712 capiant
2513 4642 2733 4709 salutis,
2782 4650 2842 4698 ut
2891 4644 3193 4701 caelestium
3241 4654 3295 4703 et
3348 4649 3693 4703 terrestrium
3744 4650 3835 4705 ﬁat

559 4726 832 4796 corruptio
856 4724 947 4781 alii
968 4725 1243 4795 cuiquam,
1270 4725 1375 4781 nisi
1400 4727 1615 4797 corpori
1640 4729 1979 4796 dominatur;
2013 4742 2139 4784 nam
2162 4696 2217 4757 Β
2241 4749 2383 4789 unus
2426 4750 2556 4805 grex
2577 4776 2591 4801 ,
2635 4742 2690 4789 et
2731 4750 2870 4791 unus
2904 4744 3113 4802 pastor,
3152 4746 3206 4789 et
3243 4733 3318 4790 sit
3353 4732 3500 4792 Deus
3545 4740 3734 4796 omnia
3778 4742 3834 4797 in

560 4819 648 4873 ille
677 4817 905 4872 interior
933 4816 1115 4881 homo,
1148 4818 1240 4885 qui
1274 4819 1570 4871 secundum
1592 4820 1761 4871 Deum
1790 4830 2006 4872 creatus
2033 4829 2136 4883 est,

561 4921 615 4965 et
645 4911 713 4966 ad
744 4908 1035 4981 imaginem
1056 4906 1154 4964 Dei
1184 4907 1362 4965 factus
1389 4909 1815 4981 incorruptibilis
1840 4919 1941 4977 est,
1971 4919 2023 4967 et
2058 4911 2141 4966 in-

561 5002 808 5067 visibilis,
838 5010 893 5058 et
916 5002 1214 5058 secundum
1248 5003 1525 5072 propriam
1565 5003 1647 5056 sui
1679 5004 1943 5059 rationem
1975 5003 2139 5058 etiam

561 5096 914 5165 incorporeus
941 5094 1051 5150 dici
1078 5104 1280 5166 potest,
1306 5095 1546 5150 exterior
1586 5109 1716 5151 vero
1745 5096 1907 5151 homo
1942 5105 1996 5150 et
2026 5111 2144 5151 cor-

560 5199 761 5258 poreus
782 5228 800 5256 ,
846 5196 904 5246 et
949 5188 1316 5259 corruptibilis
1365 5188 1582 5255 dicitur,
1630 5199 1853 5259 propter
1897 5191 2038 5260 quod
2088 5197 2144 5245 et

560 5278 760 5335 Paulus
783 5278 995 5337 dicebat
1036 5294 1051 5333 :
1096 5276 1240 5333 Nam
1279 5280 1374 5333 etsi
1420 5280 1464 5334 is
1502 5280 1591 5351 qui
1631 5280 1825 5348 deforis
1861 5290 1957 5347 est,
1988 5282 2141 5335 homo

562 5382 740 5428 noster
768 5372 1141 5446 corrumpitur,
1173 5373 1263 5428 sed
1290 5374 1381 5445 qui
1413 5376 1550 5427 intus
1581 5384 1680 5439 est,
1716 5386 2013 5429 renovatur.
2056 5374 2141 5431 ln-

562 5464 781 5520 terioris
809 5474 990 5521 autem
1016 5464 1254 5521 hominis
1275 5466 1572 5531 renovatio,
1590 5474 1791 5535 utpote
1812 5467 1906 5536 qui
1935 5473 2017 5521 est
2046 5482 2140 5522 ra-

563 5554 869 5622 tionalis,et
890 5573 1043 5613 mens
1069 5558 1124 5612 in
1149 5558 1455 5629 cognitione
1473 5558 1565 5612 Dei
1598 5565 1652 5612 et
1681 5558 1981 5628 capacitate
2011 5574 2137 5615 san-

564 5647 635 5702 cti
662 5647 917 5718 Spiritus.
962 5651 1191 5707 Constat
1214 5665 1363 5716 vero,
1390 5656 1449 5705 ut
1478 5650 1658 5719 aliqua
1685 5651 1750 5705 de
1778 5660 1888 5705 tam
1918 5650 2142 5723 profun-

563 5737 646 5792 dis
657 5740 818 5794 rebus
836 5741 1076 5798 breviter
1098 5751 1152 5797 et
1175 5742 1404 5798 strictim
1424 5742 1589 5796 etiam
1610 5742 1869 5797 chartulis
1892 5744 2141 5800 commit-

565 5835 763 5897 tamus,
790 5846 857 5888 ex
903 5834 1020 5905 ipsa
1058 5836 1335 5891 interioris
1372 5835 1638 5900 hominis,
1669 5835 1770 5890 hoc
1799 5845 1881 5890 est
1901 5878 1915 5903 ,
1944 5836 2137 5893 animae

2242 4825 2512 4875 omnibus.

2316 4910 2521 4967 Scimus
2550 4912 2708 4978 enim,
2739 4913 2880 4985 quod
2904 4914 3075 4969 omnis
3103 4924 3349 4971 creatura
3381 4918 3705 4989 ingemiscit,
3728 4934 3830 4981 etc.

2240 5001 2506 5060 Creatura
2545 5005 2691 5059 enim
2728 5005 2856 5061 licet
2890 5004 2998 5061 non
3029 5007 3219 5062 volens
3251 5007 3495 5079 subjecta
3532 5012 3625 5078 sit,
3653 5021 3833 5069 tamen

2246 5095 2502 5165 quoniam
2544 5095 2810 5151 voluntati
2855 5098 2999 5153 cedit
3058 5096 3208 5166 eius,
3260 5099 3353 5170 qui
3403 5100 3639 5173 subjecit
3688 5120 3830 5171 eam,

2249 5188 2499 5244 allectum
2526 5191 2815 5259 quemdam
2851 5201 2907 5246 et
2931 5192 3255 5249 charitatem
3278 5195 3422 5250 circa
3467 5211 3564 5252 eos
3586 5199 3832 5266 exhibet,

2245 5295 2345 5351 pro
2388 5282 2580 5353 quibus
2616 5284 2827 5339 videtur
2870 5300 2992 5341 esse
3025 5284 3288 5356 subjecta,
3331 5294 3386 5344 et
3424 5304 3526 5360 pro
3556 5289 3835 5346 doloribus

2246 5386 2436 5430 eorum
2473 5375 2634 5441 dolet,
2662 5385 2715 5431 et
2746 5391 2846 5446 pro
2879 5378 3169 5455 gemitibus
3204 5382 3387 5452 gemit.
3416 5380 3479 5436 Si
3500 5397 3658 5451 vero,
3692 5392 3755 5440 ut
3778 5383 3834 5439 in

2247 5466 2368 5522 aliis
2416 5467 2814 5537 exemplaribus
2861 5471 3155 5536 invenitur,
3206 5470 3282 5527 ita
3332 5472 3599 5544 legamus,
3628 5490 3834 5548 conge-

2216 5580 2217 5583 η
2245 5558 2428 5613 miscit
2452 5566 2507 5613 et
2530 5562 2786 5628 parturit,
2816 5563 3111 5618 secundum
3150 5560 3305 5618 illum
3351 5578 3573 5621 sensum
3601 5567 3838 5639 accipie-

2242 5664 2383 5715 mus,
2432 5651 2574 5720 quod
2616 5650 2745 5707 dicit
2789 5651 3098 5723 Apostolus,
3145 5656 3397 5727 genuisse
3431 5671 3492 5714 se
3524 5670 3632 5729 per
3660 5659 3837 5715 Evan-

2242 5742 2461 5814 gelium,
2500 5758 2615 5808 eos,
2653 5758 2790 5814 quos
2811 5756 2913 5814 per
2941 5744 3101 5802 ﬁdem
3127 5746 3331 5805 Christi
3359 5750 3608 5821 perducit
3628 5750 3710 5805 ad
3744 5748 3835 5805 lu—

2242 5856 2379 5896 cem.
2410 5840 2507 5895 νει
2531 5841 2669 5895 sicut
2695 5840 2911 5913 de,aiiis
2941 5842 3112 5898 dixit:
3137 5842 3325 5899 Filiolt’
3345 5843 3469 5908 mei,
3488 5861 3620 5916 quos
3642 5846 3833 5900 iterum

564 5923 867 5993 mentisque
910 5924 1210 5980 substantia
1254 5925 1569 5998 colligamus
1614 5927 1926 6000 imaginem.
1992 5926 2135 5996 Quo-
2240 5933 2412 6003 pario,
2455 5932 2617 5986 donec
2658 5930 2917 6001 formetur
2954 5930 3193 5989 Christus
3245 5934 3298 5988 in
3347 5936 3487 5991 vobis
3537 5935 3687 6009 (Gal.
3732 5936 3831 6007 tv).
