4026 6504
553 437 659 494 567

1875 419 2227 479 SMARAGDI
2264 419 2556 475 ABBATIS

3729 420 3828 480 368

553 549 674 621 pria
701 546 948 618 corporis
968 551 1130 618 prout
1157 542 1322 614 gessit
1345 538 1525 612 (Rom.
1549 536 1684 610 xw).
1714 534 1950 607 Explicit
1994 551 2151 607 expo-
2176 536 2232 599 Α
2255 531 2652 589 inrationabilis
2695 539 2949 588 creatura
2992 529 3221 603 gloriam
3266 529 3504 588 ﬁliorum
3529 529 3628 588 Dei
3653 548 3829 590 mere-

553 641 675 696 sitio
701 638 968 710 Origenis.

625 731 746 802 (Ex
779 729 1026 802 August.)
1073 727 1290 784 Nullum
1334 736 1419 783 est
1460 732 1724 782 creatura:
1770 735 1946 795 genus
2002 717 2148 790 quod

553 840 663 880 non
693 824 748 878 in
775 823 993 879 homine
1026 823 1202 894 possit
1242 821 1482 894 agnosci,
1520 835 1585 875 ac
1615 820 1660 874 si
1687 817 1866 874 omnis
1895 822 2149 870 creatura

556 917 613 972 in
658 930 724 970 eo
783 915 1140 987 congemiscit
1181 922 1236 969 et
1282 914 1443 977 dolet,
1481 912 1868 968 revelationem
1914 907 2150 962 ﬁliorum

551 1011 650 1068 Dei
676 1019 1015 1082 exspectans,
1045 1024 1166 1080 quae
1190 1022 1288 1078 per
1316 1004 1562 1077 corporis
1600 1003 1767 1058 etiam
1795 998 2150 1056 resurrectio-

551 1122 679 1162 nem
703 1115 760 1162 et
790 1106 837 1162 si
876 1120 983 1161 non
1019 1105 1075 1158 in
1101 1102 1354 1159 omnibus
1387 1098 1721 1164 hominibus,
1752 1095 1931 1152 omnis
1967 1103 2150 1149 tamen

551 1220 583 1259 a
607 1203 979 1274 corruptionis
1009 1201 1273 1257 servitute
1308 1196 1648 1261 liberabitur,
1682 1193 1810 1264 quia
1837 1199 1894 1246 et
1923 1188 2152 1259 singulis

552 1299 733 1356 omnis
775 1305 888 1364 est;
920 1303 978 1351 et
1005 1297 1052 1351 si
1091 1309 1199 1364 quo
1235 1292 1343 1347 alio
1381 1290 1542 1346 modo
1591 1293 1767 1358 potest
1814 1285 1957 1340 idem
2001 1282 2152 1337 locus

552 1391 973 1462 apostolicamm
1021 1387 1333 1442 litterarum
1386 1382 1635 1453 intelligi,
1686 1395 1793 1434 non
1853 1386 2032 1432 tamen
2083 1390 2152 1430 ex

551 1484 747 1542 iisdem
790 1483 971 1540 verbis
1020 1495 1362 1551 consequens
1403 1485 1507 1542 est,
1547 1484 1607 1530 ut
1657 1471 1828 1529 solem
1874 1480 1929 1526 et
1967 1470 2153 1523 lunam

462 1599 497 1648 λε
552 1584 610 1634 et
650 1575 830 1633 sidera
865 1574 1276 1646 congemiscere
1321 1571 1631 1632 credamus,
1661 1566 1833 1620 donec
1873 1563 1929 1618 in
1969 1559 2153 1618 szeculi

551 1667 718 1725 ﬁnem
763 1683 796 1722 a
837 1665 1204 1735 corruptionis
1247 1661 1511 1718 servitute
1552 1658 1871 1712 liberentur.
1924 1654 2153 1722 Quidam

550 1762 719 1818 etiam
769 1760 848 1816 sic
900 1759 1088 1815 dicunt
1131 1757 1305 1810 Adam
1356 1761 1410 1809 et
1446 1753 1615 1806 Evam
1655 1765 1774 1806 esse
1823 1758 2149 1812 creaturam,

550 1870 650 1927 per
677 1871 817 1926 quos
859 1853 1116 1924 primitiae
1161 1848 1385 1904 humani
1424 1845 1640 1918 generis
1679 1850 1980 1913 procreata:
2021 1841 2148 1906 sint,

2247 625 2398 680 bitur
2426 625 2696 680 obtinere.

2322 720 2532 777 Scimus
2553 722 2690 776 enim
2711 720 2852 793 quod
2873 721 3041 775 omnis
3064 729 3333 786 creatura,
3350 728 3456 776 etc.
3480 719 3599 776 Non
3621 721 3829 788 cmlum,

2246 827 2354 868 non
2398 821 2565 879 terra,
2612 828 2724 870 non
2785 828 2967 878 mare,
3029 827 3138 868 non
3205 812 3385 883 aliqua
3450 813 3832 872 irrationabilis

2249 913 2522 973 creatura,
2554 907 2650 962 sed
2677 907 2879 978 angeli,
2911 906 3004 977 qui
3033 906 3174 961 sicut
3205 906 3443 978 gaudent
3470 923 3636 978 super
3666 912 3831 980 poeni-

2250 1002 2474 1056 tentiam
2513 1009 2754 1072 agentes,
2785 1001 2861 1056 ita
2890 1000 3076 1056 dolent
3111 990 3277 1070 supe'r
3300 1001 3544 1056 converti
3572 1001 3828 1059 nolentes.

2192 1111 2200 1120 δ
2254 1092 2381 1148 Sive
2415 1092 2582 1147 etiam
2621 1093 2801 1149 omnis
2839 1092 3091 1148 creatura
3138 1092 3434 1165 promiscui
3487 1093 3747 1151 Ecclesia
3779 1096 3832 1149 fi-

2252 1185 2452 1240 delium
2507 1186 2693 1255 populi
2749 1185 3146 1256 intelliguntur,
3185 1195 3249 1242 ut
3287 1186 3421 1244 illud
3476 1204 3490 1241 :
3547 1187 3835 1244 Praedicate

2199 1319 2208 1328 .
2251 1277 2607 1350 Evangelium
2642 1279 2790 1334 omni
2828 1288 3113 1335 creaturae.

2327 1370 2450 1426 Non
2471 1372 2642 1427 solum
2670 1381 2846 1427 autem
2867 1372 2980 1428 illa.
3012 1372 3070 1428 Id
3091 1380 3194 1440 est,
3225 1374 3489 1445 angelica,
3526 1390 3654 1446 qum
3683 1376 3826 1432 nobis
3868 1377 3870 1379 ’

2257 1464 2546 1536 benignior
2573 1475 2688 1532 est,
2740 1465 2826 1521 vel
2865 1465 2957 1520 illa
2987 1466 3268 1521 hominum
3291 1482 3414 1537 qua:
3439 1466 3658 1537 plebeia
3689 1475 3770 1523 est
3791 1478 3837 1523 et

2255 1559 2496 1627 indocta,
2525 1561 2621 1616 sed
2649 1560 2813 1615 etiam
2847 1575 2948 1616 nos
2976 1560 3080 1630 ipsi
3107 1560 3357 1631 discipuli
3382 1559 3612 1626 Christi,
3649 1561 3744 1631 qui
3768 1575 3838 1617 su-

2255 1669 2377 1708 mus
2403 1654 2660 1725 primitize
2689 1653 3096 1724 adquisitionis,
3128 1660 3184 1708 et
3205 1651 3465 1723 praeclara
3490 1653 3834 1718 charismata,

2254 1745 2402 1800 velut
2439 1745 2693 1817 primitim
2728 1746 2984 1817 spiritus,
3028 1745 3174 1800 unde
3215 1745 3478 1799 mundum
3518 1745 3834 1808 ditaremus,

2258 1840 2591 1910 accepimus,
2621 1847 2906 1909 exspectat
2925 1837 3355 1908 redemptionem
3383 1837 3632 1908 corporis
3657 1836 3835 1899 nostri,

551 1961 686 2019 quos
719 1960 943 2015 serpens
975 1943 1103 1998 olim
1131 1956 1226 2012 spe
1253 1937 1575 2003 divinitatis,
1611 1935 1842 1990 vanitati
1871 1932 2147 2004 subjectos
2175 1929 2222 1990 B
2251 1929 2304 1987 id
2329 1941 2413 1988 est
2437 1933 2603 1988 totius
2648 1931 2940 1998 Ecclesiae,
2981 1945 3100 2001 qum
3135 1929 3191 1985 in
3230 1937 3497 1985 aeternum
3536 1935 3622 1984 est
3665 1942 3838 2000 regna-

551 2035 887 2105 corruptioni
931 2032 1124 2088 fecerit
1162 2030 1468 2093 deservire,
1532 2042 1642 2082 non
1680 2041 1780 2098 per
1822 2024 2144 2094 semetipsos

549 2130 723 2184 solum
757 2135 1077 2199 peccantes,
1119 2126 1216 2181 sed
1259 2126 1315 2180 et
1350 2139 1451 2195 per
1489 2121 1758 2192 serpentis
1800 2119 2140 2184 instinctum,

547 2231 606 2278 et
633 2221 756 2294 ipsi,
782 2220 1052 2291 inquiunt,
1077 2217 1474 2281 liberabuntur,
1501 2223 1562 2270 ut
1589 2212 1923 2283 corruptioni
1953 2211 2146 2267 mortis

545 2315 693 2370 ultra
726 2329 836 2370 non
875 2311 1134 2368 serviant.
1165 2308 1396 2366 Omnem
1429 2307 1594 2362 etiam
1627 2311 1931 2361 creaturam
1959 2303 2146 2357 dicunt

546 2420 670 2462 esse
707 2419 843 2471 eos,
889 2403 1204 2474 quicunque
1258 2407 1384 2454 ante
1437 2397 1730 2452 adventum
1775 2391 1979 2448 Christi
2010 2389 2146 2460 justi

546 2497 788 2565 fuerunt,
816 2495 944 2567 quia
973 2495 1157 2566 et'ipsi
1179 2493 1420 2550 nondum
1448 2489 1796 2560 accipientes,
1827 2491 2147 2556 exspectant

544 2591 658 2647 Deo
687 2605 789 2662 pro
814 2588 974 2644 nobis
998 2587 1192 2642 melius
1219 2584 1424 2655 aliquid
1448 2581 1786 2652 providente,
1825 2592 1936 2633 non
1967 2577 2142 2632 solum

548 2691 732 2737 autem
783 2680 884 2746 illi,
929 2680 1026 2735 sed
1067 2687 1124 2734 et
1164 2693 1265 2732 nos
1298 2676 1400 2746 ipsi
1445 2675 1500 2728 in
1545 2685 1775 2742 quorum
1818 2669 2008 2725 diebus
2051 2683 2143 2724 re-

548 2772 876 2842 demptionis
900 2777 1245 2826 sacramenta
1275 2766 1545 2835 completa
1572 2772 1728 2829 sunt,
1757 2762 1885 2832 quia
1911 2760 2143 2816 necdum

550 2873 816 2930 tenemus,
842 2863 940 2918 sed
965 2862 1022 2917 in
1045 2877 1142 2932 spe
1170 2860 1306 2916 salvi
1339 2859 1468 2914 facti
1499 2872 1709 2922 sumus,
1738 2854 1989 2925 quamvis
2021 2867 2143 2925 qua:

548 2953 705 3010 multi
735 2954 1024 3026 cupierunt
1053 2950 1188 3021 justi
1219 2950 1428 3017 videre,
1459 2949 1779 3006 viderimus.

1109 3061 1237 3101 ALIA
1271 3059 1576 3101 EXPOSITIO.

620 3143 882 3200 Existimo
921 3143 1061 3198 enim
1090 3141 1230 3213 quod
1269 3157 1373 3194 non
1407 3149 1529 3194 sunt
1555 3139 1828 3210 condignae
1847 3141 2137 3212 passiones,

547 3248 654 3297 etc.
707 3239 844 3296 Hinc
898 3237 1015 3293 vult
1059 3235 1302 3292 futuram
1351 3236 1581 3307 gloriam
1628 3237 2032 3304 commendare,
2078 3243 2140 3290 ut

545 3338 840 3401 praesentes
873 3343 1161 3400 pressuras
1196 3327 1409 3384 facilius
1438 3327 1755 3384 toleremus.

567 3426 698 3504 Ad
735 3426 974 3497 futuram
1018 3424 1244 3496 gloriam
1267 3437 1288 3490 “,
1350 3440 1468 3495 quae
1515 3420 1828 3477 revelabitur
1867 3424 1924 3478 in
1966 3423 2134 3478 nobis.

544 3520 671 3575 Ideo
725 3520 859 3575 dicit
897 3517 1244 3584 revelabitur,
1293 3517 1421 3587 quia
1459 3517 1622 3572 modo
1665 3517 1984 3572 abscondita
2034 3524 2138 3582 est,

549 3631 676 3670 cum
725 3613 945 3672 Christo
994 3614 1050 3668 in
1101 3613 1246 3678 Deo,
1293 3621 1349 3668 et
1396 3613 1636 3668 nondum
1703 3613 1955 3682 apparuit
2011 3611 2142 3683 quid

547 3711 773 3776 erimus,
811 3709 1006 3763 scimus
1054 3708 1201 3764 enim
1243 3709 1367 3779 quia
1412 3724 1534 3761 cum
1579 3708 1902 3777 apparuerit,
1943 3707 2142 3762 similes

545 3803 595 3856 ei
657 3800 880 3868 erimus,
916 3800 1166 3873 quoniam
1223 3799 1508 3854 videbimus
1563 3815 1682 3853 eum
1737 3797 1891 3853 sicuti
1953 3807 2030 3853 est
2087 3797 2142 3869 (I

545 3891 712 3948 Joan.
756 3889 863 3967 ιιι).

619 3983 765 4038 Nam
804 3986 1122 4056 exspectatio
1179 3992 1457 4040 creaturw.
1503 3982 1715 4040 Diversi
1768 3983 1914 4040 hunc
1959 3981 2140 4038 locum

547 4076 779 4132 divasis
814 4075 993 4132 modis
1031 4085 1350 4146 exponunt:
1380 4075 1496 4131 sive
1543 4075 1722 4132 omnis
1767 4082 2020 4131 creatura
2057 4089 2143 4130 re-

545 4169 902 4226 surrectionis
932 4177 1147 4240 tempus
1177 4178 1479 4240 exspectat,
1510 4170 1638 4240 quia
1680 4177 1810 4226 tunc
1855 4169 1910 4223 in
1950 4167 2144 4223 melius

545 4265 990 4331 commutabitur,
1024 4265 1240 4334 quando
1279 4264 1385 4320 erit
1421 4264 1619 4320 coelum
1658 4278 1884 4328 novum,
1913 4269 1970 4317 et
1999 4270 2143 4316 terra

541 4367 706 4419 nova,
751 4362 806 4408 et
848 4360 997 4419 tunc,
1043 4353 1098 4407 id
1136 4362 1239 4420 est,
1297 4354 1352 4409 in
1404 4362 1650 4424 tempore
1702 4351 2140 4416 resurrectionis,

544 4444 806 4501 revelatio
844 4447 1128 4516 apparebit
1161 4445 1396 4500 filiorum
1425 4445 1544 4501 Dei.
1592 4445 1720 4501 Sive
1769 4447 1948 4501 omnis
1990 4461 2144 4502 crea-

545 4536 690 4601 thra,
734 4535 791 4591 id
817 4545 904 4592 est
947 4536 1230 4592 rationalis
1273 4537 1539 4607 angelica,
1587 4538 1692 4592 hoc
1729 4537 1786 4592 in
1832 4537 2142 4593 hominibus

544 4637 828 4699 exspectat
851 4629 1086 4699 impleri.
1112 4628 1306 4685 Petrus
1329 4629 1475 4684 enim
1495 4629 1650 4695 dicit,
1675 4629 1898 4701 angelos
1913 4629 2137 4700 gloriam
2164 4671 2219 4735 Β

545 4722 858 4778 desiderare
884 4731 1214 4778 sanctorum.

625 4809 862 4867 Vanitati
902 4813 1044 4866 enim
1080 4821 1323 4868 creatura
1355 4814 1590 4884 subjecta
1629 4822 1726 4868 est.
1770 4814 1825 4869 Id
1852 4821 1954 4880 est,
1987 4828 2135 4870 crea-

545 4916 668 4962 tura
695 4907 933 4962 humana
960 4906 1395 4977 praevaricationi
1420 4915 1506 4962 est
1530 4907 1808 4978 peccando
1834 4905 2096 4976 subjecta.

622 4997 749 5053 Non
787 4997 983 5054 uolens.
1017 4997 1076 5052 Id
1118 5005 1222 5064 est,
1259 5014 1369 5053 non
1396 4999 1617 5070 propria
1647 4999 1947 5063 voluntate,
1982 4999 2078 5054 sed
2103 5013 2135 5052 a

543 5097 798 5160 serpente
823 5089 1072 5160 decepta,
1107 5103 1202 5160 spe
1236 5088 1326 5144 illa
1355 5105 1463 5158 qua
1497 5090 1782 5145 audierat:
1810 5087 1975 5143 Eritis
2001 5088 2136 5143 sicut

544 5185 646 5249 dii,
669 5184 890 5239 scientes
917 5183 1109 5237 bonum
1133 5191 1182 5236 et
1210 5181 1411 5236 malum
1437 5180 1590 5256 (Gen.
1615 5181 1698 5254 ιι).

532 5293 535 5301 '
617 5277 724 5334 Sed
756 5285 967 5349 propter
991 5292 1111 5331 eum
1143 5276 1232 5348 qui
1265 5275 1484 5346 subjecit
1512 5277 1570 5329 in
1593 5291 1701 5346 spe.
1745 5274 1874 5341 Quae
1899 5282 1983 5330 est
2019 5273 2134 5344 ipsa

543 5387 691 5442 spes,
736 5371 861 5426 audi
892 5368 1196 5440 sequentia,
1225 5368 1354 5438 quia
1393 5375 1451 5422 et
1486 5367 1603 5437 ipsa
1642 5373 1893 5422 creatura
1937 5365 2135 5420 libera-

543 5462 692 5517 bitur
727 5478 758 5517 a
782 5462 1131 5533 corruptione
1165 5459 1465 5526 servitutis,
1495 5475 1658 5529 quam
1687 5459 1892 5514 audivit
1917 5457 2133 5528 quando

543 5555 596 5609 ei
625 5553 886 5610 Dominus
923 5555 1000 5610 ait
1033 5573 1045 5608 :
1075 5554 1247 5608 Terra
1282 5569 1364 5619 es,
1403 5559 1458 5607 et
1493 5552 1550 5606 in
1589 5559 1788 5606 terram
1835 5551 1971 5618 ibis,
2013 5563 2133 5619 quae

543 5643 868 5715 intelligitur
900 5645 1177 5716 corruptio
1208 5644 1421 5699 mortis.

613 5733 684 5788 In
703 5733 965 5791 libertate.
994 5735 1064 5792 Ut
1089 5735 1352 5790 Dominus
1381 5734 1496 5789 ait:
1525 5732 1588 5789 Si
1607 5749 1694 5788 vos
1716 5734 1859 5802 ﬁlius
1883 5733 2131 5790 liberave—

544 5825 637 5888 rit,
662 5841 778 5880 vere
796 5824 949 5882 liberi
967 5827 1090 5881 estis
1111 5825 1297 5898 (Joan.
1316 5827 1458 5900 vm).

615 5915 814 5973 Gloria:
841 5915 1077 5986 ﬁliorum
1101 5916 1220 5974 Dei.
1254 5917 1370 5974 Soli
1407 5921 1553 5978 enim
1595 5921 1862 5990 homines,
1888 5936 1996 5981 non
2030 5920 2136 5978 alia

2250 2028 2368 2078 tura
2389 2037 2516 2079 cum
2537 2023 2774 2079 Christo.

2614 2154 2959 2197 EVANGELIUK
2995 2154 3184 2204 ιῠςιε,
3224 2153 3347 2194 CAP.
3388 2153 3466 2192 Vl.

2325 2251 2346 2284 ι
2379 2233 2568 2289 Estote
2596 2231 3022 2296 misericordes,
3071 2230 3213 2284 sicut
3255 2237 3311 2284 et
3344 2235 3504 2298 pater
3532 2233 3730 2282 vester
3753 2225 3837 2282 mi-

2255 2343 2274 2376 ι
2310 2327 2546 2382 sericors
2574 2333 2679 2380 est.
2717 2323 2895 2380 Nolite
2924 2324 3195 2395 judicare,
3223 2330 3278 2376 et
3302 2335 3409 2376 non
3440 2318 3834 2391 judicabimini.

2251 2438 2270 2472 ι
2301 2419 2480 2476 Nolite
2509 2408 2874 2474 condemnare
2899 2423 2954 2470 et
2973 2430 3084 2472 non
3108 2411 3630 2471 condemnabimini.
3656 2411 3835 2466 Dimit-

2254 2530 2274 2564 ι
2304 2512 2422 2576 tite,
2455 2518 2510 2565 et
2539 2507 2908 2574 dimittemini,
2936 2509 3082 2574 date,
3103 2514 3160 2563 et
3180 2507 3399 2564 dabitur
3417 2507 3596 2572 vobis,
3627 2523 3836 2563 mensu-

2254 2619 2274 2654 ι
2297 2617 2415 2658 ram
2451 2603 2650 2656 bonam
2696 2607 2754 2655 et
2799 2599 3136 2665 confertam,
3187 2608 3245 2656 et
3288 2601 3645 2669 coagitatam,
3673 2609 3734 2655 et
3760 2617 3833 2668 su-

2252 2714 2272 2747 ‹
2300 2693 2709 2767 perellluentem
2764 2695 2970 2751 dabunt
3015 2695 3072 2750 in
3112 2695 3290 2751 sinum
3321 2704 3590 2752 vestrum.
3646 2695 3834 2750 Eadem

2251 2808 2271 2842 ι
2301 2791 2502 2862 quippe
2543 2804 2800 2844 mensura
2846 2804 2953 2860 qua
2996 2789 3169 2845 mensi
3221 2788 3472 2856 fueritis,
3520 2788 3837 2845 remetietur

2251 2904 2272 2939 ι
2299 2886 2476 2941 vobis.
2497 2885 2722 2941 Dicebat
2748 2891 2929 2939 autem
2958 2883 3069 2940 illis
3094 2884 3509 2940 similitudinem
3538 2901 3551 2938 :
3587 2880 3835 2953 Nunquid

2249 2995 2270 3029 ‹
2297 2985 2480 3048 potest
2511 2989 2690 3032 caecus
2730 2991 2936 3032 caecum
2965 2975 3201 3032 ducere?
3248 2989 3429 3031 nonne
3475 2974 3644 3028 ambo
3689 2974 3746 3028 in
3777 2969 3836 3026 fo-

2251 3090 2270 3123 ι
2298 3085 2459 3126 veam
2478 3069 2716 3126 cadunt?
2740 3069 2861 3126 Non
2891 3079 2975 3126 est
2993 3069 3290 3142 discipulus
3308 3085 3474 3141 supra
3497 3069 3832 3140 magistrum.

2253 3179 2271 3212 ι
2301 3158 2588 3217 Perfectus
2614 3169 2794 3217 autem
2823 3163 3001 3218 omnis
3031 3162 3136 3218 erit
3164 3204 3178 3229 ,
3222 3161 3271 3217 si
3293 3149 3386 3216 sit
3413 3160 3558 3216 sicut
3587 3161 3838 3232 magister

2253 3273 2275 3308 ι
2303 3255 2439 3326 ejus.
2465 3255 2606 3324 Quid
2623 3263 2805 3311 autem
2822 3256 2974 3313 vides
2994 3255 3256 3312 festucam
3279 3256 3334 3310 in
3354 3255 3513 3312 oculo
3537 3253 3734 3310 fratris
3751 3241 3852 3318 tui,

2251 3367 2272 3401 ι
2300 3350 2513 3405 trabem
2544 3355 2728 3404 autem
2759 3363 2879 3420 quae
2908 3348 2962 3403 in
2993 3347 3151 3404 oculo
3190 3356 3284 3404 tuo
3307 3357 3410 3411 est,
3454 3362 3570 3403 non
3601 3347 3838 3402 conside-

2250 3460 2271 3494 ‹
2299 3442 2426 3496 ras?
2464 3440 2575 3495 Aut
2622 3439 2895 3510 quomodo
2935 3447 3092 3511 potes
3139 3439 3320 3496 dicere
3355 3437 3514 3492 fratri
3547 3445 3646 3494 tuo
3681 3436 3838 3493 :Fra-

2251 3551 2270 3584 ι
2299 3541 2416 3596 ter,
2462 3532 2581 3586 sine
2613 3529 2832 3600 ejiciam
2862 3529 3130 3584 festucam
3177 3529 3244 3585 de
3279 3528 3438 3585 oculo
3465 3537 3587 3593 tuo,
3634 3527 3758 3597 ipse
3792 3526 3835 3580 in

2251 3642 2272 3676 ι
2299 3623 2456 3678 oculo
2505 3629 2602 3677 tuo
2646 3621 2858 3675 trabem
2894 3636 3000 3676 non
3036 3620 3272 3676 videns?
3320 3617 3618 3689 llypocrita
3648 3658 3664 3680 ,
3714 3614 3838 3686 ejice

2251 3733 2271 3765 ι
2301 3715 2537 3785 primum
2578 3712 2791 3767 trabem
2829 3713 2895 3766 de
2941 3711 3100 3765 oculo
3145 3718 3262 3774 tuo,
3302 3717 3358 3765 et
3389 3716 3520 3764 tunc
3545 3707 3838 3778 perspicies

2252 3823 2271 3856 ι
2300 3813 2360 3859 ut
2385 3806 2588 3860 educas
2619 3801 2887 3858 festucam
2915 3801 2984 3858 de
3009 3801 3167 3857 oculo
3205 3799 3392 3856 fratris
3418 3801 3519 3855 tui.
3549 3818 3569 3852 ι

2315 3898 2498 3953 Estote
2536 3895 2904 3952 misericordes
2931 3935 2948 3962 ,
3002 3895 3140 3950 sicut
3179 3904 3228 3949 et
3266 3904 3419 3966 pater
3445 3901 3620 3948 uester
3643 3891 3839 3948 miseri-

2245 4009 2360 4048 cors
2425 3999 2522 4045 est.
2580 3988 2697 4061 (Ex
2725 3986 2929 4061 Beda.)
2991 3986 3301 4042 Misericors
3351 3993 3437 4042 est
3493 3984 3640 4040 Deus
3685 3999 3840 4056 super

2245 4083 2486 4155 ingratos
2525 4088 2582 4136 et
2618 4080 2792 4136 malos
2814 4121 2830 4146 ,
2883 4078 2973 4134 vel
3002 4077 3289 4150 multiplici
3319 4093 3416 4133 sua
3443 4077 3837 4139 misericordia,

2245 4193 2353 4250 qua
2382 4176 2550 4231 etiam
2573 4175 2823 4246 jumenta
2853 4172 3059 4238 salvat,
3085 4170 3404 4241 temporalia
3434 4171 3577 4225 bona
3609 4169 3839 4239 largien-

2246 4271 2337 4336 do,
2364 4268 2452 4323 vel
2491 4267 2740 4323 caalestia
2784 4267 2926 4322 dona
2975 4263 3238 4335 singulari
3279 4264 3451 4335 gratia
3503 4277 3610 4333 qua
3640 4260 3838 4316 electos

2249 4358 2429 4416 solum
2490 4356 2758 4430 gloriﬁcat
2821 4353 3157 4425 inspirando.
3216 4353 3324 4409 Sed
3386 4354 3504 4408 sive
3557 4353 3686 4416 hoc,
3731 4351 3840 4405 sive

2246 4452 2404 4518 illud,
2443 4452 2559 4507 sive
2589 4458 2882 4518 utrumque
2914 4447 3220 4520 intelligas,
3249 4463 3445 4520 magna
3475 4445 3570 4501 Dei
3597 4446 3840 4502 bonitate

2246 4545 2325 4611 fit,
2372 4561 2495 4616 quae
2527 4543 2686 4599 nobis
2732 4542 2995 4597 imitanda
3020 4541 3367 4613 prmcipitur,
3400 4541 3444 4597 si
3473 4539 3570 4596 filii
3598 4539 3698 4594 Dei
3725 4551 3839 4593 esse

2244 4637 2520 4693 volumus.

2319 4728 2499 4784 Nolite
2514 4728 2781 4800 judicare,
2807 4736 2857 4783 et
2881 4745 2985 4779 non
2997 4724 3389 4795 judicabimini,
3416 4722 3577 4778 nolite
3597 4723 3837 4778 condem—

2243 4834 2392 4883 nare,
2432 4825 2538 4872 etc.
2590 4815 2705 4871 Iloc
2742 4815 2886 4881 loco,
2923 4814 3060 4869 nihil
3097 4813 3242 4869 aliud
3283 4813 3438 4869 nobis
3475 4813 3698 4884 praecipi
3729 4811 3837 4865 exi-

2245 4907 2427 4972 stimo,
2458 4905 2566 4961 nisi
2595 4914 2656 4960 ut
2693 4921 2758 4962 ea
2788 4905 2932 4961 facta
2952 4947 2967 4972 ,
3002 4921 3122 4975 quae
3147 4903 3368 4960 dubium
3402 4912 3489 4960 est
3520 4919 3632 4975 quo
3661 4903 3836 4957 animo

2244 4999 2396 5063 fiant,
2427 4998 2482 5053 i‘n
2510 4997 2791 5054 meliorem
2814 5005 3030 5069 partem
3056 4996 3502 5066 interpretemur,
3529 4996 3678 5065 quod
3697 4995 3836 5049 enim

2243 5091 2505 5162 scriptum
2536 5101 2664 5147 est:
2713 5091 2800 5146 Ea:
2850 5091 3110 5161 fructibus
3158 5106 3341 5144 eorum
3383 5090 3708 5160 cognoscetis
3755 5101 3834 5141 eos

2245 5185 2464 5260 (Matth.
2497 5187 2623 5259 vn),
2653 5187 2720 5242 de
2747 5185 3055 5242 manifestis
3077 5185 3283 5240 dictum
3313 5191 3418 5248 est,
3442 5197 3566 5253 quae
3587 5197 3697 5237 non
3719 5191 3836 5249 pos-

2242 5289 2372 5336 sunt
2399 5282 2543 5336 bono
2573 5279 2758 5334 animo
2787 5277 2935 5344 fieri,
2984 5277 3141 5332 sicuti
3172 5285 3330 5342 sunt,
3377 5284 3566 5344 stupra
3586 5271 3672 5327 vel
3703 5268 3835 5324 blas-

2239 5373 2494 5443 phemiae,
2531 5370 2618 5426 vel
2655 5369 2802 5426 furta
2827 5411 2843 5438 ,
2883 5369 2970 5426 vel
3007 5369 3304 5424 ebrietates
3331 5409 3347 5433 ,
3393 5374 3449 5422 et
3484 5365 3531 5420 si
3563 5380 3670 5434 qua
3711 5370 3835 5416 sunt

2240 5462 2371 5530 alia,
2419 5463 2488 5517 de
2531 5461 2729 5531 quibus
2767 5461 2925 5517 nobis
2958 5460 3207 5530 judicare
3232 5458 3587 5531 permittitur.
3649 5455 3726 5510 De
3754 5468 3836 5522 ge-

2239 5571 2372 5612 nere
2415 5564 2599 5611 autem
2646 5554 2890 5610 ciborum
2915 5595 2930 5620 ,
2975 5555 3102 5623 quia
3128 5561 3354 5625 possunt
3382 5553 3529 5608 bono
3557 5550 3760 5612 animo,
3785 5553 3838 5602 et

2239 5646 2472 5718 simplici
2495 5646 2681 5713 corde,
2709 5646 2825 5701 sine
2843 5645 2980 5700 vitio
3001 5644 3457 5716 concupiscentia:
3477 5685 3493 5710 ,
3525 5642 3836 5712 quicunque

2240 5738 2467 5794 humani
2498 5738 2606 5794 cibi
2648 5735 3023 5792 indifferenter
3053 5735 3222 5801 sumi,
3265 5735 3519 5806 prohibet
3545 5730 3839 5802 Apostolus

2235 5827 2484 5898 judicare
2531 5842 2625 5882 eos
2671 5827 2764 5897 qui
2811 5827 3070 5882 carnibus
3121 5827 3504 5888 vescebantur,
3558 5830 3616 5878 et
3651 5822 3834 5878 vinum

2243 5919 2521 5988 bibebant,
2557 5921 2626 5977 ab
2645 5920 2726 5976 eis
2754 5918 2848 5990 qui
2875 5934 2933 5976 se
2961 5915 3368 5988 abhujusmodi
3393 5915 3677 5973 alimentis
3701 5923 3833 5973 tem-
