4026 6456
257 392 379 454 569

1077 387 1589 448 COLLECTIONES
1627 389 1696 445 IN
1732 385 2111 445 EPISTOLAS
2151 386 2236 440 ΕΤ
2276 387 2690 448 EVANGELIA.

3435 387 3542 444 370

264 512 559 587 perabat.
598 510 705 579 Qui
728 511 1036 576 manducat,
1069 510 1262 582 inquit,
1293 526 1402 566 non
1443 511 1847 566 manducantem
1872 513 1926 575 Α
1947 513 2068 584 puri
2096 511 2344 568 homines
2381 519 2508 566 sunt
2557 510 2798 583 regulam
2824 508 3180 582 perfectionis
3217 518 3539 582 sequantur.

270 621 381 658 non
401 612 633 674 spernat,
657 611 705 656 et
727 603 818 673 qui
838 617 943 656 non
972 600 1254 655 manducat
1273 642 1288 667 ,
1313 602 1721 656 manducantem
1750 618 1854 657 non

261 697 473 770 judicet
524 695 702 767 (Rom.
733 694 871 768 xxv).
927 694 1012 750 Ad
1057 696 1162 752 hoc
1213 696 1450 768 pertinet
1495 696 1659 752 etiam
1702 695 1854 760 illud,

272 789 423 862 quod
451 789 560 845 alio
591 788 714 845 loco
739 788 872 844 dicit
914 807 928 843 :
984 786 1166 843 Nolite
1208 798 1329 844 ante
1377 797 1576 859 tempus
1609 788 1858 858 judicare

269 881 585 954 quidquam,
628 879 967 952 quoadusque
990 879 1162 933 veniat
1203 878 1486 946 Dominus,
1531 877 1857 932 etilluminet

274 970 586 1027 abscondita
627 969 986 1033 tenebrarum,
1035 977 1083 1022 et
1121 968 1476 1038 manifestabit
1519 969 1857 1040 cogitationes

273 1063 449 1118 cordis
479 1061 532 1134 (Ι
559 1061 682 1116 Cor.
709 1060 808 1133 v1).
848 1060 986 1116 Sunt
1011 1071 1192 1117 autem
1220 1063 1467 1133 quaedam
1487 1061 1630 1117 facta
1657 1061 1855 1130 media,

272 1169 396 1224 qua:
443 1154 756 1224 ignoramus
803 1168 910 1223 quo
949 1153 1133 1209 animo
1172 1153 1344 1220 fiant,
1393 1154 1522 1226 quia
1548 1163 1604 1210 et
1628 1155 1770 1211 bono
1804 1162 1860 1211 et

271 1247 420 1304 malo
448 1247 565 1304 fieri
596 1257 862 1320 possunt,
909 1249 976 1304 de
1007 1251 1203 1320 quibus
1229 1248 1579 1304 temerarium
1609 1258 1693 1304 est
1714 1245 1859 1318 judi-

271 1355 420 1408 care,
453 1341 688 1397 maxime
718 1350 776 1397 ut
814 1341 1256 1399 condemnemus.
1296 1341 1518 1396 diorum
1561 1349 1742 1396 autem
1768 1355 1860 1396 ve-

272 1434 385 1489 niet
411 1441 622 1504 tempus
643 1441 703 1489 ut
722 1433 1055 1506 judicentur,
1083 1450 1207 1490 cum
1237 1433 1500 1489 Dominus
1534 1432 1858 1489 illuminabit

272 1525 591 1582 abscondita
625 1527 994 1592 tenebrarum,
1022 1535 1078 1581 et
1103 1525 1474 1583 manifestabit
1499 1527 1857 1598 cogitationes

271 1619 473 1675 cordis.
513 1619 631 1675 Duo
655 1628 782 1675 sunt
821 1629 1004 1675 autem
1030 1620 1087 1676 iu
1114 1621 1311 1690 quibus
1348 1619 1696 1676 temerarium
1720 1619 1860 1689 judi-

271 1709 416 1764 cium
441 1726 639 1766 cavere
659 1711 939 1778 debemus,
968 1727 1093 1768 cum
1117 1712 1382 1768 incertum
1405 1723 1488 1769 est
1510 1753 1526 1779 ,
1559 1713 1734 1782 qualis
1771 1712 1857 1768 fu-

271 1811 428 1859 turus
459 1803 550 1868 sit,
582 1803 676 1873 qui
705 1819 849 1859 nunc
877 1803 962 1859 vel
990 1803 1164 1860 malus
1190 1803 1277 1859 vel
1306 1804 1480 1859 bonus
1503 1812 1746 1875 apparet.
1793 1834 1795 1836 -

342 1894 600 1951 Dimittite
627 1903 675 1950 et
713 1897 1069 1963 dimittemini,
1101 1896 1222 1952 date
1249 1906 1297 1951 et
1326 1897 1540 1951 dabitur
1570 1897 1727 1952 vobis.
1763 1895 1857 1952 Di-
1881 1885 1931 1946 B

272 1989 488 2044 mittere
510 2003 609 2045 nos
638 1988 901 2059 injurias,
949 1990 1080 2045 dare
1115 1989 1380 2046 beneﬁcia
1406 1989 1581 2061 jubet,
1611 1997 1672 2044 ut
1699 1990 1856 2047 nobis

270 2088 494 2150 peccata
525 2080 888 2148 dimittantur,
925 2089 982 2137 et
1007 2083 1120 2137 vita
1144 2081 1302 2136 detur
1328 2089 1552 2137 aeterna.
1592 2080 1707 2148 Qua
1737 2097 1858 2138 sen-

272 2174 438 2230 tentia
483 2176 776 2242 brevi,sed
822 2175 1060 2241 eximia,
1102 2183 1297 2231 cuncta
1341 2191 1461 2244 qua:
1503 2175 1763 2231 latissime
1792 2175 1860 2232 de

271 2267 650 2324 conversando
675 2284 801 2323 cum
828 2265 1065 2322 inimicis
1091 2268 1464 2334 mandaverat,
1507 2269 1858 2338 comprehen-

271 2359 452 2416 dendo
475 2359 768 2416 concludit.

285 2468 317 2490 ·--
347 2450 658 2506 Mensuram
686 2452 896 2518 bonam,
919 2461 969 2507 et
997 2453 1314 2523 confertam,
1353 2463 1403 2510 et
1425 2456 1767 2527 coagitatam,
1811 2466 1862 2512 et

270 2544 720 2616 supera/fluentem
741 2545 942 2598 dabunt
962 2546 1017 2598 in
1037 2545 1212 2600 sinum
1234 2556 1478 2601 vestrum.
1528 2547 1665 2604 Huic
1687 2548 1862 2605 simile

267 2642 354 2690 est
385 2676 400 2701 ,
442 2637 588 2705 quod
644 2636 772 2691 alibi
821 2637 972 2704 dicit,
1029 2646 1089 2693 ut
1135 2648 1192 2694 et
1235 2641 1338 2711 ipsi
1370 2643 1637 2714 recipiant
1684 2659 1781 2699 vos
1806 2644 1861 2699 in

269 2739 473 2785 acterna
501 2730 850 2786 tabernacula
875 2731 1096 2804 (Matth.
1126 2734 1226 2803 vi).
1280 2733 1398 2789 Non
1427 2735 1574 2790 enim
1597 2753 1863 2809 pauperes

271 2822 393 2892 ipsi,
425 2822 520 2878 sed
561 2821 810 2881 Christus
850 2827 1159 2882 mercedem
1201 2827 1310 2893 bis,
1341 2829 1432 2898 qui
1460 2829 1862 2901 elecmosynam

270 2913 453 2972 fecere
481 2916 798 2974 redditurus
839 2927 944 2986 est,
993 2936 1158 2990 quam
1188 2930 1367 2976 tamen
1407 2922 1460 2976 in
1507 2923 1685 2978 sinum
1730 2924 1864 2980 dare

271 3009 528 3065 dicuntur
552 3051 568 3077 ,
619 3015 746 3082 quia
783 3014 1158 3084 promerendae
1196 3014 1342 3070 illius
1383 3016 1727 3070 occasionem
1777 3017 1866 3073 de-

272 3099 420 3167 dere,
450 3116 573 3156 cum
593 3103 678 3158 vel
699 3113 919 3175 egentes
947 3105 1164 3168 misere,
1187 3106 1274 3160 vel
1295 3107 1537 3178 improbe
1557 3108 1860 3176 saevientes,

271 3192 556 3248 fortiorum
587 3202 715 3249 sunt
754 3203 809 3249 et
848 3197 1065 3251 tolerati
1101 3197 1392 3268 patientia,
1424 3207 1478 3253 et
1503 3199 1862 3256 beneficentia

272 3284 584 3351 sustentati,
618 3291 672 3340 et
699 3285 768 3340 ad
791 3286 967 3356 ipsam
996 3287 1282 3358 aliquoties
1315 3287 1478 3344 ﬁdem
1517 3289 1660 3345 dulci
1687 3292 1824 3363 grati

269 3385 548 3442 provocat.

341 3463 548 3521 Eadem
571 3468 760 3540 quippe
789 3486 1058 3537 mensura,
1093 3488 1199 3543 qua
1227 3474 1392 3527 mensi
1430 3473 1660 3542 fueritis,
1698 3492 1864 3534 reme-

271 3557 433 3610 tietur
465 3559 624 3614 vobis.
683 3561 751 3616 Et
795 3562 1084 3633 Apostolus
1129 3566 1198 3620 ad
1242 3567 1644 3640 elecmosynam
1674 3568 1864 3627 Corin-

272 3649 418 3706 thios
444 3652 672 3708 hortans
698 3655 843 3711 inter
884 3657 989 3712 alia
1032 3659 1202 3714 dicit:
1236 3658 1354 3714 Hoc
1397 3670 1572 3716 autem
1601 3663 1739 3729 dico,
1772 3665 1863 3734 qui

268 3759 428 3814 parce
449 3747 704 3815 seminat,
737 3766 894 3820 parce
920 3761 969 3805 et
989 3761 1164 3818 metet,
1189 3761 1238 3807 et
1263 3755 1350 3824 qui
1377 3756 1600 3808 seminat
1633 3757 1687 3808 in
1711 3756 1863 3810 bene-

269 3835 614 3907 dictionibus,
641 3843 706 3898 de
728 3842 1171 3901 benedictionibus
1195 3856 1243 3901 et
1264 3856 1435 3902 metet.
1474 3847 1660 3904 Potest
1679 3859 1862 3905 autem

269 3937 328 3982 et
359 3929 426 3984 de
453 3932 704 3988 omnibus
753 3951 872 4004 qua:
900 3948 1110 4003 mente,
1141 3953 1338 4005 manu,
1372 3939 1588 4010 lingua,
1621 3940 1862 4012 gerimus

270 4021 469 4091 accipi,
524 4024 650 4093 quia
702 4032 761 4080 tu
809 4026 992 4082 reddes
1036 4027 1281 4099 singulis,
1333 4028 1542 4100 inquit,
1574 4030 1861 4085 secundum

270 4127 432 4182 opera
461 4131 664 4172 eorum.

342 4206 563 4264 Dicebat
591 4223 764 4268 autem
787 4213 896 4270 illis
930 4224 980 4270 et
1009 4215 1425 4272 similitudinem.
1470 4217 1728 4289 Nunquid
1761 4234 1861 4289 po-

271 4306 373 4353 test
401 4316 574 4357 ctecus
599 4321 796 4360 cwcum
825 4307 1042 4372 ducere,
1095 4325 1262 4364 nonne
1290 4309 1443 4364 ambo
1470 4310 1526 4363 in
1549 4309 1751 4379 foveam
1773 4326 1863 4364 ea-

269 4390 438 4447 dent?
483 4395 689 4455 Sensus
716 4399 1087 4471 hujuscemodi
1137 4403 1419 4458 sententia:
1446 4403 1644 4474 pendet
1679 4416 1747 4458 ex
1771 4420 1862 4460 su-

269 4483 614 4552 perioribus,
659 4488 749 4543 uhi
780 4490 846 4545 de
871 4490 1048 4546 danda
1074 4491 1438 4564 eleemosyna,
1472 4504 1526 4550 et
1559 4495 1754 4567 injuria
1781 4496 1862 4551 di-

271 4571 537 4630 mittenda
583 4581 915 4650 praecipitur.
978 4581 1035 4635 Si
1066 4590 1138 4648 te,
1182 4583 1376 4653 inquit,
1420 4585 1500 4640 ira
1529 4596 1716 4641 contra
1746 4589 1862 4644 vio-

2028 625 2171 692 Quid
2205 635 2380 682 autem
2417 627 2557 683 vides
2601 628 2860 699 festucam
2903 629 2962 683 in
3001 625 3155 682 oculo
3211 627 3396 695 fratris
3443 628 3544 693 tui,

1955 717 2154 771 trabem
2179 727 2354 772 autem
2400 736 2520 790 qua:
2562 721 2619 774 in
2659 719 2812 774 oculo
2833 730 2925 774 tuo
2945 727 3042 785 est,
3075 736 3181 774 non
3204 719 3507 775 consideras
3523 721 3549 774 .9

1957 808 2026 864 Et
2052 810 2155 866 hoc
2183 809 2249 864 ad
2275 811 2556 882 superiora
2584 812 2826 882 respicit,
2859 812 2951 868 ubi
2984 827 3188 869 caecum
3214 827 3245 867 a
3271 826 3416 868 caeco
3451 811 3549 867 du-

1956 902 2030 968 ci,
2061 901 2114 956 id
2139 909 2245 968 est,
2271 910 2587 972 peccantem
2629 918 2660 956 a
2691 911 2977 972 peccatore
3002 904 3262 974 castigari
3298 918 3404 958 non
3429 916 3552 974 pos-

1957 1011 2018 1051 se
2056 997 2398 1066 praemonuit.
2437 995 2589 1050 Multi
2613 996 2760 1051 enim
2803 997 3096 1066 superbia,
3141 997 3226 1052 vel
3271 997 3395 1053 odio
3431 997 3545 1072 φιλ·

1957 1093 2184 1166 αργυρία
2209 1129 2224 1155 ,
2255 1087 2343 1144 vel
2369 1089 2620 1156 avaritia,
2643 1089 2728 1144 vel
2757 1089 2865 1145 alio
2892 1089 3134 1160 quolibet
3162 1091 3392 1147 crimine
3412 1105 3552 1162 prae-

1957 1181 2124 1246 venti,
2153 1179 2293 1236 levia
2317 1181 2436 1236 haec
2461 1189 2556 1236 aut
2582 1181 2726 1237 nulla
2746 1181 3074 1252 iudicantes,
3122 1184 3389 1238 acerrime
3429 1197 3553 1239 cor-

1957 1272 2165 1342 ripiunt
2202 1287 2328 1341 eos,
2369 1287 2504 1342 quos
2540 1272 2717 1328 subita
2745 1272 2982 1328 viderint
3005 1273 3090 1328 ira
3117 1273 3385 1340 turbatos,
3414 1289 3552 1330 ocu-
3571 1312 3603 1372 ί

1957 1362 2072 1417 lum
2119 1363 2316 1418 mentis
2359 1379 2389 1417 a
2431 1363 2589 1419 solito
2629 1364 2883 1434 puritatis
2941 1371 3088 1421 statu
3127 1365 3284 1434 quasi
3341 1364 3551 1421 festuca
3572 1362 3592 1444 ’δ

1958 1453 2202 1508 irruente
2246 1461 2506 1520 mutasse,
2547 1463 2711 1525 atque
2748 1455 3098 1511 immemores
3133 1453 3393 1510 dominici
3415 1447 3600 1526 prae-gf

1957 1549 2124 1618 cepti,
2152 1564 2261 1618 quo
2294 1549 2404 1603 ait:
2435 1546 2613 1603 Nolite
2633 1549 3006 1617 condemnare,
3033 1559 3082 1605 et
3105 1566 3211 1605 non
3237 1549 3556 1605 condemna-

1959 1630 2142 1693 bimini
2166 1639 2380 1710 (Matth.
2415 1639 2536 1714 vn),
2575 1641 2750 1713 magis
2771 1651 2957 1696 amant
2978 1644 3292 1714 vituperare
3323 1651 3380 1696 et
3403 1642 3556 1698 dam-

1955 1746 2108 1798 nare,
2142 1747 2307 1802 quam
2344 1732 2636 1788 emendare
2661 1740 2825 1802 atque
2848 1734 3146 1805 corrigere.

2031 1845 2100 1902 Et
2135 1851 2398 1917 quomodo
2437 1855 2579 1916 potes
2641 1847 2814 1902 dicere
2863 1847 3022 1917 fratri
3066 1859 3177 1915 tuo,
3219 1849 3404 1918 frater,
3446 1848 3558 1903 sine

1960 1938 2171 2008 ejiciam
2195 1937 2451 2007 festucam
2475 1938 2540 1992 de
2563 1937 2714 1992 oculo
2741 1948 2865 2004 tuo,
2911 1941 3020 2010 ipse
3057 1941 3111 1993 in
3149 1939 3301 1995 oculo
3324 1949 3414 1995 tuo
3441 1950 3556 1994 tra-

1961 2031 2074 2086 bem
2096 2049 2200 2086 non
2223 2031 2420 2086 videns.
2448 2030 2574 2087 Hzec
2590 2047 2714 2087 cum
2739 2031 2911 2087 fratre
2939 2032 3081 2103 agis,
3103 2033 3148 2087 si
3175 2031 3328 2088 verbi
3355 2032 3551 2104 gratia,

1961 2127 2107 2197 quod
2132 2127 2214 2181 ira
2252 2127 2343 2182 ille
2372 2127 2640 2198 peccavit,
2675 2135 2730 2182 tu
2769 2127 2894 2183 odio
2943 2127 3320 2198 reprehendis.
3375 2126 3559 2194 Quan-

1961 2228 2078 2274 tum
2103 2230 2289 2274 autem
2321 2220 2466 2275 inter
2500 2219 2768 2276 festucam
2805 2228 2860 2276 et
2893 2220 3126 2287 trabem,
3157 2219 3311 2290 quasi
3346 2227 3559 2275 tantum

1960 2311 2107 2366 inter
2133 2311 2271 2366 iram
2302 2311 2467 2366 distat
2488 2320 2650 2383 atque
2680 2313 2885 2368 odium.
2944 2311 3138 2370 Odium
3179 2320 3265 2368 est
3299 2312 3446 2368 enim
3476 2312 3558 2368 ira

1963 2402 2288 2467 inveterata,
2317 2404 2474 2473 quasi
2499 2420 2618 2474 quae
2643 2413 2914 2460 vetustate
2940 2405 3058 2475 ipsa
3095 2414 3306 2460 tantum
3333 2420 3560 2474 accepe—

1963 2494 2060 2561 rit,
2089 2503 2151 2550 ut
2178 2495 2376 2550 merito
2405 2495 2708 2566 appelletur
2733 2496 2937 2552 trabes.
2953 2495 3098 2552 Fieri
3135 2506 3316 2552 autem
3354 2505 3556 2567 potest,

1962 2597 2024 2641 ut
2049 2587 2098 2642 si
2126 2587 2386 2643 irascaris
2425 2586 2653 2653 homini,
2697 2587 2832 2642 velis
2859 2603 2980 2642 eum
3021 2589 3246 2658 corrigi.
3287 2587 3344 2644 Si
3375 2597 3557 2644 autem

1961 2679 2144 2735 oderis
2169 2679 2468 2746 hominem,
2508 2696 2616 2736 non
2657 2690 2813 2752 potes
2841 2696 2966 2736 eum
2995 2681 3134 2736 velle
3174 2683 3474 2753 corrigere,
3504 2690 3560 2737 et

1963 2771 2086 2828 ideo
2114 2771 2448 2843 impossibile
2474 2771 2694 2840 dicitur,
2743 2781 2804 2828 ut
2850 2773 3140 2830 festucam
3169 2773 3358 2830 fratris
3400 2773 3560 2830 oculo

1963 2863 2166 2930 demat,
2199 2864 2293 2933 qui
2318 2879 2417 2920 suo
2444 2865 2658 2920 trabem
2688 2873 2866 2936 gestat
2891 2866 2947 2920 in
2971 2865 3150 2922 oculo.

2035 2975 2331 3048 ngocrita
2358 3017 2372 3042 ,
2422 2977 2554 3048 ejice
2577 2978 2806 3048 primum
2848 2980 3050 3035 trabem
3097 2979 3162 3035 de
3190 2981 3345 3036 oculo
3372 2990 3483 3048 tuo,
3509 2990 3560 3036 et

1962 3077 2088 3123 tunc
2116 3068 2414 3139 perspicies,
2459 3078 2516 3122 ut
2541 3069 2734 3125 educas
2763 3070 3018 3141 festucam
3062 3071 3128 3126 de
3173 3070 3330 3126 oculo
3376 3073 3560 3142 fratris

1965 3160 2064 3214 tui.
2105 3159 2163 3215 Id
2194 3168 2296 3227 est,
2327 3162 2505 3232 primo
2531 3163 2628 3218 abs
2657 3173 2710 3219 te
2757 3164 2968 3234 expelle
3007 3164 3194 3221 odium
3219 3174 3274 3220 et
3305 3166 3561 3238 deinceps

1829 3252 1862 3347 ᾇ
1889 3267 1934 3330 C
1964 3253 2170 3324 poteris
2212 3252 2328 3323 jam
2357 3269 2482 3309 eum
2521 3271 2684 3325 quem
2715 3255 2894 3328 diligis
2924 3258 3248 3324 emendare,
3281 3267 3338 3315 et
3361 3267 3448 3316 est
3476 3275 3564 3316 ve-

1964 3359 2024 3400 re
2068 3345 2298 3401 multum
2339 3347 2639 3402 cavendum
2689 3357 2744 3402 et
2788 3349 3078 3421 molestum
3129 3351 3557 3422 hypocritarum,

1963 3436 2020 3492 id
2043 3445 2128 3494 est
2165 3437 2546 3494 simulatorum
2573 3455 2782 3511 genus,
2819 3441 2912 3510 qui
2958 3455 3083 3496 cum
3123 3442 3368 3498 omnium
3407 3443 3563 3499 vitio-

1962 3543 2086 3584 rum
2111 3539 2168 3584 et
2201 3530 2581 3587 accusationes
2615 3531 2742 3587 odio
2769 3540 2825 3587 et
2848 3530 3022 3588 livore
3046 3534 3364 3604 suscipiant,
3393 3536 3558 3591 etiam

1963 3622 2301 3678 consultores
2361 3623 2535 3680 videri
2578 3639 2638 3680 se
2690 3625 2910 3693 volunt,
2941 3635 2995 3682 et
3021 3628 3142 3684 ideo
3174 3629 3263 3700 pie
3292 3639 3560 3700 cauteque

1968 3716 2294 3787 vigilandum
2331 3728 2436 3786 est,
2474 3728 2537 3774 ut
2578 3736 2704 3776 cum
2743 3721 2979 3792 aliquem
3038 3725 3442 3795 reprehendere
3471 3726 3559 3781 vel

1962 3806 2251 3880 objurgare
2309 3812 2610 3868 necessitas
2685 3815 2960 3887 coegerit,
3026 3817 3207 3887 primo
3253 3817 3558 3889 cogitemus

1962 3907 2147 3955 utrum
2189 3901 2295 3956 tale
2343 3903 2416 3958 sit
2458 3904 2650 3960 vitium
2675 3948 2690 3973 ,
2741 3908 2886 3977 quod
2930 3925 3207 3980 nunquam
3244 3911 3554 3977 habuimus,

1961 3991 2047 4046 vel
2073 4007 2181 4062 quo
2212 3995 2521 4064 caruimus,
2555 4007 2610 4053 et
2648 4000 2695 4054 si
2731 4017 3010 4072 nunquam
3037 4005 3324 4060 habuimus
3357 4005 3560 4077 cogite-

1961 4101 2122 4151 mus,
2163 4096 2218 4142 et
2249 4104 2346 4144 nos
2375 4090 2622 4147 homines
2665 4108 2819 4160 esse,
2869 4104 2923 4148 et
2967 4095 3167 4151 habere
3193 4097 3452 4167 potuisse.
3496 4096 3558 4153 Si

1961 4193 2092 4233 vero
2122 4179 2442 4247 habuimus,
2474 4190 2529 4236 et
2564 4198 2669 4238 non
2697 4185 2988 4252 habemus,
3023 4196 3210 4259 tangat
3235 4189 3556 4246 memoriam

1962 4272 2267 4328 communis
2296 4273 2590 4332 infirmitas
2613 4319 2627 4343 ,
2675 4288 2733 4333 ut
2764 4279 2915 4336 illam
2956 4283 3432 4353 reprehensionem
3461 4294 3558 4342 aut

1961 4361 2415 4434 objurgationem,
2449 4383 2558 4423 non
2588 4370 2794 4437 odium,
2822 4374 2918 4455 sed
2949 4374 3324 4432 misericordia
3354 4392 3556 4447 prece-

1962 4458 2070 4524 dat,
2105 4467 2166 4514 ut
2193 4461 2308 4518 sive
2341 4463 2408 4517 ad
2439 4466 2836 4522 correctionem
2881 4466 3021 4538 ejus,
3059 4478 3284 4540 propter
3309 4487 3471 4542 quem
3501 4472 3556 4529 id

1960 4547 2209 4617 facimus,
2240 4553 2355 4609 sive
2384 4556 2454 4611 ad
2493 4560 2902 4625 perversionem
2930 4562 3188 4630 valuerit,
3230 4580 3356 4620 nam
3384 4567 3556 4623 incer-

271 4662 481 4720 1emum
505 4707 522 4733 ,
570 4636 626 4723 έι
671 4636 857 4726 ροιςιηι
904 4636 1175 4742 ρθιθηῴἑη
1536 4636 1856 4746 eri},
1883 4636 1938 4697 D
2082 4654 2168 4700 est
2189 4645 2387 4753 exitus.
2440 4646 2773 4754 Nosmtamen
2803 4652 2869 4707 de
2906 4653 3252 4754 simplicitate
3291 4657 3433 4713 oculi
3461 4673 3556 4714 no-

271 4759 520 4828 nunquid
559 4770 650 4817 tua
685 4772 866 4818 mente
892 4766 1078 4820 vitiata
1102 4809 1117 4834 ,
1161 4768 1355 4823 vitium
1384 4771 1502 4840 ejus
1539 4787 1734 4827 curare
1765 4789 1861 4844 po-

273 4849 445 4904 teris?
495 4851 603 4922 Aut
634 4853 726 4912 ille
775 4856 923 4912 solus
971 4859 1063 4927 qui
1117 4860 1369 4930 injuriam
1396 4861 1546 4929 fecit,
1586 4873 1640 4919 et
1663 4881 1770 4920 non
1803 4875 1861 4920 tu

271 4940 462 5007 etiam,
509 4944 601 5014 qui
653 4944 800 5003 ferre
848 4949 1128 5005 nesciebas
1176 4967 1300 5007 reus
1364 4953 1744 5025 deputaberis?
1792 4958 1864 5012 At

270 5031 320 5087 si
354 5035 538 5090 mitem
585 5047 640 5092 te
688 5041 1069 5112 tranquillique
1110 5047 1343 5114 pectoris
1384 5046 1501 5117 ejus
1547 5049 1862 5121 improbitas

270 5121 573 5193 invenerit,
617 5138 672 5184 et
715 5130 803 5186 ille
840 5132 908 5187 ad
937 5134 1312 5204 pmuitentiam
1341 5137 1680 5208 movebitur,
1712 5153 1767 5198 et
1799 5153 1854 5201 tu

266 5219 550 5285 patientia:
596 5224 820 5294 praemio
868 5227 1179 5297 donaberis,
1227 5233 1354 5304 quia
1403 5250 1607 5292 caecum
1640 5239 1857 5296 vidente

265 5309 432 5456 pculo
457 5353 472 5378 ,
528 5313 632 5371 hoc
675 5325 801 5385 est,
846 5321 1012 5377 corde
1053 5338 1246 5381 sereno
1288 5325 1488 5385 ducere
1526 5332 1758 5387 curabas
1787 5334 1855 5390 ad

293 5417 475 5456 nmen.
864 5418 872 5428 ‘

293 5417 475 5459 umen.
864 5418 872 5428 “

349 5495 472 5552 Non
497 5508 573 5556 est
593 5501 884 5574 discipulus
907 5522 1065 5577 super
1088 5511 1399 5579 magistrum
1418 5554 1433 5579 ,
1475 5515 1735 5585 perfectus
1756 5535 1854 5572 au-

264 5597 374 5643 tem
403 5593 573 5648 omnis
599 5595 698 5648 erit
725 5635 742 5663 ,
787 5597 836 5651 si
873 5597 941 5652 sit
967 5599 1102 5652 sicut
1130 5602 1382 5671 magister
1407 5604 1542 5674 ejus.
1593 5604 1651 5660 Si
1680 5609 1852 5679 magi-

265 5685 388 5733 ster
437 5683 531 5752 qui
573 5685 763 5756 utique
788 5687 944 5758 quasi
974 5687 1118 5744 Deus
1146 5689 1352 5760 potuit,
1386 5707 1493 5747 non
1523 5709 1649 5750 suas
1676 5696 1851 5753 ultum

265 5771 353 5828 ire
374 5770 597 5841 injurias
621 5818 638 5844 ,
680 5771 775 5835 scd
819 5781 965 5851 ipsos
1008 5783 1196 5838 maluit
1225 5784 1563 5842 insecutores
1597 5789 1852 5866 patiendo

266 5861 501 5920 reddere
518 5867 783 5938 mitiores,
810 5873 1055 5930 eamdem
1084 5891 1307 5933 necesse
1330 5887 1446 5944 est,
1475 5879 1722 5954 discipuli
1753 5861 1846 5955 qui

1962 4738 2062 4793 stri
2099 4740 2274 4795 securi
2304 4741 2492 4798 simus.
2547 4743 2606 4799 Si
2637 4756 2820 4802 autem
2857 4750 3161 4819 cogitantes
3189 4755 3552 4826 nosmetipsos

1964 4832 2334 4891 invenerimus
2362 4835 2418 4891 in
2446 4852 2513 4892 eo
2557 4853 2678 4895 esse
2701 4841 2866 4908 vitio,
2921 4843 2975 4898 in
3003 4860 3110 4914 quo
3135 4853 3219 4901 est
3247 4847 3356 4912 ille,
3389 4863 3550 4919 quem

1963 4923 2364 4993 reprehendere
2399 4929 2756 4996 parabamus,
2801 4948 2910 4988 non
2950 4936 3412 5005 reprehendamus
3453 4954 3550 4994 ne-

1964 5030 2071 5085 que
2109 5014 2475 5088 objurgemus,
2507 5021 2602 5076 sed
2635 5030 2816 5078 tamen
2837 5028 3322 5099 congemiscamus,
3358 5039 3549 5087 etnon

1963 5108 2116 5166 illum
2162 5112 2228 5167 ad
2257 5112 2742 5185 ohtemperandum
2782 5120 2965 5188 nobis,
3008 5124 3103 5178 sed
3130 5125 3198 5179 ad
3228 5125 3436 5196 pariter
3460 5140 3548 5180 co-

1962 5200 2202 5256 nandum
2227 5203 2540 5264 invitemus.
2577 5207 2724 5265 Raro
2742 5226 2896 5282 ergo,
2921 5222 2977 5267 et
3002 5229 3198 5286 magna
3220 5215 3546 5276 necessitate

1961 5291 2364 5364 obiurgationes
2412 5297 2734 5357 adhibendae
2775 5311 2934 5370 sunt,
2967 5305 3042 5358 ita
3081 5313 3260 5360 tamen
3293 5313 3355 5360 ut
3378 5307 3543 5362 etiam

1962 5383 2018 5438 in
2047 5384 2132 5441 his
2161 5386 2293 5456 ipsis
2321 5404 2430 5444 non
2459 5391 2638 5460 nobis,
2668 5395 2764 5450 sed
2795 5395 2926 5463 Deo,
2960 5405 3020 5451 ut
3040 5397 3341 5455 serviamus
3371 5400 3544 5458 inste-

1962 5493 2104 5534 mus.
2143 5478 2264 5551 Ipse
2291 5489 2378 5537 est
2419 5483 2565 5539 enim
2605 5484 2747 5554 finis,
2797 5497 2858 5543 ut
2887 5488 3021 5543 nihil
3046 5489 3243 5560 duplici
3279 5494 3444 5550 corde
3467 5494 3544 5552 fa-

1961 5572 2188 5630 ciamus.
2247 5575 2576 5634 Auferentes
2625 5579 2836 5636 trabem
2878 5581 2944 5636 de
2979 5582 3137 5637 oculo
3177 5595 3368 5657 nostro
3403 5589 3542 5645 invi-

1961 5665 2176 5734 dentize,
2208 5666 2292 5724 vel
2339 5670 2590 5736 malitiae,
2637 5671 2722 5728 vel
2756 5673 3143 5744 simulationis,
3179 5688 3239 5736 ut
3262 5680 3540 5738 valeamus

1958 5757 2157 5829 ejicere
2182 5759 2447 5820 festucam
2471 5763 2537 5819 de
2563 5763 2722 5820 oculo
2748 5763 2932 5821 fratris
