4026 6458
511 391 617 448 571

712 501 1124 563 ΗΕΒΒΘΙΑΒΑ
1169 503 1231 566 γι
1268 501 1440 558 POST
1481 497 1904 556 PENTEOOST.

500 660 503 665 ν
747 610 923 659 ειιιετ.
951 608 1110 666 usui
1141 578 1301 651 perm
1332 605 1616 656 APOSTOLI,
1645 603 1762 645 Cir.
1790 603 1871 646 ιιι.

599 707 620 742 ι
652 686 853 745 Omnes
877 686 1159 742 unanimes
1190 690 1362 740 estote
1388 683 1444 739 in
1469 682 1737 748 oratione,
1766 680 2099 751 compatien-

530 802 549 836 ι
596 792 700 849 tes,
719 779 1077 839 fraternitatis
1097 783 1390 842 amatores,
1414 768 1818 840 misericordes,
1846 773 2095 839 modesti,

496 926 503 927 ,
530 891 551 926 ι
594 871 845 930 humiles.
873 868 1300 945 Non'j'eddentes
1328 866 1532 921 malum
1558 881 1657 937 pro
1684 865 1850 930 malo,
1874 864 1958 919 vel
1989 880 2101 920 ma-

529 981 552 1017 s
593 952 850 1020 ledictum
864 976 962 1034 pro
974 959 1289 1033 maledicto,
1300 959 1396 1017 sed
1410 974 1441 1014 e
1464 967 1649 1014 contra
1656 958 1758 1023 rio,
1775 958 2098 1015 benedicen-

528 1071 548 1108 α
595 1063 697 1122 tes,
719 1056 847 1125 quia
870 1054 929 1109 in
951 1053 1056 1109 hoc
1073 1046 1251 1125 vocati
1274 1051 1429 1130 estis,
1452 1059 1514 1108 ut
1532 1051 1960 1107 benedictionem
1988 1050 2098 1107 bre-

496 1204 503 1209 ,
528 1162 548 1196 ι
592 1142 824 1201 reditate
847 1143 1191 1217 possideatis,
1220 1143 1313 1215 qui
1346 1142 1495 1199 enim
1526 1141 1639 1197 vult
1662 1142 1832 1196 vitam
1871 1139 2097 1212 diligere

528 1253 550 1293 ο
592 1245 650 1292 et
680 1236 863 1292 videre
898 1236 1014 1292 dies
1057 1236 1265 1302 bonos,
1302 1241 1555 1290 coerceat
1592 1232 1832 1304 linguam
1869 1248 2022 1288 suam
2064 1247 2097 1287 a

525 1344 545 1380 ι
591 1326 755 1393 malo,
783 1334 840 1382 et
869 1325 1014 1401 labia
1057 1326 1174 1401 ejus
1217 1338 1286 1381 ne
1310 1323 1597 1394 loquantur
1624 1320 1825 1379 dolum.
1855 1323 2097 1379 Declinet

525 1439 545 1475 ι
576 1429 771 1477 autem
795 1436 826 1476 a
852 1419 993 1475 malo
1019 1429 1072 1475 et
1097 1419 1261 1497 faciat
1290 1419 1510 1480 bonum,
1542 1418 1781 1489 inquirat
1815 1432 2004 1487 pacem
2041 1423 2095 1472 et

524 1529 544 1564 ι
590 1520 850 1582 sequatur
888 1525 1029 1585 eam,
1056 1509 1185 1585 quia
1222 1508 1366 1563 oculi
1392 1500 1605 1563 Domini
1635 1505 2010 1585 superjustes,
2040 1514 2096 1561 et

526 1620 546 1657 ι
592 1615 751 1667 aures
780 1601 895 1673 ejus
925 1582 979 1658 in
1009 1582 1201 1672 preces
1224 1614 1433 1677 eorum.
1458 1582 1850 1676 Vultusautem
1882 1596 2093 1654 Domini

1820 379 2172 439 SMABAGDI
2207 378 2500 437 ABBATIS

2123 504 2349 565 Altum
2406 502 2622 553 nocent.
2670 494 2735 552 Si
2770 497 2892 569 quis
2940 506 3123 554 autem
3182 499 3491 570 huius‘mddi
3532 505 3791 565 advenis

2193 587 2375 644 .victus
2401 588 2619 656 devicit,
2649 603 2759 645 non
2785 589 2914 645 huic
2938 589 3033 646 ille
3067 591 3161 662 qui
3200 590 3401 647 malum
3438 593 3654 664 intulit,
3687 601 3789 655 sed

3674 384 3790 449 sn

2201 679 2316 749 ipse
2356 680 2460 737 sibi
2500 682 2593 751 qui
2622 683 2738 739 haec
2762 684 3032 754 patienter
3054 682 3200 742 t‘erre
3236 687 3533 757 recusavit,
3560 695 3785 762 metit;

2200 780 2375 842 neque
2411 789 2598 829 eorum
2641 775 2854 843 domas,
2894 782 3057 847 quam
3086 778 3174 833 vir
3198 780 3415 850 sapiens
3459 780 3786 856 meum,

2200 865 2320 921 ideo
2348 882 2453 922 non
2482 869 2705 937 cecidit,
2746 870 2874 941 quia
2922 870 3205 928 violentias
3250 880 3633 945 tenipestatam
3676 892 3788 937 neu

2197 959 2439 1028 pertulit,
2467 963 2561 1016 sed
2585 963 2711 1032 quia
2734 958 2957 1018 fundata
2999 970 3121 1019 erat
3140 973 3302 1035 supra
3320 972 3530 1036 petram
3556 968 3782 1042 (unus.

2198 1048 2328 1120 vn);
2360 1066 2460 1106 nec
2488 1067 2677 1108 rursus
2701 1066 2787 1119 ea,
2831 1066 2992 1123 quam
3022 1054 3219 1111 stultus
3259 1057 3424 1113 stulte
3466 1057 3783 1130 fabricavit,

2198 1138 2318 1195 idco
2343 1142 2558 1209 cecidit,
2576 1144 2704 1214 quia
2727 1143 2936 1214 pulsata
2962 1147 3378 1216 tempestatibus
3395 1157 3504 1216 est,
3526 1152 3625 1207 sed
3655 1154 3786 1224 quia

2196 1240 2357 1301 super
2388 1248 2614 1288 arenam
2654 1235 2830 1306 posita
2862 1244 2999 1291 erat.
3032 1236 3337 1310 Utramque
3367 1241 3573 1297 etenim
3602 1257 3788 1315 aqua-

2195 1323 2319 1379 liter
2337 1325 2638 1382 adversitas
2666 1326 2867 1384 feriens
2892 1330 3141 1397 tentavit,
3172 1332 3265 1386 sed
3292 1334 3389 1388 uni
3409 1332 3647 1393 ﬁrmitas
3672 1335 3786 1392 fun-

2195 1418 2430 1473 damenti
2459 1432 2712 1475 coronam
2736 1424 3156 1491 perseverantia
3184 1424 3392 1494 tribuit,
3426 1427 3664 1485 alterum
3692 1430 3785 1485 ﬂa-

2192 1510 2347 1582 gellis
2370 1518 2657 1567 structurae
2681 1514 2909 1570 stultitia
2937 1517 3150 1572 stravit.
3228 1558 3242 1574 .

2265 1601 2369 1657 Sed
2390 1612 2439 1658 ct
2462 1603 2509 1659 si
2535 1606 2660 1676 quid
2682 1607 2923 1677 patimini
2948 1610 3457 1680 propterjttslitiant,
3483 1610 3647 1669 beati.
3665 1614 3784 1671 Non

523 1713 544 1747 s
590 1709 751 1765 super
790 1678 1051 1773 iacientes
1088 1693 1249 1771 mala.
1278 1692 1347 1747 Et
1374 1692 1495 1763 quis
1531 1699 1648 1758 est,
1682 1691 1775 1760 qui
1816 1691 1970 1746 vobis
1998 1705 2095 1744 no~
2188 1696 2399 1760 solum,
2430 1697 2636 1767 inquit,
2674 1699 2810 1753 nihil
2855 1699 3010 1757 vobis
3045 1678 3251 1769 nocet,
3296 1703 3391 1773 qui
3438 1705 3647 1761 bonum
3697 1706 3783 1763 la-

521 1808 541 1843 c
586 1795 742 1856 ceat,
788 1789 835 1847 si
880 1789 1009 1844 boni
1060 1782 1408 1843 acmulatdres
1456 1785 1710 1840 fueritis?
1745 1781 1851 1839 Sed
1886 1785 1930 1838 si
1963 1782 2094 1855 quid

2195 1788 2461 1844 cientibus
2490 1789 2628 1846 male
2657 1790 2888 1862 iri-agat,
2917 1793 3014 1848 sed
3053 1794 3220 1849 etiam
3265 1808 3389 1850 eum
3425 1806 3526 1852 vos
3552 1806 3783 1868 propter

520 1901 541 1936 ‹
582 1878 829 1955 patimini
857 1878 1078 1955 propter
1100 1868 1391 1952 juStitiam,
1414 1878 1579 1935 beati.
1608 1864 1882 1934 Timorem
1913 1882 2093 1932 autem
2120 1874 2168 1937 B
2195 1881 2336 1953 ligna
2364 1892 2485 1952 qua:
2518 1891 2851 1950 exsecratur,
2883 1886 3053 1942 hostis
3081 1888 3405 1959 insequitur,
3434 1864 3785 1948 causaru‘vo-

520 1993 540 2027 ι
584 1990 774 2032 eorum
812 1991 883 2031 ne
906 1972 1215 2040 timueritis,
1240 1982 1301 2029 ut
1323 1988 1432 2028 non
1462 1966 1878 2028 conturbemini.
1909 1969 2092 2026 Domi-

518 2086 538 2120 ι
580 2062 711 2125 num
743 2066 925 2124 autem
953 2062 1229 2125 Christum
1260 2056 1596 2122 sanctiﬁcaie
1626 2064 1686 2120 in
1725 2056 1977 2120 cordibus
2005 2079 2095 2119 ve-

420 2154 423 2157 ’
484 2150 489 2153 ’
517 2156 537 2209 i
581 2148 728 2216 stris;
751 2160 771 2213 ἱ

585 2246 779 2305 Umnéi
810 2245 1084 2309 unahi‘riiéi
1118 2250 1279 2305 e'slotc
1313 2247 1370 2304 in
1399 2240 1656 2312 oratione,
1701 2242 2089 2317 compatienlcs‘,

511 2336 878 2414 frate‘iriitaiis',
907 2338 1012 2397 etc.
1048 2330 1163 2413 (Et
1202 2332 1391 2413 Beda.)
1427 2339 1693 2407 Quoniam
1726 2337 1973 2409 superius
2012 2337 2093 2392 di-

509 2444 694 2491 versas
722 2434 1001 2508 personas,
1039 2432 1379 2490 Conditiones
1419 2436 1475 2487 et
1502 2436 1686 2497 Sexus,
1718 2434 1955 2502 congrua
1987 2427 2089 2485 Sibi

509 2527 836 2585 discretione
865 2524 1122 2592 docebat,
1160 2524 1277 2597 jam
1321 2541 1464 2582 nunc
1512 2534 1701 2581 omnes
1730 2520 2092 2581 communiter

508 2620 763 2677 admonet
783 2620 840 2676 in
862 2618 988 2677 ﬁdei
1011 2614 1305 2676 Dominica‘:
1323 2624 1508 2686 causa,
1533 2614 1698 2674 unum
1723 2614 1821 2675 eoi
1843 2622 1899 2674 et
1924 2622 2088 2675 uuam

508 2714 713 2770 habere
741 2713 1000 2768 animam.

581 2802 721 2872 Quia
749 2803 808 2859 in
834 2800 931 2859 lioc
960 2800 1128 2860 vocali
1166 2801 1311 2870 éslii,
1340 2806 1399 2857 ιιι
1424 2786 1830 2858 bciiediclioiiém
1857 2796 2087 2861 heredi-

507 2897 635 2951 tatis
660 2888 994 2967 possidcaiis,
1026 2892 1133 2953 etc.
1176 2888 1364 2951 PoteSt
1406 2892 1710 2951 benedictio
1754 2886 2086 2950 hmreditatis

507 2999 563 3045 et
587 2988 679 3045 illa
706 2986 955 3061 intelligi,
987 2988 1094 3060 qua
1128 2986 1371 3045 Ecclesia
1402 2986 1459 3044 in
1487 2984 1668 3044 futura
1700 2986 1811 3044 vita
1859 2987 2085 3045 Domino

507 3070 769 3152 perpetuo
795 3077 1086 3148 blinedicit,
1115 3079 1257 3135 unde
1278 3083 1334 3136 et
1353 3078 1499 3135 nunc
1520 3090 1614 3149 spe
1637 3077 1940 3134 futurorum
1968 3084 2086 3150 gra-

508 3170 804 3227 tulabunda
844 3169 994 3227 canit
1020 3174 1040 3202 "
1080 3166 1344 3226 Exultabo
1374 3179 1444 3237 te,
1481 3168 1623 3226 Deus
1660 3180 1828 3238 meus,
1864 3184 1988 3238 rex,
2033 3180 2081 3225 et

2192 1971 2279 2027 his
2333 1972 2553 2044 majoris
2604 1973 2953 2032 beatitudinis
3015 1982 3276 2048 prastat,
3323 1994 3449 2037 cum
3502 1984 3783 2054 patientiae

2192 2073 2390 2121 vestrm
2439 2067 2583 2123 vires
2642 2077 2891 2135 exercet,
2940 2071 3098 2141 juxta
3155 2073 3287 2129 illud
3338 2074 3779 2147 Evangelieutn;

2191 2152 2344 2209 Beati
2388 2158 2477 2226 qui
2502 2159 2916 2227 persecutionem
2956 2161 3231 2232 patiuntur
3269 2170 3482 2236 propin
3506 2166 3780 2237 justitiam

2193 2248 2410 2320 (Matth.
2435 2250 2511 2318 v).
3177 2318 3191 2331 κ

2265 2341 2546 2397 Dominum
2589 2352 2825 2400 nostrum
2866 2344 3048 2401 Iesum
3078 2344 3345 2404 Christum
3369 2351 3707 2420 mutam:
3729 2352 3782 2407 is

2188 2432 2433 2488 cordibus
2472 2435 2676 2491 vestris.
2709 2434 2851 2504 Quid
2890 2444 2975 2494 est
3012 2437 3304 2494 Dominum
3348 2440 3704 2497 sanctiﬁcata
3729 2443 3781 2498 in

2189 2522 2443 2578 cordibus
2471 2523 2691 2590 vestris,
2723 2525 2829 2581 nisi
2863 2527 3207 2584 sanctitatem
3236 2529 3381 2600 ejus,
3403 2538 3569 2600 quam
3595 2532 3678 2588 sit
3705 2534 3782 2587 in.

2189 2615 2692 2684 comprehensibilis
2717 2616 2921 2688 gloriae,
2948 2618 3142 2679 intimo
3178 2621 3360 2679 cordis
3405 2621 3603 2678 ali‘ectu
3650 2638 3783 2680 cou-

2189 2704 2353 2771 tueri,
2381 2706 2525 2776 quod
2572 2715 2657 2762 est
2687 2708 2985 2764 maximum
3032 2710 3188 2766 nobis
3224 2712 3538 2783 praesidium
3585 2726 3778 2770 eontra

2186 2786 2412 2853 insidias
2459 2812 2524 2852 ac
2548 2797 2866 2855 violentiam
2899 2801 3160 2858 terrentis
3187 2802 3416 2870 inimici,
3459 2815 3685 2874 semper
3713 2806 3781 2861 vi-

2186 2889 2380 2946 delicet
2409 2891 2629 2959 intueri,
2654 2901 2920 2964 quantum
2948 2895 3005 2950 in
3034 2910 3107 2973 se
3134 2896 3483 2966 sperantibus
3515 2897 3776 2953 vincendi

2186 2978 2557 3039 fortitudinem
2579 2983 2711 3039 dare
2728 2982 2893 3054 valet,
2914 2985 3071 3058 cujus
3093 2985 3490 3049 inastimahilis
3509 2990 3777 3048 sanctitas

2186 3073 2375 3147 fulget.

2344 3185 2473 3226 I‘I'EH
2500 3186 2624 3228 AL“
2657 3186 2940 3229 EIPOSITIO
2963 3187 3018 3230 13⁸
3045 3185 3264 3229 ΒΔΙΒΕΙ
3290 3187 3613 3231 EHBTOL“.

506 3263 806 3319 benedicens
848 3264 1039 3319 itemcu
1070 3272 1221 3317 suum
1245 3252 1301 3317 iii
1341 3270 1624 3329 aeternum,
1663 3270 1712 3317 et
1744 3262 1801 3318 in
1832 3260 2082 3318 secutum
2110 3252 2154 3315 G
2259 3258 2449 3318 Omnes
2491 3264 2765 3319 unanimes
2790 3264 2848 3318 in
2880 3265 3118 3320 oratione
3139 3274 3338 3323 estote.
3392 3265 3778 3324 Fraternitatis

505 3357 688 3415 sicculi
712 3355 885 3433 (Paul.
909 3356 1110 3430 cam).
1127 3355 1281 3425 Quod
1304 3370 1434 3430 ergo
1455 3357 1685 3428 quisque
1714 3357 1769 3412 in
1796 3355 1978 3412 futuro
2001 3358 2084 3412 in~

502 3451 690 3508 venire
722 3449 1010 3516 desiderat,
1039 3450 1143 3505 hoc
1179 3449 1235 3504 in
1263 3449 1521 3521 praesenti
1550 3443 1800 3506 meditari
1842 3457 1898 3505 et
1920 3450 2085 3521 agere

504 3548 736 3614 satagat,
768 3548 825 3597 et
859 3542 1196 3599 conditorem
1229 3538 1483 3599 VideIiCet
1512 3549 1569 3599 et
1604 3542 1932 3613 proximum,
1975 3540 2085 3598 sin-

503 3648 630 3689 cera
667 3644 800 3688 voce
846 3633 1186 3701 benedicere,
1216 3626 1272 3690 ei
1311 3633 1487 3705 ipsum
1530 3634 1713 3689 divina
1759 3635 1966 3705 pariter
2020 3649 2083 3690 ac

502 3724 745 3781 fraterna
777 3726 1155 3783 benedictione
1205 3726 1425 3799 dignum
1473 3728 1727 3796 reddere,
1775 3730 1903 3801 quia
1941 3724 2082 3786 oculi

502 3815 717 3871 Domini
745 3829 908 3887 super
932 3815 1108 3887 justus
1146 3814 1319 3890 (Ptol.
1347 3815 1521 3891 xxxii)
1539 3861 1553 3886 ,
1582 3825 1637 3874 et
1679 3828 1839 3875 avres
1882 3817 1997 3888 ejus
2025 3818 2080 3876 in

500 3918 691 3977 preces
724 3921 935 3974 eorum,
965 3908 1146 3963 vultus
1175 3916 1354 3964 autem
1389 3909 1602 3964 Domini
1629 3924 1792 3980 super
1819 3906 2081 3967 facientes

502 4000 661 4068 mala,
692 4002 819 4072 quia
850 4002 1041 4058 beatus
1068 4001 1262 4057 Petrus
1291 4002 1491 4057 malum
1520 4017 1619 4058 nos
1645 4014 1745 4074 pro
1779 4002 1921 4059 male
1957 4000 2083 4060 red-

500 4093 632 4148 dere
679 4098 949 4149 vetuerat.
990 4090 1105 4147 imo
1134 4091 1580 4149 maledicentibus
1614 4092 1941 4149 benedicere
1962 4092 2082 4163 jus-

498 4192 668 4249 serat,
694 4190 842 4240 recte
868 4182 1184 4254 prophetico
1233 4182 1543 4239 testimonio
1578 4184 1813 4248 astruit,
1845 4190 2079 4254 superna

496 4275 831 4343 inspectione
856 4281 914 4328 et
949 4274 1122 4329 bonos
1165 4284 1381 4345 semper
1416 4275 1589 4331 videri
1630 4278 1687 4330 et
1719 4275 1913 4339 malos,
1944 4288 2079 4347 qua-

496 4376 656 4421 tenus
685 4367 1090 4422 meminerimus
1122 4377 1178 4422 et
1209 4375 1451 4423 nostram
1483 4369 1823 4438 patientiam,
1863 4372 1968 4439 qua
1996 4374 2080 4424 to-

495 4456 732 4513 leramus
767 4458 959 4524 malos,
1007 4460 1249 4514 nostram
1276 4459 1731 4526 benevolentiam,
1765 4471 1869 4530 qua
1897 4472 2080 4530 perse-

2186 3353 2536 3422 unanimitas,
2566 3355 2714 3411 velut
2738 3355 2870 3412 urbs
2902 3356 3358 3431 inexpugnabilis,
3386 3359 3631 3417 hostium
3666 3377 3778 3417 non

2183 3454 2335 3517 patet
2363 3449 2592 3507 insidiis.
2628 3448 2803 3507 Habet
2830 3450 2977 3507 enim
3005 3460 3195 3509 saneta
3240 3453 3504 3522 Ecclesia,
3531 3458 3596 3510 ut
3621 3452 3775 3510 Salo-

2183 3556 2310 3597 mon
2332 3542 2429 3610 ait,
2450 3536 2743 3599 caétrorum
2764 3545 2928 3601 aciem
2956 3546 3254 3605 ordinatam
3278 3544 3456 3618 (Gaul.
3478 3546 3583 3616 vi),
3607 3553 3775 3617 quain

2183 3633 2397 3703 tyranni
2429 3642 2485 3690 et
2523 3642 2915 3705 persecutores,
2947 3652 3054 3692 una
3082 3651 3209 3693 cum
3243 3645 3467 3695 auctore
3507 3652 3612 3695 suo
3654 3640 3774 3695 dia.

2181 3724 2303 3782 bolo
2330 3741 2438 3781 non
2480 3728 2658 3782 valent
2686 3728 3007 3800 irrumpere,
3036 3729 3164 3801 quia
3208 3730 3486 3791 muniente
3524 3728 3771 3797 Christo,

2181 3832 2281 3871 nec
2313 3826 2580 3890 martyres
2617 3821 2943 3889 persecutio,
2974 3836 3076 3879 nec
3115 3822 3355 3894 virgines
3397 3821 3640 3878 carnalis
3679 3823 3771 3879 de

2180 3908 2419 3975 lectatio,
2468 3926 2571 3966 nec
2620 3912 3006 3970 misericordes
3047 3915 3347 3986 cupiditas,
3387 3929 3491 3972 nec
3534 3915 3772 3974 humiles

2182 4000 2492 4070 temporalis
2518 4001 2704 4074 gloria;
2728 4003 2964 4060 devincit
2986 4005 3231 4064 ambitio.

2249 4089 2651 4163 Compatientes.
2696 4092 2849 4149 Sicut
2893 4096 3039 4151 enim
3070 4097 3307 4170 gaudere
3337 4098 3598 4155 debemus
3642 4114 3770 4156 cum

2178 4183 2559 4253 gaudentibus,
2588 4185 2661 4241 ita
2685 4191 2741 4240 et
2774 4184 2902 4241 ﬂere
2930 4202 3051 4243 cum
3091 4186 3365 4256 ﬂentibus,
3394 4191 3540 4246 sicut
3563 4189 3767 4248 Paulus

2138 4290 2141 4293 ·
2178 4272 2415 4330 faciebat
2442 4273 2749 4345 Apostolus,
2782 4277 2876 4348 qui
2912 4277 3128 4334 dicebat
3148 4293 3169 4333 :
3205 4278 3335 4347 Quis
3364 4280 3689 4351 inﬁrmatur,
3718 4292 3768 4337 ct

2177 4381 2269 4437 ego
2300 4382 2404 4420 non
2432 4366 2676 4437 inﬁrmor
2702 4365 2876 4441 (Rom.
2900 4368 3000 4442 xu)
3028 4369 3051 4423 ?

2247 4454 2623 4513 Fraternitatis
2672 4468 2951 4516 amatores.
3001 4461 3114 4535 (Ex
3169 4462 3422 4535 August.)
3467 4461 3573 4531 Qui
3631 4478 3767 4533 ergo

494 4550 785 4620 quentibus
825 4549 969 4606 bona
1012 4559 1282 4621 Optamus,
1310 4557 1513 4606 aeterno
1552 4552 1776 4622 praemio
1820 4562 2076 4608 remane-
2105 4617 2153 4627 __
2184 4560 2331 4606 amat
2356 4551 2625 4619 homines,
2656 4562 2751 4609 aut
2778 4554 2902 4624 quia
2924 4554 3058 4626 justi
3084 4562 3231 4622 sunt,
3257 4562 3351 4611 aut
3385 4563 3447 4610 ut
3464 4555 3597 4627 justi
3630 4557 3764 4621 sint,

497 4617 743 4709 rendam,
768 4652 826 4701 et
850 4617 1229 4715 persecutores
1260 4652 1495 4708 nostros,
1525 4617 1571 4699 si
1599 4645 1865 4715 paenitere
1893 4645 2079 4702 nolue-
2105 4617 2158 4679 Β
2184 4658 2367 4699 amare
2390 4642 2570 4701 debet.
2603 4617 2693 4700 Sic
2721 4617 2865 4701 enim
2892 4617 2949 4703 et
2976 4617 3227 4716 seipsum’
3246 4661 3431 4701 amare
3455 4617 3636 4713 debet,
3670 4617 3765 4703 aut

491 4735 630 4803 rint,
660 4735 822 4806 digno
853 4735 1166 4808 plectendos
1184 4750 1305 4793 esse
1347 4736 1633 4808 supplicio,
1670 4737 1717 4793 si
1748 4748 1876 4795 vero
1903 4739 2078 4810 pinni-

493 4830 718 4897 tuerint,
744 4842 846 4885 nos
872 4843 1090 4900 quoque
1122 4844 1222 4901 pro
1265 4830 1503 4899 ipsorum
1546 4828 1741 4896 salute,
1767 4842 1932 4900 quam
1978 4830 2074 4886 dea

490 4922 851 4995 prscabsmur
869 4937 902 4977 a
926 4921 1179 4987 Domino,
1201 4934 1460 4978 coronam
1480 4918 1707 4990 iustitia
1734 4921 2075 4993 congratula‘

493 5015 659 5073 tionis
682 5024 1018 5087 accepturos.
1601 5080 1609 5088 .

560 5107 635 5165 Et
667 5110 787 5182 quis
820 5118 895 5164 est
934 5109 1026 5181 qui
1059 5108 1200 5164 vobis
1244 5116 1452 5175 noceat,
1486 5108 1534 5162 si
1579 5107 1700 5163 boni
1738 5106 2071 5162 aemulatores

490 5200 728 5271 (seritis?
745 5199 823 5257 De
847 5200 935 5257 his
953 5200 1104 5268 dicit,
1120 5215 1241 5271 qua
1262 5199 1420 5255 nobis
1439 5198 1763 5255 adversariis
1785 5212 1883 5270 per
1904 5200 2070 5255 verba

490 5292 900 5359 contumeliosa,
929 5306 1026 5363 per
1073 5293 1268 5347 damna
1310 5304 1497 5348 rerum
1545 5290 1944 5361 temporalium,
1976 5304 2073 5361 per

488 5391 758 5442 tormenta
779 5386 1023 5457 corporis
1043 5385 1330 5442 accedunt.
1363 5383 1489 5439 Hac
1513 5385 1660 5438 enim
1682 5390 1737 5439 et
1763 5380 2070 5453 hujusmodi

486 5478 669 5532 omnia
709 5488 835 5535 cum
872 5477 1122 5534 fidelibus
1149 5477 1482 5549 irrogantitr,
1528 5474 1614 5531 his
1659 5477 1944 5542 duntaxat,
1974 5477 2068 5547 qui

487 5567 614 5623 boni
648 5569 991 5625 aemulatores
1017 5576 1161 5633 sunt,
1192 5576 1248 5624 et
1278 5570 1383 5625 hoe
1407 5583 1506 5638 per
1528 5568 1841 5635 scientiam,
1870 5582 2072 5639 nequa-

487 5677 650 5731 quam
679 5661 760 5718 eis
787 5677 986 5719 nocere
1011 5671 1258 5734 possunt,
1304 5662 1398 5717 sed
1432 5662 1670 5731 palmam
1697 5662 1872 5733 magis
1899 5661 2070 5733 pinni-

489 5752 671 5807 tentiaa
714 5753 1087 5822 aequanimiter
1119 5752 1479 5810 tolerantibus
1518 5750 1770 5807 afferunt.
1804 5749 1848 5807 Ε
1879 5759 2069 5807 contra

490 5842 596 5900 illis
625 5843 717 5914 qui
762 5853 955 5916 rogant
997 5857 1213 5914 pinnam
1259 5843 1650 5900 aecumulando
1679 5852 1880 5900 :eterna
1908 5843 2070 5915 pluri-

2183 4733 2312 4805 quia
2334 4732 2515 4801 justus
2538 4728 2639 4800 esi,
2668 4744 2762 4791 aut
2785 4743 2842 4789 ut
2864 4735 3046 4806 justus
3071 4735 3159 4791 sit.
3186 4734 3539 4792 Dilectionem
3575 4745 3761 4791 autem

2180 4820 2479 4879 fraternam
2521 4833 2779 4895 quantum
2819 4828 3158 4883 commendet
3210 4825 3445 4893 Joannes
3482 4829 3763 4900 apostolus

2180 4916 2556 4971 attendamus:
2593 4914 2699 4981 Qui
2739 4916 2945 4989 diligit,
2981 4919 3182 4989 inquit,
3220 4919 3440 4991 fratrem
3478 4936 3672 4987 suum,
3708 4921 3761 4976 in

2178 5003 2375 5061 lumine
2418 5016 2622 5074 manet,
2653 5018 2702 5062 et
2738 5009 3048 5064 scandalum
3076 5012 3131 5067 in
3161 5027 3221 5066 co
3250 5028 3355 5068 non
3401 5021 3499 5075 est.
3539 5013 3604 5067 Et
3654 5014 3761 5069 ite—

2177 5112 2296 5152 rum
2334 5115 2346 5151 :
2384 5086 2744 5164 Dilectissimi,
2768 5098 3047 5169 diligamus
3094 5092 3344 5168 invicem,
3386 5103 3512 5173 quia
3548 5100 3759 5157 dilectio

2175 5205 2240 5243 ea:
2270 5180 2379 5243 Deo
2408 5197 2505 5254 est,
2534 5199 2583 5245 et
2615 5189 2782 5249 omnis
2815 5190 2905 5261 qui
2931 5186 3103 5263 diligit
3138 5209 3204 5247 ex
3245 5191 3355 5253 Dea
3391 5203 3551 5249 natus
3580 5202 3680 5258 est,
3710 5202 3758 5247 et

2175 5284 2411 5354 cognouit
2439 5281 2606 5337 Deum
2624 5274 2649 5349 ;¹
2696 5292 2749 5343 et
2794 5282 3057 5340 Dominus
3092 5285 3287 5358 inquit,
3324 5284 3633 5357 mandatum
3661 5301 3757 5338 no-

2174 5389 2294 5427 vum
2321 5372 2389 5427 do
2418 5370 2580 5440 vobis,
2606 5383 2664 5428 ut
2692 5358 2925 5446 diligatis
2949 5394 3034 5431 vos
3054 5377 3290 5443 invicem,
3314 5384 3361 5431 et
3389 5376 3445 5430 in
3468 5376 3567 5429 hoc
3588 5376 3754 5430 scient

2175 5481 2372 5532 omnes,
2402 5467 2527 5538 quia
2555 5467 2801 5539 discipuli
2830 5470 2931 5526 mei
2959 5471 3099 5536 catis,
3131 5471 3179 5527 si
3202 5487 3289 5529 vos
3312 5471 3533 5529 invicem
3561 5469 3757 5525 dilau-

2172 5557 2308 5613 ritis.
2670 5630 2675 5641 ῖ
3368 5628 3375 5637 ι

2245 5652 2633 5710 Misericordes.
2665 5654 2941 5728 Scriptum
2977 5658 3174 5730 quippe
3201 5667 3323 5715 est:
3354 5657 3557 5717 Facere
3601 5659 3754 5715 mico-

2172 5751 2453 5807 ricordiam
2485 5749 2863 5823 magis'placct
2906 5751 3051 5819 Deo,
3086 5770 3245 5825 quam
3292 5754 3512 5809 victima!
3559 5737 3745 5825 (Iona.

2171 5826 2323 5917 sui);
2353 5851 2409 5898 et
2433 5843 2524 5915 qui
2551 5859 2747 5917 pronus
2782 5853 2880 5912 est,
2907 5843 3084 5915 inquit
3112 5843 3411 5916 Scriptura,
3441 5844 3507 5899 ad
3539 5844 3748 5901 miscri-
3802 5830 3811 5839 ’
