4026 6532
264 398 404 458 m
1123 398 1641 457 COLLECTIONES
1674 401 1744 458 iN
1780 400 2167 465 EPISTOLAS
2206 402 2297 459 er
2334 380 2752 462 EVANGELIA.
3190 380 3193 381 ί
3466 414 3571 473 su

264 515 565 582 cardiaci,
604 514 933 571 benedicatu-
957 513 1142 587 (Prov.
1169 514 1325 587 mi).
1363 515 1432 570 Et
1458 515 1732 571 Dominus
1763 515 1876 569 ait:
1906 519 1961 580 Α
1984 514 2116 586 quid
2166 512 2348 571 vultus
2380 514 2597 570 Domini
2639 531 2803 591 super
2841 517 3104 592 facientes
3136 521 3275 575 maia
3295 562 3309 588 ,
3342 537 3574 595 sequen-

263 608 480 666 fetore
512 609 895 678 misericordes,
923 610 1049 681 quia
1089 619 1139 664 et
1182 620 1333 680 pater
1376 620 1542 667 vester
1583 611 1881 667 misericors
1984 608 2060 664 tia
2106 606 2232 662 audi
2264 624 2277 661 :
2317 603 2385 659 Ut
2427 607 2612 677 perdat
2647 607 2712 669 de
2749 618 2892 666 terra
2941 612 3243 671 memoriam
3280 631 3481 684 eorum,
3518 619 3572 677 id

263 711 367 758 eu
400 700 623 775 (Matth.
644 699 722 772 ν).
1982 707 2093 765 est,
2121 699 2188 756 de
2221 706 2365 755 terra
2409 697 2744 768 viventium,
2770 709 2831 757 ut
2877 701 3047 767 illud:
3078 702 3365 763 Deleantur
3409 707 3472 763 de
3508 708 3575 765 li-

359 793 631 850 Bumiles.
674 792 954 866 Scriptum
978 796 1176 866 quippe
1213 804 1337 851 est:
1372 793 1565 851 Perdet
1604 794 1742 853 Deus
1769 813 1882 855 me.
1983 791 2076 847 bro
2123 791 2430 858 viventium,
2476 800 2527 847 et
2564 807 2685 848 cum
2708 792 2873 864 justis
2912 811 3019 851 non
3062 797 3364 853 scribantur
3398 797 3569 874 (Psal.

262 889 519 944 marium
548 888 909 958 superborum,
935 899 985 944 et
1014 889 1225 961 reliquit
1258 892 1564 946 memoriam
1605 890 1883 946 humilium
1981 887 2205 961 vam).

265 979 534 1054 (Psalm.
572 980 756 1053 εγω).
789 981 857 1035 Et
903 980 1161 1037 Dominus
1212 983 1385 1052 inquit
1425 1000 1438 1036 :
1474 982 1674 1036 Discite
1712 1000 1744 1038 a
1776 999 1880 1048 me,
2053 982 2125 1037 Et
2170 983 2287 1055 quis
2321 992 2396 1038 est
2434 982 2525 1054 qui
2569 981 2714 1043 vobis
2745 983 2971 1041 noceat?
3010 982 3343 1042 Subauditur
3371 984 3569 1053 nullus,

261 1075 415 1145 quia
458 1073 601 1128 mitis
643 1088 760 1128 sum
790 1082 838 1128 et
880 1072 1095 1129 humilis
1136 1074 1292 1129 corde
1335 1073 1549 1145 (Matth.
1580 1072 1688 1146 at),
1723 1081 1780 1129 et
1811 1073 1880 1129 ad
1975 1074 2130 1145 juxta
2160 1075 2320 1146 hujus
2349 1074 2632 1131 sentcntiae
2664 1073 2867 1142 locum,
2894 1075 3174 1147 passiones
3205 1080 3288 1134 vel
3326 1095 3577 1151 persecu-

262 1183 444 1239 quem
488 1166 787 1239 respiciam,
826 1166 957 1223 dicit
999 1166 1280 1235 Dominus,
1309 1169 1409 1222 nisi
1442 1166 1512 1222 ad
1539 1166 1789 1225 humilem
1831 1176 1883 1224 et
1982 1154 2177 1233 tiones,
2217 1182 2323 1225 non
2352 1165 2560 1222 faciunt
2587 1182 2707 1227 esse
2751 1167 3005 1234 miseros,
3034 1168 3129 1224 sed
3162 1180 3427 1241 pnestant
3454 1164 3573 1229 esse

263 1259 522 1333 quietum
553 1258 689 1332 (Isa.
711 1258 894 1333 LIVI)?
1981 1258 2189 1315 beatos.

265 1356 276 1417 '_
358 1350 490 1407 Non
518 1352 790 1407 reddentes
816 1352 1015 1407 malum
1050 1369 1146 1423 pro
1178 1352 1341 1407 malo.
1381 1352 1654 1426 Scriptum
1681 1355 1881 1426 quippe
2052 1348 2111 1405 Si
2142 1351 2263 1406 boni
2310 1348 2641 1407 wmulatores
2670 1350 2898 1421 fueritis.
2940 1351 2999 1409 Id
3034 1362 3148 1420 est,
3180 1354 3311 1410 boni
3347 1353 3478 1425 Dei,
3509 1358 3575 1413 de

266 1449 374 1498 est
408 1459 423 1496 :
455 1441 540 1498 Ne
567 1443 758 1498 dicas:
787 1443 1029 1498 Reddam
1068 1443 1265 1498 malum
1293 1462 1388 1513 pro
1430 1445 1593 1512 malo,
1638 1456 1879 1517 exspecta
1980 1460 2087 1515 quo
2140 1445 2403 1516 scriptum
2462 1454 2547 1500 est
2591 1461 2605 1500 :
2654 1444 2825 1505 Nemo
2874 1446 3039 1503 bonus
3094 1446 3195 1502 nisi
3246 1448 3389 1504 solus
3429 1447 3573 1504 Deus

226 1532 461 1589 :Deum
494 1544 541 1589 et
579 1534 821 1590 liberabit
848 1547 916 1590 te.
952 1536 1022 1590 Et
1050 1536 1248 1599 iterum
1276 1556 1287 1590 :
1319 1536 1424 1603 Qui
1464 1537 1720 1592 uindicari
1747 1536 1876 1604 vult,
1982 1536 2187 1609 (Marc.
2232 1539 2333 1608 χ),
2377 1538 2494 1594 sive
2548 1540 2894 1610 generaliter,
2943 1539 3058 1597 sive
3101 1540 3345 1597 omnium
3399 1540 3573 1597 bono-

220 1610 311 1681 1’a
357 1627 469 1683 Deo
512 1628 744 1687 inueniat
785 1629 1089 1697 vindictam,
1116 1638 1164 1684 et
1188 1640 1459 1701 peccatum
1487 1630 1634 1687 illius
1665 1648 1879 1687 servans
1980 1647 2101 1686 rum
2143 1631 2519 1698 aemulatores,
2571 1631 2627 1688 id
2675 1640 2795 1700 est,
2846 1632 3153 1691 imitatores
3200 1632 3417 1690 fueritis
3458 1633 3572 1688 vir-

270 1720 581 1776 seruabitur
606 1720 777 1794 (Eccl.
804 1724 1021 1796 nvm).

372 1811 464 1867 Vel
488 1813 825 1869 maledictum
858 1831 952 1886 pro
978 1814 1279 1870 maledicto.
1302 1814 1360 1871 in
1392 1817 1495 1872 hoc
1520 1817 1667 1873 enim
1695 1832 1878 1873 exem-

1978 1732 2177 1781 tutum.

2053 1814 2159 1872 Sed
2180 1825 2227 1870 et
2252 1817 2296 1871 si
2318 1816 2444 1887 quid
2468 1817 2712 1887 patimini
2736 1826 2949 1890 propter
2955 1818 3415 1890 justitiam,beati.
3442 1812 3575 1875 Sub-

271 1905 435 1977 plum
465 1907 679 1963 Domini
712 1910 1005 1964 tenendum
1031 1918 1137 1977 est,
1164 1911 1258 1981 qui
1283 1926 1410 1967 cum
1436 1912 1874 1980 malediceretur,
1905 1889 1955 1952 Β
1983 1909 2224 1975 auditur,
2246 1908 2401 1963 eritis
2430 1923 2445 1963 :
2470 1909 2612 1965 hanc
2632 1889 2963 1966 sententiam,
2983 1909 3276 1967 Dominum
3299 1910 3572 1969 dicentem

274 2012 400 2054 non
430 2000 808 2058 maledice‘bat.

354 2089 469 2147 Sed
492 2109 521 2147 e
548 2094 818 2149 contrario
852 2093 1228 2149 benedicentes.
1268 2094 1340 2150 Ut
1376 2095 1507 2151 illud
1534 2114 1547 2151 :
1576 2094 1876 2151 Benedicite

163 2252 167 2255 _
272 2183 718 2242 maledicentibus
752 2186 913 2253 vobis,
942 2187 1249 2256 benedicite,
1286 2198 1335 2244 et
1382 2189 1540 2247 nolite
1566 2189 1877 2245 maledicere

273 2273 470 2347 (Rom.
494 2276 621 2350 xu).

308 2402 311 2405 ν
356 2366 502 2434 Quia
527 2368 584 2424 in
621 2369 721 2425 hoc
748 2371 920 2425 vocati
952 2372 1099 2437 estis,
1130 2381 1186 2426 ut
1218 2372 1624 2431 benedictionem
1652 2373 1876 2429 haeredi-

274 2465 412 2518 tatis
460 2466 788 2534 possidentis.
839 2468 1153 2525 Benedictio
1197 2482 1283 2524 est
1336 2469 1668 2525 haereditatis
1697 2471 1875 2527 omnis

271 2557 548 2611 virtutum
591 2558 747 2627 copia
773 2558 1032 2625 caelestis,
1059 2561 1116 2614 in
1145 2575 1252 2630 qua
1282 2561 1459 2619 sancti
1486 2562 1728 2616 hmredcs
1759 2562 1878 2631 qui-

274 2647 407 2702 dem
445 2647 561 2715 Dei,
593 2650 902 2706 COhtBl'elleS
933 2651 1233 2708 elﬁcientur
1258 2652 1492 2717 Christi,
1535 2669 1657 2707 cum
1690 2654 1876 2709 audie-

276 2743 433 2797 rint:
480 2741 682 2811 Venite,
718 2740 974 2833 benedicti
1014 2748 1180 2816 patris
1216 2748 1351 2813 mei,
1381 2747 1625 2817 percipite
1656 2763 1872 2816 regnum

274 2835 422 2906 quod
469 2836 611 2892 vobis
652 2846 905 2908 paratum
933 2848 1009 2894 est
1054 2840 1120 2895 ab
1164 2840 1368 2911 origine
1406 2841 1591 2897 mundi
1640 2839 1870 2912 (Matth.

279 2941 434 2982 XXV).

358 2941 390 2981 v
418 2965 434 2982 .

354 2927 461 3086 ἐνί
496 3020 638 3076 enim
662 3020 776 3076 uult
800 3023 959 3079 vitam
986 3020 1222 3094 diligere,
1256 3022 1316 3079 Id
1347 3032 1464 3089 est,
1508 3025 1677 3079 vitam
1706 3033 1871 3081 aeter-

278 3130 435 3182 nam,
465 3115 634 3172 vitam
668 3116 916 3188 beatam,
944 3123 1000 3173 et
1021 3118 1079 3173 in
1118 3125 1385 3190 perpetuo
1411 3119 1530 3174 sine
1568 3118 1677 3174 line
1715 3134 1870 3173 man-

275 3222 486 3265 suram.

1982 2001 2185 2058 Petrus
2227 2002 2506 2069 audierat,
2552 2002 2643 2057 ubi
2690 2002 2806 2057 ait:
2840 2001 2990 2058 Beati
3025 2005 3115 2075 qui
3161 2003 3572 2073 persecutionem

1982 2093 2257 2163 patiuntur
2280 2102 2492 2164 propter
2509 2092 2797 2163 justitiam,
2828 2101 2933 2150 etc.
2962 2081 3284 2167 (Mattltsv).

2058 2184 2318 2239 Timorem
2356 2195 2533 2239 autem
2583 2202 2785 2240 eorum.
2831 2185 2888 2245 Id
2925 2194 3011 2242 est
3056 2195 3466 2257 persecutorum
3504 2201 3574 2267 ne

1984 2280 2296 2345 timueritis,
2322 2288 2380 2334 ut
2408 2279 2461 2334 in
2494 2279 2599 2343 lidc
2629 2295 2738 2337 non
2783 2280 3209 2346 conturhemini;
3235 2289 3291 2337 ct
3318 2282 3425 2337 hoc
3466 2280 3574 2337 Do-

1982 2373 2163 2429 minus
2210 2373 2525 2439 admouuit,
2572 2373 2663 2428 ubi
2712 2373 2789 2444 ait
2825 2392 2837 2428 :
2879 2370 3059 2431 Nolite
3106 2374 3289 2431 timere
3325 2390 3442 2441 eos,
3481 2374 3572 2447 qui

1983 2466 2226 2520 occidunt
2274 2482 2498 2537 corpus,
2544 2474 2677 2530 etc.,
2705 2466 2797 2525 sed
2850 2467 3026 2536 potius
3077 2483 3195 2521 eum
3252 2467 3426 2525 timete
3481 2468 3572 2545 qui

1983 2556 2134 2612 habet
2175 2566 2481 2625 poteslatem
2526 2558 2762 2614 animum
2803 2566 2853 2612 et
2896 2574 3086 2630 corpus
3139 2559 3341 2615 mittere
3384 2559 3441 2617 in
3484 2574 3572 2628 ge-

1980 2647 2226 2702 bennam.

2050 2737 2336 2793 Dominum
2365 2748 2541 2795 autem
2570 2735 2838 2797 Christum
2868 2739 3197 2811 sanctiﬁcata
3222 2740 3280 2797 in
3325 2738 3571 2795 cordibus

1979 2829 2181 2885 vestris.
2207 2829 2309 2885 Ubi
2336 2829 2617 2897 Dominus,
2643 2832 2735 2900 qui
2765 2838 2961 2889 cuncta
2989 2831 3225 2887 creando
3245 2829 3569 2895 sanctiﬁcat,

1979 2922 2085 2978 nisi
2117 2923 2279 2977 corde
2306 2923 2414 2994 pio,
2447 2923 2553 2977 nisi
2597 2930 2817 2993 pectore
2864 2930 3038 2979 casto.
3071 2921 3163 2980 Sic
3192 2922 3457 2979 Dominus
3482 2919 3566 2976 Je-

1979 3030 2071 3070 sus
2095 3014 2516 3073 sanctiﬁcandus
2543 3016 2709 3073 estin
2733 3016 2988 3075 cordibus
3016 3016 3242 3084 nostris,
3265 3024 3326 3075 ut
3352 3015 3570 3077 nomine

1977 3103 2096 3174 ejus
2119 3121 2396 3172 vocemur,
2422 3107 2477 3162 id
2503 3115 2608 3175 est,
2636 3106 2957 3175 Christiani,
2983 3115 3039 3164 et
3064 3116 3124 3167 ut
3155 3108 3292 3165 nihil
3323 3109 3567 3167 sanctius

1976 3198 2096 3269 ejus
2118 3199 2334 3255 nomine
2359 3200 2711 3261 testimemus.
2739 3200 3160 3261 Sanctiﬁcemur
3183 3202 3331 3258 enim
3360 3216 3485 3258 eum
3513 3202 3569 3256 in

350 3301 421 3355 Et
450 3300 625 3358 videre
647 3301 760 3358 dies
784 3302 964 3359 bonos.
989 3302 1049 3359 In
1075 3304 1272 3374 quibus
1297 3303 1472 3360 sancti
1505 3319 1629 3361 cum
1659 3306 1867 3361 sanctis

1980 3263 2090 3360 spe,
2141 3289 2269 3356 ﬁde,
2296 3299 2351 3346 et
2394 3292 2684 3360 charitate,
2725 3293 3022 3360 credendo,
3070 3293 3299 3351 colendo
3337 3303 3394 3350 et
3435 3294 3567 3351 ado-

270 3393 640 3463 jocuntieutur
666 3396 723 3451 in
750 3396 927 3463 omits,
960 3398 1050 3468 qui
1082 3398 1199 3452 dies
1229 3412 1335 3452 non
1373 3405 1597 3468 propter
1632 3399 1871 3452 interra-

276 3486 518 3556 ptionem
546 3488 741 3555 noctis,
785 3487 882 3545 sed
920 3496 1143 3561 propter
1170 3492 1586 3561 perpetuitatem
1615 3491 1871 3546 dicuntur

278 3576 517 3634 luminis.

350 3666 596 3724 Ooerceat
636 3668 875 3742 linguam
914 3686 1068 3727 suam
1112 3690 1146 3727 a
1199 3673 1360 3728 malo.
1404 3672 1462 3729 id
1499 3683 1615 3741 est,
1657 3690 1689 3730 ιι
1726 3676 1869 3731 malo

279 3758 649 3828 detractionis,
696 3762 1110 3829 maledictionis,
1144 3780 1209 3821 ac
1243 3768 1710 3833 murmurationis,
1753 3770 1869 3825 sive

280 3855 602 3925 generaliter
636 3858 873 3913 omnino
916 3858 1100 3931 lingua
1144 3859 1466 3916 refrenanda
1509 3869 1592 3917 est
1628 3880 1659 3917 a
1703 3864 1864 3919 malo.

278 3946 369 4000 Ait
402 3947 547 4003 enim
575 3947 811 4006 Jacobus
844 3969 856 4005 ς
887 3950 948 4007 Si
985 3952 1102 4023 quis
1139 3953 1269 4006 dicit
1309 3970 1363 4007 se
1391 3953 1692 4025 religiosum
1732 3972 1865 4022 esse,

280 4054 383 4093 non
409 4040 681 4110 refrenetis
710 4041 944 4114 linguam
973 4060 1146 4111 suam,
1170 4045 1261 4099 sed
1287 4045 1539 4103 seducens
1571 4065 1664 4103 cor
1689 4066 1861 4114 suum,

280 4130 437 4202 hujus
471 4148 606 4189 vana
646 4144 721 4190 est
754 4136 936 4207 religio
966 4135 1108 4210 (Jac.
1139 4138 1201 4211 I).
1244 4138 1377 4195 Nam
1406 4150 1462 4196 et
1505 4144 1593 4213 qui
1638 4145 1865 4199 custodit

280 4225 511 4297 linguam
552 4244 736 4297 suam,
780 4230 958 4300 inquit
1007 4228 1313 4302 Scriptura,
1356 4234 1583 4289 custodit
1633 4237 1865 4291 animum

279 4332 427 4371 suam
454 4315 636 4387 (Prov.
662 4319 801 4392 XXI).

350 4406 416 4460 Et
455 4406 597 4464 labia
629 4410 745 4481 ejus
780 4429 844 4467 ne
877 4412 1164 4485 loquantur
1190 4414 1392 4470 dolum.
1435 4416 1599 4474 Dolus
1636 4435 1741 4475 non
1771 4421 1864 4475 do-

282 4499 381 4565 lor,
410 4502 508 4558 sed
535 4501 686 4559 fraus
730 4504 1071 4578 intelligitur,
1103 4509 1321 4578 quando
1353 4509 1501 4566 aliud
1527 4512 1689 4567 cordo
1717 4519 1865 4569 tene-

285 4600 383 4661 tur,
406 4594 551 4652 aliud
573 4611 640 4651 ex
663 4611 760 4653 ore
787 4598 1081 4668 profertur.

349 4686 583 4744 Declinet
617 4707 650 4745 α
676 4690 818 4746 malo
850 4701 900 4748 et
928 4692 1094 4765 faciat
1140 4695 1351 4751 bonum.
1395 4697 1453 4752 id
1478 4705 1582 4762 est,
1614 4697 1859 4754 destruat

282 4778 405 4834 vitia
445 4788 500 4837 et
526 4780 755 4838 virtutes
794 4783 1044 4851 aediﬁcet,
1070 4786 1344 4858 relinquat
1387 4789 1457 4845 ad
1482 4804 1602 4859 quae
1638 4790 1859 4861 instigat

285 4871 539 4939 diabolus,
562 4881 620 4930 et
642 4883 899 4945 operetur
920 4892 1041 4947 quas
1068 4882 1327 4949 praecepit.
1352 4880 1619 4938 Christus.

349 4963 591 5036 Inquirat
610 4984 811 5038 pacem,
838 4979 889 5024 et
912 4982 1163 5041 sequatur
1186 4990 1324 5028 eam.
1350 4974 1407 5029 id
1436 4984 1539 5041 est,
1569 4975 1858 5047 diligenter

280 5058 478 5112 orando
500 5066 556 5113 et
579 5059 823 5131 legendo,
851 5070 907 5118 et
932 5063 1207 5120 humiliter
1228 5066 1614 5139 interrogando
1642 5071 1860 5140 perqui-

286 5159 363 5205 rat
384 5150 691 5219 Christum,
718 5156 811 5226 qui
841 5155 1018 5212 factus
1044 5166 1129 5212 est
1162 5174 1268 5228 pax
1296 5167 1503 5227 nostra,
1531 5170 1585 5215 et
1619 5161 1862 5218 imitetur

282 5256 417 5297 eum.
450 5242 614 5317 Sequi
642 5247 844 5303 etenim
870 5248 1074 5304 imitari
1103 5258 1220 5315 est,
1257 5250 1371 5306 sive
1401 5254 1697 5309 secundum
1723 5252 1864 5323 Apo-

283 5332 979 5413 stolum'pacemsequatur
1019 5350 1076 5399 et
1102 5343 1551 5413 sanctimoniam,
1595 5346 1714 5403 sine
1753 5362 1861 5417 qua

282 5444 431 5485 nemo
459 5430 664 5487 videbit
688 5431 880 5489 Deum.

346 5520 480 5588 Quia
511 5524 649 5581 oculi
694 5526 896 5582 domini
934 5542 1093 5599 super
1111 5528 1308 5599 justas.
1350 5529 1411 5586 id
1439 5536 1557 5597 est,
1606 5539 1858 5601 aspectus

280 5617 587 5676 divinitatis.

350 5709 411 5764 Et
445 5724 601 5767 aures
627 5713 741 5783 ejus
780 5714 837 5769 in
875 5729 1051 5786 preces
1085 5731 1289 5771 eorum.
1311 5714 1369 5771 id
1396 5723 1508 5783 est,
1540 5716 1744 5773 auditio
1778 5717 1861 5774 dl-

282 5801 418 5868 vina,
442 5817 552 5873 qua
578 5803 831 5876 dignatur
854 5821 1044 5875 preces
1068 5806 1260 5862 audire
1281 5807 1573 5878 justorum.

359 5891 541 5963 Vultus
589 5905 765 5955 autent
796 5896 1008 5955 Domini
1057 5915 1212 5972 super
1263 5898 1509 5971 facientes
1567 5896 1730 5957 mala.
1764 5897 1864 5957 Ut-

1973 3381 2167 3448 rando,
2198 3391 2258 3439 ut
2291 3384 2361 3438 ab
2396 3383 2489 3439 illo
2536 3382 2867 3441 sanctiﬁcari
2908 3385 3117 3457 pariter
3157 3400 3471 3445 mercamur
3513 3393 3570 3444 et

1967 3473 2281 3544 iustiﬁcari.

2380 3622 2723 3673 EVANGELIUI
2753 3628 2926 3684 LUC.£,
2953 3631 3074 3674 CAP.
3094 3631 3151 3674 ν.

2047 3767 2067 3801 t
2104 3748 2239 3805 Cum
2289 3751 2460 3809 turba:
2506 3752 2781 3810 irruerent
2829 3753 2900 3811 ad
2945 3752 3167 3825 lesum,
3207 3764 3267 3811 ut
3312 3753 3565 3821 audirent

1974 3860 1994 3895 ι
2042 3843 2261 3899 verbum
2294 3844 2422 3913 Dei,
2452 3854 2508 3901 et
2540 3846 2659 3917 ipse
2689 3847 2869 3904 stabat
2908 3862 3068 3907 secus
3094 3855 3348 3920 stagnum
3389 3840 3564 3903 Gene-

1974 3954 1994 3988 t
2041 3938 2249 3993 zareth.
2292 3937 2361 3993 Et
2406 3937 2543 3995 vidit
2586 3941 2721 3999 duas
2766 3955 2937 3999 naves
2985 3947 3193 4011 stantes
3237 3952 3397 3999 secus
3449 3948 3563 3995 sta-

1974 4046 1993 4080 t
2039 4046 2224 4099 gnum.
2275 4029 2585 4091 Piscatores
2620 4041 2805 4089 autem
2843 4032 3272 4100 descenderant,
3312 4041 3368 4091 et
3418 4031 3564 4091 lava-

1972 4142 1990 4175 ι
2035 4123 2168 4181 bant
2197 4123 2356 4179 retia.
2381 4124 2702 4182 Ascendens
2727 4133 2911 4181 autem
2939 4126 2994 4183 in
3016 4141 3182 4181 unam
3211 4125 3415 4193 navim,
3442 4140 3564 4195 quae

1971 4234 1991 4268 ι
2037 4225 2155 4270 erat
2204 4215 2466 4283 Simonis,
2498 4217 2714 4287 rogavit
2761 4231 2884 4273 eum
2928 4224 2988 4271 ut
3025 4232 3057 4269 a
3086 4224 3230 4270 terra
3278 4215 3564 4273 reduceret

1973 4330 1990 4360 (
2036 4307 2309 4379 pusillum.
2342 4308 2411 4362 Et
2455 4310 2652 4363 sedens
2688 4306 2919 4363 docebat
2964 4307 3030 4362 de
3061 4305 3310 4363 navicula
3351 4306 3561 4373 turbas,

1970 4421 1988 4452 ι
2031 4410 2091 4455 ιιι
2119 4408 2300 4456 autem
2327 4402 2564 4457 cessavit
2594 4400 2775 4472 loqui,
2804 4400 2942 4455 dixit
2988 4399 3056 4455 ad
3092 4398 3373 4455 Simonem
3403 4416 3417 4454 :
3446 4398 3563 4459 Duc

1969 4514 1989 4549 ι
2034 4496 2089 4551 in
2120 4494 2285 4550 altum
2307 4535 2321 4561 ,
2347 4504 2405 4550 et
2439 4494 2620 4549 laxate
2651 4494 2788 4549 retia
2832 4499 3013 4549 vestra
3052 4492 3107 4549 in
3140 4500 3443 4565 capturum.
3493 4490 3561 4547 Et

1968 4612 1987 4645 ι
2031 4594 2367 4664 respondens
2397 4592 2614 4658 Simon,
2666 4592 2804 4661 dixit
2838 4592 2915 4648 illi
2942 4608 2957 4648 :
2984 4591 3313 4662 Praeceptor,
3354 4607 3454 4665 per
3482 4600 3562 4650 to-

1970 4706 1989 4739 (
2034 4696 2145 4741 tam
2190 4694 2406 4745 noctem
2454 4686 2788 4752 laborantes,
2818 4686 2955 4743 nihil
2989 4686 3254 4759 cepimus,
3297 4686 3352 4742 in
3392 4684 3562 4742 verbo

1970 4798 1989 4831 ι
2032 4787 2212 4835 autem
2236 4787 2328 4833 tuo
2354 4778 2550 4833 laxabo
2578 4786 2713 4833 rete.
2744 4778 2813 4833 Et
2840 4795 2964 4834 cum
2987 4778 3095 4835 hoc
3123 4777 3404 4847 fecissent,
3429 4794 3561 4834 cou-

1971 4890 1989 4923 ι
2036 4873 2314 4929 cluserunt
2341 4873 2574 4943 piscium
2604 4872 3007 4929 multitudinem
3049 4874 3346 4945 copiosam.
3390 4871 3561 4931 Rum-

1970 4985 1988 5017 ‹
2033 4967 2264 5034 pebatur
2296 4973 2480 5021 autem
2510 4974 2626 5022 rete
2667 4980 2890 5033 eorum,
2933 4977 2990 5023 et
3036 4975 3349 5025 annuerunt
3395 4966 3559 5025 sociis

1970 5076 1989 5111 ι
2036 5059 2126 5128 qui
2155 5066 2314 5112 erant
2347 5057 2402 5111 in
2446 5056 2550 5112 alia
2590 5058 2738 5126 navi,
2778 5066 2840 5119 ut
2864 5059 3115 5121 venirent
3152 5067 3208 5115 et
3238 5058 3558 5137 adiuvarent

1966 5168 1983 5204 ι
2030 5168 2145 5219 eos,
2171 5161 2225 5209 et
2257 5161 2524 5209 venerunt
2551 5163 2608 5209 et
2643 5148 3007 5225 impleverunt
3032 5155 3221 5210 ambas
3252 5151 3555 5218 naviculas,

1966 5266 1982 5299 ι
2029 5250 2105 5303 ita
2156 5255 2215 5302 ut
2245 5234 2383 5319 pene
2423 5257 2820 5321 mergerentur.
2860 5248 3012 5321 Quod
3046 5263 3171 5307 cum
3209 5246 3417 5325 videret
3468 5241 3557 5315 Si-

1964 5362 1983 5396 ι
2031 5359 2157 5403 mon
2203 5342 2420 5411 Petrus,
2447 5343 2686 5414 procidit
2711 5342 2781 5398 ad
2809 5358 2982 5416 genua
3010 5340 3158 5405 Jesu,
3192 5340 3378 5396 dicens
3405 5358 3417 5393 :
3451 5338 3555 5399 Exi

1966 5454 1985 5487 ι
2029 5451 2058 5490 a
2100 5451 2207 5501 me,
2252 5434 2500 5500 Domine,
2531 5435 2658 5505 quia
2687 5435 2849 5491 homo
2886 5441 3141 5505 peccator
3179 5445 3321 5487 sum.
3354 5427 3555 5503 Stupor

1967 5540 1988 5581 t
2028 5528 2177 5587 enim
2205 5526 2644 5584 circumdederat
2669 5543 2811 5595 eum,
2840 5536 2897 5584 et
2940 5541 3133 5589 omnes
3176 5523 3269 5595 qui
3301 5539 3425 5587 cum
3462 5522 3554 5580 illo

1968 5641 1988 5675 ι
2028 5628 2184 5678 erant
2227 5622 2281 5677 in
2328 5630 2553 5693 captura
2590 5622 2824 5693 piscium
2874 5634 3037 5691 quam
3078 5628 3357 5692 ceperant.
3390 5617 3552 5675 Simi-

1938 5733 1987 5768 »σ
2034 5713 2158 5769 liter
2182 5723 2364 5771 autem
2396 5710 2656 5769 Iacobum
2698 5721 2754 5768 et
2792 5711 3058 5769 Joannem
3101 5709 3242 5766 ﬁlios
3271 5707 3550 5777 Zebedmi,

1971 5824 1989 5857 ι
2034 5807 2125 5877 qui
2164 5814 2321 5862 erant
2367 5805 2501 5863 socii
2545 5804 2801 5860 Simonis.
2829 5803 2897 5860 Et
2923 5804 3001 5859 ait
3037 5804 3107 5860 ad
3153 5803 3433 5860 Simonem
3461 5796 3553 5858 Je-

1971 5918 1989 5951 (
2035 5914 2162 5956 sus:
2193 5896 2314 5954 Noli
2340 5898 2555 5963 timere,
2586 5910 2654 5951 ex
2697 5896 2803 5954 hoc
2832 5896 2949 5968 jam
2982 5897 3231 5957 homines
3256 5894 3412 5953 eritis
3455 5908 3549 5951 ca-
