4026 6462
528 373 633 432 375

1826 367 2176 427 SMARAGDI
2212 371 2505 428 ABBATIS

3686 386 3807 445 576

533 510 554 545 ι
597 490 824 562 pientes.
867 487 936 544 Et
973 488 1249 546 subductis
1276 487 1346 543 ad
1379 495 1584 544 terram
1622 483 1872 553 navibus,
1897 484 2103 543 relictis
2129 496 2184 559 Α
2209 486 2441 542 terrenis
2459 486 2514 540 in
2543 484 2807 556 profunda
2833 495 3299 545 sacramentorum
3322 492 3626 563 recedatur,
3649 507 3810 557 utea

534 600 555 634 ‹
594 581 865 646 omnibus,
891 580 1060 636 secuti
1085 587 1212 635 sunt
1235 595 1378 636 eum.
1410 599 1429 632 ›

598 673 732 730 Cum
754 675 920 730 turba:
942 674 1200 730 irruerent
1225 673 1294 727 ad
1324 672 1528 738 Iesum,
1549 679 1610 726 ut
1633 671 1878 726 audirent
1897 671 2110 727 uerbum

525 767 646 833 Dei,
678 774 726 823 et
756 768 864 837 ipse
906 765 1097 832 stabat,
1121 773 1225 821 etc.
1260 762 1372 838 (Ex
1398 763 1588 831 Beda.)
1618 763 1882 834 Stagnum
1927 763 2104 820 Gene-

526 861 714 917 zareth
750 860 892 916 idem
921 860 1111 914 dicunt
1139 873 1282 925 esse,
1311 858 1456 928 quod
1486 872 1637 912 mare
1659 855 1894 912 Galilaaaa
1922 857 1990 911 ab
2019 856 2111 911 ad-

523 954 732 1023 iacente
751 953 1029 1025 provincia
1051 952 1275 1008 dictum.
1301 949 1447 1007 Mare
1468 949 1786 1023 Tyberiadis
1809 965 1839 1004 a
1858 949 2105 1020 proxima

523 1051 762 1114 civitate,
787 1064 907 1119 qua:
932 1047 1062 1103 olim
1082 1045 1422 1103 Chennereth
1446 1051 1658 1111 vocata,
1683 1043 1778 1099 sed
1804 1044 1871 1098 ab
1895 1041 2107 1098 Herode

522 1142 802 1197 tetrarcha
844 1141 1146 1196 instaurata
1187 1138 1244 1193 in
1284 1137 1546 1193 honorem
1589 1134 1811 1207 Tyberii
1853 1131 2102 1198 Caesaris,

522 1233 784 1306 Tyberias
827 1241 912 1289 est
940 1232 1228 1304 appellata.
1274 1231 1444 1286 Porro
1472 1227 1720 1286 Genesar
1747 1245 1776 1283 a
1806 1228 1910 1284 laci
1938 1228 2106 1298 ipsius

521 1337 741 1394 natura,
755 1342 862 1397 qua
883 1326 1251 1397 crispantibus
1265 1325 1443 1396 aquis,
1460 1324 1525 1378 de
1545 1323 1723 1393 seipsa
1745 1321 1848 1377 sibi
1863 1321 2105 1377 excitare

521 1435 662 1490 aqua
690 1434 876 1474 auram
901 1417 1237 1490 perhibetur,
1261 1416 1449 1472 Graaco
1474 1413 1737 1470 vocabulo
1763 1414 1918 1484 quasi
1949 1428 2108 1485 gene-

520 1525 649 1566 rans
679 1509 780 1564 sibi
811 1524 1000 1563 auram
1025 1508 1238 1563 dicitur.
1275 1506 1463 1576 Neque
1499 1504 1646 1559 enim
1686 1503 1745 1558 in
1777 1502 1954 1573 stagni
1982 1518 2073 1558 mo
2093 1533 2106 1546 ο

519 1617 634 1658 rem
665 1602 926 1657 sternitur
945 1615 1105 1670 aqua,
1135 1598 1230 1654 sed
1259 1597 1632 1668 frequentibus
1652 1611 1717 1651 ac
1742 1595 2107 1665 crispantibus

518 1695 714 1760 ventis,
747 1695 1004 1764 agitatur,
1033 1693 1234 1748 haustu
1263 1691 1456 1755 dulcis,
1493 1699 1547 1745 et
1576 1689 1645 1745 ad
1672 1688 1966 1758 potandum
2007 1687 2106 1741 ha-

515 1785 658 1840 bilis.
686 1783 794 1839 Sed
817 1784 1056 1839 Hebraeae
1083 1783 1278 1855 lingua:
1303 1781 1716 1848 consuetudine,
1735 1779 1914 1835 omnis
1939 1794 2106 1849 aqua—

2208 579 2424 650 penitus
2470 595 2578 635 non
2609 580 2928 651 intelligant,
2953 580 3040 637 vel
3068 583 3218 653 prius
3246 584 3300 638 in
3329 587 3592 654 proximis
3620 594 3808 664 regio-

2209 671 2368 726 nibus
2396 672 2645 743 gentibus
2671 673 3106 743 przedicandum,
3151 683 3210 729 ut
3239 677 3385 745 quod
3419 678 3618 736 dicitur
3663 684 3807 742 item

2209 764 2389 833 Petro,
2418 766 2521 822 duc
2549 767 2604 821 in
2633 766 2824 836 altum,
2851 776 2906 825 et
2939 768 3120 825 laxate
3145 770 3280 825 retia
3321 780 3501 828 vestra
3530 775 3586 830 in
3611 785 3804 848 captu-

2209 872 2346 922 ram,
2376 859 2443 913 ad
2471 859 2792 916 remotiores
2824 861 3033 934 gentes,
3061 862 3258 932 quibus
3281 871 3473 934 postea
3499 867 3807 936 praedican-

2210 951 2338 1005 dum
2363 959 2448 1007 est
2474 953 2762 1022 pertineat.

2276 1041 2347 1098 Et
2395 1048 2710 1116 respondens
2757 1045 2969 1112 Simon,
3011 1049 3146 1102 dixit
3184 1049 3308 1104 illi:
3343 1052 3672 1127 Prweeptor,
3710 1076 3807 1130 per

2209 1144 2371 1190 totam
2410 1146 2611 1192 noctem
2641 1136 2956 1205 laborantes,
2987 1140 3118 1194 nihil
3146 1143 3394 1212 cepimus,
3422 1147 3478 1200 in
3510 1149 3665 1202 verbo
3705 1167 3804 1204 au—

2209 1233 2312 1279 tem
2358 1235 2449 1280 tuo
2481 1224 2671 1280 laxabo
2697 1235 2821 1281 rete.
2858 1225 2981 1283 Nisi
3010 1229 3267 1286 Dominus
3315 1235 3658 1304 wdi/icaverit
3705 1239 3804 1294 do-

2207 1334 2374 1385 mum,
2409 1320 2465 1374 in
2491 1337 2680 1374 vanum
2712 1320 2952 1378 laborant
2997 1325 3088 1395 qui
3133 1325 3398 1396 aediﬁcant
3449 1345 3565 1383 eam
3617 1329 3797 1403 (Psal.

2207 1409 2422 1482 cxxvr).
2468 1409 2583 1466 Nisi
2619 1411 2878 1469 Dominus
2905 1429 3001 1470 cor
3042 1415 3398 1474 illustraverit
3445 1421 3798 1489 auditorum,

2208 1501 2397 1556 doctor
2433 1500 2488 1556 in
2537 1511 2694 1558 nocte
2729 1503 2972 1570 laborat;
3010 1506 3115 1562 nisi
3163 1507 3219 1562 in
3261 1510 3427 1564 verbo
3469 1513 3664 1582 gratiae
3701 1531 3796 1570 su-

2206 1607 2389 1663 pernae
2440 1592 2619 1648 laxata
2665 1594 2868 1652 fuerint
2911 1597 3277 1654 instrumenta
3331 1601 3796 1672 disputationum,

2207 1684 2408 1742 frustra
2424 1686 2577 1742 vocis
2604 1702 2716 1743 suae
2742 1688 3069 1760 praadicator
3090 1688 3334 1759 jaculum
3360 1693 3551 1760 mittit,
3579 1697 3716 1765 quia
3740 1697 3800 1751 ﬁ-

2208 1779 2303 1835 des
2344 1779 2694 1851 populorum,
2726 1797 2834 1838 non
2860 1783 3125 1852 sapientia
3166 1784 3315 1840 verbi
3347 1787 3676 1856 compositi,
3707 1791 3800 1845 sed

516 1891 635 1930 rum
663 1875 1035 1947 congregatio,
1065 1876 1178 1930 sive
1209 1873 1399 1938 dulcis,
1431 1873 1545 1928 sive
1575 1872 1736 1938 salsa,
1779 1885 1931 1926 mare
1959 1887 2099 1926 nun—
2126 1877 2176 1939 Β
2204 1871 2399 1928 divina:
2419 1872 2722 1928 vocationis
2748 1887 2972 1928 munere
2998 1875 3282 1943 praevenit.

514 1975 762 2039 cupatur.
797 1966 901 2035 Qui
945 1967 1096 2023 lacus
1143 1967 1285 2022 inter
1329 1965 1533 2022 ﬂuenta
1578 1963 1848 2032 Jordanis,
1882 1972 2100 2020 centum

513 2058 870 2129 quadraginta
902 2058 1094 2114 stadiis
1119 2057 1176 2112 in
1201 2057 1615 2129 longitudinem,
1659 2062 1714 2109 et
1743 2054 2100 2125 quadraginta

511 2150 570 2205 in
612 2150 955 2206 latitudinem
989 2149 1320 2205 extenditur.
1365 2147 1504 2216 Quia
1533 2162 1662 2218 ergo
1691 2153 1940 2218 stagnum
1985 2145 2100 2200 sive

512 2256 663 2297 mare
709 2257 950 2312 praesens
996 2241 1252 2297 saeculum
1311 2239 1588 2309 designat,
1636 2238 1898 2294 Dominus
1938 2252 2100 2296 secus

509 2349 663 2389 mare
689 2340 817 2388 stat.
849 2331 1143 2402 Postquam
1166 2330 1292 2385 vitae
1329 2328 1560 2385 labentis
1585 2327 1972 2384 mortalitatem
2007 2327 2100 2382 de-

507 2427 753 2494 vincens,
780 2425 836 2480 in
858 2440 923 2480 ea
945 2439 1050 2495 qua
1071 2438 1264 2495 passus
1284 2429 1369 2478 est
1389 2436 1574 2490 carne,
1596 2421 1946 2476 stabilitatem
1974 2436 2099 2493 per-

505 2531 684 2591 petuae
725 2520 927 2592 quietis
973 2517 1140 2584 adiit,
1183 2517 1465 2572 turbarum
1493 2522 1793 2571 conventus
1839 2515 1910 2571 ad
1936 2530 2093 2581 eum,

508 2613 747 2682 gentium
780 2613 835 2667 in
863 2611 968 2666 ﬁde
996 2608 1439 2665 concurrentium
1483 2614 1644 2679 typus
1670 2614 1774 2672 est,
1807 2605 1874 2660 de
1899 2605 2096 2675 quibus

504 2706 711 2762 Isaias:
739 2705 810 2759 Et
845 2707 1031 2775 ﬂuent,
1060 2695 1258 2773 inquit,
1283 2702 1353 2757 ad
1387 2717 1506 2756 eum
1541 2716 1719 2754 omnes
1756 2707 1954 2769 gentes,
1983 2698 2101 2751 exi-

506 2799 634 2852 bunt
657 2795 837 2868 pepuli
874 2796 1027 2851 multi
1060 2805 1108 2851 et
1147 2795 1319 2850 dicent
1353 2809 1372 2847 :
1407 2791 1610 2861 Venite,
1645 2791 1993 2848 ostendamus
2023 2791 2094 2846 ad

505 2901 730 2946 montem
745 2889 960 2944 Domini
989 2887 1125 2961 (Isa.
1153 2886 1237 2961 ιι).

576 2981 646 3035 Et
676 2981 802 3036 vidit
831 2982 965 3036 duas
991 2997 1147 3035 naves
1176 2994 1324 3034 secus
1344 2987 1610 3049 stagnum.
1638 2977 1768 3033 Duae
1804 2990 1974 3031 naves
2008 2990 2094 3031 se-

504 3089 603 3129 cus
637 3081 888 3143 stagnum
931 3072 1125 3142 positae
1159 3070 1630 3126 eircumcisionem
1675 3079 1730 3124 et
1760 3067 2090 3140 praeputium

503 3164 829 3237 signiﬁcant,
857 3180 993 3236 quas
1017 3165 1156 3219 bene
1180 3161 1338 3220 Jesus
1365 3162 1566 3219 vidisse
1590 3162 1928 3233 perhibetur,
1960 3159 2090 3231 quia

2271 1985 2342 2040 Et
2384 2001 2502 2040 eum
2531 1985 2629 2039 hoc
2661 1983 2923 2055 fecissent,
2956 1984 3321 2041 coneluserunt
3348 1989 3572 2059 piscium
3607 1991 3799 2048 multi-

2200 2077 2436 2132 tudinem
2461 2078 2745 2149 copiosam,
2774 2077 3114 2148 rumpebatur
3133 2087 3308 2133 autem
3337 2093 3443 2135 rete
3462 2069 3797 2157 eorum..(Ex

2199 2165 2386 2240 Greg.)
2415 2166 2535 2222 Prae
2579 2167 2926 2222 multitudine
2968 2167 3202 2238 piscium
3248 2177 3365 2224 rete
3411 2174 3794 2243 rumpebatur,

2199 2257 2326 2328 quia
2366 2273 2512 2312 nunc
2541 2257 2609 2313 ad
2637 2256 3040 2313 confessionem
3068 2258 3214 2324 ﬁdei,
3245 2261 3411 2316 etiam
3451 2278 3575 2317 cum
3605 2264 3797 2322 electis

2199 2349 2414 2420 reprobi
2460 2349 2596 2404 tanti
2638 2350 2864 2415 intrant,
2913 2350 3005 2419 qui
3037 2351 3209 2421 ipsam
3237 2366 3457 2422 quoque
3499 2355 3794 2412 ecclesiam

2197 2439 2494 2495 hteresibus
2532 2440 2798 2495 scindant.
2832 2440 3123 2511 Rumpitur
3147 2450 3328 2498 autem
3369 2452 3504 2509 rete,
3553 2447 3652 2502 sed
3686 2435 3794 2504 non

2196 2531 2429 2588 elabitur
2455 2534 2641 2603 piscis,
2665 2535 2794 2605 quia
2818 2549 2946 2590 suos
2971 2535 3220 2592 dominus
3243 2538 3412 2593 etiam
3435 2538 3583 2595 inter
3601 2556 3792 2612 perse-

2196 2624 2477 2694 quentium
2499 2624 2753 2680 scandala
2779 2633 2981 2681 servat.

2265 2712 2336 2768 Et
2367 2725 2664 2771 annuerunt
2691 2716 2848 2772 sociis
2889 2717 2978 2789 qui
3023 2726 3175 2773 erant
3201 2719 3258 2774 in
3291 2718 3400 2774 alia
3431 2723 3576 2790 navi,
3609 2733 3670 2778 ut
3713 2743 3795 2779 ee-

2196 2805 2364 2861 nirent
2391 2815 2438 2860 et
2468 2807 2782 2878 adjuvarent
2807 2825 2914 2864 eos.
2958 2809 3078 2866 Alia
3107 2813 3284 2880 navis,
3309 2822 3369 2869 ut
3406 2816 3791 2887 praediximus,

2193 2906 2279 2954 est
2305 2899 2534 2955 ecclesia
2563 2899 2630 2956 de
2663 2902 2935 2987 gentibus,
2969 2921 3090 2976 quae
3116 2913 3172 2962 et
3199 2907 3316 2978 ipsa
3343 2923 3452 2964 non
3483 2910 3791 2969 suﬁiciente

2192 3005 2302 3045 una
2349 2991 2600 3046 navicula
2647 2992 2888 3064 piscibus
2935 2995 3193 3066 impletur
3217 2998 3427 3066 electis,
3471 3003 3603 3071 quia
3647 3006 3791 3058 novit

2191 3081 2450 3137 Dominus
2485 3083 2574 3152 qui
2619 3094 2741 3138 sunt
2781 3087 2896 3157 ejus
2945 3087 3033 3160 (ΙΙ
3059 3087 3192 3143 Tim.
3220 3091 3304 3162 ιι),
3334 3100 3391 3147 et
3418 3093 3562 3163 apud
3609 3096 3790 3165 ipsum

2193 3182 2375 3230 certus
2401 3183 2486 3230 est
2514 3189 2736 3232 suorum
2770 3194 3034 3236 numerus
3061 3181 3380 3238 electorum.
3415 3183 3662 3256 Dumque
3709 3197 3792 3243 tot

502 3259 559 3313 in
587 3265 820 3328 utroque
849 3257 1068 3329 populo,
1102 3257 1255 3313 novit
1278 3256 1530 3314 dominus
1556 3256 1648 3328 qui
1674 3264 1802 3312 sunt
1831 3254 1968 3325 ejus,
1997 3269 2090 3310 eo-

2199 3267 2249 3321 in
2274 3265 2458 3323 Judaea
2487 3268 2790 3326 credituros
2818 3287 2926 3327 non
2955 3273 3180 3340 invenit,
3207 3292 3344 3346 quos
3387 3278 3455 3333 ad
3489 3245 3660 3335 ﬁdem
3701 3282 3785 3336 vi-

503 3367 735 3422 rumque
759 3351 924 3408 corda
956 3350 1207 3406 ﬂuctibus
1234 3351 1418 3408 saeculi
1447 3349 1608 3421 hujus
1633 3351 1702 3406 ad
1738 3350 1931 3406 futura:
1962 3349 2087 3404 vitae

501 3441 976 3513 tranquillitatem,
1000 3442 1157 3512 quasi
1174 3442 1243 3498 ad
1265 3442 1592 3498 soliditatem
1611 3442 1812 3498 littoris
1829 3440 2084 3508 videndo,

502 3528 607 3591 hoc
633 3543 737 3601 est,
763 3536 1190 3592 misericorditer
1215 3536 1486 3612 visitando
1507 3537 1776 3608 provehit.
2010 3537 2014 3542 ’

574 3625 874 3683 Piscatores
912 3639 1088 3685 autem
1128 3629 1531 3695 descenderant,
1571 3639 1620 3684 et
1651 3629 1899 3685 lababant
1929 3629 2082 3685 retia.

500 3719 810 3781 Piscatores
832 3727 960 3775 sunt
981 3719 1225 3776 ecclesiae
1251 3722 1522 3787 doctores,
1551 3720 1644 3790 qui
1677 3734 1777 3776 nos
1811 3728 1925 3776 rete
1959 3719 2088 3776 ﬁdei

501 3810 940 3882 comprehensos,
962 3818 1019 3866 et
1045 3809 1114 3866 de
1134 3809 1400 3880 profundo
1420 3812 1488 3868 ad
1509 3811 1691 3869 lumen
1715 3810 1908 3878 elatos,
1930 3811 2086 3881 quasi

499 3903 680 3974 pisces
708 3901 910 3969 littori,
948 3904 1029 3958 sic
1073 3910 1233 3958 terrae
1271 3903 1568 3960 viventium
1601 3905 1892 3960 advehunt.
1921 3903 2086 3971 Quasi

501 3995 645 4050 enim
675 3995 920 4067 quaedam
949 3997 1087 4052 retia
1125 3995 1448 4067 piscantium
1476 4005 1602 4053 sunt
1629 3997 1924 4068 complexae
1949 4011 2088 4068 pras-

500 4084 802 4142 dicantium
833 4084 1118 4155 dictiones,
1146 4103 1268 4158 qua:
1294 4104 1389 4145 eos
1412 4103 1548 4160 quos
1573 4091 1840 4160 ceperint,
1881 4090 1940 4146 in
1979 4089 2087 4145 ﬁde

498 4193 610 4235 non
656 4181 928 4237 amittant.
961 4181 1114 4240 Unde
1151 4189 1208 4237 et
1242 4183 1400 4250 retia,
1432 4183 1588 4254 quasi
1627 4184 1917 4240 retinentia
1958 4193 2087 4242 sunt

497 4277 712 4339 vocata,
756 4272 852 4328 sed
894 4273 1010 4329 haec
1038 4274 1175 4330 retia
1209 4275 1370 4331 modo
1395 4275 1650 4332 laxantur
1674 4276 1734 4332 in
1771 4285 2083 4347 capturam,

498 4364 660 4418 modo
685 4363 796 4421 lota
828 4366 1119 4436 plicantur,
1148 4369 1276 4438 quia
1303 4384 1413 4424 non
1442 4385 1604 4425 omne
1631 4377 1843 4441 tempus
1871 4380 1955 4427 est
1990 4372 2088 4427 ha-

497 4455 610 4512 bile
654 4459 931 4526 doctrinae,
961 4461 1055 4516 sed
1097 4476 1245 4517 nunc
1280 4463 1551 4518 exerenda
1599 4461 1780 4535 lingua
1825 4464 2082 4534 doctoris,

499 4564 646 4605 nunc
666 4551 862 4606 suimet
883 4567 1018 4609 cura
1042 4554 1296 4623 gerenda.

568 4646 865 4704 Aseendens
905 4659 1082 4705 autem
1109 4650 1167 4704 in
1194 4667 1354 4704 unam
1383 4666 1584 4717 navem,
1612 4667 1730 4722 quas
1766 4658 1881 4708 erat
1913 4650 2087 4708 Simo-

500 4738 604 4802 nis,
641 4741 842 4810 rogauit
869 4757 989 4796 eum
1017 4759 1050 4797 a
1075 4752 1219 4797 terra
1252 4741 1497 4798 reducere
1527 4743 1798 4816 pusillum,
1825 4754 1876 4800 et
1900 4746 2087 4804 sedens

496 4830 714 4887 docebat
739 4832 804 4886 de
831 4834 1076 4889 navicula
1102 4835 1299 4890 turbas.
1338 4835 1504 4892 Navis
1527 4835 1764 4896 Simonis
1789 4847 1875 4895 est
1901 4838 2087 4897 Eccle-

497 4925 578 4981 sia
603 4927 900 4997 primitiva,
930 4930 998 4986 de
1031 4947 1137 5001 qua
1168 4931 1368 4989 Paulus
1394 4934 1506 4989 ait:
1537 4933 1641 5001 Qui
1665 4935 1803 4992 enim
1839 4945 2085 5008 operatus

496 5025 574 5072 est
593 5014 754 5073 Petro
780 5020 839 5076 in
866 5021 1162 5094 apostolatu
1187 5024 1622 5094 circumcisionis,
1653 5037 1897 5099 operatus
1930 5038 2007 5084 est
2034 5038 2084 5084 et

496 5108 627 5164 mihi
651 5109 788 5164 inter
808 5122 982 5183 gentes
1009 5111 1153 5186 (Gal.
1180 5114 1242 5188 l).
1271 5116 1415 5175 Bene
1442 5135 1550 5176 una
1578 5119 1744 5187 dicta,
1771 5121 1898 5192 quia
1944 5120 2083 5177 mul-

496 5205 739 5265 titudinis
772 5209 1092 5267 credentium
1126 5223 1241 5269 erat
1264 5232 1355 5271 cor
1381 5227 1428 5272 et
1454 5217 1633 5272 anima
1661 5235 1769 5273 una
1799 5216 1934 5290 (Act.
1959 5216 2077 5290 ιιι),

496 5297 563 5354 de
587 5314 695 5370 qua
729 5301 958 5360 docebat
992 5305 1198 5372 turbas,
1228 5307 1353 5377 quia
1394 5309 1460 5365 de
1488 5309 1808 5366 auctoritate
1834 5309 2079 5367 ecclesia:

496 5387 654 5445 docet
681 5408 853 5464 usque
875 5395 1038 5452 hodie
1063 5407 1272 5469 gentes.

570 5477 638 5535 Ut
667 5487 885 5541 cessavit
913 5497 1087 5544 autem
1112 5487 1278 5561 loqui,
1308 5489 1445 5544 dixit
1469 5490 1540 5546 ad
1562 5490 1831 5548 Simonem
1853 5507 1873 5548 :
1896 5493 1998 5548 duc
2020 5495 2076 5549 in

497 5567 684 5637 altum,
706 5583 754 5627 et
776 5573 952 5632 laxate
974 5582 1106 5635 retia
1125 5591 1294 5636 vestra
1309 5581 1363 5636 in
1384 5589 1673 5652 capturum.
1701 5582 1804 5656 (Ex
1822 5582 2075 5657 August.)

498 5658 651 5726 Quod
674 5664 849 5732 primo
871 5670 1076 5739 rogavit
1097 5669 1373 5727 Simonem
1394 5687 1587 5727 navem
1603 5687 1635 5727 a
1651 5680 1796 5729 terra
1817 5675 2077 5731 reducere

495 5754 774 5825 pusillum,
797 5762 1064 5832 signiﬁcat
1089 5765 1175 5820 vel
1205 5775 1502 5837 temperate
1527 5767 1788 5824 utendum
1814 5771 1981 5825 verbo
2005 5773 2072 5828 ad

497 5847 706 5921 turbas,
753 5860 812 5906 ut
853 5868 954 5910 nec
989 5862 1204 5912 terrena
1242 5857 1325 5915 eis
1353 5860 1758 5931 praecipiantur,
1793 5875 1895 5919 nec
1924 5861 2005 5918 sic
2039 5877 2072 5921 a

2191 3365 2412 3429 tamque
2459 3360 2876 3431 prxedestinatos
2924 3364 3078 3420 novit
3123 3373 3415 3435 aeternam,
3455 3372 3614 3440 quasi
3661 3372 3788 3428 aliae

2188 3452 2342 3508 navis
2371 3456 2711 3524 receptacula
2736 3456 2978 3527 piscibus
3004 3474 3254 3530 quaerens
3285 3464 3414 3528 suis,
3448 3467 3615 3520 corda
3643 3483 3788 3538 quo-

2189 3559 2293 3612 que
2328 3545 2568 3615 gentium
2593 3547 2718 3602 ﬁdei
2749 3549 2926 3618 gratia
2969 3551 3159 3620 replet.
3190 3553 3258 3607 Et
3301 3555 3439 3611 bene
3468 3565 3630 3628 rupto
3659 3570 3788 3615 rete

2190 3636 2335 3690 socia
2383 3637 2538 3692 navis
2581 3638 2895 3707 advocatur,
2939 3643 3198 3712 quoniam
3245 3654 3371 3701 ante
3417 3645 3586 3704 Judas
3646 3667 3784 3721 pro-

2187 3727 2351 3796 ditor,
2398 3736 2525 3786 ante
2579 3729 2766 3788 Simon
2811 3751 2999 3806 magus
3041 3738 3220 3809 pisces
3264 3743 3584 3811 nequissimi
3635 3746 3787 3815 capti

2189 3827 2334 3875 sunt.
2365 3820 2543 3878 Antea
2588 3822 2826 3882 Ananias
2867 3835 2925 3882 et
2973 3825 3203 3900 Saphira
3231 3829 3359 3887 ﬁdei
3405 3841 3524 3889 rete
3553 3835 3786 3892 subdole

2189 3913 2469 3970 tentabant
2509 3916 2720 3989 ingredi
2769 3917 2906 3991 (Act.
2932 3920 3022 3992 v),
3063 3931 3209 3989 ante,
3240 3932 3298 3979 ut
3339 3923 3576 3983 Joannes
3609 3936 3784 3984 testa-

2189 4011 2299 4070 tur,
2337 4005 2494 4061 multi
2543 4005 2931 4079 discipulorum
2965 4011 3082 4081 ejus
3125 4014 3375 4070 abierunt
3411 4025 3580 4082 retro,
3613 4020 3784 4075 etiam

2188 4110 2297 4152 non
2323 4111 2447 4152 cum
2475 4097 2566 4153 illo
2603 4100 2952 4157 ambulabant
2977 4103 3158 4168 (Joan.
3179 4104 3278 4177 vi).
3309 4106 3390 4162 Ac
3420 4107 3619 4164 deinde
3643 4108 3782 4165 Bar-

2187 4193 2358 4248 nabas
2397 4202 2452 4248 et
2499 4193 2696 4252 Paulus
2742 4198 2808 4253 ad
2854 4197 3082 4255 salutem
3125 4198 3368 4272 gentium
3420 4211 3548 4257 sunt
3598 4205 3781 4261 vocati

2191 4284 2330 4356 (Act.
2364 4287 2507 4361 XIII).

2261 4397 2334 4454 Et
2363 4409 2610 4457 uenerunt
2632 4411 2681 4458 et
2710 4403 3048 4476 impleverunt
3081 4405 3264 4460 ambas
3294 4406 3584 4473 naviculas,
3616 4409 3694 4462 ita
3719 4419 3778 4464 ut

2187 4507 2317 4562 pene
2343 4503 2716 4565 mergerentur.
2744 4494 2948 4552 Harum
2977 4497 3219 4570 impletio
3249 4499 3468 4554 navium
3503 4516 3681 4571 usque
3719 4501 3778 4555 in

2108 4612 2163 4674 Β
2189 4581 2354 4639 ﬁnem
2380 4585 2566 4641 saeculi
2597 4587 2814 4644 crescit.
2845 4586 2952 4643 Sed
2993 4589 3139 4660 quod
3169 4589 3404 4660 impletae
3431 4600 3776 4662 merguntur,

2187 4678 2293 4733 hoc
2337 4684 2454 4744 est,
2499 4677 2556 4732 in
2601 4678 3030 4735 submersionem
3081 4689 3437 4752 premuntur,
3484 4698 3596 4738 non
3629 4685 3776 4739 enim

2186 4766 2501 4833 submersas,
2549 4767 2647 4822 sed
2693 4776 2877 4824 tamen
2924 4777 3050 4825 sunt
3100 4771 3450 4841 periclitata,
3481 4773 3776 4844 Apostolus

2187 4854 2656 4926 exponit'dicens:
2687 4855 2754 4912 In
2791 4859 3080 4914 novissimis
3123 4861 3326 4928 diebus,
3361 4872 3514 4918 erunt
3539 4874 3774 4936 tempora

2185 4944 2514 5017 periculosa,
2559 4957 2608 5001 et
2653 4959 2803 5004 erunt
2833 4951 3067 5005 homines
3120 4953 3313 5024 seipsos
3359 4966 3617 5024 amantes,
3662 4967 3770 5013 etc.

2189 5036 2277 5111 (II
2307 5036 2442 5092 Tim.
2468 5038 2575 5110 ιιι).
2604 5039 2742 5095 Nam
2772 5043 2942 5113 mergi
2977 5058 3164 5109 naves,
3191 5054 3275 5101 est
3303 5046 3548 5104 homines
3574 5050 3630 5104 in
3665 5067 3766 5106 sae—

2186 5130 2389 5198 culum,
2417 5145 2484 5188 ex
2512 5147 2620 5203 quo
2645 5133 2774 5188 elati
2803 5148 2900 5204 per
2930 5134 3091 5191 ﬁdem
3132 5135 3371 5206 fuerunt,
3399 5156 3614 5197 morum
3636 5159 3768 5214 pra-

2184 5224 2352 5281 vitate
2396 5225 2596 5291 relabi,
2630 5225 2807 5295 qualis
2853 5234 2909 5282 et
2957 5229 3072 5300 ipse
3115 5228 3310 5287 Petrus
3352 5234 3530 5290 adhuc
3576 5236 3630 5291 in
3682 5239 3769 5292 in-

2185 5313 2442 5372 ﬁrmitate
2484 5317 2718 5389 positus,
2763 5318 2868 5375 hoc
2913 5318 3033 5376 loco
3075 5321 3446 5393 demonstrat,
3492 5327 3636 5384 unde
3680 5345 3770 5386 se-

2182 5407 2387 5479 quitur.

2255 5497 2410 5564 Quod
2428 5515 2547 5554 cum
2574 5500 2771 5556 uideret
2793 5500 2979 5560 Simon
3006 5501 3218 5572 Petrus,
3247 5515 3351 5564 etc.
3380 5509 3484 5583 (Ex
3508 5510 3770 5584 August.)

2183 5591 2317 5659 Quia
2337 5595 2582 5652 carnales
2599 5596 2799 5668 quique
2821 5597 2875 5654 in
2897 5599 3124 5655 ecclesia
3150 5603 3390 5671 regimen
3415 5607 3768 5676 Spiritalium,

2178 5683 2234 5739 in
2262 5685 2458 5754 quibus
2487 5688 2726 5744 maxime
2750 5688 2950 5745 Christi
2979 5705 3208 5760 persona
3239 5695 3457 5760 eminet,
3490 5711 3521 5750 a
3545 5714 3606 5760 se
3631 5714 3769 5769 quo-

2177 5775 2464 5833 dammodo
2514 5780 2800 5850 repellunt.
2834 5780 2949 5837 Non
2977 5784 3122 5838 enim
3152 5784 3256 5841 hac
3278 5802 3409 5842 voce
3450 5787 3648 5861 lingua:
3685 5793 3770 5850 di-

2177 5875 2305 5924 cunt
2329 5868 2488 5926 bonis
2515 5871 2782 5930 ministris
2809 5873 2925 5942 Dei,
2954 5884 3014 5932 ut
3057 5889 3150 5933 eos
3175 5893 3208 5933 a
3232 5894 3290 5936 se
3322 5881 3623 5952 repellant,
3667 5885 3768 5942 sed
