4026 6508
259 410 391 474 377

1113 409 1639 470 COLLECTIONES
1677 410 1749 469 IN
1786 409 2172 469 EPISTOLAS
2208 409 2299 467 ET
2337 409 2760 471 EVANGELIA.
2825 467 2836 472 _

3447 414 3555 475 378

265 547 413 592 voce
441 547 655 590 morum
679 538 734 586 et
763 537 980 586 actuum
1006 543 1231 586 suorum
1255 531 1484 586 suadent
1511 545 1543 584 a
1566 545 1626 585 se
1653 529 1852 594 recedi,
1884 532 1940 595 Α
1969 546 1989 580 ε
2032 535 2088 584 et
2113 527 2344 599 dissipes
2368 535 2426 584 et
2455 527 2692 585 aediﬁces
2727 536 2784 586 et
2823 528 3060 603 plantes,
3111 531 3246 589 dicit
3289 530 3554 592 Dominus

259 643 348 684 ne
375 641 473 699 per
496 627 667 682 bonos
688 633 966 696 regantur.
996 623 1064 679 Et
1088 638 1154 679 eo
1179 623 1560 679 vehementius
1593 623 1739 693 quod
1771 623 1864 678 de-

257 721 464 776 ferunt
505 720 586 775 eis
627 720 912 784 honorem,
953 726 1012 773 et
1045 724 1225 773 tamen
1275 716 1432 773 factis
1477 718 1592 773 suis
1619 733 1650 771 a
1688 733 1746 773 se
1778 733 1863 772 re-

257 814 473 870 cedere
521 811 842 878 admonent,
875 820 936 866 ut
969 810 1437 866 honoriﬁcentiam
1466 825 1655 865 eorum
1696 810 1864 881 signi-

257 904 521 962 ﬁcaverit
551 903 743 960 Petrus
771 903 970 960 cadens
995 902 1064 957 ad
1107 901 1271 973 pedes
1300 901 1533 957 Domini.
1564 901 1740 958 Mores
1768 918 1863 957 au-

256 1005 382 1054 tem
411 997 467 1052 in
511 1011 577 1052 eo
621 995 765 1068 quod
795 996 872 1052 ait
900 1014 913 1051 :
943 994 1050 1050 Exi
1077 1013 1109 1051 a
1137 1013 1237 1061 me,
1274 993 1518 1060 Domine,
1555 996 1682 1066 quia
1707 997 1860 1051 homo

252 1097 514 1160 peccator
537 1105 672 1152 sum,
707 1089 851 1160 quod
877 1097 1078 1155 tamen,
1105 1088 1230 1157 quia
1269 1102 1378 1142 non
1419 1086 1549 1142 fecit
1577 1087 1856 1155 Dominus,

253 1196 382 1236 non
411 1181 556 1236 enim
589 1182 818 1236 recessit
846 1181 914 1236 ab
942 1181 1042 1246 eis,
1072 1181 1169 1236 sed
1196 1195 1290 1237 eos
1316 1181 1600 1237 subductis
1629 1182 1861 1239 navibus

253 1273 335 1328 ad
363 1271 517 1328 littus
544 1273 828 1344 perduxit,
872 1272 1142 1344 signiﬁcat
1181 1273 1237 1328 in
1280 1273 1438 1329 bonis
1482 1281 1536 1329 et
1560 1274 1860 1345 spirituali-

249 1367 369 1423 bus
390 1368 544 1434 viris,
570 1383 678 1424 non
698 1382 823 1424 esse
842 1375 1094 1439 oportere
1116 1369 1258 1424 hanc
1279 1369 1636 1434 voluntatem,
1652 1377 1714 1424 ut
1738 1384 1861 1439 pec-

252 1459 404 1515 catis
433 1460 716 1515 turbarum
752 1460 1012 1515 commoti
1037 1501 1052 1528 ,
1093 1476 1202 1530 quo
1233 1462 1390 1531 quasi
1421 1462 1675 1535 securius;
1703 1471 1857 1518 tran-

249 1553 593 1624 quilliusque
623 1555 836 1620 vivant,
869 1570 1066 1609 munus
1119 1554 1551 1610 ecclesiasticum
1580 1556 1850 1612 deserant.

325 1649 400 1705 Et
439 1661 513 1704 ait
549 1650 619 1704 ad
670 1649 936 1705 Simonem
973 1649 1127 1705 Jesus
1152 1667 1170 1704 :
1206 1649 1334 1705 Noli
1365 1651 1564 1707 timere.
1625 1652 1854 1708 Confor—

250 1749 342 1798 tat
379 1742 642 1798 Dominus
689 1743 940 1797 timorem
969 1741 1290 1808 carnalium,
1338 1733 1661 1815 animosque
1688 1744 1854 1815 fragi-

249 1835 395 1891 lium
425 1837 759 1894 consolando
780 1837 960 1910 erigit,
1004 1851 1074 1892 ne
1100 1838 1222 1906 quis
1246 1836 1330 1891 vel
1361 1837 1428 1892 de
1451 1854 1549 1893 sua
1570 1839 1853 1894 conscien-
1878 1903 1918 1910 _
1954 1843 2115 1890 notus
2150 1835 2318 1905 patri,

253 1929 332 1983 tia
386 1937 443 1985 et
486 1930 646 2000 culpa
695 1937 961 1994 tremens,
1014 1927 1098 1982 vel
1139 1928 1205 1983 de
1262 1927 1491 1984 aliorum
1535 1929 1849 1984 innocentia
1876 1903 1926 1966 Β
1954 1943 2170 1998 semper
2189 1936 2364 1998 pater.

247 2030 507 2095 stupens,
544 2024 853 2080 sanctitatis
887 2024 992 2079 iter
1021 2023 1275 2079 formidet
1303 2023 1546 2095 adgredi,
1575 2023 1720 2094 quod
1753 2037 1848 2079 au-

245 2123 366 2172 tem
403 2117 652 2187 sequitur
681 2137 694 2173 :

321 2206 413 2262 Ea:
449 2209 547 2262 hoc
566 2209 685 2279 jam
706 2209 939 2263 homines
963 2208 1064 2263 eris
1105 2208 1335 2278 capiens.
1395 2207 1478 2263 Ad
1523 2208 1702 2278 ipsum
1740 2207 1843 2263 Pe-

243 2304 402 2353 trum
446 2297 758 2368 specialiter
790 2299 1043 2368 pertinet.
1109 2298 1347 2368 Exponit
1384 2299 1530 2353 enim
1572 2299 1623 2354 ei
1662 2298 1846 2354 Domi-

242 2406 379 2456 nus,
433 2391 564 2460 quid
589 2390 707 2445 hmc
732 2390 965 2460 piscium
999 2398 1225 2458 captura
1253 2390 1543 2460 signiﬁcet,
1585 2390 1732 2461 quod
1764 2391 1848 2445 vi-

241 2481 451 2537 delicet
488 2482 624 2552 ipsc,
676 2482 828 2554 sicut}
861 2497 1006 2537 nunc
1052 2497 1151 2551 per
1187 2482 1322 2538 retia
1356 2484 1568 2554 pisces,
1607 2486 1687 2540 sic
1741 2484 1844 2540 ali-

240 2571 473 2643 quando
502 2587 602 2642 per
641 2573 810 2628 verba
856 2574 928 2628 sit
970 2581 1230 2643 capturus
1269 2573 1538 2639 homines,
1589 2584 1845 2648 totusque

241 2660 383 2718 facti
413 2661 576 2732 hujus
631 2665 768 2718 ordo
821 2664 951 2733 quid
1001 2665 1056 2719 in
1094 2664 1362 2732 Ecclesia,
1410 2667 1566 2738 cujus
1618 2668 1734 2737 ipse
1765 2677 1844 2740 ty.

239 2770 380 2828 pum
411 2762 580 2823 tenet,
634 2755 877 2827 quotidie
915 2756 1143 2828 geritur,
1196 2757 1474 2825 ostendat,
1526 2759 1672 2830 quod
1709 2774 1840 2817 vero

241 2847 591 2921 subjungitur
617 2865 630 2902 :

317 2939 388 2996 Et
416 2941 685 2995 subductis
714 2941 785 2996 ad
815 2950 1011 2996 terram
1065 2943 1302 3007 navibus,
1359 2942 1555 2999 relictis
1597 2946 1838 3002 omnibus

241 3032 408 3084 secuti
435 3040 556 3086 sunt
581 3048 719 3085 eum.
779 3031 966 3087 Potest
1010 3033 1317 3104 signiﬁcare
1346 3033 1510 3090 linem
1551 3038 1834 3109 temporis,

245 3137 356 3192 quo
385 3122 454 3178 ab
503 3123 1060 3193 hujusmodisaeculo,
1092 3125 1186 3196 qui
1235 3125 1454 3182 Christo
1497 3127 1850 3194 inhaeserint,

241 3214 461 3287 penitus
511 3215 781 3270 recessuri
826 3224 972 3272 sunt.
1057 3215 1349 3272 Sciendum
1374 3227 1459 3272 est
1480 3228 1664 3274 autem
1693 3220 1836 3275 hanc

243 3305 491 3360 eamdem
520 3320 628 3361 non
651 3321 773 3362 esse
791 3305 1101 3373 lectionem,
1119 3323 1226 3378 qua
1240 3308 1526 3365 Matthmus
1547 3319 1602 3365 et
1618 3310 1834 3366 Marcus

241 3396 402 3453 binos
427 3397 494 3453 de
522 3398 790 3454 naviculis
813 3398 1139 3469 piscatores,
1180 3402 1358 3471 primo
1384 3401 1604 3457 Petrum
1622 3412 1676 3458 et
1724 3403 1834 3460 An-

242 3495 452 3562 dream,
483 3495 678 3552 deinde
706 3496 846 3552 ﬁlios
880 3496 1126 3553 Zebedtei
1147 3513 1177 3552 a
1216 3498 1446 3556 Domino
1470 3509 1696 3556 narrant
1713 3516 1836 3557 esse

244 3597 497 3655 vocatos;
525 3605 634 3644 non
663 3590 809 3644 enim
837 3603 932 3644 eos
954 3589 1130 3646 Lucas
1182 3607 1327 3647 nunc
1355 3608 1386 3647 a
1418 3593 1646 3650 Domino
1672 3611 1836 3651 voca-

245 3691 348 3746 tos,
377 3680 473 3736 sed
509 3689 718 3736 tantum
745 3679 909 3736 Petro
947 3679 1116 3736 fuisse
1153 3684 1497 3752 praedictum,
1549 3686 1695 3756 quod
1731 3687 1832 3741 ho-

243 3771 422 3826 mines
449 3782 594 3827 esset
619 3779 875 3842 capturus
905 3773 1174 3840 insinuat,
1208 3776 1350 3845 quod
1385 3792 1494 3832 non
1518 3777 1592 3832 ita
1627 3779 1834 3836 dictum

241 3872 328 3920 est
349 3866 507 3937 quasi
534 3866 646 3937 jam
677 3867 855 3938 pisces
886 3883 1162 3939 nunquam
1204 3877 1351 3924 esset
1378 3879 1656 3941 capturus.
1695 3870 1833 3928 Nam

242 3967 301 4015 et
331 3967 454 4031 post
476 3961 932 4016 resurrectionem
949 3960 1165 4017 Domini
1196 3962 1426 4034 legimus
1451 3978 1545 4019 eos
1569 3964 1732 4021 ivisse
1755 3965 1836 4036 pi-

242 4060 472 4120 scatum,
505 4055 650 4110 unde
689 4056 849 4112 datur
903 4058 1156 4130 intelligi,
1211 4073 1306 4114 eos
1331 4059 1398 4114 ad
1441 4070 1724 4130 capturam
1752 4063 1834 4133 pi-

244 4148 414 4204 scium
442 4164 509 4204 ex
539 4165 687 4205 more
716 4165 1010 4218 remeasse,
1039 4160 1100 4206 ut
1120 4161 1311 4223 postea
1339 4152 1513 4220 ﬁeret,
1541 4152 1685 4224 quod
1700 4153 1835 4209 Mat-

247 4239 415 4295 thaeus
441 4249 496 4295 et
530 4240 744 4298 Marcus
774 4251 1016 4308 narrant,
1045 4243 1260 4313 quando
1282 4259 1378 4300 eos
1398 4245 1556 4301 binos
1594 4247 1830 4300 vocavit.

245 4331 393 4388 Tunc
422 4334 569 4388 enim
590 4351 698 4390 non
728 4336 1007 4392 subductis
1029 4353 1060 4391 a
1085 4344 1230 4393 terra
1268 4339 1516 4406 navibus,
1573 4347 1832 4409 tanquam

243 4444 374 4483 cura
405 4429 684 4496 redeundi,
707 4431 802 4485 sed
832 4431 906 4486 ita
928 4445 1054 4486 eum
1077 4432 1250 4487 secuti
1281 4441 1429 4500 sunt,
1449 4442 1710 4507 tanquam
1736 4428 1833 4487 vb-

244 4529 456 4578 cantem
487 4537 552 4578 ac
569 4521 871 4593 jubentem,
895 4532 955 4578 ut
980 4532 1357 4595 sequerentur.

547 4655 616 4712 IN
652 4655 902 4713 VlGlLIA
933 4655 1178 4713 SANCTI
1217 4656 1520 4714 JOANNIS.

492 4789 686 4831 LECTIO
717 4790 991 4830 HIEREIIE
1031 4790 1348 4842 PROPEETE,
1384 4791 1503 4832 CAP.
1546 4793 1583 4831 l.

323 4907 340 4941 ι
384 4888 705 4961 Priusquam
729 4899 783 4947 te
808 4890 1102 4947 formarem
1127 4893 1181 4947 in
1212 4901 1368 4948 utero
1399 4895 1524 4949 novi
1555 4903 1630 4961 te,
1656 4903 1710 4949 et
1736 4911 1832 4950 an-

254 5000 273 5033 ι
320 4990 534 5052 tequam
557 4984 736 5039 exires
755 4983 820 5040 de
844 4985 1005 5040 vulva
1033 4986 1366 5042 sanctiﬁcavi
1397 4997 1473 5055 te,
1507 4996 1563 5043 et
1589 4988 1830 5059 Prophe-

255 5102 274 5136 ‹
318 5090 424 5138 tam
447 5084 502 5139 in
525 5085 772 5157 gentibus
794 5086 916 5142 dedi
938 5094 1013 5150 te,
1040 5093 1096 5142 et
1129 5086 1262 5153 dixi,
1293 5085 1360 5140 ah
1391 5086 1459 5140 ah
1486 5087 1576 5153 ah,
1603 5086 1831 5143 Domine

258 5197 276 5230 ι
320 5176 456 5232 Deus
486 5196 501 5233 :
555 5178 696 5235 Ecce
724 5179 906 5235 nescio
933 5179 1102 5250 loqui,
1131 5179 1258 5250 quia
1285 5193 1419 5249 puer
1451 5193 1550 5248 ego
1580 5195 1719 5234 sum.
1766 5181 1836 5236 Et

258 5290 276 5322 ι
323 5269 456 5326 dixit
483 5269 744 5327 Dominus
773 5271 841 5327 ad
863 5287 949 5326 me
969 5286 982 5325 :
1006 5270 1124 5326 Noli
1159 5271 1362 5336 dicere,
1379 5270 1505 5340 quia
1525 5284 1661 5341 puer
1687 5287 1830 5340 sum,

256 5381 277 5417 (
316 5364 568 5434 quoniam
597 5364 666 5420 ad
691 5365 870 5419 omnia
891 5380 1012 5436 quae
1033 5364 1246 5419 mittam
1275 5374 1325 5420 te
1345 5363 1470 5430 ibis,
1493 5371 1545 5418 et
1566 5363 1828 5421 universa

256 5474 276 5506 ι
320 5455 436 5526 (ιυώ
461 5455 792 5512 mandavero
824 5456 920 5511 tibi
961 5455 1218 5526 loqueris.
1274 5454 1351 5511 Ne
1379 5455 1572 5511 timeas
1604 5472 1636 5510 a
1693 5453 1834 5512 facie

257 5567 276 5602 ι
319 5551 667 5621 eorum,quia
697 5559 876 5606 tecum
906 5564 1003 5622 ego
1024 5565 1166 5616 sum,
1188 5557 1248 5606 ut
1271 5566 1460 5606 eruam
1487 5561 1538 5608 te
1569 5552 1701 5608 dicit
1721 5553 1829 5609 Do-

257 5659 278 5694 r
321 5641 516 5698 minus.
549 5642 619 5698 Et
637 5645 787 5700 misit
805 5643 1066 5699 Dominus
1082 5658 1301 5698 manum
1325 5652 1545 5698 suamet
1571 5645 1747 5716 tetigit
1765 5660 1829 5702 os

260 5753 279 5788 ι
320 5749 520 5803 meum,
545 5745 601 5792 et
620 5737 758 5793 dixit
782 5735 1044 5792 Dominus
1082 5735 1149 5790 ad
1174 5750 1258 5790 me
1286 5753 1298 5789 :
1347 5735 1489 5792 Ecce
1514 5735 1639 5792 dedi
1662 5736 1828 5792 verba

261 5846 280 5881 ι
319 5843 436 5884 mea
474 5829 530 5885 in
557 5845 652 5885 ore
681 5817 795 5896 tuo,
835 5844 964 5886 ecce
996 5827 1252 5884 constitui
1278 5835 1331 5884 te
1357 5842 1520 5899 super
1545 5834 1732 5900 gentes
1772 5833 1829 5883 et

262 5937 282 5974 ι
324 5934 483 5992 super
527 5936 714 5994 regna,
742 5929 805 5979 ut
851 5919 1050 5979 evellas
1077 5926 1133 5977 et
1156 5918 1407 5978 destruas
1444 5925 1501 5976 et
1524 5917 1828 5991 disperdas,

1972 637 1993 672 ι
2031 619 2395 691 omnipotens.
2435 641 2456 675 ι

2035 710 2355 785 Priusquam
2375 724 2425 769 te
2468 713 2754 784 formarem
2804 717 2862 771 in
2888 726 3037 774 utero
3066 719 3184 773 novi
3211 729 3280 785 te,
3327 731 3376 774 et
3404 728 3553 776 ante-

1961 823 2120 878 quam
2161 809 2331 862 exires
2359 808 2425 863 de
2455 809 2607 864 vulva
2637 811 2962 881 sanctiﬁcavi
2985 823 3055 882 te,
3091 827 3139 868 et
3169 816 3473 886 prophetam
3494 816 3551 871 in

1961 903 2199 974 gentibus
2234 903 2354 959 dedi
2381 914 2448 959 te.
2526 905 2644 961 Non
2671 907 2815 976 quod
2850 916 2978 964 ante
3013 911 3443 980 conceptionem,
3489 918 3551 965 ut

1960 994 2197 1052 haereses
2210 998 2575 1066 suspicantur,
2597 998 2762 1054 fuerit
2773 999 3096 1067 Hieremias,
3120 1003 3221 1057 sed
3236 1004 3547 1074 quodprm-

1960 1090 2146 1146 scierit
2164 1105 2288 1146 eum
2310 1090 2552 1147 futurum
2580 1093 2962 1160 Dominus,cui
2988 1095 3218 1149 necdum
3234 1095 3400 1161 facta,
3428 1095 3546 1164 jam

1957 1179 2105 1238 facta
2131 1195 2279 1250 sunt,
2331 1186 2630 1240 secundum
2661 1185 2792 1240 illud
2817 1185 2962 1256 quod
2976 1185 3268 1254 Apostolus
3287 1187 3546 1256 loquitur,

1955 1277 2047 1347 qui
2077 1286 2222 1330 vocat
2253 1293 2334 1340 ea,
2385 1293 2503 1347 qute
2529 1294 2634 1332 non
2681 1285 2851 1342 erant,
2907 1276 3061 1347 quasi
3113 1293 3175 1330 ea
3219 1293 3337 1347 qua:
3379 1286 3546 1332 essent

1958 1365 2131 1439 (Rom.
2151 1365 2248 1440 ιν).
2323 1367 2555 1434 Quidam
2579 1369 2724 1424 hunc
2757 1369 2936 1424 locum
2966 1381 3130 1438 super
3154 1367 3440 1423 salvatore
3466 1369 3550 1423 in-

1957 1461 2221 1534 telligunt,
2255 1464 2348 1534 qui
2378 1465 2598 1536 proprie
2636 1464 2902 1536 pr0pheta
2953 1472 3037 1518 est
3061 1462 3322 1536 gentium,
3369 1470 3424 1516 et
3450 1475 3550 1532 per

1956 1556 2230 1627 apostolos
2255 1558 2471 1612 vocavit
2518 1573 2709 1613 omnes
2751 1557 3019 1612 nationes.
3069 1556 3175 1612 Iste
3222 1556 3366 1611 enim
3417 1570 3550 1610 vere

1952 1649 2270 1718 priusquam
2299 1649 2355 1704 in
2367 1658 2525 1706 utero
2540 1649 2870 1704 formaretur
2891 1648 3161 1720 virginali,
3178 1656 3236 1703 et
3251 1656 3546 1718 antequam

1953 1745 2129 1800 exiret
2157 1745 2224 1800 de
2243 1744 2408 1799 vulva
2438 1744 2654 1811 matris,
2676 1743 3046 1799 sanctiﬁcatus
3074 1743 3129 1797 in
3157 1750 3313 1797 utero
3343 1748 3447 1808 est,
3485 1746 3544 1796 et

2371 1834 2574 1905 quippe
2595 1834 2689 1905 qui
2717 1848 2931 1904 semper
2958 1832 3014 1888 in
3041 1840 3217 1903 patre,
3271 1839 3327 1887 et
3353 1831 3408 1886 in
3437 1844 3546 1901 quo

2020 2021 2090 2076 Et
2119 2023 2275 2090 dixit,
2307 2023 2376 2077 ah
2393 2023 2461 2077 ah
2485 2023 2573 2088 alt,
2601 2022 2826 2078 Domine
2848 2021 3010 2087 Deus,
3034 2037 3150 2076 ecce
3176 2020 3349 2076 nescio
3378 2019 3542 2092 loqui,

1946 2114 2072 2184 quia
2107 2131 2239 2184 puer
2269 2131 2361 2185 ego
2393 2131 2529 2170 sum.
2575 2112 2704 2169 Noli
2725 2114 2919 2180 dicere,
2939 2115 3064 2184 quia
3095 2129 3225 2184 puer
3251 2129 3388 2177 sum,
3420 2128 3546 2183 quo-

1947 2207 2091 2260 niam
2121 2206 2190 2260 ad
2220 2208 2396 2261 omnia
2420 2223 2539 2279 qua:
2574 2207 2780 2262 mittam
2809 2215 2858 2260 te
2888 2206 3020 2273 ibis,
3060 2214 3109 2260 et
3143 2206 3386 2260 uniuersa
3425 2220 3544 2277 quia

1945 2298 2263 2352 mandavero
2295 2297 2386 2352 tibi
2415 2299 2665 2369 loqueris,
2683 2314 2746 2352 ne
2770 2298 2956 2352 timeas
2978 2314 3009 2351 α
3033 2296 3169 2366 facie
3194 2311 3395 2361 eorum,
3417 2294 3545 2366 quia

1946 2397 2116 2444 tecum
2139 2407 2230 2461 ego
2256 2408 2374 2445 sum
2397 2400 2454 2445 ut
2499 2407 2684 2446 eruam
2723 2399 2791 2458 te,
2825 2391 2954 2444 dicit
2980 2390 3262 2445 Dominus.
3317 2389 3543 2455 Quando

1947 2489 2126 2536 autem
2147 2483 2297 2537 venit
2323 2483 2378 2537 in
2400 2497 2602 2553 corpus
2624 2483 2946 2547 humanum,
2995 2482 3128 2536 dicit
3184 2482 3240 2535 in
3265 2481 3488 2535 exordio
3523 2497 3538 2534 :

1944 2574 2129 2630 nescio
2150 2574 2322 2646 loqui,
2353 2576 2480 2646 quia
2511 2574 2727 2644 juvenis
2753 2591 2852 2646 ego
2874 2589 2994 2629 sum
3025 2591 3039 2627 :
3078 2574 3292 2644 juvenis
3321 2579 3542 2642 propter

1943 2665 2420 2736 dispensationem,
2469 2681 2637 2720 senex
2673 2666 2830 2736 juxta
2861 2665 2965 2720 hoc
3004 2664 3149 2734 quod
3205 2662 3540 2734 primogeni-

1939 2768 2026 2814 tus
2061 2759 2238 2814 omnis
2257 2768 2541 2814 creaturae.
2572 2757 2959 2828 Juvenis,quia
2987 2757 3042 2811 in
3066 2754 3539 2811 consummatione

1823 2868 1834 2890 ι
1931 2855 2104 2910 etiam
2126 2853 2308 2910 saeculi
2336 2861 2392 2912 et
2414 2853 2470 2908 in
2499 2860 2804 2908 extremum
2843 2848 3004 2920 hujus
3036 2849 3160 2904 vitae
3207 2859 3418 2918 tempus
3441 2847 3540 2902 ad-

1939 2947 2112 3014 venit,
2135 2946 2269 3001 dicit
2297 2947 2502 3016 itaque,
2535 2945 2723 3000 nescio
2749 2943 2914 3014 loqui.
2967 2939 3093 2996 Scio
3120 2940 3264 2996 enim
3290 2937 3536 3010 quaedam

1936 3036 2147 3121 majora
2180 3038 2350 3108 loqui,
2395 3037 2508 3092 scio
2551 3035 2828 3105 eloquium
2877 3045 3063 3099 tuum,
3119 3031 3345 3087 verbum
3383 3038 3536 3085 tuum

1939 3147 2079 3186 sum.
2132 3131 2253 3188 Tibi
2297 3132 2410 3188 scio
2434 3131 2607 3202 loqui,
2637 3129 2950 3186 hominibus
2977 3128 3160 3184 nescio
3189 3127 3360 3198 loqui,
3383 3126 3537 3198 juve-

1940 3226 2028 3282 nis
2059 3242 2204 3282 sum.

2008 3318 2078 3372 Et
2105 3320 2246 3373 misit
2268 3315 2532 3372 Dominus
2562 3333 2776 3372 manum
2806 3332 2981 3380 suam,
3012 3323 3060 3368 et
3087 3313 3252 3384 tetigit
3277 3329 3333 3368 os
3362 3326 3536 3367 meum

1935 3418 1984 3466 et
2014 3410 2150 3464 dixit
2164 3409 2446 3474 Dominus,
2473 3417 2578 3464 etc.
2614 3407 2879 3462 Sermone
2899 3405 2994 3460 Dei
3026 3403 3347 3459 suﬁ‘odietur
3373 3410 3538 3470 atque
3573 3466 3577 3470 ι

1937 3509 2249 3564 destruetur
2292 3507 2417 3574 illa,
2467 3522 2631 3577 quam
2661 3512 2946 3561 consumet
2983 3500 3142 3558 Iesus
3179 3499 3376 3570 spiritu
3423 3497 3538 3553 oris

1935 3602 2041 3668 sui,
2074 3610 2128 3656 et
2153 3601 2395 3657 destruet
2421 3600 2655 3655 adventu
2686 3596 2990 3669 praesentia:
3025 3609 3135 3650 suae
3159 3591 3248 3666 (II
3273 3591 3426 3645 Thes.
3445 3589 3531 3661 ιι),

1934 3709 2153 3750 omnem
2175 3693 2382 3749 scilicet
2402 3693 2726 3763 sacrilegam
2755 3701 3177 3761 perversamque
3228 3682 3532 3740 doctrinam

1936 3788 2214 3858 disperdet
2275 3787 2330 3842 in
2377 3793 2717 3857 perpetuum.
2765 3782 2937 3838 Porro
2985 3796 3050 3836 ea
3091 3793 3212 3849 quae
3250 3775 3534 3832 elevantur

1935 3888 2119 3937 contra
2159 3881 2448 3937 scientiam
2487 3879 2604 3944 Dei,
2647 3887 2702 3933 et
2736 3877 2791 3932 in
2818 3891 2914 3931 sua
2935 3870 3524 3942 conﬁduntsapientia,

1934 3989 2054 4044 qua:
2081 3973 2222 4045 apud
2243 3974 2412 4029 Deum
2458 3971 2687 4028 stultitia
2719 3977 2821 4036 est,
2861 3967 3148 4039 dissipabit
3173 3973 3335 4034 atque
3362 3964 3532 4033 depo-

1933 4075 2045 4133 net,
2073 4076 2134 4122 ut
2163 4065 2500 4121 aediﬁcentur
2519 4079 2618 4135 pro
2639 4064 2725 4118 his
2743 4062 2961 4125 similia,
2977 4067 3032 4116 et
3062 4060 3114 4114 in
3137 4059 3256 4114 loco
3287 4055 3533 4126 superio-
3557 4076 3566 4084 ·

1934 4175 2058 4215 rum
2085 4173 2205 4230 qua:
2258 4159 2535 4214 destructa
2567 4164 2712 4221 sunt,
2746 4163 2800 4209 et
2846 4153 3031 4209 evulsa
3057 4157 3413 4206 exstruantur
3447 4155 3532 4203 at-

1934 4268 2038 4323 que
2066 4251 2400 4322 plantentur,
2447 4263 2567 4318 qua:
2611 4245 3012 4302 Ecclesiasticas
3037 4237 3532 4297 conveniuntveri-

1936 4345 2055 4408 tati,
2104 4352 2158 4399 et
2219 4341 2508 4413 impleatur
2538 4339 2669 4396 illud
2705 4339 2850 4410 quod
2901 4337 3034 4392 dicit
3051 4333 3378 4406 Apostolus:
3427 4331 3530 4387 Dei

1934 4436 2237 4506 wdiﬁcatio,
2282 4433 2380 4488 Dei
2405 4430 2735 4504 agricultura
2779 4429 2901 4484 estis
2958 4425 3011 4500 (Ι
3040 4423 3163 4481 Cor.
3202 4426 3307 4498 ιιι).
3373 4421 3529 4479 Multi

1934 4528 2079 4582 hunc
2118 4526 2299 4580 locum
2321 4538 2485 4594 super
2505 4536 2734 4594 persona
2765 4517 2968 4575 Christi
2991 4515 3323 4585 intelligunt.
3373 4521 3528 4573 mm

1855 4638 1911 4698 D
1937 4618 2084 4673 enim
2123 4617 2510 4687 interpretatur
2563 4609 2814 4666 excelsus
2857 4607 3090 4672 Domini,
3137 4605 3229 4676 qui
3259 4601 3529 4698 destruxit

1935 4725 2099 4780 regna
2129 4706 2352 4770 diaboli,
2385 4719 2506 4775 qua:
2521 4703 2623 4758 sibi
2650 4702 2707 4756 in
2733 4698 2952 4755 excelso
2976 4705 3163 4753 monte
3188 4694 3523 4760 ostenderat,

1934 4800 2278 4858 adversarias
2307 4797 2540 4869 perdidit
2559 4802 2879 4866 potestates,
2897 4791 3084 4847 delens
3104 4789 3526 4878 chirographum

1932 4909 2184 4950 errorum
2225 4893 2280 4947 in
2329 4886 2514 4958 cruce,
2551 4888 2618 4943 de
2650 4886 2847 4957 quibus
2873 4884 3006 4940 etin
3045 4881 3261 4938 Psalmo
3281 4876 3408 4950 post
3433 4876 3523 4933 hi-

1933 4987 2117 5044 storia:
2143 4984 2432 5040 veritatem
2456 4986 2713 5058 τροπικῶς
2750 4977 2989 5048 loquitur
3020 4993 3034 5030 :
3081 4973 3260 5040 Quare
3301 4971 3526 5043 fremue-

1935 5089 2057 5138 runt
2072 5090 2266 5153 gentes,
2313 5087 2360 5132 et
2386 5074 2570 5149 papuli
2619 5073 2858 5129 meditati
2885 5082 3008 5128 sunt
3051 5069 3280 5126 inania?
3332 5066 3524 5122 Astite-

1935 5182 2058 5227 runt
2082 5187 2224 5242 reges
2257 5181 2411 5224 terra:
2467 5175 2516 5221 et
2544 5166 2804 5238 principes
2851 5169 3202 5218 convenerunt
3253 5160 3309 5212 in
3357 5171 3523 5211 unum

1934 5264 2115 5338 (Psal.
2139 5264 2249 5335 n)?
2294 5261 2401 5318 Pro
2419 5260 2506 5316 his
2535 5259 2758 5325 evulsis,
2787 5257 3097 5348 destructis,
3127 5251 3352 5325 perditis
3385 5257 3439 5304 et
3465 5246 3522 5305 in

1933 5356 2193 5414 inferiora
2231 5355 2514 5420 detractis,
2567 5351 2873 5408 aadiﬁcatur
2905 5344 3146 5406 Ecclesia
3170 5344 3287 5399 Dei.

2339 5459 2680 5502 EVANGELIUII
2709 5459 2883 5510 LUCE,
2919 5457 3036 5496 CAP.
3069 5455 3109 5494 1.

2011 5562 2031 5597 ι
2075 5542 2202 5599 Fuit
2249 5543 2306 5597 in
2337 5542 2525 5598 diebus
2574 5539 2804 5596 Herodis
2847 5537 2991 5608 regis
3025 5534 3226 5590 Judzea:
3266 5533 3520 5590 sacerdos

1939 5655 1959 5692 ι
2004 5636 2225 5707 quidam
2245 5636 2461 5691 nomine
2487 5631 2798 5698 Zacharias,
2857 5629 2924 5686 de
2943 5629 3064 5685 vice
3086 5627 3247 5694 Abia,
3292 5635 3346 5682 et
3383 5641 3522 5682 uxor

1939 5747 1960 5781 ι
2003 5727 2082 5784 illi
2125 5725 2193 5783 de
2239 5726 2452 5782 ﬁliabus
2495 5724 2699 5789 Aaron,
2747 5729 2804 5777 et
2854 5736 3051 5778 nomen
3093 5718 3211 5790 ejus
3255 5719 3516 5775 Elizabet.

1940 5841 1960 5875 ι
2003 5823 2174 5878 Erant
2194 5829 2376 5877 autem
2396 5819 2529 5890 justi
2558 5816 2718 5872 ambo
2745 5824 2872 5872 ante
2898 5815 3088 5883 Deum,
3125 5814 3440 5871 incedentes
3462 5810 3520 5866 in

1940 5934 1962 5970 ‹
2004 5914 2259 5974 omnibus
2281 5910 2553 5970 mandatis
2571 5917 2628 5968 et
2645 5907 3126 5984 justiﬁcationibus
3150 5907 3366 5967 Domini
3396 5905 3518 5962 sine
