4026 6454
570 390 679 448 '579

1833 373 2191 437 SMARAGBI
2222 371 2517 434 ABBATIS

3727 374 3834 429 380

579 522 601 558 ι
645 500 886 576 querela,
916 510 972 555 et
1000 508 1105 555 non
1130 503 1249 553 erat
1276 495 1388 553 illis
1409 495 1570 563 illius,
1591 506 1659 551 eo
1678 493 1823 566 quod
1849 500 1997 549 esset
2023 492 2141 547 Elia
2167 495 2224 558 Α
2244 497 2299 546 et
2333 492 2389 546 in
2414 494 2753 552 conscientia
2771 498 3136 551 nostrsvanae
3167 487 3354 561 gloria:
3393 487 3579 547 sordes
3613 492 3833 562 spargi-

578 616 598 651 ι
643 596 802 653 zabet
852 593 1070 659 sterilis,
1125 597 1181 647 et
1223 588 1384 644 ambo
1429 587 1825 659 processissent
1872 586 1930 643 in
1957 585 2147 642 diebus
2247 597 2386 647 mus,
2411 591 2471 638 ut
2491 583 2800 643 hominibus
2828 582 3154 654 placeamus,
3176 597 3287 639 non
3315 580 3443 638 illud
3463 580 3671 652 absque
3699 598 3832 654 que-

581 704 600 742 t
646 690 780 747 suis.
798 687 1023 743 Factum
1045 688 1130 738 est
1152 689 1334 736 autem
1355 686 1482 735 cum
1505 677 1813 734 sacerdotio
1834 676 2150 749 fungeretur

576 796 596 834 t
642 779 931 837 Zacharias
959 776 1014 831 in
1037 774 1230 830 ordine
1275 771 1409 828 vicis
1432 784 1544 826 sum
1562 776 1691 824 ante
1709 768 1902 834 Deum,
1955 783 2149 825 secun-

575 887 597 926 ι
643 874 766 930 dum
791 868 1238 927 consuetudinem
1278 862 1571 922 sacerdotii
1602 871 1750 920 sorte
1773 863 1929 929 exiit,
1967 870 2027 917 ut
2069 861 2149 917 in-

571 980 593 1019 t
638 978 856 1021 censum
886 963 1203 1033 imponeret,
1250 959 1531 1029 ingressus
1557 956 1613 1010 in
1627 955 1888 1027 templum
1907 953 2145 1020 Domini,

571 1070 593 1109 t
628 1065 683 1113 et
707 1056 884 1112 omnis
910 1053 1197 1109 multitudo
1243 1049 1424 1122 populi
1459 1056 1579 1103 erat
1606 1062 1770 1103 orans
1812 1045 1969 1112 foris,
2012 1044 2148 1100 hora

568 1164 589 1201 s
632 1147 859 1203 incensi.
900 1142 1165 1215 Apparuit
1190 1148 1370 1197 autem
1399 1139 1475 1195 illi
1501 1140 1725 1211 angelus
1741 1137 1974 1200 Domini,
1996 1145 2147 1193 stans

569 1252 590 1293 α
634 1254 666 1295 a
700 1239 905 1295 dextris
937 1237 1124 1292 altaris
1164 1235 1394 1291 incensi.
1450 1234 1518 1288 Et
1556 1232 1855 1288 Zacharias
1896 1231 2145 1289 turbatus

567 1346 589 1386 t
633 1340 719 1389 est
745 1330 960 1397 videns,
1016 1329 1255 1385 et-timor
1284 1328 1630 1398 irruitsuper
1664 1341 1810 1381 eum.
1849 1324 1940 1379 Ait
1960 1334 2145 1381 autem

486 1484 491 1495 η
566 1439 587 1477 ι
632 1423 700 1478 ad
723 1423 874 1477 illum
899 1420 1160 1493 angelus:
1211 1418 1289 1475 Ne
1324 1420 1536 1484 timeas,
1573 1418 1856 1485 Zacharia,
1886 1419 2143 1488 quoniam

568 1534 589 1569 α
628 1515 878 1573 exaudita
908 1522 993 1571 est
1020 1514 1330 1585 deprecatio
1367 1522 1480 1579 tua,
1514 1519 1570 1567 et
1600 1528 1738 1567 uxor
1769 1520 1859 1567 tua
1902 1512 2146 1569 Eliaabct

496 1620 499 1623 '
566 1628 587 1666 α
628 1613 804 1685 pariet
826 1611 927 1668 tibi
950 1610 1139 1676 ﬁlium,
1163 1618 1218 1667 et
1240 1610 1459 1666 vocabis
1486 1622 1682 1664 nomen
1713 1608 1832 1679 ejus
1852 1607 2138 1666 Joannem.

565 1720 584 1761 t
631 1707 699 1762 Et
726 1704 832 1762 erit
858 1705 953 1761 tibi
974 1705 1227 1776 gaudium
1254 1710 1309 1760 et
1326 1702 1639 1768 exsultatio,
1666 1710 1723 1759 et
1745 1702 1899 1756 multi
1924 1703 1978 1757 in
2003 1701 2143 1756 nati-

564 1808 583 1850 t
627 1798 799 1853 vitate
819 1796 935 1867 ejus
958 1794 1284 1866 gaudebunt.
1335 1793 1455 1849 Erit
1501 1793 1645 1848 enim
1685 1808 1913 1862 magnus
1956 1807 2139 1847 coram

2247 678 2357 733 rela
2394 676 2647 733 facimus.

2316 767 2541 824 Factum
2568 780 2643 824 est
2681 776 2858 824 autem
2879 784 3000 824 cum
3031 767 3326 824 sacerdotio
3374 767 3686 839 fungeretur
3730 767 3831 831 Za-

2244 862 2479 928 charias,
2501 870 2606 919 etc.
2636 860 2736 928 Qui
2770 862 2914 915 enim
2937 869 3083 917 sorte
3106 860 3345 933 eligitur,
3369 862 3607 918 humano
3621 861 3830 931 judicio

2244 971 2354 1011 non
2377 956 2868 1026 comprehenditur,
2896 956 2984 1011 ille
3021 957 3186 1026 igitur
3229 958 3571 1027 quaerebatur
3594 998 3611 1022 ,
3667 974 3828 1029 quem

2246 1048 2350 1107 iste
2383 1047 2672 1118 ﬁgurabat,
2710 1063 2873 1103 verus
2902 1049 2956 1103 in
2978 1058 3239 1104 aeternum
3266 1051 3538 1115 sacerdos,
3576 1049 3671 1107 cui
3692 1050 3827 1107 dici-

2245 1148 2336 1197 tur
2362 1159 2375 1195 :
2420 1139 2495 1194 Tu
2517 1156 2571 1195 es
2593 1141 2838 1195 sacerdos
2864 1140 2918 1193 in
2947 1151 3198 1194 wternum
3230 1136 3404 1211 (Paul.
3430 1138 3543 1213 cx),
3597 1141 3696 1211 qui
3725 1155 3827 1201 non

2243 1231 2543 1288 hostiarum
2562 1246 2774 1298 cruore,
2800 1233 2893 1288 sed
2928 1232 3169 1303 proprio,
3196 1231 3411 1287 Patrem
3442 1220 3617 1291 Deum
3640 1235 3827 1304 generi

2245 1326 2618 1381 reconciliaret
2646 1324 2905 1379 humano.
2948 1323 3053 1379 Sed
3078 1332 3204 1379 tunc
3226 1323 3448 1392 sanguis
3474 1323 3824 1391 fundebatur,

2242 1418 2299 1473 in
2339 1418 2517 1488 specie
2564 1418 2818 1471 sacerdos
2859 1417 3231 1473 ordinabatur.
3281 1414 3435 1470 Nunc
3469 1417 3595 1487 quia
3626 1418 3826 1476 veritas

2243 1508 2408 1572 venit,
2442 1508 2808 1577 relinquamus
2829 1507 3083 1577 speciem,
3121 1516 3175 1561 et
3197 1507 3481 1562 veritatem
3510 1522 3823 1578 sequamur.

2246 1597 2397 1653 Tunc
2423 1599 2639 1670 quidem
2670 1599 2817 1654 vices
2853 1606 3030 1664 erant,
3063 1613 3206 1654 nunc
3231 1608 3413 1653 autem
3435 1606 3519 1653 est
3555 1601 3825 1669 perpetui-

2242 1699 2343 1747 tas.
2362 1690 2531 1758 Quem
2558 1691 2722 1746 alium
2744 1689 3387 1763 signiﬁcabatZacbarias
3419 1690 3705 1754 sacerdos,

2242 1798 2364 1839 eum
2387 1784 2740 1849 sacerdotem,
2762 1786 2849 1839 cui
2879 1783 3203 1839 sacriﬁcium
3230 1799 3337 1838 non
3365 1792 3509 1839 esset
3527 1798 3824 1838 commune

563 1906 581 1939 ε
627 1888 874 1952 Domino,
904 1895 959 1942 et
989 1887 1174 1941 vinum
1199 1892 1254 1939 et
1305 1884 1538 1940 siceram
1565 1898 1673 1938 non
1702 1883 1873 1949 bibet,
1927 1889 1982 1937 et
2023 1880 2142 1952 Spi-
2166 1869 2215 1934 Β
2242 1891 2364 1930 cum
2404 1876 2640 1942 caeteris,
2670 1877 2762 1947 qui
2787 1892 2894 1931 non
2916 1877 2971 1931 in
2996 1891 3155 1930 manu
3188 1875 3346 1933 factis
3374 1875 3590 1946 templis
3623 1874 3827 1930 sacriﬁ-

562 1994 583 2032 ο
627 1980 737 2035 ritu
795 1986 983 2036 sancto
1031 1976 1368 2049 replebitur,
1413 1976 1590 2031 adhuc
1637 1990 1706 2030 ex
1748 1983 1904 2031 utero
1947 1975 2139 2030 matris
2244 1974 2502 2038 caretpro
2524 1968 2885 2035 nobis,sediu
2911 1968 2996 2024 sui
3017 1968 3260 2038 corporis
3283 1965 3481 2041 templo
3502 1979 3824 2043 uostrapec-

561 2078 582 2123 t
626 2078 760 2137 suae,
790 2077 846 2127 et
873 2070 1071 2125 multos
1119 2069 1355 2125 ﬁliorum
1403 2066 1571 2122 Israel
1619 2073 1901 2121 convertet
1933 2067 2001 2121 ad
2035 2065 2141 2122 Do-
2240 2067 2360 2113 cata
2398 2067 2674 2115 vacuaret.

559 2174 580 2214 t
624 2162 832 2217 minum
862 2160 1035 2217 Deum
1064 2161 1326 2231 ipsorum.
1370 2157 1441 2213 Et
1480 2158 1596 2228 ipse
1622 2156 1891 2228 prmcedet
1920 2165 2047 2213 ante
2071 2155 2138 2211 il—

562 2270 581 2306 ι
626 2253 737 2308 ium
787 2255 842 2309 in
868 2254 1061 2325 spiritu
1104 2262 1160 2310 et
1192 2254 1392 2309 virtute
1436 2252 1586 2316 Elim,
1618 2260 1680 2306 ut
1707 2257 1989 2307 convertat
2012 2265 2139 2305 cor-

559 2359 579 2398 t
622 2347 688 2402 da
728 2356 943 2416 patrum
989 2347 1044 2402 in
1094 2346 1234 2401 ﬁlios
1261 2385 1276 2411 ,
1306 2353 1384 2401 ret
1429 2343 1735 2400 incredulos
1792 2341 1861 2399 ad
1903 2341 2139 2413 pruden-

560 2454 580 2488 t
626 2437 758 2492 tiam
788 2436 1059 2509 iustorum
1087 2477 1101 2504 ,
1163 2450 1361 2508 parare
1397 2435 1627 2492 Domino
1684 2434 1896 2506 plebem
1954 2431 2136 2504 perfe-

559 2546 577 2581 ι
626 2537 790 2584 ctam.
838 2545 860 2581 ι

625 2617 753 2673 Fuit
774 2618 833 2673 tu
859 2618 1041 2674 diebus
1063 2617 1291 2673 Herodis
1339 2618 1472 2689 regis
1500 2615 1708 2673 Judww
1750 2615 1995 2671 sacerdos
2043 2631 2138 2672 uo-

548 2712 689 2766 mine
714 2710 1026 2765 Zacharias.
1056 2710 1157 2781 (Ex
1186 2708 1374 2779 Beda.)
1405 2708 1763 2764 Saurosancta
1787 2708 2138 2777 praecursoria

552 2796 767 2858 Domini
790 2801 1045 2857 nobilitas
1074 2816 1182 2859 non
1207 2800 1382 2856 solum
1402 2816 1434 2855 a
1462 2799 1802 2871 parentibus,
1841 2799 1937 2855 sed
1959 2814 1990 2853 a
2010 2814 2136 2869 pro-

554 2890 888 2963 genitoribus
928 2889 1167 2963 gloriosa
1204 2890 1507 2956 descendit,
1557 2898 1823 2960 quatenus
1875 2890 2135 2947 adventus

549 2983 696 3040 illius
722 2983 907 3051 ﬁdem,
928 2998 1037 3039 non
1061 2984 1238 3039 subita
1269 2983 1627 3053 inspiratione
1650 2991 1992 3054 conceptam,
2043 2998 2136 3039 ve-

552 3090 676 3133 rum
688 3078 833 3135 avita
845 3078 1018 3151 magis
1037 3076 1423 3151 propagatione
1437 3085 1743 3148 snsceptam
1766 3077 1991 3136 liberius
2001 3093 2134 3149 prai-

555 3170 783 3226 dicaret.

2310 2152 2601 2211 Sorteexit't
2630 2164 2686 2210 ut
2714 2157 2982 2211 incensum
3009 2164 3246 2227 poneret,
3274 2162 3380 2211 etc.
3421 2152 3716 2217 lucentium
3745 2171 3828 2210 an-

2236 2254 2347 2302 tem
2386 2247 2442 2301 in
2488 2257 2679 2303 sancta
2701 2256 3011 2304 sanctorum
3045 2262 3077 2302 a
3108 2247 3360 2317 pontiﬁce
3382 2245 3605 2313 deferri,
3642 2261 3826 2319 exspe-

2236 2348 2419 2397 Ctantc
2444 2340 2575 2399 foris
2598 2340 2855 2411 templum
2872 2341 3018 2396 omni
3041 2339 3261 2411 p0pulo,
3277 2339 3487 2397 decima
3508 2338 3597 2394 die
3612 2334 3824 2409 septimi

2236 2436 2439 2492 mensis
2486 2443 2571 2490 est
2602 2433 2836 2505 jussum.
2890 2435 2958 2489 Et
2980 2435 3121 2493 hanc
3152 2434 3295 2490 diem
3328 2433 3688 2504 expiationis,
3726 2431 3823 2487 sive

2234 2525 2633 2599 propitiationis
2667 2525 2874 2591 vocari,
2902 2541 3023 2596 quae
3045 2525 3189 2596 apud
3214 2540 3314 2581 nos
3336 2524 3407 2579 ob
3438 2524 3657 2587 varium
3691 2516 3821 2585 luna

2236 2618 2564 2685 discursum,
2587 2632 2617 2672 a
2644 2632 2749 2686 qua
2772 2632 2987 2676 menses
3026 2623 3343 2688 computant
3375 2615 3612 2680 Hebraei,
3674 2610 3823 2670 modo

2234 2710 2293 2768 in
2319 2707 2623 2781 Septembri
2671 2722 2878 2775 mense,
2917 2707 3078 2767 modo
3115 2707 3305 2779 incipit
3350 2707 3406 2769 in
3433 2703 3685 2777 Octobri,
3710 2698 3823 2781 quia

2235 2800 2445 2858 scilicet
2489 2799 2712 2864 mensis,
2769 2814 2876 2868 quo
2922 2798 3131 2854 Pascha
3172 2800 3407 2870 geritur,
3463 2792 3594 2863 anni
3621 2795 3821 2871 princi-

2234 2895 2386 2967 pium
2422 2901 2589 2961 tcnet,
2636 2891 2851 2949 dicente
2890 2892 3157 2951 Domino:
3192 2892 3391 2951 Mensis
3421 2892 3520 2947 iste
3545 2886 3699 2947 vobis
3734 2886 3825 2963 ρτίο

2235 3004 2351 3044 mus
2373 2987 2470 3043 erit
2496 2985 2551 3043 in
2578 2984 2836 3041 mensibus
2876 2985 3023 3039 anni.
3056 2984 3275 3041 Decima
3322 2984 3409 3039 die
3436 2980 3643 3041 mensis
3674 2980 3824 3052 hujus

2235 3084 2390 3145 tollat
2415 3082 2784 3152 unusquisque
2834 3095 3059 3152 agnum,
3114 3088 3221 3137 etc.
3256 3078 3427 3151 Hujus
3469 3077 3580 3137 diei
3633 3084 3823 3149 myste-

2235 3178 2377 3234 rium
2403 3175 2644 3248 implevit
2664 3189 2825 3231 verus
2846 3173 3088 3246 pontifex
3115 3174 3295 3241 Jesus,
3319 3168 3537 3247 quando
3558 3173 3821 3244 conspicis

621 3266 701 3322 De
720 3268 826 3324 uice
855 3265 1008 3322 Abiu.
1062 3265 1266 3339 Viginti
1290 3273 1527 3336 quatuor
1553 3266 1620 3324 de
1653 3264 2025 3323 sacerdotibus
2044 3280 2135 3321 or-

2243 3270 2638 3342 dispensatione
2671 3269 2851 3325 carnis
2881 3269 2935 3324 in
2988 3269 3248 3340 sanguine
3296 3269 3538 3342 proprio,
3593 3268 3723 3327 coeli
3753 3283 3824 3326 se-

551 3361 704 3417 dine's
742 3359 798 3415 in
830 3359 1133 3415 ministerio
1159 3359 1351 3414 domus
1376 3358 1591 3415 Domini
1622 3365 1769 3414 sorte
1789 3373 1821 3412 a
1845 3355 2135 3414 Salomone

550 3458 679 3507 sunt
703 3450 881 3517 divisi,
921 3450 977 3505 in
1024 3451 1221 3521 quibus
1260 3448 1396 3507 Abiu
1426 3448 1663 3518 familiae,
1696 3449 1763 3505 de
1803 3464 1910 3520 qua
1929 3448 2134 3505 Zacha-

549 3546 662 3601 rias
684 3542 838 3599 ‘ortus
866 3554 967 3610 est,
997 3560 1118 3600 sors
1138 3544 1364 3615 contigit
1388 3551 1600 3601 octava.
1659 3542 1775 3598 Non
1797 3542 1999 3599 frustra
2023 3542 2134 3615 pri-

549 3644 673 3690 mus
714 3633 847 3690 Novi
886 3634 1217 3691 Testamenti
1263 3649 1442 3704 praeco
1490 3635 1546 3689 in
1578 3643 1772 3688 octava
1818 3633 1980 3689 sortis
2016 3632 2134 3690 vice

549 3727 813 3793 nascitur,
840 3728 965 3797 quia
995 3727 1140 3781 sicut
1164 3726 1471 3795 septenario
1490 3740 1630 3797 saepe
1658 3740 1881 3780 numero
1912 3731 2133 3796 propter

552 3818 836 3875 sabbatum
860 3819 1028 3875 Vetus
1055 3818 1484 3882 Testamentum,
1510 3818 1589 3872 sic
1612 3815 1819 3871 Novum
1845 3816 2134 3889 aliquoties

553 3913 1067 3983 octonarioproptcr
1086 3916 1489 3967 sacramentum
1509 3908 1924 3967 resurrectionis
1953 3907 2133 3978 expri-

553 4007 749 4073 mitur;
780 4006 923 4060 unde
948 4005 1076 4075 qula
1105 4017 1214 4060 non
1241 4003 1400 4059 aliter
1418 4017 1585 4072 quam
1600 4016 1698 4071 per
1725 4000 2130 4057 observantiam

550 4100 835 4171 utriusque
861 4098 1173 4155 testamenti
1196 4096 1348 4167 regni
1378 4095 1615 4150 cazlestis
1642 4093 1764 4149 aula
1792 4100 2130 4165 penetratur,

548 4198 698 4251 recte
719 4201 775 4250 et
816 4193 873 4249 in
908 4192 1108 4265 templo
1153 4190 1460 4248 Salomonis
1520 4189 1780 4262 mysticus
1827 4186 2133 4258 quindecim

550 4287 817 4357 graduum
843 4300 1103 4342 ascensus
1129 4284 1293 4340 fuisse
1309 4292 1582 4339 narratur.

624 4376 693 4431 Et
723 4392 858 4433 umor
881 4379 997 4448 ejus
1016 4376 1083 4432 de
1102 4378 1312 4446 ﬁliabus
1340 4377 1541 4433 Aaron.
1572 4376 1735 4437 Plena
1762 4376 1927 4447 igitur
1947 4374 2135 4433 lauda-

552 4468 648 4534 tio,
670 4485 777 4539 qua
786 4484 976 4541 genus,
992 4484 1193 4535 mores,
1207 4468 1463 4533 cilicium,
1482 4467 1974 4536 factum,judicium
1987 4482 2135 4524 com-

549 4560 857 4629 prehendit.
917 4560 1100 4616 Genus
1124 4561 1177 4614 in
1204 4558 1523 4629 majoribus,
1560 4575 1740 4614 mores
1768 4561 1823 4614 in
1852 4560 2131 4629 mquitate,

2157 4606 2211 4673 D

2235 3373 2385 3421 creta
2416 3364 2609 3429 subiit,
2648 3370 2711 3419 ut
2735 3362 3030 3433 prepitium
3078 3362 3235 3419 nobis
3263 3359 3472 3417 faceret
3506 3370 3753 3457 patrem,
3775 3368 3825 3417 et

2234 3456 2607 3527 interpellaret
2648 3470 2750 3526 pro
2801 3454 3043 3525 peccatis
3082 3469 3271 3513 eorum
3299 3492 3315 3521 ,
3358 3452 3451 3525 qui
3496 3452 3823 3524 adhuc'pt‘t

2231 3550 2444 3612 foribus
2498 3557 2719 3605 orantes
2772 3554 3093 3620 exspectant
3142 3554 3200 3603 et
3254 3545 3484 3623 diligunt
3531 3545 3820 3605 adventum

2232 3640 2372 3710 ejus.

2306 3731 2565 3802 Apparuit
2591 3740 2767 3785 autem
2793 3728 2885 3801 illi.
2909 3728 3125 3801 angelus
3151 3727 3384 3793 Domini,
3431 3737 3540 3785 etc.
3574 3721 3698 3785 Non
3726 3727 3820 3785 im-

2232 3826 2430 3883 merito
2451 3825 2672 3896 angelus
2706 3824 2920 3880 videtur
2947 3824 3002 3879 in
3038 3822 3260 3895 templo,
3302 3821 3430 3893 quia
3474 3821 3595 3877 veri
3645 3835 3819 3879 sacer-

2234 3917 2377 3974 dotis
2414 3894 2545 3987 jam—
2566 3894 2920 3972 ntintiabatur
2953 3894 3247 3980 adventus,
3285 3920 3339 3973 et
3374 3910 3603 3968 cmleste
3657 3909 3820 3966 sacri-

2232 4009 2417 4065 ﬁcium
2444 4008 2758 4079 parabatur,
2787 4008 2842 4063 in
2866 4023 2972 4078 quo
2986 4007 3161 4078 angeli
3193 4006 3581 4061 ministrarent.
3602 4000 3818 4063 Utinam

2233 4110 2289 4159 et
2341 4102 2495 4160 nobis
2527 4117 2560 4156 a
2594 4101 2900 4158 dolentibus
2948 4100 3032 4157 vel
3067 4099 3392 4155 sacriﬁcium
3451 4097 3819 4153 deferentibus

2231 4194 2451 4249 assistat
2483 4193 2728 4266 angelus.
2797 4192 2916 4247 Non
2958 4191 3103 4247 enim
3154 4190 3366 4247 dubites
3424 4191 3686 4246 assistere
3728 4206 3817 4246 au-

2231 4285 2431 4358 gelum,
2471 4286 2687 4356 quando
2737 4283 2987 4345 Christus
3053 4284 3276 4340 assistit.
3335 4281 3585 4338 Christus
3628 4283 3816 4339 immo-

2232 4376 2399 4446 latur,
2436 4378 2638 4436 etenim
2670 4377 2869 4450 pascha
2912 4384 3150 4432 nostrum
3199 4374 3502 4431 immolatus
3552 4386 3632 4430 est
3664 4372 3815 4429 Clari-

2234 4480 2365 4527 stus.
2688 4542 2699 4551 ν

2307 4564 2416 4637 (Em
2444 4563 2632 4641 Beda.)
2675 4563 2821 4619 Bene
2868 4562 3089 4634 angelus
3129 4569 3186 4617 et
3226 4562 3282 4616 in
3312 4561 3514 4631 templo
3565 4569 3620 4617 et
3658 4553 3815 4631 juxta

548 4647 783 4707 cilicium
806 4651 865 4705 in
892 4651 1217 4717 sacerdotio,
1245 4649 1447 4705 factum
1469 4650 1526 4706 in
1552 4651 1827 4718 mandato,
1858 4651 1913 4707 in
1932 4649 2133 4720 justiﬁ-
2164 4647 2210 4673 ν
2236 4656 2409 4711 altare
2432 4664 2489 4712 et
2512 4672 2543 4711 a
2584 4655 2791 4711 dextris
2821 4662 3067 4725 apparet,
3103 4654 3231 4723 quia
3278 4653 3567 4718 videlicet,
3596 4663 3657 4709 et
3705 4650 3815 4709 veri

551 4740 767 4796 catione
778 4740 1064 4813 judicium.

621 4832 793 4888 Erant
827 4842 1003 4889 autent
1024 4834 1161 4905 justi
1189 4834 1341 4889 ambo
1369 4842 1489 4889 ante
1522 4833 1712 4889 Deum.
1740 4834 1940 4891 Beatus
1958 4834 2049 4904 qui
2074 4834 2130 4890 in

550 4934 844 4997 conspectu
873 4926 973 4983 Diti
999 4926 1176 4996 justus
1197 4934 1301 4992 est,
1351 4935 1513 4997 atque
1552 4926 1856 4983 laudabilis.
1936 4927 2131 4982 Erenit

548 5022 769 5093 quippe,
796 5028 858 5077 ut
879 5021 1100 5077 laudent
1128 5021 1378 5077 homines
1402 5035 1551 5085 eum,
1597 5021 1811 5092 quiuon
1836 5030 1921 5076 est
1946 5021 2131 5077 lauda-

546 5112 691 5181 bilis,
725 5120 782 5170 et
812 5115 863 5171 ei
889 5115 1198 5180 detrahant,
1219 5115 1309 5184 qui
1339 5114 1561 5170 minime
1588 5114 1922 5169 detractione
1935 5114 2130 5185 dignus

548 5212 652 5262 est.
711 5204 872 5263 Solus
885 5205 1048 5274 Deus,
1076 5212 1135 5262 et
1163 5207 1220 5262 in
1249 5206 1425 5273 laude,
1452 5214 1510 5263 et
1534 5207 1590 5263 in
1615 5206 2017 5277 vituperatione
2040 5204 2129 5276 ju-

552 5306 667 5353 stus
688 5305 773 5353 est
792 5296 980 5367 iudex.
1520 5356 1523 5361 _

621 5393 999 5451 Ineedentesin
1026 5392 1265 5448 ominibus
1288 5390 1552 5447 mandatis
1583 5400 1631 5446 et
1658 5390 2130 5461 justi/icationibus

552 5476 763 5543 Domini
801 5490 913 5542 sine
934 5486 1169 5559 querela.
1211 5486 1534 5555 Plerumque
1565 5484 1775 5555 justitia
1801 5484 2009 5553 durior,
2035 5484 2132 5538 ho-

551 5578 759 5634 minum
791 5581 1069 5652 querelam
1091 5589 1365 5653 provocat,
1396 5592 1517 5649 qua:
1542 5593 1670 5634 vero
1698 5584 1997 5647 temperata
2025 5584 2130 5645 est,

554 5670 669 5742 ipsa
724 5684 836 5728 suta
877 5672 1176 5731 dulcedinis
1207 5672 1381 5744 gratia
1410 5671 1573 5727 etiam
1614 5670 1827 5725 invidia:
1852 5669 2131 5740 querimo-

556 5764 701 5818 niam
729 5762 885 5820 vitat.
2066 5828 2069 5833 ,

630 5857 737 5932 (Es
764 5858 941 5931 Amb.)
978 5856 1209 5927 Quando
1234 5857 1381 5914 enim
1414 5856 1641 5917 facimus
1670 5855 1984 5915 mandatum
2014 5853 2131 5923 Dei,

2176 5922 2207 5935 μυ

2237 4747 2537 4803 sacerdotis
2563 4747 2852 4803 adventum
2879 4785 2895 4813 ,
2933 4754 2990 4800 et
3018 4745 3335 4817 mysterium
3364 4743 3620 4800 sacriﬁcii
3652 4786 3670 4810 ,
3702 4744 3816 4809 uni«

2234 4839 2461 4895 versalis
2476 4847 2534 4894 ct
2552 4840 2790 4895 caelestis
2800 4840 2925 4895 doni
2948 4839 3204 4911 gaudium
3227 4839 3503 4909 praedicat.
3524 4837 3664 4895 Nam
3682 4839 3815 4894 sicut

2232 4948 2331 5005 per
2360 4932 2637 4989 sinistram
2657 4934 2968 5003 praesentia,
2999 4933 3078 4988 sic
3100 4948 3194 5003 per
3215 4932 3492 4989 dexteram
3512 4946 3658 5001 smpe
3679 4930 3813 4986 bona

2230 5026 2653 5097 pronuntiantur
2681 5035 2908 5081 aeterna.

2302 5118 2388 5173 Ait
2422 5127 2597 5173 autem
2624 5117 2693 5173 ad
2724 5117 2872 5173 illum
2896 5115 3109 5188 angelus
3135 5133 3152 5171 :
3185 5112 3267 5170 Ne
3289 5115 3493 5181 timeas,
3525 5108 3812 5181 Zacharia,

2232 5215 2336 5264 etc.
2370 5208 2816 5278 Deprecationem
2840 5209 3027 5265 dicens
3067 5209 3402 5274 exauditam,
3438 5214 3658 5279 partum
3688 5225 3815 5264 con-

2233 5299 2385 5356 tinuo
2411 5299 2678 5370 promittit
2720 5298 2928 5355 uxoris.
2963 5298 3079 5354 Non
3126 5296 3270 5369 quod
3298 5298 3418 5365 ille,
3474 5299 3566 5369 qui
3597 5315 3701 5369 pro
3728 5314 3815 5370 pm

2234 5389 2360 5461 pulo
2388 5390 2666 5445 oblaturus
2687 5391 3005 5456 intraverat,
3035 5391 3239 5447 relictis
3272 5388 3502 5463 publicis
3528 5390 3693 5455 votis,
3723 5386 3815 5462 pro

2239 5481 2567 5551 accipiendis
2622 5480 2746 5536 filiis
2805 5476 2963 5537 crare
2998 5482 3275 5553 potuerit,
3314 5482 3407 5537 sed
3444 5482 3591 5552 quod
3636 5480 3811 5538 dicit:
3846 5498 3851 5506 ι

2239 5570 2509 5628 Exaudite
2535 5583 2608 5628 est
2645 5573 2939 5645 deprecatio
2967 5585 3078 5639 tua,
3116 5592 3213 5646 pro
3237 5575 3417 5648 populi
3445 5574 3816 5646 redemptione

2237 5666 2522 5737 signiﬁcat.
2585 5666 2737 5736 Quod
2792 5684 2922 5723 vero
2979 5668 3258 5740 adjungit,
3311 5676 3360 5723 et
3406 5678 3541 5721 uxor
3590 5676 3683 5720 tua
3727 5683 3818 5737 pa-

2238 5762 2335 5814 riet
2363 5758 2455 5813 tibi
2493 5757 2684 5825 ﬁlium,
2736 5758 2971 5827 ejusdem
3012 5758 3394 5830 redemptionis
3416 5758 3662 5812 ordinem
3690 5768 3807 5827 pan-

2240 5851 2337 5918 dit,
2378 5849 2521 5923 quod
2572 5849 2823 5907 videlicet
2860 5859 3018 5907 natus
3064 5840 3343 5908 Zacharlzn
3390 5844 3554 5917 illius,
3600 5846 3816 5903 redem-
