4026 6456
208 390 315 453 58(

1050 392 1569 454 COLLECTIONES
1599 391 1672 453 ΙΝ
1711 391 2098 456 ΕΡιΒΤοιΑε
2136 396 2231 454 ΕΤ·
2264 396 2680 456 EVANGELIA.

3376 405 3484 462 389

204 512 360 585 ptori
393 508 540 569 ﬁlius
592 511 775 584 populi
804 510 1197 584 "praeeundo
1246 514 1320 570 sit
1363 513 1467 570 iter
1524 512 1787 574 facturus.
1818 516 1875 577 Α
1901 533 1923 569 ι
1961 514 2210 582 electam,
2239 515 2294 573 in
2319 516 2575 587 pharetra
2614 533 2717 579 sua.
2747 518 3035 579 abscondit
3080 534 3193 589 me,
3238 528 3296 579 et
3346 521 3485 578 dixit
3524 550 3534 556 ~

285 605 358 661 Et
381 606 481 660 erit
510 603 763 676 gaudium
804 602 915 670 tibi,
941 617 991 660 et
1013 603 1317 673 exsultatio,
1342 613 1447 661 etc.
1496 603 1564 661 Et
1597 612 1794 661 notan-

205 698 343 754 dum
399 696 563 768 quod,
588 704 717 752 nato
734 706 1089 767 prmeurtore,
1140 697 1294 753 multi
1346 696 1603 769 gaudent.
1655 695 1796 754 Nato

203 796 397 847 autem
417 788 663 856 Domino,
691 790 978 845 annuntiat
999 788 1221 863 angelus
1240 788 1494 862 gaudium
1516 802 1794 860 magnum,

203 883 359 954 quod
395 883 502 938 erit
536 882 684 939 omni
710 881 925 954 populo,
977 882 1105 952 quia
1133 882 1386 938 videlicet
1432 881 1525 938 hic
1563 880 1796 938 salutem

201 975 400 1039 multis
428 974 742 1047 praedicare,
798 972 888 1031 ille
925 975 1178 1032 omnibus
1204 976 1297 1047 qui
1343 976 1532 1043 velint,
1576 975 1797 1032 advenit

203 1068 441 1125 donare.
471 1070 488 1116 >

278 1163 352 1219 Et
377 1164 478 1218 erit
514 1172 735 1234 magnus
772 1177 951 1217 eorum
988 1162 1234 1218 Domino.
1303 1162 1407 1235 (Ex
1440 1160 1623 1234 Amb.)
1676 1162 1796 1219 Non

202 1256 457 1329 corporis
484 1255 596 1323 hic,
638 1257 733 1311 sed
775 1255 969 1311 animm
994 1256 1419 1328 magnitudinem
1476 1255 1791 1310 declaravit.

202 1349 307 1406 Est
359 1363 546 1404 coram
587 1348 813 1403 Domino
847 1349 1158 1420 magnitudo
1214 1348 1427 1417 animm,
1480 1347 1796 1418 magnitudo

202 1442 447 1509 virtutis,
479 1446 564 1498 est
585 1442 748 1498 etiam
774 1442 1012 1513 parvitas
1051 1441 1263 1508 animm,
1318 1448 1375 1496 et
1406 1439 1638 1511 pueritia
1678 1439 1789 1494 vir-

204 1535 364 1591 tutis.

297 1624 487 1683 Vinum
521 1635 573 1683 et
609 1626 833 1683 siceram
873 1642 977 1682 non
1009 1625 1161 1681 bibet.
1215 1625 1337 1707 (Ex.
1369 1624 1561 1697 Beda.)
1607 1624 1793 1684 Sicera

204 1726 602 1795 interpretatur
633 1720 883 1785 ebrietas;
919 1720 1181 1777 Hebr-uice
1205 1729 1365 1786 nm;
1394 1732 1503 1791 quo
1532 1718 1793 1775 vocabulo

204 1818 420 1875 Hebrzei
440 1828 598 1873 omne
619 1813 760 1886 quod
788 1814 1042 1869 inebriari
1072 1818 1254 1885 potest
1280 1812 1534 1884 poculum
1573 1813 1687 1867 sive
1725 1811 1792 1867 de

1904 625 1924 658 ι
1968 607 2103 663 mihi
2132 624 2147 661 :
2175 607 2377 665 Servus
2402 624 2554 666 meus
2579 625 2640 666 es
2667 618 2746 678 tu,
2773 610 2956 677 Israel,
2974 613 3101 684 quia
3125 614 3181 675 in
3208 621 3260 672 te
3285 614 3486 687 gloria-

1903 716 1923 752 ι
1966 700 2106 758 bor:
2142 699 2212 756 Et
2256 718 2411 759 nunc
2443 703 2560 769 haec
2606 703 2738 763 dicit
2759 705 3043 775 Dominus,
3080 696 3348 771 Formam
3396 725 3486 796 me

1900 810 1924 845 ‹
1963 807 2034 851 ex
2066 800 2226 851 utero
2245 808 2466 852 servum
2493 794 2622 863 sibi,
2667 795 2791 852 dedi
2836 805 2893 855 te
2929 797 2982 857 in
3007 798 3180 863 lucem
3217 794 3479 873 gentium,

1849 954 1860 968 ι
1904 904 1925 940 t
1970 894 2032 944 ut
2052 888 2130 946 sis
2149 889 2298 949 salus
2323 904 2443 947 mea
2468 905 2641 962 usque
2679 888 2748 955 ad
2776 899 3078 959 extremum
3102 901 3281 953 teme.
3309 886 3485 967 Reges

1903 997 1924 1033 ‹
1968 980 2227 1038 videbunt
2261 990 2316 1039 et
2344 991 2675 1056 consurgent
2722 983 3033 1056 principes,
3080 996 3136 1043 et
3176 988 3484 1049 adorabunt

1905 1089 1926 1122 ‹
1969 1072 2258 1129 Dominum
2282 1073 2453 1131 Deum
2473 1080 2626 1131 tuum
2656 1081 2711 1130 et
2743 1082 2992 1137 sanctum
3013 1075 3200 1147 Israel,
3257 1080 3349 1153 qui
3375 1080 3485 1141 ele-

1904 1181 1925 1214 t
1965 1164 2046 1235 git
2073 1170 2149 1220 te.
2189 1184 2210 1218 ι

1967 1256 2179 1323 Audite,
2203 1254 2410 1323 insulto,
2451 1264 2499 1312 et
2519 1257 2791 1325 attendite,
2823 1258 3024 1331 populi,
3063 1259 3128 1316 de
3154 1260 3323 1332 longe.
3381 1252 3487 1334 (Ex
3602 1319 3605 1321 .

1896 1348 2070 1420 Hier.)
2128 1349 2256 1406 Post
2287 1351 2630 1407 vocationem
2659 1367 2789 1424 ergo
2846 1352 3199 1422 reliquiarum
3230 1340 3393 1413 Israel
3425 1355 3489 1415 ’et

1897 1441 2256 1510 abjectiouem
2304 1442 2355 1496 in
2380 1442 2757 1501 incredulitate
2785 1443 2968 1516 populi
2994 1434 3384 1514 permanentis,
3419 1445 3488 1503 de

1895 1536 2093 1606 quibus
2118 1535 2373 1591 dixerat:
2416 1534 2543 1590 Non
2585 1545 2663 1591 est
2696 1552 2803 1606 pax
2846 1536 3042 1608 impiis,
3081 1537 3208 1593 dicit
3232 1536 3491 1594 Dominus

1898 1626 2052 1701 (Isai.
2070 1626 2283 1697 nvut);
2302 1627 2496 1687 transit
2514 1628 2582 1683 ad
2598 1627 2872 1685 Ecclesias
2899 1630 2964 1687 de
2992 1629 3243 1702 gentibus
3265 1644 3490 1703 congre-

1895 1731 2066 1794 gatas,
2098 1734 2155 1777 et
2182 1721 2263 1779 eis
2301 1721 2402 1777 sub
2449 1720 2756 1776 lnsularum
2802 1718 3023 1777 nomine
3052 1721 3311 1791 loquitur,
3368 1737 3490 1794 qua:
3546 1731 3556 1746 ‘

1895 1819 2305 1884 perseeutorum
2353 1812 2565 1871 insidiis
2592 1852 2607 1879 ,
2665 1813 2824 1884 quasi
2876 1814 3046 1869 maris
3094 1812 3349 1874 ﬂuctibus
3393 1830 3491 1887 pa-

201 1914 385 1985 pomis
411 1914 523 1969 sive
549 1910 615 1968 de
640 1909 885 1982 frugibus
919 1918 1015 1965 seu
1036 1904 1102 1965 de
1127 1907 1367 1981 qualibet
1412 1906 1515 1963 alia
1559 1904 1791 1963 materia
1817 1887 1867 1948 Β
1894 1911 2033 1970 teut,
2066 1911 2124 1961 et
2153 1917 2221 1958 ex
2264 1903 2411 1960 omni
2439 1913 2598 1974 parte
2625 1904 2882 1962 saeviente
2929 1903 3214 1977 naufragio
3253 1906 3492 1965 tundun-

203 2003 511 2062 conl‘ectum
541 2001 864 2074 signiﬁcant.
912 2003 1077 2058 Decet
1125 2003 1269 2060 enim
1303 2016 1399 2057 vas
1439 2001 1648 2057 caelesti
1674 2016 1795 2073 gra-

203 2094 296 2153 tim
319 2098 683 2169 mancipatum
703 2110 733 2150 a
750 2095 932 2151 szeculi
949 2094 1215 2150 illecebris
1230 2093 1481 2166 castigari
1501 2108 1515 2159 ;
1533 2108 1634 2148 nec
1645 2093 1790 2159 vino,

202 2187 260 2242 in
284 2203 394 2259 quo
421 2196 507 2243 est
531 2186 1040 2253 luxuria,inebriari
1064 2197 1207 2253 cum,
1232 2185 1324 2256 qui
1352 2184 1532 2241 musto
1559 2184 1796 2256 Spiritus

200 2281 382 2336 sancti
410 2280 681 2337 desiderat
714 2279 947 2350 impleri.

277 2373 350 2429 Et
373 2373 577 2445 Spiritu
619 2382 800 2428 sancto
829 2370 1109 2443 replebitur
1138 2371 1312 2426 adhuc
1332 2387 1400 2427 es
1424 2379 1576 2427 utero
1606 2373 1795 2426 matris

195 2481 339 2521 sum.
392 2464 496 2539 (Ex
528 2458 711 2537 Amb.)
762 2460 877 2519 Non
918 2466 1004 2520 est
1051 2464 1274 2519 dubium
1325 2474 1517 2518 verum
1567 2464 1670 2520 hoc
1700 2478 1796 2519 an-

198 2557 309 2631 geli
374 2572 497 2614 esse
552 2557 879 2629 promissum
907 2599 922 2624 ,
976 2556 1243 2627 siquidem
1287 2564 1510 2613 sanctus
1558 2555 1795 2614 Ioannes

200 2654 498 2720 antequam
549 2648 886 2713 nasceretur,
932 2645 1126 2703 matris
1174 2647 1350 2703 adhuc
1398 2647 1454 2702 in
1494 2657 1652 2705 utero
1693 2664 1793 2721 pos

201 2742 363 2809 situs,
389 2741 611 2814 spiritus
633 2744 844 2815 accepti
881 2743 1111 2818 gratiam
1147 2743 1467 2817 designavit.
1519 2745 1617 2802 Cui
1646 2747 1793 2802 enim

203 2834 362 2893 adest
401 2835 624 2909 spiritus
671 2836 861 2909 gratia!
889 2878 905 2904 ,
967 2837 1101 2893 nihil
1140 2837 1332 2904 deest,
1384 2838 1440 2894 et
1488 2838 1576 2894 cui
1623 2838 1792 2911 Spirit-

202 2936 293 2984 tus
321 2933 542 2984 sanctus
562 2923 883 2995 infunditur,
913 2940 1234 2998 magnarum
1258 2935 1342 2984 est
1378 2927 1664 3001 plenitudo
1686 2929 1792 2984 vir-

204 3020 404 3075 lilium.

276 3108 349 3168 Et
386 3111 580 3170 multos
612 3112 848 3184 ﬁliorum
884 3108 1056 3170 Israel
1107 3123 1367 3170 convertet
1411 3118 1480 3171 ad
1505 3098 1790 3172 ﬂaminum

200 3194 376 3261 Deum
405 3200 658 3277 ipsorum.
729 3201 865 3262 Cum
888 3204 1127 3263 Joannes
1173 3206 1266 3277 qui
1296 3204 1513 3263 Christo
1543 3207 1790 3263 testimo-

1896 2004 1984 2053 tttr
2011 1995 2192 2066 potius
2227 2009 2391 2066 quam
2436 2002 2744 2051 moventur.
2797 1993 2879 2051 Ac
2919 2008 2989 2053 ne
3012 1996 3135 2067 quis
3174 2004 3327 2069 putet
3369 1996 3490 2055 vio-

1896 2086 2097 2145 lentam
2121 2100 2243 2144 esse
2265 2086 2660 2158 expositionem
2689 2093 2957 2153 nostram,
2986 2093 3043 2145 et
3065 2102 3173 2144 non
3198 2088 3266 2147 ad
3299 2096 3493 2163 gentes

1894 2180 2169 2249 pertinere
2198 2180 2342 2251 quod
2362 2178 2588 2247 dicitur,
2633 2168 2732 2237 sed
2753 2177 2824 2237 ad
2846 2193 3151 2253 synagogas
3187 2177 3371 2255 p0puli
3398 2172 3492 2237 Ju-

1897 2271 2160 2329 timorum.

1967 2362 2039 2423 Et
2071 2362 2341 2427 attendite,
2375 2362 2555 2435 populi
2579 2364 2687 2421 sive
2705 2372 2903 2437 gentes,
2934 2364 3000 2421 de
3023 2356 3195 2443 longe.
3228 2356 3343 2431 Hoc
3384 2358 3490 2437 eat,

1897 2454 1965 2511 ab
1985 2455 2247 2510 extremis
2275 2454 2473 2510 ﬁnibus
2501 2462 2681 2520 terrae,
2703 2453 3224 2531 velutSeptuaginta
3253 2462 3493 2523 transtu-

1895 2546 2096 2613 lerunt,
2122 2545 2206 2605 διὰ
2231 2546 2422 2624 χρόνον
2448 2547 2633 2603 πολλοῦ
2660 2550 2932 2608 στήσεται.
2962 2545 3093 2603 Post
3128 2557 3331 2621 tempus
3354 2542 3493 2607 mul-

1896 2648 2008 2697 tum
2028 2639 2209 2705 stabit,
2243 2640 2350 2699 hoc
2376 2648 2481 2707 est,
2507 2655 2616 2695 non
2654 2632 2760 2699 hoc
2793 2649 3039 2713 tempore
3077 2656 3186 2713 quo
3218 2641 3492 2713 dicuntur,

1895 2729 1991 2786 sed
2012 2736 2137 2801 post
2154 2728 2325 2787 multa
2354 2728 2485 2787 ﬁent
2513 2737 2780 2804 tempora,
2810 2732 3076 2805 sequitur.

1964 2821 2248 2890 Dominus,
2265 2820 2462 2893 inquit,
2485 2821 2551 2877 ab
2572 2818 2718 2881 utero
2741 2823 2942 2883 vaeavit
2966 2840 3069 2897 me,
3097 2818 3163 2883 de
3185 2832 3357 2880 ventre
3377 2840 3493 2880 ma-

1895 2915 1994 2971 tris
2023 2930 2177 2981 mets,
2206 2923 2314 2973 etc.
2374 2914 2531 2984 Quod
2560 2931 2708 2973 nunc
2729 2916 2953 2974 interim
2980 2902 3326 2998 audientibus
3345 2910 3492 2978 vide.-

1894 3013 1986 3062 tur
2012 3004 2309 3063 obscurum
2336 3045 2353 3073 ,
2408 3014 2599 3077 postea
2638 3014 2823 3064 autem
2863 3007 3074 3067 cunctis
3122 3007 3374 3080 gentibus
3404 3023 3499 3067 no-

1896 3104 2013 3154 tum
2063 3096 2179 3165 ﬁet,
2243 3098 2461 3169 quando
2506 3092 2729 3155 Gabriel
2779 3097 2981 3174 Joseph
3028 3099 3096 3156 de
3132 3106 3291 3171 partu
3347 3090 3497 3156 dixe-

1895 3190 1970 3246 rit
2016 3189 2269 3262 virginali
2300 3231 2317 3257 ,
2367 3199 2418 3246 et
2468 3190 2680 3247 uocabit
2732 3207 2923 3246 nomen
2962 3190 3077 3264 ejus
3122 3189 3310 3249 Iesum
3335 3232 3350 3261 ,
3386 3191 3496 3263 ipse

201 3298 355 3353 nium
378 3276 689 3371 perhibens,
740 3300 795 3355 in
816 3297 933 3369 ejus
970 3299 1075 3355 ﬁde
1096 3276 1323 3371 populos
1356 3299 1689 3372 baptizabat,
1718 3298 1796 3357 di-
1821 3276 1869 3341 Cl
1897 3282 2038 3337 enim
2060 3280 2267 3338 “'th
2295 3280 2454 3352 [πίει
2490 3280 2744 3353 Populum
2781 3298 2939 3339 “tum
2966 3300 3001 3339 α
3046 3283 3274 3355 Palicum
3309 3298 3495 3339 εοηιπι

202 3388 353 3451 citur
403 3390 546 3450 ﬁlios
591 3393 758 3449 Israel
796 3394 864 3449 ad
886 3393 1172 3450 Dominum
1203 3393 1373 3449 Deum
1399 3393 1639 3465 ipsorum
1663 3408 1795 3451 cons

201 3483 460 3551 vertisse,
509 3490 659 3556 patet
702 3485 948 3557 protecta
1000 3484 1277 3542 Christitm
1326 3492 1449 3542 esse
1507 3478 1795 3544 Dominum

202 3577 378 3634 Deum
407 3578 669 3650 ipsorum.

278 3664 351 3724 Et
392 3670 504 3742 ipse
537 3669 793 3742 primum
832 3664 955 3726 ante
993 3662 1143 3725 iitum
1187 3666 1245 3726 tu
1299 3670 1488 3743 sptrmi
1513 3672 1564 3727 et
1608 3674 1794 3728 uirtute

202 3756 364 3815 Elite.
422 3759 567 3817 Bene
619 3761 673 3816 In
702 3754 896 3833 spiritu
941 3764 997 3817 et
1043 3758 1245 3817 virtute
1294 3758 1425 3819 Elim
1484 3761 1793 3834 prmccdere

203 3847 422 3919 dicitur,
464 3853 591 3925 quia
623 3852 765 3909 sient
793 3852 882 3908 ille
926 3862 1104 3924 praeco
1158 3854 1373 3909 venturi
1398 3851 1663 3932 judicis,
1714 3854 1793 3909 ita

201 3943 295 4000 hic
336 3950 515 4015 praeco
564 3941 739 4001 lactus
792 3946 877 4001 est
926 3944 1305 4016 redemptoris.
1386 3945 1541 4002 Unde
1580 3953 1634 4002 et
1661 3958 1793 4002 com

201 4035 513 4092 versatione
534 4046 758 4108 prorsus
792 4036 1086 4102 simillima,
1128 4035 1289 4092 ambo
1329 4037 1546 4093 deserta
1594 4036 1789 4104 secuti,

201 4126 352 4185 victu
407 4122 570 4201 li'ugi,
629 4128 829 4185 veStitit
875 4129 1081 4194 inculti,
1120 4130 1304 4185 cinctu
1360 4139 1483 4185 sunt
1527 4128 1788 4201 deSpecti,

202 4220 366 4276 ambo
386 4218 529 4292 regis
549 4226 605 4276 et
630 4216 829 4292 regina:
864 4218 1144 4276 vesaniam
1192 4219 1512 4276 tolerarunt.
1558 4218 1651 4275 Ille
1670 4218 1793 4275 Jor-

203 4314 402 4370 danem
444 4329 638 4370 cretum
684 4328 956 4387 petiturus
1007 4315 1212 4381 divisit,
1258 4315 1349 4369 hic
1392 4316 1459 4370 ad
1512 4316 1791 4371 lavacrum

203 4404 447 4461 salutare
489 4418 597 4476 quo
623 4400 819 4461 omium
869 4410 1101 4477 petatur,
1153 4404 1442 4475 cunvertit.
1511 4402 1613 4462 Hic
1664 4420 1789 4463 cum

202 4500 435 4557 Domino
462 4503 709 4556 versatur
738 4500 793 4556 in
823 4501 1004 4568 terris,
1033 4493 1125 4557 ille
1153 4512 1278 4556 cum
1295 4508 1361 4557 eo
1408 4498 1792 4557 manifestatur

204 4585 258 4648 in
299 4589 489 4664 gloria.
1528 4597 1541 4605 ·

1896 3372 2118 3448 (Matth.
2142 3373 2208 3446 ι).
3320 3446 3327 3451 δ

1965 3464 2037 3522 Et
2064 3466 2238 3537 posuit
2260 3482 2318 3523 os
2358 3481 2555 3535 meum,
2575 3468 2731 3540 quasi
2759 3467 2996 3540 gladium
3031 3478 3265 3526 acutum.
3294 3467 3490 3527 Posuit

1895 3571 2112 3629 quoque
2149 3575 2212 3615 os
2241 3558 2377 3629 ejus,
2409 3560 2565 3630 quasi
2610 3561 2851 3631 gladium
2898 3571 3142 3631 acutum,
3190 3571 3254 3619 ut
3296 3563 3493 3636 spiritu

1894 3651 2008 3706 oris
2026 3651 2110 3707 sui
2148 3651 2447 3708 interﬁciat
2470 3652 2714 3723 impium.
2791 3653 2869 3708 De
2902 3669 3011 3725 quo
3046 3654 3231 3728 gladio
3284 3654 3401 3726 ipse
3434 3655 3490 3712 in

1893 3742 2189 3813 Evangeiio
2215 3743 2471 3814 loquitur.
2505 3744 2632 3799 Non
2652 3744 2766 3800 veni
2795 3762 2977 3817 pacem
3004 3746 3211 3805 mittere
3239 3746 3295 3803 in
3321 3756 3489 3814 terra,

1892 3838 1983 3894 sed
2004 3838 2241 3910 gladium
2266 3837 2482 3912 (Matth.
2511 3838 2591 3912 ι),
2619 3841 2791 3898 malos
2815 3856 2847 3896 a
2876 3842 3036 3899 bonis
3068 3857 3347 3913 separaris.
3393 3844 3494 3901 Ve-

1894 3931 1978 3986 nit
2016 3932 2164 3986 enim
2218 3930 2463 3988 dividere
2485 3931 2762 3989 hominem
2814 3943 3008 3993 contra
3040 3947 3253 4006 patrem
3304 3951 3487 4005 suum,

1891 4033 1947 4080 et
1968 4024 2133 4080 ﬁliam
2160 4033 2352 4081 contra
2378 4033 2608 4081 matrem
2649 4040 2823 4093 suam,
2856 4036 2913 4084 et
2933 4044 3132 4087 nurum
3171 4037 3363 4087 contra
3395 4045 3488 4087 so-

1894 4133 2049 4174 crum
2085 4133 2262 4174 suam.

1966 4207 2038 4262 Et
2077 4208 2136 4264 in
2161 4208 2351 4267 umbra
2399 4224 2587 4263 manus
2640 4225 2752 4265 sua:
2784 4209 3010 4279 protexit
3037 4225 3139 4265 me.
3188 4209 3250 4267 In
3293 4210 3489 4268 umbra

1892 4312 2089 4356 manus
2115 4300 2213 4356 Dei
2240 4315 2300 4356 se
2313 4313 2435 4356 esse
2456 4308 2763 4370 protectum
2788 4301 3003 4367 asserit,
3026 4309 3084 4357 ut
3112 4302 3293 4359 carnis
3305 4300 3489 4360 vilitas

1893 4392 2193 4449 divinitatis
2222 4394 2469 4464 potentia
2517 4402 2815 4466 tegeretur,
2863 4395 3055 4467 angelo
3100 4395 3168 4455 ad
3208 4396 3488 4468 Virginem

1892 4488 2218 4545 nuntiantet
2247 4486 2481 4559 Spiritus
2493 4497 2718 4545 'sanctus
2752 4490 3080 4560 superueniet
3115 4489 3173 4545 in
3197 4498 3267 4559 ts,
3295 4498 3344 4549 et
3384 4490 3488 4547 vir-

1928 4588 2014 4635 tus
2037 4579 2301 4637 Altissimi
2323 4580 2652 4637 obumbrabit
2674 4581 2767 4636 tibi
2791 4580 2945 4653 (Luc.
2981 4580 3046 4655 ι.)

279 4656 347 4743 (Et
374 4684 639 4743 convertat
689 4682 850 4741 corda
878 4686 1088 4757 patrum
1128 4684 1185 4739 tn
1212 4676 1375 4755 ﬁlios,
1414 4682 1464 4740 et
1490 4674 1789 4741 incredulos
1812 4656 1867 4719 Π
1964 4673 2034 4727 Et
2054 4673 2349 4745 pessime.
2378 4674 2531 4745 φαασί
2554 4674 2801 4745 sagittam
2826 4672 3066 4731 electam.
3094 4672 3324 4742 Quando
3348 4675 3485 4733 dicit

202 4779 273 4838 ad
287 4779 644 4852 prudentiam,
659 4780 764 4835 etc.
789 4777 964 4835 Corda
982 4780 1200 4852 patrum
1214 4777 1269 4834 in
1284 4778 1423 4836 ﬁlios
1446 4788 1786 4849 convertere,

201 4880 287 4929 est
315 4870 646 4944 spiritualem
671 4876 983 4927 sanctorum
1008 4871 1351 4942 antiquorum
1382 4870 1665 4927 scientiam
1694 4884 1791 4945 po-

199 4965 343 5039 pulis
365 4954 1024 5037 praedicandoinﬁmdet‘e.
1044 4961 1337 5019 Prudentia
1361 4968 1493 5019 rem
1516 4960 1787 5035 iustorum

202 5062 308 5123 est,
334 5072 439 5113 non
464 5057 530 5112 de
556 5046 691 5127 legis
723 5046 980 5126 operibus
1008 5052 1278 5133 juttitiam
1316 5062 1669 5128 praesumere,
1693 5052 1789 5114 Sed

201 5167 271 5207 ex
297 5148 403 5205 ﬁde
432 5138 661 5204 Salutem
691 5152 952 5219 quaerere.

302 5283 373 5341 lN
408 5283 665 5343 NATALl
702 5282 951 5340 SANCTI
980 5281 1266 5342 JOANNIS
1301 5281 1685 5343 BAPTISTIE.

625 5413 818 5455 LECTIO
851 5413 1028 5465 lSAiE,
1059 5412 1177 5453 cur.
1206 5413 1355 5454 XLIX.

281 5532 299 5566 ι
345 5512 563 5581 Audite,
591 5508 803 5579 insulae,
835 5518 889 5566 et
930 5506 1212 5577 attendite,-
1261 5509 1464 5582 pOpuli,
1497 5510 1563 5567 ue
1603 5510 1781 5585 longe.

208 5622 228 5660 α
273 5604 537 5662 Dominus
560 5602 629 5661 ab
653 5614 810 5661 utero
844 5600 1187 5667 vocavltme,
1248 5604 1313 5659 de
1358 5608 1550 5659 ventre
1595 5606 1789 5663 matris

207 5720 229 5754 ι
275 5712 411 5755 mem
458 5694 771 5756 recordatus
815 5702 902 5753 est
952 5694 1188 5752 nominis
1218 5695 1345 5752 mei.
1404 5696 1474 5751 Et
1506 5697 1689 5767 posuit
1726 5711 1789 5754 os

210 5800 232 5844 ι
276 5800 479 5856 meum,
541 5786 697 5861 quasi
740 5787 976 5861 gladium
1032 5792 1270 5853 acutum,
1321 5787 1424 5842 sub
1450 5787 1641 5842 umbra
1673 5788 1790 5843 ina—

211 5900 234 5937 ι
278 5896 384 5939 nus
410 5886 521 5938 sua
546 5880 779 5954 protexit
804 5890 893 5937 me
923 5895 940 5935 :
984 5874 1052 5935 Et
1070 5878 1251 5951 posuit
1268 5879 1518 5936 muniunt
1532 5879 1787 5954 sagittam

1892 4769 2149 4839 sagittam
2195 4768 2446 4833 electam,
2489 4766 2731 4823 ostendit
2778 4767 2981 4825 habere
3041 4767 3212 4829 Deum
3257 4769 3484 4840 sagittas

1892 4858 2176 4931 plurimas,
2226 4858 2321 4913 sed
2369 4872 2477 4913 non
2528 4856 2753 4923 electas,
2801 4872 2923 4927 quae
2962 4859 3178 4930 sagittas
3201 4858 3486 4930 Propheta:

1892 4960 2018 5008 sunt
2064 4960 2121 5007 et
2152 4949 2418 5023 Apostoii,
2446 4950 2540 5021 qui
2562 4950 2616 5006 in
2634 4957 2749 5006 toto
2769 4950 2903 5006 orbe
2929 4951 3248 5019 decurrunt,
3274 4951 3342 5008 de
3364 4952 3485 5023 qui—

1890 5046 1997 5101 bus
2022 5045 2078 5100 in
2106 5045 2212 5101 alio
2236 5043 2356 5100 loco
2377 5043 2609 5100 canitur.
2642 5040 2862 5115 Sagitta!
2887 5054 2992 5100 tum
3022 5054 3213 5112 acum,
3235 5047 3488 5118 potentis-

1891 5139 2043 5204 sime,
2078 5135 2259 5208 populi
2302 5134 2402 5190 sub
2430 5143 2481 5190 ts
2502 5134 2709 5192 cedent.
2763 5135 2832 5193 Et
2870 5136 3068 5193 iterum
3098 5156 3111 5193 :
3144 5136 3362 5209 Sagitta:
3383 5155 3482 5208 po-

1891 5231 2049 5285 tentis
2071 5236 2262 5295 acuta,
2286 5244 2407 5283 eum
2428 5227 2742 5284 carbonibus
2766 5227 3285 5302 desolatoriis(Psal.
3308 5227 3477 5301 κων).

1890 5319 2147 5378 Christus
2164 5329 2348 5378 autem
2376 5323 2444 5379 de
2480 5322 2668 5380 multis
2713 5324 2928 5395 sagittis
2974 5331 3030 5380 et
3078 5322 3203 5378 ﬁliis
3236 5321 3484 5393 plurimis

1892 5422 2002 5470 una
2051 5415 2249 5486 sagitta
2300 5415 2498 5485 electa,
2551 5424 2609 5473 et
2658 5415 2806 5475 ﬁlius
2838 5417 3145 5488 unigenitus
3170 5423 3276 5483 est,
3315 5432 3481 5487 quam

1888 5508 1948 5565 in
1974 5510 2233 5580 pharetra
2277 5525 2377 5567 sua
2400 5510 2703 5576 abscondit,
2742 5510 2799 5567 id
2825 5518 2932 5576 est,
2990 5509 3047 5567 in
3094 5509 3331 5567 humano
3353 5525 3480 5569 oor-

1892 5614 2041 5674 pore,
2092 5611 2154 5658 ut
2181 5603 2457 5660 habitaret
2506 5604 2565 5661 in
2609 5619 2677 5660 eo
2703 5603 2982 5675 plenitudo
3022 5602 3320 5662 divinitatis
3359 5619 3483 5662 Clit"

1892 5695 2170 5767 poraliter.
2224 5695 2477 5767 Raraque
2511 5704 2596 5751 est
2643 5693 3163 5762 eredentinmtldes,
3196 5696 3284 5759 cui
3305 5705 3362 5755 et
3389 5711 3485 5757 su-

1892 5804 1991 5860 pra
2039 5790 2280 5845 dicitur:
2335 5788 2415 5845 Tu
2458 5806 2514 5845 es
2544 5788 2685 5844 Deus
2729 5787 3085 5857 absconditus,
3137 5798 3187 5847 et
3208 5789 3479 5847 nescieba-

1891 5891 2032 5941 m.
2077 5881 2195 5952 Qua
2220 5882 2417 5956 slgitts
2444 5890 2501 5941 et
2537 5894 2739 5955 sponsa
2770 5880 2970 5945 vulnus
2992 5882 3269 5958 redoleas
3301 5883 3481 5958 loqui-
