4026 6502
544 424 650 479 385

1841 406 2194 468 SMARAGDI
2230 406 2522 464 ABBATIS

3702 413 3798 469 586

546 553 634 598 tur
652 542 707 597 in
735 539 962 597 Cantico
981 539 1320 596 canticorum
1348 550 1362 592 :
1415 529 1983 604 Vulneratatcharitate
2033 545 2127 600 ego
2154 530 2208 591 Α
2237 545 2256 582 ι
2299 527 2444 598 perit
2473 523 2662 579 ﬁlium.
2693 523 2762 579 Et
2789 512 3082 580 audierunt
3113 524 3280 581 vicini
3317 535 3376 582 et
3411 528 3625 599 cognati
3665 530 3799 602 ejus,

542 653 658 690 sum
694 633 874 708 (Cant.
911 633 1008 707 tv).

614 729 807 785 Servus
839 743 980 782 meus
1006 742 1060 781 es
1087 735 1165 791 tu,
1195 724 1320 796 quia
1343 723 1401 776 in
1429 732 1478 776 te
1505 718 1862 792 gloriﬁcabor.
1894 715 2118 782 Servus,

541 823 668 895 quia
711 836 835 877 cum
865 821 920 875 in
948 817 1122 873 forma
1169 817 1266 872 Dei
1293 822 1460 880 esset,
1494 812 1724 869 formam
1759 811 1904 867 servi
1931 817 2015 864 est
2043 808 2124 865 di-

541 924 736 987 gnatus
766 928 1043 969 assumere
1068 911 1291 984 (Philip.
1317 911 1400 982 u).
1435 909 1683 965 Ostendit
1711 923 1836 963 eum
1865 904 2122 977 appellari

539 1020 776 1071 servum,
804 1003 897 1074 qui
930 1003 1003 1058 sit
1031 1001 1298 1057 formatus
1319 1016 1387 1055 ex
1415 1008 1593 1064 utero,
1618 998 1710 1067 qui
1736 1005 1792 1052 et
1821 997 1876 1051 in
1904 994 2123 1050 Psalmo

541 1098 673 1154 dicit
697 1112 710 1151 :
747 1096 825 1150 De
854 1104 1026 1150 ventre
1051 1093 1237 1148 matris
1266 1108 1414 1156 meai,
1440 1090 1581 1146 Deus
1603 1106 1746 1145 meus
1773 1105 1827 1143 es
1848 1096 1924 1142 tu.
1955 1086 2025 1142 Et
2048 1083 2125 1141 Is-

537 1188 672 1255 rael,
700 1187 826 1257 quia
854 1193 1014 1239 natus
1042 1184 1110 1240 de
1143 1183 1350 1239 semine
1392 1181 1698 1237 Judaeorum
1715 1221 1730 1246 ,
1776 1177 2028 1249 quodque
2055 1177 2124 1231 de

537 1280 688 1338 nullo
719 1280 826 1334 alio
855 1294 1135 1333 servorum
1164 1276 1394 1348 intelligi
1424 1283 1633 1347 potest,
1661 1273 1909 1344 jungitur
1936 1292 1949 1326 :
1982 1270 2123 1338 Quia

535 1373 591 1427 in
621 1381 670 1426 te
698 1370 1052 1442 glori/imber.
1095 1368 1238 1424 Dicit
1267 1368 1414 1424 enim
1442 1375 1496 1421 et
1535 1366 1649 1437 ipse
1695 1365 1750 1418 in
1783 1361 2120 1434 Evangelio:

488 1495 496 1526 ε
543 1461 704 1517 Pater
751 1460 1041 1533 gloriﬁcavi
1087 1477 1276 1515 nomen
1321 1468 1469 1514 tuum
1520 1456 1711 1530 (Joan.
1739 1455 1888 1529 xu),
1919 1455 2013 1525 qui
2064 1454 2123 1508 in

535 1554 750 1610 Psalmo
783 1553 1054 1624 loquitur:
1088 1551 1330 1622 Exsurge
1363 1549 1537 1621 gloria
1557 1565 1698 1613 mea,
1729 1564 1948 1617 exsurge
1977 1544 2122 1617 psal-

535 1648 727 1700 terium
770 1654 818 1700 et
849 1645 1067 1716 cythera
1105 1641 1330 1716 (Psalm.
1361 1640 1496 1715 va),
1533 1639 1590 1696 id
1620 1649 1705 1695 est
1743 1640 1986 1695 omnium
2012 1639 2122 1695 vir-

486 1718 493 1726 “
536 1745 714 1790 tutum
742 1738 960 1792 chorus.

612 1825 750 1880 Dedi
778 1836 827 1881 te
856 1829 910 1881 in
939 1825 1106 1882 lucem
1148 1828 1403 1897 gentium,
1430 1835 1485 1880 ut
1515 1826 1588 1880 sis
1624 1823 1768 1880 salus
1796 1840 1935 1890 mea,
1961 1841 2124 1896 usque

2231 637 2249 670 ι
2295 618 2419 687 quia
2464 614 2833 687 magniﬁcavit
2871 615 3124 672 dominus
3174 618 3607 675 misericordiam
3650 637 3796 680 suam

2229 725 2250 761 ‹
2293 693 2416 764 cum
2445 709 2556 774 illa,
2588 716 2645 763 et
2671 707 3192 778 congratulabantur
3220 710 3291 765 ei.
3322 711 3391 766 Et
3417 710 3726 770 factumest
3753 717 3800 772 in

2231 820 2249 853 ε
2295 801 2382 856 die
2431 809 2642 856 octavo.
2691 799 2968 855 Venerunt
3004 801 3398 858 circumcidere
3451 819 3712 874 puerum,
3754 815 3803 862 et

2231 911 2250 943 ε
2287 892 2556 947 vocabant
2589 907 2712 946 eum
2759 892 2977 946 nomine
3017 893 3190 962 patris
3221 893 3304 948 sui
3353 893 3698 949 Zachariam.
3736 897 3801 952 Et

2229 1001 2248 1035 ι
2292 983 2623 1052 respondens
2658 990 2833 1038 mater
2880 981 3000 1052 ejus
3025 989 3080 1038 et
3116 983 3274 1051 dixit,
3307 1000 3675 1056 nequaquam,
3713 990 3799 1044 sed

2231 1094 2250 1128 ‹
2289 1077 2572 1131 vocabitur
2607 1074 2864 1132 Joannes.
2890 1077 2977 1131 Et
3025 1077 3279 1133 dixerunt
3317 1079 3385 1134 ad
3431 1079 3577 1134 illam
3618 1100 3631 1134 :
3678 1082 3801 1149 Quia

2230 1183 2249 1218 ‹
2294 1181 2454 1221 nemo
2499 1173 2584 1221 est
2613 1166 2668 1220 in
2709 1168 3035 1239 cognatione
3064 1177 3156 1224 tua
3187 1170 3279 1240 qui
3309 1181 3536 1226 vocetur
3582 1173 3690 1228 hoc
3719 1190 3804 1229 no-
3863 1241 3866 1243 ,

2229 1275 2249 1309 ι
2293 1258 2460 1313 mine.
2507 1257 2809 1313 lnnuebant
2852 1268 3032 1315 autem
3081 1261 3225 1332 patri
3267 1263 3407 1332 ejus,
3443 1279 3608 1333 quem
3657 1266 3804 1321 vellet

2229 1367 2249 1400 ι
2292 1349 2480 1404 vocari
2510 1365 2655 1404 eum.
2691 1349 2759 1404 Et
2794 1350 3077 1421 postulans
3104 1352 3446 1423 pugillarem,
3483 1356 3710 1426 scripsit
3736 1359 3805 1413 di-

2228 1459 2248 1494 (
2292 1456 2463 1497 cens:
2501 1439 2740 1497 Joannes
2783 1452 2866 1497 est
2901 1458 3098 1499 nomen
3126 1443 3263 1514 ejus,
3309 1454 3365 1501 et
3394 1446 3656 1502 admirati
3695 1464 3806 1506 sunt

2229 1549 2248 1584 (
2293 1532 2554 1588 universi.
2585 1533 2850 1604 Apertum
2881 1544 2966 1590 est
2994 1546 3175 1592 autem
3207 1537 3351 1594 illico
3389 1554 3452 1595 os
3479 1540 3599 1609 ejus
3629 1549 3687 1596 et
3714 1542 3807 1597 lin-

2230 1640 2248 1675 ε
2292 1638 2417 1694 gua,
2439 1632 2495 1678 et
2521 1623 2842 1695 loquebatur
2868 1625 3200 1683 benedicens
3220 1628 3410 1682 Deum.
3435 1630 3502 1683 Et
3529 1629 3713 1688 factus
3736 1643 3806 1688 es:

2229 1729 2248 1764 ι
2293 1714 2459 1769 timor
2484 1729 2647 1785 super
2672 1730 2864 1770 omnes
2894 1717 3100 1773 vicinos
3127 1734 3338 1784 eorum,
3363 1728 3611 1793 etosuper
3638 1724 3807 1778 omnia

2230 1823 2249 1858 ι
2290 1815 2551 1862 montana
2593 1805 2792 1862 Judaeae
2817 1808 3233 1881 divulgabantur
3259 1801 3453 1866 omnia
3475 1813 3650 1868 verba
3688 1816 3805 1871 haec.

536 1917 605 1972 ad
635 1927 924 1974 extremum
955 1928 1130 1973 teme.
1157 1918 1216 1974 id
1257 1927 1374 1984 est,
1408 1927 1470 1973 ut
1510 1918 1781 1972 illumines
1807 1917 2122 1973 universum
2146 1898 2196 1959 B
2230 1916 2250 1952 ί
2293 1897 2360 1952 Et
2382 1907 2680 1970 Ροδυθτυηί
2700 1915 2890 1956 omnes
2909 1901 3000 1970 (illi
3033 1901 3322 1957 andierum
3345 1903 3400 1958 in
3429 1905 3595 1959 corde
3624 1921 3725 1960 SUO
3747 1907 3809 1960 di-

534 2010 814 2074 mundum,
841 2019 897 2065 et
939 2009 1169 2066 salutem
1199 2025 1398 2077 meam,
1429 2024 1528 2079 per
1570 2024 1732 2079 quam
1763 2023 1954 2064 omnes
1987 2007 2122 2064 salvi

535 2103 668 2158 ﬁant
708 2119 880 2174 usque
921 2105 988 2160 ad
1037 2112 1341 2159 extremum
1393 2112 1555 2158 terra:
1602 2101 1773 2158 facias
1812 2102 2118 2174 pervenire.

535 2193 662 2251 Haec
685 2196 831 2251 enim
859 2212 958 2266 per
983 2197 1347 2268 apostolorum
1374 2195 1816 2266 praedicationem
1859 2194 2002 2250 facta
2031 2210 2124 2251 co-

535 2289 864 2361 gnoscimus,
896 2289 964 2345 de
988 2290 1184 2360 quibus
1213 2287 1502 2343 Psalmista
1550 2287 1870 2357 praedicens,
1904 2286 2020 2340 ait:
2053 2285 2122 2342 In

533 2397 737 2435 omnem
763 2391 956 2436 terram
1001 2382 1157 2436 exivit
1185 2395 1346 2436 sonus
1387 2396 1590 2446 eorum,
1619 2388 1669 2434 et
1701 2379 1758 2434 in
1802 2378 1936 2448 ﬁnes
1979 2377 2121 2435 orbis

531 2487 685 2532 teme
714 2478 868 2532 verba
889 2493 1068 2532 eorum
1099 2473 1272 2549 (Psal.
1303 2474 1445 2547 xix).

601 2567 764 2640 Reges
795 2568 1072 2634 uidebunt,
1100 2578 1151 2622 et
1185 2576 1497 2638 consurgent
1525 2566 1804 2638 principes,
1835 2573 1884 2620 et
1927 2565 2122 2621 adora-

531 2662 658 2715 bunt
683 2670 891 2731 propter
932 2659 1217 2714 Dominum
1249 2659 1416 2713 Deum
1467 2668 1638 2724 tuum,
1674 2666 1724 2712 et
1766 2667 2009 2712 sanctum
2036 2656 2122 2712 Is-

533 2753 664 2820 rael,
691 2753 779 2824 qui
809 2751 959 2822 elegit
987 2760 1055 2805 te.
1090 2749 1217 2805 Hmc
1243 2750 1374 2804 ﬁent
1393 2750 1610 2819 quando
1638 2746 1848 2803 venerit
1871 2731 2121 2804 Cbristu's

533 2847 589 2899 in
613 2845 784 2916 gloria
807 2843 980 2913 patris
998 2857 1122 2898 cum
1143 2841 1349 2914 angelis
1369 2841 1504 2906 suis,
1529 2849 1586 2896 et
1612 2840 1814 2925 sederit
1842 2840 1895 2894 in
1925 2840 2119 2925 throno

532 2931 717 3001 gloriae
748 2945 882 2998 sum,
909 2927 1158 2998 judicare
1186 2928 1340 2984 vivos
1365 2936 1421 2983 et
1450 2935 1693 2982 mortuos
1724 2923 1940 2996 (Matth.
1965 2923 2114 2998 xxv).

535 3023 688 3079 Tunc
730 3037 919 3078 omnes
963 3021 1268 3077 adorabunt
1311 3027 1530 3091 propter
1575 3016 1864 3073 Dominum
1906 3025 2120 3086 patrem

533 3110 714 3181 Suum,
745 3113 872 3185 quia
902 3112 1210 3179 ﬁdelis'est,
1250 3112 1342 3180 qui
1381 3111 1543 3181 elegit
1584 3126 1728 3164 eum.
1763 3108 1888 3164 Sive
1931 3109 2006 3164 ita
2037 3108 2120 3163 in-

535 3205 880 3276 telligendum
904 3222 918 3261 :
948 3202 1121 3274 Reges
1145 3186 1377 3273 quorum
1405 3217 1502 3256 cor
1528 3201 1583 3255 in
1613 3215 1775 3255 manu
1803 3200 1900 3254 Dei
1926 3206 2033 3265 est,
2064 3206 2120 3254 et

533 3298 776 3354 ecclesiae
813 3297 1087 3370 principes
1135 3297 1436 3352 adorabunt
1476 3312 1621 3361 eum,
1653 3295 1778 3365 quia
1813 3295 1987 3351 ﬁdelis
2033 3301 2118 3350 est

531 3387 780 3443 dominus
826 3394 1050 3442 sanctus
1093 3386 1276 3442 Israel.
1307 3386 1384 3441 De
1418 3385 1637 3441 Christo
1665 3385 1866 3440 etenim
1904 3393 1960 3441 et
1998 3399 2119 3456 qua:

531 3487 832 3548 sequuntur
872 3478 1099 3550 intelligi
1126 3486 1372 3547 possunt,
1408 3478 1542 3533 dicit
1567 3477 1710 3531 enim
1738 3495 1752 3530 :
1790 3476 1856 3530 In
1888 3485 2118 3546 tempore

531 3568 722 3638 placito
745 3568 988 3623 exaudiui
1014 3578 1082 3635 te,
1106 3579 1154 3623 et
1173 3569 1229 3622 in
1251 3569 1334 3623 die
1357 3567 1544 3622 salutis
1567 3566 1855 3622 auxiliatus
1877 3583 1992 3623 sum
2015 3566 2113 3620 tui.

533 3661 703 3732 Hujus
737 3664 1046 3718 testimonio
1075 3663 1364 3733 Apostolus
1394 3679 1523 3718 usus
1571 3671 1674 3728 est,
1704 3663 1926 3716 dicens:
1961 3660 2117 3714 Tem-

531 3769 656 3824 pore
685 3764 973 3825 opportuno
1003 3754 1247 3808 exaudiui
1271 3765 1342 3821 te,
1366 3755 1488 3808 etin
1508 3755 1593 3808 die
1620 3753 1806 3807 salutis
1827 3753 2118 3806 auxiliatus

531 3859 647 3898 sum
673 3844 768 3908 tui,
799 3861 912 3898 ecce
940 3861 1077 3899 nunc
1108 3855 1307 3915 tempus
1344 3842 1675 3915 acceptabile,
1707 3859 1844 3897 nunc
1882 3842 1992 3896 dies
2031 3858 2119 3896 sa-

532 3935 655 3990 lutis
685 3935 769 4008 (II
796 3935 918 3990 Cor.
945 3936 1044 4007 γι).
1084 3935 1319 4007 Tempus
1343 3935 1600 4008 placitum
1633 3943 1689 3990 et
1717 3944 2079 4006 opportunum
2098 3974 2113 4000 ,

532 4036 586 4083 et
612 4028 728 4083 dies
755 4027 944 4085 salutis
970 4029 1152 4100 passio
1189 4028 1475 4085 salvatoris
1517 4036 1628 4095 est,
1659 4036 1713 4084 et
1757 4028 2111 4096 resurrectio,

530 4121 616 4174 cui
645 4129 700 4176 et
732 4121 872 4177 idem
902 4131 1058 4194 pater
1093 4123 1147 4178 in
1175 4123 1628 4194 subsequentibus
1658 4121 1774 4178 ait:
1807 4122 1941 4178 Dedi
1973 4131 2026 4178 te
2057 4121 2115 4176 in

531 4211 708 4268 fwdus
751 4215 954 4285 populi,
996 4224 1054 4270 ut
1105 4217 1400 4273 suscitares
1447 4225 1675 4283 terram,
1714 4225 1770 4272 et
1809 4215 2117 4288 possideres

532 4304 876 4361 hacreditates
901 4307 1210 4378 dissipatas,
1233 4318 1293 4364 ut
1308 4308 1522 4365 diceres
1544 4309 1630 4364 his
1655 4310 1750 4380 qui
1776 4308 1945 4364 vincti
1967 4317 2112 4376 sunt,

533 4398 697 4463 exire,
741 4408 796 4454 et
824 4400 1024 4471 bisqui
1050 4403 1105 4456 in
1155 4403 1414 4472 tenebris,
1464 4403 1798 4458 revelamini.
1841 4403 1901 4459 In
1937 4402 2116 4459 fmdus

531 4488 714 4558 pepuli
759 4491 1079 4545 subauditur
1121 4489 1450 4558 Judaaorum,
1479 4493 1566 4548 his
1610 4493 1891 4559 videlicet,
1924 4494 2018 4565 qui
2047 4508 2116 4549 ex

534 4582 641 4636 illis
682 4583 906 4639 credere
932 4583 1236 4647 voluerunt,
1273 4592 1328 4640 et
1353 4585 1634 4639 suscitavit
1660 4594 1881 4651 terram,
1905 4600 2026 4654 qua:
2057 4585 2113 4640 in

2229 2010 2248 2044 ε
2290 1999 2513 2046 centes:
2544 1990 2678 2059 Quis
2715 2002 2878 2064 putas
2910 2010 3044 2063 puer
3073 1995 3176 2049 istc
3207 1996 3350 2050 erit?
3379 1996 3595 2051 Etenim
3629 2015 3807 2055 manus

2229 2102 2250 2138 ‹
2291 2084 2505 2142 Domini
2539 2094 2805 2142 eratcum
2837 2087 2948 2142 illo.
2975 2088 3043 2142 Et
3072 2089 3367 2144 Zacharias
3391 2100 3550 2159 pater
3569 2092 3698 2161 ejus
3725 2093 3808 2146 im-

2229 2195 2249 2231 ‹
2293 2178 2470 2250 pletus
2493 2187 2577 2235 est
2606 2180 2799 2250 spiritu
2823 2189 3011 2236 sancto
3033 2190 3087 2236 et
3106 2183 3452 2252 prophetavit
3477 2184 3673 2240 dicens
3697 2186 3809 2247 :.Be-

2229 2289 2249 2323 ι
2292 2272 2542 2326 nedictus
2562 2271 2820 2328 Dominus
2839 2273 2982 2328 Deus
2996 2273 3183 2340 Israel,
3202 2279 3330 2344 quia
3348 2275 3591 2330 visitavit
3613 2286 3677 2331 et
3697 2276 3806 2332 fecit

2231 2383 2249 2418 ι
2291 2365 2720 2436 redemptionem
2755 2366 2931 2438 plebis
2958 2383 3088 2424 suae.
3115 2388 3134 2422 ι

2293 2457 2568 2514 Elizabelh
2590 2461 2777 2516 autem
2823 2459 3096 2531 impletum
3130 2471 3208 2516 est
3242 2473 3443 2535 tempus
3477 2465 3748 2536 pariendi,
3768 2479 3808 2521 et

2221 2553 2419 2623 peperit
2446 2552 2640 2622 ﬁlium.
2671 2554 2774 2626 (Ex
2797 2553 2988 2627 Beda.)
3021 2556 3251 2612 Verbum
3275 2559 3607 2629 impletionis
3635 2573 3808 2618 sancta

2224 2645 2494 2714 scriptura
2537 2641 2594 2699 in
2622 2647 2889 2702 bonorum
2939 2655 3149 2703 tantum
3196 2658 3350 2716 ortu,
3397 2651 3479 2705 vel
3521 2653 3713 2719 obitu,
3739 2653 3809 2708 vel

2224 2747 2349 2794 actu
2379 2755 2581 2811 ponere
2613 2742 2913 2806 consuevit,
2943 2757 3176 2812 quarum
3221 2743 3387 2797 vitam
3421 2744 3808 2814 plenitudinem

2219 2830 2571 2902 perfectionis
2600 2831 2804 2888 habere
2829 2833 3114 2905 signiﬁcat.
3148 2832 3390 2905 Denique
3419 2836 3705 2892 Elisabeth
3726 2841 3807 2893 im-

2220 2921 2416 2993 pletum
2447 2932 2524 2977 est
2549 2933 2750 2996 tempus
2783 2926 3046 2997 pariendi.
3080 2926 3291 2996 Impleti
3325 2938 3449 2982 sunt
3483 2931 3596 2984 dies
3627 2931 3807 2987 Maria

2221 3025 2278 3068 ut
2311 3023 2537 3084 pareret.
2576 3013 2816 3084 Implevit
2856 3015 3110 3071 Salomon
3153 3017 3420 3087 wdiﬁcare
3459 3019 3684 3076 domum
3712 3022 3806 3076 Do-

2221 3107 2370 3160 mini.
2417 3105 2715 3162 Defunctus
2748 3115 2832 3162 est
2875 3107 3150 3162 Abraham
3181 3108 3268 3162 vel
3297 3108 3436 3162 alius
3468 3110 3675 3180 aliquis
3723 3127 3806 3182 pa-

2223 3208 2367 3257 trum
2398 3216 2564 3257 senex
2596 3212 2652 3256 et
2676 3201 2858 3271 plenus
2885 3201 3113 3266 dierum,
3156 3209 3213 3257 et
3247 3191 3523 3273 postquam
3553 3207 3696 3260 uertit
3721 3206 3808 3278 ple-

2223 3291 2405 3345 nitudo
2440 3293 2705 3362 temporis,
2743 3293 2885 3346 misit
2931 3291 3072 3347 Deus
3102 3292 3274 3360 [ilium
3297 3310 3478 3360 suum,
3520 3305 3579 3350 at
3627 3307 3808 3353 contra

2222 3383 2336 3439 dies
2384 3383 2673 3456 impiorum
2723 3383 2946 3450 inanes,
2992 3393 3048 3438 et
3085 3387 3282 3450 vacui;
3331 3387 3429 3440 viri
3485 3387 3638 3441 enim
3691 3405 3805 3442 san-

2220 3476 2440 3545 guinum
2476 3483 2526 3530 et
2560 3473 2730 3530 dolosi
2773 3491 2879 3530 non
2915 3475 3267 3533 dimidiabunl
3310 3477 3422 3532 dies
3462 3495 3591 3534 suos
3636 3478 3802 3553 (Psal.

2221 3582 2308 3622 le
2323 3567 2363 3639 ).

2291 3658 2361 3714 Et
2387 3660 2672 3716 audierunt
2699 3663 2856 3717 vicini
2897 3672 2946 3718 et
2985 3666 3196 3735 cognati
3237 3665 3377 3736 ejus,
3403 3667 3531 3737 quia
3567 3669 3806 3739 magni/i-

2220 3752 2354 3806 cavit
2380 3751 2640 3808 Dominus
2688 3755 3105 3810 misericordiam
3134 3773 3288 3811 suam
3314 3774 3434 3811 cum
3471 3758 3589 3825 illa,
3617 3772 3664 3814 et
3694 3778 3807 3815 con-

2218 3842 2623 3911 gratulabantur
2658 3846 2704 3898 ei
2734 3845 2836 3917 (Ex
2862 3845 3118 3917 August.)
3149 3846 3322 3903 Habet
3352 3860 3676 3906 sanctorum
3705 3853 3806 3907 edi-

2173 3946 2184 3955 '
2219 3933 2295 3987 tio
2333 3933 2574 3989 laetitiam
2593 3917 2977 4006 plurimorum,
3004 3939 3130 4008 quia
3159 3954 3445 3996 commune
3473 3953 3557 3996 est
3588 3942 3804 3998 bonum.

2217 4023 2434 4080 Iustitia
2473 4026 2621 4081 enim
2663 4030 2966 4084 communis
3005 4037 3090 4084 est
3132 4031 3326 4095 virtus,
3359 4041 3413 4086 et
3446 4033 3573 4088 ideo
3604 4036 3659 4090 in
3690 4045 3807 4090 ortu

2210 4115 2343 4185 justi
2374 4117 2569 4174 futurae
2601 4121 2726 4176 vitae
2772 4122 2986 4194 insigne
3028 4123 3386 4194 promittitur,
3415 4134 3471 4180 et
3513 4128 3695 4197 gratia
3728 4143 3807 4184 se-

2217 4217 2409 4265 cutura
2432 4210 2649 4267 virtutis
2688 4213 3049 4270 exsultatione
3074 4215 3379 4271 vicinorum
3420 4217 3806 4290 praeﬁgurante

2217 4299 2480 4370 signatur.

2286 4390 2359 4446 Et
2383 4392 2581 4462 factum
2606 4404 2682 4450 est
2711 4397 2767 4450 in
2793 4396 2879 4451 die
2914 4406 3118 4466 octava,
3150 4409 3403 4455 venerunt
3431 4402 3804 4459 circumcidere

2213 4503 2438 4558 puerum
2459 4497 2508 4544 et
2532 4490 2782 4545 vocabant
2805 4507 2923 4546 eum
2944 4495 3154 4549 nomine
3173 4495 3339 4567 patris
3361 4496 3446 4549 sui
3460 4477 3802 4564 Zachariam:

2215 4586 2266 4631 et
2296 4579 2610 4650 respondens
2639 4589 2809 4636 mater
2835 4583 2950 4654 ejus
2973 4583 3140 4639 dixit:
3167 4601 3520 4657 nequaquam,
3541 4587 3636 4640 sed
3658 4604 3804 4642 voea-

535 4671 852 4726 idololatriae
888 4671 1100 4742 iacebat
1147 4674 1446 4740 erroribus,
1473 4682 1529 4730 et
1557 4674 1855 4746 possidebit
1887 4675 2112 4731 haeredi-
2133 4662 2190 4722 D
2214 4667 2355 4720 bitur
2393 4666 2648 4726 Joannes.
2680 4670 2813 4728 Mire
2848 4681 3068 4730 sanctus
3094 4675 3427 4747 evangelista
3464 4679 3802 4747 prmmitten-

534 4773 674 4820 tates
698 4764 1011 4836 dissipatas,
1042 4782 1162 4836 quae
1188 4767 1551 4822 habitatorem
1580 4781 1689 4820 non
1722 4766 1992 4823 habebant
2019 4768 2115 4823 do-

533 4859 759 4925 minum,
789 4865 845 4913 et
871 4857 1002 4912 dicit
1035 4857 1142 4924 his,
1173 4859 1266 4929 qui
1306 4866 1654 4930 peccatorum
1683 4857 1912 4914 vinculis
1943 4858 2110 4913 strin-

531 4951 795 5023 gebantur
820 4968 832 5004 :
863 4948 1049 5018 Exite,
1078 4949 1205 5019 quia
1251 4948 1472 5006 funibus
1511 4957 1858 5021 peccatorum
1888 4963 2112 5004 suorum

530 5044 902 5116 unusquisque
928 5045 1336 5116 constringitur,
1362 5055 1418 5101 et
1441 5045 1528 5101 his
1551 5045 1645 5115 qui
1673 5045 1934 5101 sedebant
1956 5044 2012 5099 in
2042 5051 2140 5106 te-_

529 5135 736 5202 nebris,
770 5145 825 5191 et
868 5136 1043 5192 lucem
1072 5137 1258 5192 videre
1289 5152 1397 5191 non
1427 5145 1706 5208 poterant,
1734 5136 1848 5192 ait:
1881 5135 2111 5192 Revela-

530 5232 684 5299 miui,
717 5231 772 5286 hi
806 5231 952 5288 enim
980 5245 1170 5286 omnes
1213 5239 1498 5302 postquam
1527 5230 1774 5287 conversi
1807 5229 2029 5295 fuerint,
2055 5235 2112 5285 et

529 5325 735 5381 clarum
767 5323 949 5379 lumen
977 5321 1180 5380 Christi
1209 5323 1541 5395 aspexerint,
1577 5331 1868 5394 pascentur
1908 5323 1964 5377 in
2007 5321 2111 5378 viis

531 5426 584 5471 et
621 5419 827 5474 semitis
873 5433 1153 5474 sacrarum
1199 5417 1624 5487 scripturarum,
1667 5423 1724 5473 et
1752 5413 1971 5473 dicent:
1999 5414 2111 5469 Do-

531 5509 703 5562 minus
727 5510 893 5579 pascit
922 5525 1026 5576 me,
1049 5516 1097 5563 et
1128 5507 1257 5562 nihil
1282 5507 1410 5562 mihi
1450 5506 1630 5573 deerit,
1663 5507 1718 5560 in
1743 5505 1858 5561 loco
1901 5521 2111 5577 pascua:

531 5599 602 5654 ibi
648 5617 729 5655 me
763 5601 1054 5658 collocavit.
1087 5600 1257 5673 Super
1301 5616 1492 5672 aquam
1529 5599 1825 5670 refectionis
1872 5599 2108 5654 educavit

531 5707 612 5745 me
639 5688 812 5763 (Psal.
844 5695 1004 5768 xm).

770 5798 1104 5845 EVANGELIUI
1139 5801 1412 5844 εεωηωι
1446 5800 1651 5852 ιυολιι,
1687 5800 1806 5841 CAP.
1831 5801 1873 5840 ι.

611 5899 631 5934 ι
668 5879 948 5945 Elizabeth
974 5883 1256 5954 impletum
1285 5889 1368 5937 est
1397 5888 1610 5952 tempus
1637 5879 1903 5952 pariendi,
1935 5887 1990 5938 et
2022 5893 2112 5951 pe-

2215 4760 2342 4816 dum
2388 4765 2620 4830 putavit,
2647 4765 2790 4835 quod
2819 4765 3034 4838 plurimi
3073 4768 3336 4825 infantem
3372 4771 3544 4841 patris
3585 4774 3802 4827 nomine

2214 4851 2493 4909 Zachariae
2533 4856 2908 4926 appellandum
2935 4869 3226 4932 putarunt,
3254 4870 3314 4916 ut
3344 4863 3600 4919 advertas
3643 4863 3800 4919 matri

2213 4961 2323 5003 non
2356 4961 2552 5003 nomen
2601 4949 2827 5020 alicujus
2867 4952 3205 5024 displicuisse
3255 4955 3558 5027 degeneris,
3611 4959 3708 5013 sed
3753 4955 3802 5012 id

2213 5048 2403 5096 sancto
2445 5039 2684 5097 infusum
2733 5044 2961 5115 spiritu,
3001 5047 3145 5117 quod
3187 5048 3258 5104 ab
3310 5047 3502 5118 angelo
3533 5057 3665 5104 ante
3700 5047 3799 5102 Za-

2215 5134 2415 5189 chariae
2464 5133 2641 5191 fuerat
2666 5139 3106 5207 praenuntiatum.
3136 5139 3206 5194 Et
3235 5141 3450 5211 quidem
3491 5141 3582 5197 ille
3618 5151 3800 5196 mutus

2214 5225 2468 5284 intimare
2509 5228 2833 5283 vocabulum
2880 5229 2976 5284 ﬁlii
3026 5212 3270 5301 nequivit
3314 5231 3508 5298 uxori,
3560 5232 3660 5286 sed
3705 5246 3800 5302 per

2214 5319 2554 5390 prophetiam
2594 5319 2869 5377 Elisabeth
2897 5321 3116 5390 didicit,
3159 5323 3304 5394 quod
3334 5339 3444 5380 non
3471 5324 3739 5380 didicerat
3767 5339 3798 5377 a

2214 5413 2433 5468 marito.

2284 5499 2354 5556 Et
2379 5502 2622 5559 dixerunt
2653 5503 2721 5560 ad
2757 5505 2925 5574 illam,
2960 5508 3086 5580 quia
3122 5525 3273 5562 nemo
3299 5521 3374 5564 est
3399 5510 3455 5565 in
3487 5512 3799 5581 cognatione

2213 5605 2327 5663 tua,
2354 5596 2444 5668 qui
2470 5606 2676 5652 vocetur
2715 5599 2812 5654 hoc
2858 5601 3083 5656 nomine.
3129 5598 3425 5657 Innuebant
3472 5604 3612 5674 patri
3659 5603 3794 5673 ejus,

2210 5708 2365 5764 quem
2402 5691 2547 5747 vellet
2587 5709 2768 5748 vocare
2791 5709 2929 5761 eum,
2965 5702 3015 5747 et
3037 5693 3308 5765 postulem
3329 5693 3646 5765 pugillarem
3667 5694 3798 5750 scri-

2210 5786 2314 5856 psit
2343 5786 2562 5840 dicens:
2592 5783 2826 5841 Joannes
2865 5794 2942 5861 est
2981 5801 3170 5840 nomen
3197 5786 3333 5852 eius,
3375 5796 3424 5841 et
3465 5789 3648 5842 mirati
3674 5796 3800 5843 sunt

2213 5879 2464 5934 universi.
2491 5875 2723 5934 Joannes
2765 5885 2870 5948 est,
2903 5877 3110 5948 inquit,
3140 5891 3330 5933 nomen
3374 5879 3510 5950 ejus,
3541 5881 3647 5937 hoc
3673 5885 3760 5935 est
