4026 6520
303 436 436 495 385

1147 437 1664 498 COLLECTIONES
1701 439 1772 498 ΙΝ
1807 439 2188 498 EPISTOLAS
2225 439 2316 496 ET
2355 439 2775 500 EVANGELIA.

3476 447 3583 505 586

304 572 434 613 non
473 554 524 612 ei
554 569 656 612 nos
689 570 885 612 nomen
929 555 1274 628 imponimus,
1315 559 1442 631 quia
1465 560 1580 632 jam
1605 575 1637 614 a
1665 561 1776 616 Deo
1801 576 1900 616 no-
1928 561 1982 624 Α
2005 557 2158 628 quasi
2199 558 2471 613 venditam
2499 560 2599 614 sub
2625 567 2850 631 peccato
2879 558 3025 615 unici
3071 559 3167 615 ﬁlii
3193 561 3279 616 sui
3313 563 3578 634 sanguine

305 668 454 708 men
495 650 727 722 accepit,
773 650 936 706 habet
960 651 1276 707 vocabulum
1308 668 1485 719 suum,
1515 653 1656 723 quod
1683 653 1903 724 agnovi-

305 756 450 797 mus
478 755 583 796 non
612 741 752 810 quod
792 740 1074 812 elegimus,
1105 758 1205 798 nec
1229 744 1444 799 mireris
1477 744 1524 799 si
1550 759 1746 800 nomen
1789 761 1906 800 mu-

307 833 449 900 lier,
475 833 617 903 quod
645 848 753 888 non
778 832 983 888 audivit
1009 835 1264 900 asseruit,
1293 836 1508 906 quando
1533 836 1755 906 spiritus
1783 851 1905 891 san-

308 933 468 990 ctus,
497 924 586 994 qui
635 923 825 995 angelo
866 924 1244 990 mandaverat,
1279 925 1557 981 revelavit.
1590 924 1774 995 Neque
1807 941 1904 996 po—

308 1027 471 1074 terat
513 1016 724 1071 Domini
761 1016 1009 1088 ignorare
1045 1020 1426 1088 praanuntium,
1459 1034 1576 1089 quae
1614 1020 1904 1090 propheta-

304 1116 482 1163 verat
512 1106 804 1163 Christum.
840 1107 907 1161 Et
933 1107 1072 1164 bene
1097 1110 1314 1164 additur
1339 1124 1354 1164 :
1381 1108 1520 1174 Quia
1555 1126 1704 1163 nemo
1730 1110 1784 1163 in
1816 1126 1903 1163 co-

305 1200 568 1269 gnatione
588 1197 704 1266 ejus
731 1207 946 1252 vocatur
968 1199 1064 1253 hoc
1084 1201 1310 1268 nomine,
1334 1211 1393 1257 ut
1414 1199 1682 1271 intelligas
1704 1213 1900 1255 nomen

307 1306 431 1345 non
461 1290 676 1361 generis
699 1305 822 1346 esse
840 1331 855 1356 ,
884 1291 980 1346 sed
1005 1291 1168 1347 vatis.

395 1383 646 1452 Apertum
685 1393 760 1437 est
788 1382 929 1437 illico
959 1399 1016 1437 os
1050 1384 1166 1454 ejus
1193 1393 1244 1438 et
1287 1384 1467 1456 lingua
1510 1395 1559 1440 et
1597 1385 1903 1457 loquebatur

310 1471 627 1527 benedicens
656 1472 848 1538 Deum,
873 1483 921 1527 et
952 1473 1124 1542 factus
1151 1482 1225 1528 est
1261 1476 1599 1547 timor‘super
1624 1493 1801 1530 omnes
1829 1476 1904 1530 vi-

310 1565 469 1618 cinos
493 1581 691 1618 eorum.
722 1565 858 1632 Quia
884 1579 986 1618 vox
1007 1563 1288 1621 clamantis
1312 1565 1366 1620 in
1394 1566 1608 1622 deserto
1635 1575 1720 1622 est
1748 1576 1895 1633 nata,

311 1657 519 1711 merito
543 1665 626 1713 est
652 1655 834 1728 lingua
857 1656 1066 1726 parenti
1094 1656 1292 1724 soluta,
1315 1673 1493 1728 neque
1513 1658 1659 1713 enim
1687 1666 1899 1728 patrem

312 1765 349 1802 a
390 1749 638 1805 laudibus
680 1748 841 1804 silere
871 1749 1128 1816 decebat,
1172 1750 1266 1820 qui
1307 1751 1460 1807 verbi
1503 1766 1753 1821 praecone
1793 1751 1898 1806 sibi

315 1850 454 1897 nato
491 1841 776 1913 gaudebat,
817 1841 1012 1912 quippe
1058 1843 1145 1897 cui
1191 1843 1332 1898 labia
1377 1859 1498 1914 qua:
1547 1843 1898 1900 incredulitas

312 1933 592 1999 vinxerat,
617 1932 752 1989 ﬁdes
775 1931 887 2001 jam
916 1932 1092 1988 solvit.
1123 1935 1325 1989 Verum
1353 1935 1468 1991 haec
1508 1935 1672 1991 etiam
1698 1935 1899 2008 allego-
1925 1939 1974 2000 B

315 2027 437 2083 rice
485 2027 532 2082 si
579 2027 702 2097 quis
762 2028 1095 2097 perscrutari
1141 2027 1443 2095 desiderat,
1491 2028 1718 2084 Joannis
1761 2029 1901 2085 cele-

313 2117 479 2173 brata
503 2119 780 2185 nativitas,
803 2120 990 2191 gratiae
1013 2118 1148 2176 Novi
1175 2119 1514 2175 Testamenti
1537 2128 1622 2176 est
1649 2122 1902 2178 inchoata

312 2209 648 2266 sublimitas.
676 2210 774 2266 Cui
798 2211 962 2268 vicini
997 2220 1054 2266 et
1076 2212 1290 2284 cognati
1317 2213 1491 2282 patris
1517 2229 1714 2269 nomen
1737 2230 1902 2284 quam

312 2300 547 2358 Joannis
593 2303 870 2374 imponere
897 2305 1188 2370 malebant,
1221 2307 1346 2375 quia
1387 2304 1590 2371 Judaai,
1632 2307 1724 2376 qui
1767 2306 1901 2376 legis

313 2392 373 2446 ei
414 2394 810 2461 observatione,
839 2394 994 2464 quasi
1023 2393 1283 2450 afﬁnitate
1305 2395 1481 2465 juncti
1523 2404 1700 2460 erant,
1730 2396 1902 2467 magis

311 2482 619 2552 justitiam,
650 2499 769 2555 quae
805 2499 872 2539 ex
899 2484 1017 2556 lege
1043 2493 1148 2552 est,
1179 2487 1399 2552 sectari,
1433 2501 1596 2556 quam
1626 2485 1752 2542 ﬁdei
1782 2502 1904 2559 gra-

315 2575 458 2630 tiam
484 2577 757 2646 suscipere
781 2576 1084 2646 cupiebant.
1115 2576 1221 2632 Sed
1245 2575 1489 2644 Joannis,
1518 2579 1622 2635 hoc
1648 2589 1750 2645 est,
1783 2595 1904 2651 gra-

315 2666 412 2722 tiae
454 2667 554 2723 Dei
579 2668 898 2723 vocabulum
923 2679 1099 2725 mater
1125 2672 1328 2738 verbis,
1353 2679 1508 2743 pater
1537 2672 1735 2728 litteris
1777 2675 1903 2729 inti-

315 2775 474 2816 mare
519 2770 788 2834 satagunt.
817 2763 953 2831 Quia
993 2772 1050 2819 et
1078 2764 1165 2820 lex
1214 2766 1330 2835 ipsa
1358 2767 1659 2838 psalmique
1683 2784 1748 2824 ac
1774 2784 1902 2840 pro-

316 2856 497 2925 pheta:
525 2855 729 2925 apertis
757 2856 1147 2911 sententiarum
1176 2857 1402 2913 vocibus
1439 2860 1672 2930 gratiam
1696 2859 1900 2915 Christi

316 2947 639 3019 przedicant,
666 2956 723 3003 et
757 2949 1120 3004 sacerdotium
1154 2948 1284 3005 illud
1327 2957 1484 3005 vetus
1529 2949 1775 3022 ﬁguratis
1797 2965 1901 3006 ca-

319 3041 687 3096 remoniarum
734 3049 790 3096 et
837 3040 1227 3096 sacriﬁciorum
1272 3041 1481 3097 umbris
1521 3042 1698 3098 eidem
1746 3043 1899 3097 testi-

322 3133 563 3187 monium
591 3133 855 3205 perhibet.
878 3133 1218 3204 Pulchreque
1254 3133 1545 3189 Zacharias
1584 3145 1774 3190 octava
1812 3135 1899 3189 die

320 3226 491 3298 prolis
516 3225 674 3282 edita
699 3226 955 3297 loquitur,
995 3226 1125 3296 quia
1167 3242 1266 3298 per
1301 3226 1514 3282 Domini
1546 3226 1898 3282 resurrectio-

2002 648 2249 706 redemit.
2299 647 2452 716 Quod
2490 650 2618 720 quia
2653 651 2848 706 beatus
2894 651 3183 707 Zacharias
3216 653 3464 722 proxime
3495 651 3584 707 fa-

2002 741 2250 798 ciendum
2312 748 2670 811 cognoverat,
2717 743 3032 813 prophetico
3079 758 3230 800 more
3273 744 3425 816 quasi
3466 743 3583 813 jam

2002 832 2204 891 factum
2233 843 2436 890 narrat.
2467 835 2536 890 Et
2566 835 2860 890 notandum
2889 837 3032 906 quod
3068 837 3318 894 visitasse
3347 844 3402 893 et
3428 837 3586 893 rede-

2000 928 2169 983 misse
2219 927 2429 998 plebem
2487 943 2642 982 suam
2693 927 2912 993 dicitur,
2966 943 3076 983 non
3121 929 3248 998 quia
3296 928 3582 992 videlicet,

2000 1017 2145 1075 hanc
2165 1020 2390 1075 veniens
2418 1035 2572 1075 suam
2602 1019 2827 1085 invenit,
2853 1019 2946 1074 sed
2975 1019 3100 1087 quia
3134 1021 3400 1076 visitando
3429 1033 3586 1075 suam

2000 1107 2151 1175 fecit,
2181 1110 2269 1165 cui
2311 1110 2485 1165 simile
2522 1117 2608 1166 est
2651 1110 2795 1181 quod
2824 1111 2878 1163 in
2919 1109 3336 1166 Proverbiorum
3380 1111 3486 1166 ﬁne
3519 1111 3587 1167 de

1998 1199 2190 1256 eadem
2217 1199 2374 1269 plebe
2413 1209 2699 1256 cantatur:
2734 1199 3010 1254 Mulierem
3051 1200 3239 1270 fortem
3281 1203 3399 1274 quis
3440 1205 3586 1258 inve-

1999 1289 2103 1344 niet
2126 1289 2308 1361 (Prov.
2336 1288 2581 1364 ultimo)?
2607 1290 2793 1362 Neque
2825 1291 2971 1345 enim
3001 1291 3246 1346 eamdem
3277 1293 3582 1358 mulierem,

1998 1377 2252 1434 videlicet
2292 1377 2593 1434 Ecclesiam
2617 1420 2632 1446 ,
2681 1379 2896 1445 fortem,
2929 1379 2983 1434 id
3012 1387 3114 1445 est,
3148 1379 3307 1435 ﬁdem
3337 1381 3587 1437 devotam

2000 1467 2227 1539 invenit,
2264 1470 2360 1524 sed
2390 1471 2494 1526 sibi
2523 1471 2898 1540 desponsando
2942 1469 3136 1527 fortem
3176 1471 3428 1538 reddidit,
3457 1471 3587 1542 quia

1999 1577 2112 1618 sua:
2143 1562 2267 1618 ﬁdei
2291 1562 2624 1619 sublimitate
2652 1561 2901 1634 perfecit.

2149 1761 2219 1818 ΙΝ
2256 1760 2509 1818 VIGILIA
2546 1759 2789 1816 SANCTI
2829 1759 3033 1815 PETRI
3070 1755 3429 1814 APOSTOLI.

2211 1891 2404 1932 LECTIO
2435 1890 2650 1932 ACTUUK
2682 1889 3095 1940 APOSTOLOBUII,
3129 1889 3248 1930 CAP.
3289 1890 3370 1929 lli.

2077 2053 2097 2086 ι
2132 2032 2326 2089 Petrus
2367 2042 2422 2089 et
2449 2031 2686 2088 Joannes
2723 2032 3086 2087 ascendebant
3117 2030 3173 2085 in
3225 2029 3481 2100 templum
3513 2028 3584 2084 ad

2007 2145 2027 2180 ι
2070 2127 2264 2184 horam
2297 2126 2564 2182 orationis
2594 2140 2812 2180 nonam.
2843 2124 2909 2178 Et
2946 2124 3164 2194 quidam
3201 2123 3306 2189 vir,
3333 2123 3426 2192 qui
3466 2128 3587 2177 erat

2007 2238 2026 2274 ι
2071 2220 2294 2276 claudus
2323 2234 2392 2274 ex
2434 2225 2592 2273 utero
2626 2218 2817 2272 matris
2864 2231 2975 2271 sua:
3025 2214 3388 2284 bajulabatur,
3422 2229 3584 2284 quem

2007 2331 2027 2363 ι
2071 2312 2312 2382 quotidie
2337 2312 2610 2381 ponebant
2636 2309 2704 2364 ad
2732 2316 2948 2379 portam
2990 2306 3198 2378 templi,
3230 2321 3350 2376 quae
3386 2305 3586 2360 dicitur

2009 2420 2028 2453 ι
2073 2401 2347 2471 Speciosa,
2367 2408 2426 2454 ut
2445 2408 2656 2469 peteret
2675 2399 3072 2469 eleemosynam
3095 2399 3163 2452 ab
3189 2395 3586 2452 introeuntibus

2009 2512 2028 2546 ‹
2070 2495 2127 2550 in
2156 2493 2432 2564 templum.
2463 2492 2514 2546 ls
2550 2507 2674 2548 cum
2709 2491 2936 2546 vidisset
2964 2489 3182 2545 Petrum
3209 2498 3262 2544 et
3295 2488 3579 2553 Joannem,

2007 2607 2026 2641 ε
2068 2588 2390 2658 incipientes
2418 2586 2642 2641 introire
2677 2585 2734 2640 in
2777 2583 3056 2654 templum,
3085 2582 3309 2654 rogabat
3353 2588 3414 2635 ut
3442 2580 3584 2636 elee-

2007 2700 2027 2733 ι
2070 2697 2353 2754 mosynam
2376 2681 2666 2751 acciperet.
2692 2677 2914 2749 Intuens
2950 2684 3131 2731 autem
3156 2675 3212 2730 in
3237 2690 3360 2730 eum
3390 2674 3584 2729 Petrus

2006 2789 2027 2823 ι
2071 2787 2195 2827 cum
2221 2769 2429 2825 Joanne
2470 2769 2609 2824 dixit
2633 2767 2912 2839 :Respice
2940 2767 2996 2822 in
3031 2781 3149 2821 nos.
3175 2765 3247 2819 At
3280 2765 3372 2818 ille
3404 2764 3582 2819 inten-

2007 2879 2026 2914 ε
2069 2861 2230 2917 debat
2257 2862 2310 2916 in
2339 2876 2452 2926 eos,
2498 2862 2740 2931 sperans
2765 2873 2824 2913 se
2866 2856 3070 2926 aliquid
3117 2863 3467 2924 accepturum
3511 2853 3580 2906 ab

2004 2970 2026 3004 ι
2069 2951 2167 3007 eis.
2196 2952 2388 3008 Petrus
2415 2958 2596 3007 autem
2626 2949 2797 3004 dixit:
2829 2947 3128 3019 Argentum
3152 2952 3208 3001 et
3235 2959 3429 2998 aurum
3474 2956 3582 2997 non

2004 3062 2024 3096 ‹
2065 3052 2149 3100 est
2176 3044 2331 3110 mihi,
2359 3044 2503 3114 quod
2531 3049 2712 3097 autem
2755 3041 2946 3104 habeo,
2980 3041 3085 3096 hoc
3125 3037 3221 3094 tibi
3256 3037 3367 3092 do:
3397 3036 3457 3091 In
3485 3050 3583 3090 no—

2005 3155 2025 3190 σ
2071 3137 2217 3194 mine
2243 3134 2371 3193 Jesu
2399 3136 2599 3192 Christi
2629 3133 2930 3198 Nazaraani,
2982 3145 3142 3201 surge
3165 3138 3221 3185 et
3247 3127 3482 3184 ambula.
3515 3127 3586 3181 Et

2007 3246 2026 3279 ‹
2068 3228 2402 3299 apprehensa
2422 3225 2541 3297 ejus
2577 3240 2738 3280 manu
2765 3223 3010 3287 dextera,
3035 3219 3292 3276 allevavit
3334 3234 3478 3274 eum.
3517 3217 3586 3271 Et

323 3297 468 3385 nem,
492 3335 610 3390 qua:
631 3327 823 3375 octava
845 3321 932 3376 die
952 3328 1076 3389 post
1095 3297 1383 3390 septimam
1404 3321 1612 3376 sabbati
1634 3320 1776 3376 facta
1789 3329 1895 3385 est,
1924 3297 1969 3361 (ἶ
2007 3337 2026 3371 ι
2066 3297 2316 3388 protinus
2351 3317 2698 3374 consolidatae
2737 3322 2863 3370 sunt
2903 3312 3065 3368 bases
3113 3312 3232 3382 ejus
3261 3318 3318 3365 et
3359 3310 3578 3380 plantae,

324 3411 534 3467 occulta
567 3411 853 3467 sacerdotii
879 3410 1067 3482 legalis
1111 3427 1314 3466 arcana
1336 3419 1655 3482 patuerunt,
1689 3411 1897 3482 lingua-

325 3517 432 3573 que
467 3501 781 3573 pontiﬁcum
830 3499 1170 3568 Judacorum,
1219 3517 1382 3572 quam
1423 3500 1732 3556 difﬁdentia:
1782 3502 1898 3557 vin-

325 3595 445 3650 cula
496 3593 863 3661 strinxerant,
902 3593 1269 3663 intelligentiae
1310 3593 1618 3651 rationabili
1646 3601 1733 3650 est
1766 3607 1900 3650 voce

327 3683 522 3740 soluta.

398 3773 469 3829 Et
505 3791 662 3846 super
715 3778 894 3832 omnia
943 3783 1194 3831 montana
1242 3776 1447 3832 Iudaea:
1494 3776 1900 3848 divulgabantur

329 3868 505 3921 omnia
536 3867 689 3922 verba
715 3867 847 3922 ha’c.
885 3866 956 3922 Et
983 3876 1270 3939 posuerunt
1299 3867 1356 3922 in
1391 3868 1548 3922 corde
1585 3884 1680 3921 suo
1717 3867 1897 3921 dicen-

329 3966 403 4012 tes
422 3973 441 4012 :
467 3956 607 4024 Quid
635 3969 785 4029 putas
817 3975 945 4031 puer
964 3960 1062 4014 iste
1094 3959 1212 4025 erit,
1253 3959 1442 4014 etenim
1469 3975 1654 4014 manus
1687 3958 1900 4014 Domini

330 4058 440 4105 erat
470 4067 588 4104 cum
612 4048 727 4106 illo.
755 4051 952 4123 Magna
979 4069 1137 4122 opera
1159 4051 1396 4118 Domini,
1423 4053 1682 4123 exquisita
1707 4051 1763 4105 in
1791 4068 1902 4107 om-

333 4156 419 4195 nes
443 4139 731 4196 voluntates
760 4141 873 4212 ejus
900 4139 1072 4213 (Psal.
1097 4142 1245 4213 cxx).
1273 4142 1412 4198 Ecce
1439 4143 1584 4197 enim
1608 4158 1778 4198 unum
1801 4143 1903 4198 Za-

332 4232 531 4288 chariaa
575 4232 875 4302 silentium,
905 4249 1014 4290 non
1058 4235 1162 4305 ipsi
1206 4243 1416 4290 tantum
1463 4251 1583 4290 cum
1629 4236 1788 4291 datur
1834 4236 1904 4291 ad

331 4337 548 4393 poenam
588 4323 1000 4391 incredulitatis,
1029 4333 1086 4381 et
1125 4327 1338 4397 signum
1378 4326 1632 4382 credendi
1659 4327 1901 4398 proﬁcit,

335 4415 428 4470 sed
469 4424 526 4471 et
556 4431 680 4472 cum
709 4417 969 4483 aufertur,
1007 4433 1196 4474 omnes
1232 4417 1441 4474 vicinos
1479 4416 1597 4487 ejus
1642 4418 1905 4475 miraculo

293 4531 296 4537 ·
335 4523 396 4562 ac
445 4508 641 4564 timore
693 4509 996 4581 stupefacit.
1046 4510 1241 4566 Omnia
1290 4511 1706 4582 circumquaque
1757 4527 1908 4568 mon-

2003 3431 2024 3465 ‹
2066 3420 2122 3467 et
2148 3411 2403 3468 exsiliens
2445 3409 2594 3464 stetit
2622 3416 2678 3463 et
2705 3405 3035 3461 ambulabat.
3073 3403 3143 3458 Et
3183 3402 3409 3457 intravit
3451 3416 3574 3456 cum

2003 3521 2024 3556 ι
2069 3502 2175 3559 illis
2203 3502 2260 3558 in
2287 3500 2564 3572 templum,
2603 3498 2889 3554 ambulans
2914 3503 2971 3552 et
2993 3494 3254 3551 exsiliens
3275 3502 3331 3547 et
3355 3491 3582 3546 laudans

2002 3612 2024 3647 ‹
2065 3592 2258 3648 Deum.
2304 3592 2372 3647 Et
2406 3591 2539 3645 vidit
2567 3605 2691 3645 eum
2717 3588 2893 3644 omnis
2939 3584 3169 3657 populus
3209 3582 3575 3639 ambulantem

2003 3704 2024 3738 ι
2069 3693 2126 3742 et
2153 3683 2463 3740 laudantem
2507 3683 2697 3748 Deum,
2729 3679 3130 3749 cognoscebant
3174 3666 3354 3730 autem
3402 3673 3578 3738 illum,

2004 3796 2024 3830 ι
2066 3778 2321 3848 quoniam
2361 3776 2478 3847 ipse
2521 3783 2670 3838 erat,
2721 3773 2815 3844 qui
2860 3772 2930 3827 ad
2971 3771 3371 3845 eleemosynam
3419 3767 3578 3824 sede-

2005 3887 2026 3922 ‹
2068 3871 2182 3936 bat,
2219 3868 2287 3923 ad
2314 3866 2615 3937 speciosam
2653 3871 2867 3934 portam
2896 3861 3100 3936 templi,
3130 3869 3188 3916 et
3222 3859 3411 3926 repleti
3457 3864 3583 3914 sunt

2005 3980 2024 4015 ‹
2069 3973 2258 4016 omnes
2303 3965 2525 4029 stupore
2564 3963 2620 4013 et
2645 3954 2879 4021 exstasi,
2922 3954 2980 4009 in
3023 3968 3088 4010 eo
3115 3952 3262 4024 quod
3303 3950 3580 4006 acciderat

2006 4069 2025 4104 ι
2071 4049 2171 4106 illi.
2195 4069 2214 4103 ι

2072 4141 2262 4198 Petrus
2281 4149 2331 4196 et
2350 4140 2582 4196 Joannes
2602 4137 2948 4195 ascendebant
2965 4137 3023 4191 in
3043 4133 3290 4205 templum
3310 4133 3380 4186 ad
3400 4132 3586 4186 horam

2001 4236 2256 4292 orationis
2301 4250 2516 4291 nonam.
2557 4232 2802 4303 Apostoli
2847 4243 2990 4286 nona
3033 4227 3168 4282 hora
3209 4223 3467 4294 templum
3503 4223 3586 4277 in-

2001 4327 2262 4401 gressuri,
2291 4328 2468 4398 primo
2491 4326 2740 4382 claudum
2765 4325 2856 4380 diu
2878 4321 3109 4379 debilem
3133 4319 3367 4385 salvant,
3391 4318 3587 4374 deinde

2003 4419 2074 4476 ad
2097 4433 2377 4489 vesperam
2405 4433 2576 4488 usque
2603 4417 2934 4480 laborantes,
2959 4413 3127 4468 multa
3154 4412 3436 4467 hominum
3465 4409 3585 4464 mil-

2002 4511 2074 4566 lia
2123 4510 2292 4565 verbo
2321 4507 2445 4564 ﬁdei
2477 4509 2744 4564 imbuunt.
2783 4507 2920 4575 Quia
2949 4505 3198 4561 doctores
3224 4501 3499 4565 Ecclesia},
3531 4499 3586 4554 in

336 4606 458 4652 tana
503 4597 643 4654 fama
697 4600 811 4654 nati
865 4601 1143 4672 propheta:
1213 4600 1507 4671 profundit.
1559 4600 1758 4656 Omnes
1813 4601 1904 4672 qui
1928 4649 1981 4672 π
2007 4602 2169 4659 ﬁnem
2195 4602 2386 4657 mundi
2409 4601 2705 4666 venientes,
2729 4607 2786 4654 et
2812 4597 3086 4670 languenti
3116 4597 3267 4666 prius
3295 4594 3503 4660 Israeli,
3534 4600 3589 4647 et

1928 4649 1984 4711 D

289 4690 306 4721 ‘-
337 4687 521 4742 audire
552 4696 824 4759 poterant,
858 4689 925 4744 ad
953 4689 1371 4760 perquirendum
1415 4689 1725 4760 diligentius
1751 4691 1905 4760 pueri
1929 4684 2348 4765 ”postmodum
2397 4693 2561 4748 etiam
2624 4690 2909 4762 gentilitati
2964 4689 3279 4758 praedicant.
3327 4684 3402 4740 Hi
3467 4691 3589 4740 sunt

289 4805 302 4822 -
338 4778 425 4848 qui
476 4787 637 4834 natus
681 4789 767 4835 est
796 4781 1014 4837 modum
1050 4786 1356 4851 statumque
1405 4780 1678 4848 sollicitat,
1721 4789 1781 4836 ut
1820 4781 1908 4837 his

285 4889 293 4896 '
340 4875 581 4930 videlicet
646 4883 807 4946 atque
872 4873 1176 4944 hujusmodi
1241 4873 1455 4930 futurus
1509 4874 1713 4931 Christi
1776 4890 1905 4947 pro-

337 4967 494 5037 pheta
530 4966 938 5022 commendetur
977 4967 1254 5037 auspiciis,
1282 4967 1492 5038 iterque
1531 4967 1612 5040 (ut
1650 4967 1728 5022 ita
1757 4968 1908 5024 dixe-

339 5057 471 5132 rim)
499 5059 822 5130 praeursori
865 5058 1112 5116 veritatis
1151 5058 1536 5128 praecurrentia
1578 5059 1732 5129 signa
1763 5073 1904 5131 pra:—

340 5152 514 5207 beant.

404 5244 477 5299 Et
500 5242 790 5300 Zacharias
809 5252 958 5318 pater
983 5245 1098 5315 ejus
1125 5244 1366 5316 impletus
1392 5252 1464 5299 est
1488 5244 1676 5314 spiritu
1699 5251 1902 5310 sancto,

341 5345 382 5390 et
434 5335 755 5407 prophetavit
820 5335 996 5390 dicens
1032 5349 1051 5387 :
1093 5333 1406 5390 Benedictus
1465 5333 1714 5388 Dominus
1763 5333 1905 5388 Deus

341 5425 528 5491 Israel,
543 5427 670 5497 quia
693 5426 920 5481 uisitauit
939 5436 988 5480 et
1016 5425 1138 5495 fecit
1168 5424 1570 5496 redemptionem
1591 5423 1752 5495 plebis
1772 5441 1903 5480 sum.

343 5518 547 5585 Quanta
588 5519 806 5590 superni
832 5518 1073 5573 muneris
1106 5527 1191 5574 est
1212 5519 1457 5586 largitas,
1484 5518 1530 5573 si
1562 5526 1810 5588 prompta
1837 5520 1907 5574 ad

344 5611 708 5682 accipiendum
753 5616 953 5666 nostrae
997 5609 1121 5666 ﬁdei
1167 5610 1240 5666 sit
1281 5610 1653 5681 pietascEcce
1696 5609 1908 5680 loquela

346 5716 458 5772 qua:
481 5701 594 5758 sola
620 5709 706 5758 est
726 5701 906 5757 ablata
937 5699 1217 5767 difﬁdenti,
1243 5715 1366 5755 cum
1397 5701 1588 5770 spiritu
1612 5701 1909 5771 pmphetia:

349 5803 425 5850 est
455 5796 703 5851 restituta
730 5793 990 5851 credenti.
1018 5793 1270 5851 Visitavit
1291 5801 1471 5848 autem
1507 5793 1766 5849 Dominus
1799 5793 1912 5865 ple-

350 5883 468 5943 bem
503 5900 676 5957 suam,
710 5887 865 5960 quasi
903 5885 1062 5960 longa
1105 5886 1419 5944 inﬁrmitate
1446 5884 1833 5955 tabescentem,
1859 5894 1914 5944 et

2005 4782 2144 4836 enim
2169 4781 2415 4853 operarii,
2449 4796 2576 4851 quos
2605 4797 2744 4834 nona
2770 4778 3122 4834 et'undecima
3147 4777 3278 4831 hora
3303 4775 3360 4829 in
3383 4776 3588 4830 vineam

2005 4871 2389 4946 paterfamilias
2412 4871 2614 4926 inducit
2641 4869 2857 4944 (Matth.
2884 4868 3000 4941 xx).

2077 4974 2149 5029 Et
2175 4975 2390 5047 quidam
2419 4974 2516 5039 vir,
2552 4974 2643 5045 qui
2685 4981 2798 5028 erat
2834 4972 3054 5028 claudus
3099 4988 3165 5027 ea:
3207 4979 3357 5025 utero
3399 4966 3585 5023 matris

2005 5085 2139 5136 siue,
2179 5067 2532 5140 bajulabatur.
2577 5065 2714 5134 Quia
2761 5065 2994 5138 populus
3044 5064 3208 5122 Israel
3257 5079 3365 5120 non
3410 5059 3585 5117 solum

2005 5159 2236 5216 Domino
2263 5159 2544 5214 incarnato
2566 5157 2747 5228 (Joan.
2771 5157 2852 5231 x),
2877 5156 2971 5213 sed
2995 5173 3026 5212 a
3050 5156 3240 5228 primis
3260 5153 3425 5208 etiam
3447 5148 3585 5219 legis

2008 5249 2342 5320 temporibus
2369 5248 2510 5304 data:
2557 5248 2775 5304 rebellis
2821 5248 3064 5314 exstitit,
3109 5245 3266 5317 quasi
3313 5257 3382 5298 ex
3425 5246 3586 5294 utero

2007 5343 2198 5398 matris
2226 5341 2450 5398 claudus
2483 5339 2605 5407 fuit,
2647 5341 2791 5412 quod
2835 5341 2974 5396 bene
3008 5339 3174 5394 Jacob
3218 5349 3343 5391 cum
3393 5329 3584 5403 angelo

2008 5435 2265 5501 luctante,
2293 5434 2576 5490 benedicto
2610 5435 2857 5504 quidem,
2885 5433 2982 5489 sed
3012 5429 3348 5488 claudicante
3385 5425 3587 5498 ﬁgura-

2009 5533 2117 5592 tur,
2144 5525 2271 5597 quia
2299 5525 2529 5596 populus
2559 5525 2788 5580 Domino
2816 5524 2872 5578 in
2901 5523 3150 5594 passione
3178 5517 3500 5590 pravalens,
3527 5515 3587 5572 in

2006 5615 2324 5686 quibusdam
2353 5630 2449 5685 per
2474 5615 2636 5671 ﬁdem
2663 5614 3005 5680 benedictus,
3033 5613 3088 5667 in
3113 5609 3435 5682 quibusdam
3456 5620 3588 5665 vero

2008 5714 2093 5762 est
2119 5722 2217 5778 per
2250 5703 2624 5762 inﬁdelitatem
2654 5705 2899 5761 claudus.
3480 5699 3490 5716 '

2082 5797 2249 5866 Quem
2288 5798 2546 5872 ponebant
2573 5798 2804 5872 quotidie
2841 5806 2962 5854 ante
3004 5806 3209 5870 portant
3249 5793 3426 5868 templi
3468 5809 3586 5868 qua

2009 5889 2203 5945 dicitur
2223 5889 2492 5964 Speciosa,
2515 5897 2618 5949 etc.
2643 5889 2808 5948 Porta
2837 5889 3021 5963 templi
3049 5888 3304 5962 Speciosa
3327 5888 3590 5946 Dominus
