4026 6520
486 422 594 487 387

1771 416 2127 480 SMARAGD!
2161 410 2456 477 ABBATIS

3671 397 3783 469 388

407 510 417 581 ἲ
483 549 588 607 est,
613 553 898 611 perquam
926 538 976 595 si
1002 536 1125 609 quis
1150 534 1442 604 introierit,
1474 534 1793 594 salvabitur.
1816 534 1901 593 Ad
1925 534 2069 593 hanc
2094 534 2149 605 Α
2171 536 2293 599 ret,
2337 535 2395 593 et.
2440 526 2558 584 haec
2599 523 2717 582 sola
2763 528 2822 599 et.
2872 533 3004 583 vera
3041 526 3131 580 est
3166 518 3421 592 probatio
3463 519 3678 597 integri
3726 522 3782 585 in
3804 503 3824 533 '

483 638 700 703 portam
743 630 936 688 debilis
958 629 1121 686 lsrael
1153 628 1236 685 ire
1261 642 1372 684 non
1411 626 1620 693 valens,
1650 626 1804 699 legis,
1835 625 2073 697 prophe-

483 730 776 794 tarumque
803 722 1027 777 vocibus
1055 718 1300 786 affertur,
1325 728 1386 776 ut
1414 721 1484 779 ab
1519 719 1949 791 ingredientibus
1982 717 2069 772 in—

484 814 687 872 teriora
717 812 998 884 sapientia:
1024 810 1148 867 fidei
1186 811 1471 869 audienda:
1496 812 1754 882 deposcat
1782 808 2069 877 auxilium.

486 905 579 977 qui
607 904 864 960 vaticinia
900 902 1242 969 futurorum,
1285 903 1442 973 quasi
1484 903 1554 960 ad
1600 910 1817 973 portam
1866 907 2074 982 ponunt

486 996 783 1052 auditores.
812 994 924 1051 Sed
950 994 1103 1051 Petri
1127 1003 1211 1052 est
1243 994 1299 1052 in
1327 995 1586 1066 templum
1629 994 1945 1066 perducere,
1981 992 2073 1053 cui

481 1102 583 1160 pro
610 1086 959 1144 confessione
1004 1085 1157 1155 forti,
1188 1094 1244 1143 et
1286 1101 1584 1156 cognomen
1611 1093 1781 1158 petra
1807 1092 1865 1145 et
1890 1083 2075 1145 claves

485 1179 609 1236 cali
637 1187 768 1235 sunt
803 1177 966 1234 datae.

556 1271 844 1345 Argentum
870 1278 923 1326 et
963 1286 1156 1325 aurum
1191 1286 1296 1325 non
1325 1278 1403 1327 est
1445 1268 1598 1329 mihi.
1630 1266 1831 1323 Habuit
1856 1267 2075 1338 quidem

482 1372 639 1423 vetus
682 1363 1097 1420 tabernaculum
1129 1360 1547 1431 justilicationes
1586 1359 1837 1425 culture,
1861 1367 1918 1415 et
1945 1374 2076 1415 san.

485 1465 634 1519 ctum
661 1453 919 1511 smculare
945 1469 1080 1510 auro
1103 1460 1437 1524 argentoque
1462 1450 1803 1515 distinctum,
1831 1449 1930 1505 sed
1961 1463 2077 1505 me-

486 1547 635 1609 tallis
674 1546 811 1618 legis
841 1545 1062 1615 sanguis
1104 1542 1382 1615 Evangelii
1437 1540 1731 1613 pretiosior
1760 1539 1990 1600 emicat,
2022 1544 2081 1595 et

484 1640 716 1714 populus
751 1639 870 1707 ille,
900 1640 990 1708 qui
1041 1646 1169 1693 ante
1200 1645 1422 1693 auratos
1466 1645 1651 1707 postes
1692 1642 1874 1689 mente
1914 1632 2079 1688 debili

481 1732 749 1804 iacuerat,
792 1732 848 1789 in
883 1731 1104 1791 nomine
1139 1728 1386 1786 cruciﬁxi
1413 1727 1673 1793 salvatus,
1706 1725 1964 1797 templum
1994 1739 2079 1779 re—

490 1823 585 1899 gni
628 1822 865 1881 cmlestis
912 1821 1215 1895 ingreditur
1243 1820 1430 1894 (Hebr.
1455 1819 1575 1891 vn).
1608 1816 1861 1890 Alioquin
1891 1818 2080 1872 beatus

2172 623 2402 687 Domino
2451 620 2677 687 amoris,
2722 618 2769 679 si
2806 631 2937 691 erga
2980 615 3180 678 fratres
3245 614 3517 677 studueris
3575 630 3781 674 curam

2155 714 2387 772 solliciti
2449 727 2708 770 exercere
2762 709 2984 767 laboris.
3038 707 3173 765 Nam
3228 707 3542 779 quicunque
3610 707 3782 767 fratri

2171 816 2309 877 opus
2354 804 2594 876 pietatis,
2620 801 2766 873 quod
2800 800 2943 859 valet
2988 796 3321 872 impendere,
3360 798 3621 871 negligit,
3678 800 3784 859 mi-

2171 912 2276 955 nus
2320 895 2468 967 juste
2519 910 2580 951 se
2630 893 2970 955 conditorem
3023 891 3247 963 diligere
3296 891 3568 967 ostendit,
3620 893 3785 963 cujus

2173 988 2427 1053 mandata
2471 987 2528 1042 in
2572 985 2929 1047 sustentanda
2969 983 3205 1058 proximi
3252 984 3585 1049 necessitate
3642 999 3781 1043 con-

2175 1082 2392 1139 temnit.

2244 1173 2386 1233 Dicit
2408 1172 2457 1228 ei
2482 1173 2674 1231 iterum
2695 1184 2715 1224 :
2741 1168 2927 1229 Simon
2948 1164 3198 1235 Joannis,
3226 1181 3376 1221 amas
3415 1165 3538 1227 me?
3563 1175 3623 1225 at
3650 1166 3780 1222 ille:

2174 1261 2377 1330 Etiam,
2412 1263 2661 1330 Domine,
2686 1272 2743 1317 tu
2769 1264 2872 1317 scis
2899 1262 3026 1335 quia
3049 1277 3170 1321 amo
3200 1270 3269 1316 te.
3303 1260 3492 1321 Simon
3536 1276 3784 1333 namque

2180 1357 2466 1424 obediens,
2493 1356 2733 1417 Joannes
2763 1357 2967 1419 dicitur
3001 1356 3098 1413 Dei
3134 1356 3334 1428 gratia,
3356 1364 3413 1411 et
3446 1363 3686 1427 proptgr
3721 1371 3784 1410 ea

2177 1460 2327 1510 recte
2355 1451 2564 1522 primus
2609 1450 3008 1524 apostolorum.
3039 1465 3165 1511 cum
3213 1449 3281 1513 de
3324 1463 3512 1509 amore
3542 1464 3657 1511 suo
3703 1464 3786 1507 re-

2179 1546 2430 1616 quiritur,
2463 1544 2650 1603 Simon
2677 1544 2927 1612 Joannis.
2956 1544 3012 1603 id
3036 1552 3126 1601 est
3155 1543 3420 1611 obediens
3457 1544 3557 1608 Dei
3604 1545 3782 1615 gratia

2178 1643 2429 1703 vocatur,
2473 1644 2535 1693 ut
2586 1635 2793 1707 liquido
2837 1636 3051 1695 cunctis
3091 1636 3411 1698 ostendatur
3456 1637 3592 1704 hoc.
3641 1637 3784 1706 quod

2180 1728 2383 1800 majore
2411 1743 2525 1799 prae
2563 1729 2778 1785 caeteris
2805 1712 3112 1787 obedientia
3163 1727 3262 1785 Dei
3303 1727 3474 1799 jussis
3527 1726 3786 1798 obsequi-

2180 1830 2290 1887 tur,
2321 1822 2465 1892 quod
2494 1822 2794 1889 ardentiori
2816 1821 2967 1881 illum
2994 1820 3265 1883 charitete
3299 1819 3661 1892 amplectitur
3681 1834 3786 1879 non

486 1913 705 1981 Petrus,
732 1914 1001 1970 Dominici
1030 1928 1240 1967 memor
1264 1911 1543 1983 praecepti,
1570 1924 1675 1979 quo
1699 1908 1900 1964 dicitur
1929 1926 1942 1962 :
1970 1906 2081 1961 Νο-
2104 1903 2154 1977 Β
2180 1913 2400 1979 humani
2446 1914 2628 1970 meriti
2646 1955 2661 1980 ,
2704 1913 2801 1975 sed
2828 1913 3071 1970 muneris
3112 1929 3238 1970 esse
3272 1913 3469 1973 divini.
3500 1911 3685 1977 caute
3725 1926 3787 1973 ac

487 2005 577 2062 lite
605 2007 871 2079 possidere
908 2022 1100 2061 aurum
1124 2014 1175 2061 et
1224 2014 1496 2075 argentum
1537 2002 1758 2076 (Matth.
1784 2000 1868 2073 x),
1914 2014 2081 2070 pecu-

487 2098 638 2154 niam
667 2112 830 2170 quam
859 2098 929 2154 ad
946 2098 1113 2168 pedes
1136 2095 1505 2168 apostolorum
1527 2094 1821 2165 ponebant,
1837 2107 1944 2149 non
1974 2091 2079 2153 sibi

491 2190 815 2255 recondere,
844 2189 941 2247 sed
970 2189 1042 2245 ad
1065 2203 1196 2244 usus
1220 2202 1542 2258 pauperum,
1570 2184 1666 2256 qui
1687 2200 1789 2254 sua
1816 2182 2081 2256 patrium-.-

491 2281 584 2336 uia
615 2280 967 2350 reliquerant,
995 2294 1279 2337 reservare
1307 2278 1536 2333 solebat.

563 2371 636 2425 Et
664 2372 986 2444 apprehensa
1014 2387 1174 2429 manu
1215 2370 1332 2440 ejus
1373 2368 1620 2439 dextera,
1650 2365 1891 2425 allevavit
1926 2380 2076 2431 sum,

489 2471 600 2519 etc.
626 2462 799 2530 Quem
828 2463 995 2519 verbo
1021 2463 1200 2533 erigit,
1242 2461 1389 2521 hunc
1415 2460 1582 2517 etiam
1609 2460 1833 2529 dextera
1861 2456 2081 2515 confor-

492 2560 592 2620 tat,
619 2553 749 2624 quia
776 2568 958 2619 sermo
991 2552 1256 2618 docentis,
1284 2552 1341 2611 in
1369 2551 1536 2607 corde
1558 2551 1870 2609 auditorum
1894 2548 2077 2615 minus

489 2644 667 2714 valet,
698 2646 745 2703 si
773 2661 885 2705 non
931 2646 1098 2705 etiam
1133 2643 1371 2715 propriae
1410 2640 1639 2711 actionis
1671 2639 2083 2715 commendetur

495 2738 779 2810 exemplis.

562 2830 635 2886 Et
662 2830 908 2888 miliens
926 2830 1066 2887 stetit
1086 2838 1136 2887 st
1163 2828 1468 2887 ambulabat
1495 2836 1544 2885 st
1572 2825 1786 2895 intravit
1820 2838 1940 2881 cum
1972 2820 2081 2887 illis

490 2924 549 2978 tu
573 2922 843 2992 templum.
872 2924 1019 2981 Ordo
1045 2923 1399 2996 perfectionis
1421 2920 1691 2992 egregius,
1728 2918 1906 2990 primo
1932 2915 2084 2977 illum

494 3029 783 3087 resurgere
807 3016 902 3087 qui
927 3015 1196 3086 iacuerat,
1223 3014 1419 3075 deinde
1446 3013 1693 3084 arripere
1719 3012 1999 3077 virtutem,
2028 3016 2085 3067 et

494 3110 577 3168 sic
604 3113 759 3184 regni
781 3111 1009 3182 januam
1035 3129 1163 3170 etim
1188 3111 1447 3183 apostolis
1472 3112 1700 3169 intrare.

565 3203 635 3258 Et
662 3204 863 3276 impleti
910 3215 1036 3261 sunt
1070 3215 1285 3278 stupore
1331 3214 1380 3260 et
1423 3203 1643 3273 exstasi,
1668 3209 1776 3259 etc.
1824 3200 2084 3263 Exstasin

2179 2008 2484 2072 temperate
2506 2010 2564 2057 et
2592 2000 2824 2072 simplici
2852 2015 2987 2059 voce
3014 2000 3130 2057 ait:
3163 2000 3409 2068 Domine,
3434 2008 3498 2065 tu
3528 1999 3638 2054 scis
3663 2000 3785 2070 quia

2178 2108 2301 2157 amo
2327 2101 2404 2160 te,-
2439 2091 2583 2162 quod
2624 2102 2710 2148 est
2736 2099 2921 2163 aperte
2964 2092 3168 2158 dicere,
3197 2089 3324 2146 Scio
3351 2090 3480 2162 quia
3525 2096 3609 2157 te,
3640 2100 3705 2146 ut
3734 2098 3785 2149 tu

2180 2183 2378 2242 melius
2406 2184 2572 2250 nosti,
2598 2183 2813 2256 integro
2839 2184 3005 2241 corde
3034 2183 3220 2254 diligo,
3245 2199 3410 2254 quam
3437 2198 3571 2247 vero
3602 2191 3666 2240 te
3692 2183 3778 2249 ali

2178 2277 2430 2351 diligant,
2461 2277 2597 2334 mihi
2624 2277 2848 2348 quidem
2874 2276 3119 2350 ignotum
3139 2317 3155 2345 ,
3181 2276 3279 2336 sed
3305 2276 3404 2343 tibi
3432 2285 3567 2339 sunt
3595 2277 3784 2336 omnia

2178 2382 2334 2431 nota.

2255 2465 2610 2523 Contristatus
2631 2474 2710 2525 est
2744 2462 2957 2531 Petrus,
2988 2465 3117 2537 quia
3146 2464 3282 2523 dixit
3304 2465 3355 2521 si
3386 2472 3468 2523 ter
3493 2480 3656 2527 antas
3683 2465 3785 2529 use!

2178 2558 2253 2619 Et
2276 2559 2404 2617 dicit
2434 2560 2521 2615 ei:
2545 2559 2790 2627 Domina,
2822 2568 2883 2618 tu
2909 2560 3089 2619 omnia
3125 2559 3251 2624 scis,
3281 2567 3340 2613 tu
3366 2560 3472 2623 scis
3492 2559 3629 2631 quia
3669 2575 3783 2621 amo

2179 2658 2255 2717 te,
2283 2649 2411 2711 dicit
2437 2650 2484 2707 ei
2507 2666 2527 2706 :
2566 2646 2736 2709 Posce
2765 2666 2929 2722 agnos
2958 2666 3120 2713 meos.
3164 2648 3395 2713 Provida
3444 2659 3639 2709 autem
3677 2651 3785 2722 pio-

2181 2750 2294 2801 tate
2323 2741 2585 2799 Dominus
2614 2742 2775 2803 tertio
2804 2742 3024 2808 Petrum
3055 2757 3127 2797 an
3152 2758 3213 2799 se
3240 2741 3433 2814 diligat
3459 2742 3780 2814 interrogat,

2179 2840 2243 2899 ut
2276 2832 2393 2903 ipsa
2438 2832 2583 2889 trina
2625 2832 2964 2899 confessione
3004 2833 3241 2902 vincula,
3269 2848 3392 2905 qua:
3422 2833 3516 2893 ille
3560 2843 3652 2890 ter
3696 2849 3785 2893 ns-

2180 2924 2361 2995 gando
2386 2923 2595 2996 ligavit,
2621 2924 2887 2991 absolvat,
2921 2932 2978 2987 et
3007 2924 3224 2995 quoties
3252 2925 3483 2999 territus
3511 2924 3642 2996 ejus
3668 2940 3784 2997 pas-

2178 3015 2357 3082 sione,
2385 3031 2492 3086 qua
2538 3015 2690 3073 illum
2734 3030 2898 3079 nosse
2940 3024 3276 3088 negaverat,
3326 3016 3491 3085 toties
3538 3029 3785 3073 resurre-

2184 3106 2367 3165 ctione
2394 3112 2633 3174 creatus,
2655 3105 2802 3177 quod
2828 3104 2982 3167 illum
3009 3112 3126 3163 toto
3149 3113 3297 3163 amet
3323 3106 3491 3165 corde
3531 3114 3780 3163 testatur.

2186 3198 2298 3269 Sed
2340 3199 2444 3254 hoc
2488 3197 2696 3268 pastori
2746 3206 2831 3255 est
2863 3196 2974 3257 tixo
3018 3198 3183 3273 corde
3231 3199 3552 3266 tenendum,
3584 3208 3649 3263 ut
3698 3213 3785 3259 eos

500 3310 759 3369 pauorem
788 3297 939 3353 dicit.
965 3297 1101 3352 Nam
1130 3295 1236 3353 alio
1266 3295 1428 3352 modo
1457 3296 1659 3352 dicitur
1680 3292 1936 3359 exstasis,
1967 3306 2092 3349 cum
2118 3282 2163 3347 Ε
2194 3293 2392 3363 quibus
2452 3298 2682 3363 pricest,
2737 3307 2847 3351 non
2890 3291 3051 3365 quasi
3096 3307 3226 3355 suos
3266 3293 3543 3367 proprios,
3588 3293 3690 3366 sed
3732 3298 3784 3347 ut

504 3402 683 3456 mens,
713 3404 822 3445 non
850 3404 1053 3462 pavore
1077 3390 1371 3457 alienatur,
1398 3389 1496 3447 sed
1522 3388 1707 3459 aliqua
1733 3387 2093 3459 inspiratione

501 3488 601 3537 aut
621 3481 951 3538 revelatione
981 3483 1300 3539 assumitur.

846 3588 1185 3629 EVANGELHJI
1211 3587 1446 3637 JOANNIS,
1476 3586 1598 3627 CAP.
1626 3585 1755 3629 υιτ.

574 3682 596 3717 s
630 3662 781 3720 Dixit
809 3650 970 3721 Iesus
1015 3666 1217 3720 Petro:
1250 3664 1438 3721 Simon
1479 3661 1725 3729 Joannis,
1771 3659 1953 3733 diligis
2002 3674 2091 3715 me

502 3771 524 3807 ι
565 3753 688 3826 plus
721 3756 843 3811 his?
871 3756 1015 3811 Dicit
1050 3755 1103 3810 ei
1133 3771 1148 3809 :
1190 3755 1391 3821 Etiam,
1431 3753 1679 3820 Domine,
1724 3761 1782 3808 tu
1808 3752 1918 3811 scis
1961 3751 2091 3823 quia

503 3863 526 3900 ι
570 3862 695 3903 amo
722 3855 799 3903 te.
842 3847 1063 3912 Dicit,ei
1089 3864 1104 3901 :
1139 3847 1310 3903 Pasce
1337 3862 1505 3917 agnos
1532 3861 1704 3903 meos.
1742 3845 1889 3903 Dicit
1912 3845 1966 3905 ei
1992 3845 2090 3901 ite-

502 3953 524 3989 ι
570 3950 728 3993 rum:
762 3938 950 3995 Simon
979 3936 1221 4003 Joannis,
1250 3936 1430 4009 diligis
1457 3937 1579 3993 me?
1618 3935 1711 3993 Ait
1746 3934 1824 3991 illi
1849 3953 1863 3988 :
1887 3934 2085 3998 Etiam,

506 4046 525 4079 ι
567 4028 813 4093 Domine,
840 4037 897 4083 tu
923 4029 1031 4084 scis
1052 4028 1178 4100 quia
1206 4043 1330 4083 amo
1354 4035 1426 4083 te.
1455 4027 1599 4083 Dicit
1619 4027 1703 4082 ei:
1729 4026 1900 4084 Pasce
1919 4040 2091 4096 agnos

501 4137 521 4172 ι
566 4134 734 4176 meos.
769 4118 909 4175 Dicit
954 4120 1003 4175 ei
1044 4120 1250 4174 tertio:
1284 4117 1475 4175 Simon
1505 4116 1754 4185 Joannis,
1786 4132 1939 4177 amas
1964 4117 2090 4182 me?

501 4229 522 4265 ε
563 4213 631 4269 Et
676 4214 1032 4272 contristatus
1069 4206 1154 4269 est
1198 4212 1415 4279 Petrus,
1450 4214 1578 4284 quia
1604 4213 1745 4271 dixit
1786 4214 1837 4271 ei
1884 4211 2086 4271 tertio:

502 4324 523 4359 s
565 4304 701 4373 Quia
722 4320 875 4360 amas
898 4321 1006 4371 me,
1031 4314 1087 4361 et
1114 4306 1248 4361 dicit
1271 4305 1320 4359 ei
1346 4323 1363 4360 θ
1386 4305 1634 4370 Domine,
1664 4313 1725 4360 tu
1746 4304 1931 4370 omnia
1952 4302 2087 4369 scis,

504 4414 523 4447 ι
566 4404 623 4451 tu
652 4398 763 4451 scis
803 4397 928 4466 quia
962 4412 1088 4452 amo
1123 4405 1193 4452 te.
1238 4397 1382 4452 Dicit
1425 4396 1513 4452 ei:
1552 4395 1719 4451 Pasce
1757 4410 1887 4453 oves
1916 4409 2085 4451 meas.

504 4508 525 4540 s
570 4488 765 4554 Amen,
796 4486 978 4553 amen,
1009 4490 1130 4544 dico
1160 4488 1279 4555 tibi,
1303 4504 1427 4544 cum
1450 4505 1600 4546 esses
1624 4490 1809 4559 junior
1832 4490 2090 4561 cingebas

506 4596 526 4630 ι
570 4589 646 4645 te,
673 4588 730 4634 et
755 4580 1069 4635 ambulabas
1091 4580 1183 4637 ubi
1207 4581 1449 4645 volebas,
1472 4596 1597 4636 cum
1619 4589 1799 4639 autem
1820 4583 2086 4648 scnueris,

488 4687 523 4727 l
571 4670 832 4724 extendes
861 4685 1054 4726 manus
1084 4677 1224 4733 tuas,
1270 4678 1327 4725 et
1359 4670 1499 4725 alius
1529 4680 1585 4725 te
1610 4670 1811 4740 cinget,
1841 4679 1900 4729 et
1928 4670 2091 4728 ducet

502 4775 524 4810 ι
567 4774 675 4831 quo
721 4773 830 4814 non
874 4760 974 4814 vis.
1040 4760 1157 4817 Hoc
1201 4771 1384 4817 autem
1430 4761 1570 4816 dixit
1616 4761 1934 4833 significans
1980 4778 2090 4835 qua

506 4870 525 4905 ι
571 4859 747 4908 morte
773 4852 1167 4927 clarificaturus
1192 4862 1339 4910 esset
1365 4853 1588 4909 Deum»

570 4942 726 4998 Dixit
746 4941 906 4999 Iesus
930 4940 1092 5001 Petro
1114 4959 1134 5001 .'
1164 4945 1351 5002 Simon
1375 4945 1624 5012 Joannis,
1657 4946 1836 5017 diligis
1854 4963 1939 5009 me
1968 4947 2112 5019 plus.

495 5033 625 5090 Itis?
666 5033 809 5089 Dicit
851 5036 898 5089 ei
921 5052 940 5090 .'
971 5033 1151 5090 Etiam
1182 5035 1425 5102 Domine,
1468 5046 1527 5091 tu
1560 5037 1665 5091 scis
1690 5038 1819 5108 quia
1849 5054 1973 5107 ante
2014 5048 2086 5093 te.

496 5124 766 5184 Virtutem
792 5126 950 5184 nobis
970 5125 1231 5198 perfectae
1256 5128 1566 5189 dilectionis
1594 5145 1837 5200 praesens
1864 5129 2080 5185 Domini

472 5224 672 5280 mostri
717 5223 1073 5296 interrogatio
1099 5222 1359 5290 ostendit,
1390 5223 1631 5294 perfecta
1673 5223 1819 5279 enim
1860 5223 2081 5281 dilectio

494 5323 601 5380 est,
630 5331 738 5387 qua
785 5314 1079 5373 Dominum
1104 5331 1173 5372 ex
1220 5323 1334 5373 toto
1375 5316 1563 5383 corde,
1594 5322 1707 5372 tota
1734 5315 1937 5382 anima,
1964 5322 2084 5379 tota

496 5406 716 5472 νίτωιθ,
744 5407 1055 5478 proximum
1100 5415 1284 5467 autem
1331 5414 1589 5476 tanquam
1629 5422 1734 5464 nos
1782 5405 1932 5477 ipso;

492 5512 627 5569 gere
673 5498 957 5569 iubemur,
998 5507 1058 5556 et
1100 5508 1296 5556 neutra
1344 5498 1540 5557 barum
1588 5497 1807 5555 dilectio
1842 5497 1963 5567 sine
1996 5497 2082 5553 al-

498 5597 618 5643 tera
661 5589 835 5655 valet,
875 5599 969 5648 aut
1012 5597 1103 5651 est
1147 5588 1390 5662 perfecta
1410 5628 1426 5657 ,
1462 5588 1591 5658 quia
1638 5604 1742 5645 nec
1785 5589 1928 5645 Deus
1954 5602 2084 5645 vere

499 5679 618 5737 sine
652 5682 921 5752 proximo,
958 5697 1060 5739 nec
1096 5682 1215 5740 sine
1260 5682 1374 5739 Deo
1415 5695 1546 5738 vere
1583 5688 1767 5752 potest
1798 5681 2083 5751 prosimus

499 5775 696 5832 amari.

572 5865 711 5922 Dicit
741 5866 829 5923 ei:
861 5865 1028 5925 Pasce
1068 5883 1229 5940 agnos
1274 5878 1434 5925 ησσον.
1482 5865 1563 5925 Ac
1608 5866 1657 5923 si
1703 5873 1887 5936 aperte
1932 5866 2080 5925 dioe-

2190 3382 2406 3459 Domini
2448 3384 2532 3439 sui
2565 3397 2790 3457 gregem
2827 3376 3065 3440 tractare
3110 3383 3444 3453 meminerit,
3464 3382 3629 3458 juxta
3657 3382 3785 3440 illud

2188 3474 2334 3544 quod
2376 3472 2540 3530 Petro
2567 3472 2804 3529 dicitur:
2843 3470 2907 3527 Si
2936 3472 3114 3545 diligis
3151 3489 3252 3539 me,
3284 3490 3440 3545 pasce
3468 3490 3589 3535 ores
3618 3490 3781 3535 meos.

2191 3562 2369 3635 1⁸43³8,
2411 3562 2618 3635 inquiin
2650 3578 2759 3621 non
2800 3569 2943 3628 mas:
2985 3576 3138 3623 meas
3182 3561 3283 3641 tibi
3324 3578 3459 3625 OYCS
3502 3579 3782 3627 commen-

2192 3657 2344 3714 datas
2382 3658 2512 3721 scio,
2545 3664 2601 3711 et
2645 3656 2745 3711 has
2786 3655 2942 3726 quasi
2991 3669 3143 3711 meas
3181 3669 3393 3726 regere,
3422 3656 3470 3711 si
3521 3671 3615 3729 me
3661 3672 3783 3728 per-

2188 3753 2332 3813 fecte
2374 3768 2529 3821 amas
2563 3751 2763 3819 recole,
2813 3758 2876 3819 ut
2918 3764 3098 3811 meam
3149 3750 3489 3821 videlicetin
3538 3752 3624 3811 eis
3667 3751 3783 3823 glo-

2189 3847 2362 3914 riam,
2400 3859 2581 3905 meum
2629 3844 2960 3912 dominium,
3002 3858 3127 3909 mea
3170 3844 3323 3900 lucra
3366 3859 3478 3911 non
3524 3851 3627 3903 tua
3664 3858 3785 3917 pm-

2188 3936 2311 4009 pria
2338 3951 2575 4006 queres.

2260 4026 2371 4098 (Ea:
2392 4024 2556 4097 vulg.)
2601 4024 2830 4095 Dilectio
2857 4024 3179 4097 ampliorem
3205 4040 3369 4097 quam
3400 4040 3558 4083 amor
3587 4027 3785 4087 retinet

2190 4121 2530 4192 qualitatem,
2556 4128 2613 4177 et
2640 4119 2763 4177 ideo
2790 4120 3002 4177 dicente
3031 4119 3301 4185 Domino:
3328 4117 3515 4178 Simon
3534 4119 3781 4185 Joannis,

2190 4213 2368 4283 diligis
2397 4229 2500 4279 me,
2528 4227 2635 4266 non
2661 4227 2828 4268 ausus
2853 4223 2936 4267 est
2963 4211 3160 4270 Petrus
3187 4211 3345 4271 fateri
3391 4211 3706 4271 dilectionis
3730 4224 3785 4269 se

2190 4301 2393 4361 habere
2437 4316 2765 4367 mensuram,
2805 4300 2899 4359 sed
2950 4301 3229 4359 humiliter
3269 4298 3561 4373 profitetur
3600 4312 3783 4359 amare

2190 4412 2272 4457 δε.
2306 4395 2566 4466 Superior
2598 4396 2745 4452 enim
2775 4394 2949 4451 amori
2980 4394 3199 4450 dilectio
3226 4394 3516 4465 reperitur.
3542 4392 3783 4463 Denique

2192 4487 2356 4543 tertia
2408 4486 2767 4557 appellatione
2823 4486 3080 4542 Dominus
3128 4487 3474 4555 interrogans
3524 4484 3780 4549 Petrum,

2193 4576 2320 4646 quia
2368 4591 2476 4633 non
2518 4577 2660 4631 sicut
2701 4576 2978 4646 prioribus
3020 4576 3232 4633 vicibus
3280 4577 3489 4633 duabus
3534 4576 3782 4639 dixerat,

2190 4669 2392 4747 diligis,
2429 4670 2526 4726 sed
2558 4686 2706 4725 amas
2740 4686 2855 4737 me,
2909 4670 3267 4729 contristatus
3309 4679 3393 4727 est
3438 4669 3659 4737 Petrus,
3692 4681 3783 4725 cur

2191 4761 2248 4819 in
2294 4763 2457 4818 tertia
2502 4762 2930 4833 interrogatione
2985 4778 3093 4819 non
3154 4762 3394 4829 dixerit,
3434 4760 3617 4831 diligis
3666 4776 3779 4826 me,

2184 4855 2286 4913 sed
2326 4870 2479 4911 amas
2506 4870 2616 4922 me,
2644 4856 2789 4911 velut
2832 4854 2948 4925 jam
2976 4871 3081 4912 non
3121 4855 3190 4911 de
3218 4855 3435 4911 sublimi
3467 4855 3664 4912 ordine
3705 4854 3782 4911 di-

2190 4945 2473 5013 lectionis,
2504 4946 2597 5002 sed
2654 4946 2723 5003 de
2766 4944 3028 5011 inferiore
3074 4946 3279 5007 amoris
3321 4946 3498 5018 gratia
3542 4960 3781 5017 percun-

2188 5044 2390 5113 uatis.

2262 5128 2428 5183 Amen
2463 5144 2614 5183 amen
2649 5128 2769 5184 dico
2811 5130 2925 5197 tibi,
2961 5146 3081 5185 cum
3124 5148 3262 5186 esses
3294 5130 3498 5202 junior,
3537 5129 3781 5201 cingebat

2180 5227 2256 5285 ts,
2296 5228 2347 5274 et
2390 5218 2703 5279 ambulabat
2754 5221 2844 5281 ubi
2884 5221 3115 5291 volebas,
3143 5239 3262 5281 cum
3302 5232 3480 5291 autem
3523 5224 3778 5287 senueris,

2181 5316 2467 5373 extendens
2508 5333 2698 5374 manus
2740 5327 2884 5385 tuas,
2932 5328 2985 5379 st
3032 5320 3185 5381 alius.
3211 5329 3264 5379 te
3302 5321 3470 5391 cinget
3510 5330 3561 5377 et
3600 5321 3776 5385 ducet,

2184 5427 2288 5484 quo
2323 5418 2384 5465 tu
2416 5428 2522 5467 non
2554 5412 2650 5467 vis.
2698 5412 2780 5469 Ac
2826 5414 2876 5471 si
2923 5422 3176 5486 patenter
3218 5414 3649 5483 dicatzouanta
3694 5432 3778 5473 me

2187 5504 2455 5561 citat-itaut
2481 5504 2696 5576 diligas,
2725 5506 2855 5564 hinc
2893 5508 3190 5580 aliquando
3216 5508 3497 5580 probabis,
3521 5524 3650 5568 cum
3680 5524 3778 5581 pro

2184 5594 2536 5666 parvulorum
2564 5611 2810 5656 meorum
2829 5601 2941 5656 vita
2962 5601 3032 5658 ad
3051 5608 3283 5659 mortem
3308 5600 3569 5659 certando
3590 5613 3779 5675 perre-

2186 5688 2359 5756 neris,
2388 5696 2452 5745 ut
2476 5697 2536 5745 et
2564 5689 2647 5745 illi
2683 5690 2740 5747 in
2767 5704 2994 5763 corpore
3018 5692 3232 5764 possint
3266 5693 3476 5762 pariter
3511 5701 3570 5751 et
3597 5700 3777 5753 mente

2188 5776 2422 5844 salvari,
2452 5778 2571 5848 ipse
2599 5786 2875 5837 tormenta
2912 5779 3159 5852 corporis
3192 5780 3400 5848 nuntia,
3429 5796 3550 5852 qua
3578 5782 3775 5843 advor-

2186 5868 2394 5929 sarium
2429 5868 2672 5942 inﬂigere
2697 5872 2849 5939 libet,
2876 5871 3009 5933 forti
3050 5871 3251 5945 mentis
3278 5873 3585 5949 constantia
3636 5874 3773 5934 tole-
