4026 6456
255 418 370 480 389

1080 418 1598 480 COLLECTIONES
1626 418 1697 478 IN
1732 412 2111 480 EPISTOLAS
2148 418 2238 478 ET
2277 420 2695 481 EVANGELIA.

3404 422 3511 485 390

257 537 432 594 rabis.
456 534 515 591 In
539 534 853 592 extensione
872 534 1018 601 enim
1044 551 1299 599 manuum
1327 537 1645 607 positionem
1672 552 1841 601 mem.
1866 537 1919 601 Α
1940 526 2011 591 ad
2052 534 2390 607 supplicium,
2435 545 2490 593 et
2529 553 2653 594 cum
2698 538 3026 595 ducerentur
3065 539 3124 594 in
3159 539 3267 607 via,
3300 520 3513 614 rogavit

256 631 489 689 brorum
536 630 674 700 ejus,
730 645 834 701 qua
862 630 1008 686 cruci
1039 638 1157 685 erat
1186 627 1450 703 aptandus
1481 630 1734 687 insinuat.
1781 627 1840 684 In

255 725 534 781 cinctione
571 725 794 782 alterius
828 725 1226 796 impositionem
1258 722 1615 793 vinculorum,
1643 724 1869 794 quibus‘

254 833 289 873 a
317 824 666 888 persecutore
699 826 819 873 erat
843 817 1109 875 arcendus
1136 815 1410 888 exprimit,
1458 813 1515 869 ln
1544 812 1701 870 ducto
1732 830 1839 884 quo

255 908 454 975 nollet,
480 908 651 978 ipsam
680 907 873 967 mortis
907 923 970 963 ac
998 907 1265 978 passionis
1300 905 1655 962 acerbitatem
1702 904 1841 960 indi-

255 1009 371 1063 cat,
404 1015 567 1071 quam
597 1000 891 1070 corporalis
920 999 1035 1071 ejus
1064 998 1352 1055 inﬁrmitas
1378 996 1654 1065 horrebat,
1686 998 1842 1070 cujus

256 1090 429 1145 animi
452 1091 679 1149 ﬁrmitas
710 1090 1006 1162 spiritualis
1039 1090 1200 1158 etiam
1233 1086 1461 1159 adversa
1497 1106 1597 1163 pro
1623 1089 1840 1145 domino

255 1176 549 1240 laetabatur
592 1189 787 1237 cuncta
834 1179 1094 1251 perferre.
1152 1176 1271 1235 Non
1317 1181 1463 1237 enim
1507 1178 1840 1235 voluntatem

256 1286 441 1333 suam,
474 1271 568 1331 sed
591 1270 923 1335 voluntatem
950 1270 1229 1344 quaerebat
1259 1268 1375 1339 ejus
1412 1272 1504 1343 qui
1537 1270 1685 1327 misit
1713 1284 1838 1327 eum

256 1359 530 1425 Christus.

336 1452 452 1511 Hoc
496 1464 671 1523 autem
710 1454 862 1523 dixit,
904 1453 1204 1526 signiﬁcans
1244 1472 1349 1526 qua
1388 1463 1553 1509 morte
1579 1452 1841 1525 clari/ica-

242 1558 413 1614 _turus
448 1557 577 1602 esset
599 1547 788 1613 Deum,
833 1542 1159 1604 Clariﬁcavit
1203 1549 1401 1619 quippe
1429 1547 1624 1611 Petrus
1658 1556 1837 1605 morte

259 1656 363 1696 sua
410 1624 618 1707 Deum.
652 1638 869 1711 quando
918 1642 1019 1695 hoc
1071 1640 1271 1699 indicio
1314 1641 1525 1697 cunctis
1574 1649 1837 1710 quantum

260 1728 407 1787 Deus
439 1737 583 1789 esset
614 1727 891 1797 colendus,
928 1730 1295 1800 amandusque
1339 1731 1677 1798 monstravit,
1711 1730 1838 1785 dum

260 1821 379 1893 ipse
407 1822 531 1881 data
568 1821 789 1907 optione
826 1820 1011 1889 mallet
1044 1822 1223 1877 crucis
1263 1822 1445 1878 subire
1483 1830 1835 1889 tormentum,

261 1931 426 1985 quam
462 1932 494 1970 a
519 1906 757 1981 cmlestis
786 1915 934 1983 verbi
964 1915 1347 1987 prtedicatione
1386 1931 1619 1973 cessare.
1863 1906 1911 1971 Β

596 2047 667 2103 ΙΝ
707 2048 953 2103 NATALI
992 2047 1241 2105 SANCTI
1276 2047 1501 2104 PETRI.

452 2178 647 2222 LBCTIO
686 2181 901 2223 ACTUUII
940 2180 1343 2232 Αροετοιοιιωι,
1382 2180 1502 2222 CAP.
1541 2181 1640 2221 XII.

340 2301 359 2335 ι
405 2276 550 2338 Misit
575 2281 816 2338 Herodes
846 2297 939 2337 rex
964 2298 1177 2345 manus.
1207 2290 1265 2337 ut
1296 2280 1555 2355 allligcret
1580 2283 1840 2352 quosdam

268 2392 287 2425 ε
334 2372 404 2430 de
417 2373 679 2429 Ecclesia.
706 2373 917 2430 Occidit
947 2382 1123 2437 autem
1146 2373 1405 2433 Jacobum
1428 2374 1653 2440 fratrem
1679 2373 1842 2429 Joan-

268 2483 288 2514 s
334 2465 422 2519 nis
459 2463 653 2535 gladio.
706 2464 910 2523 Vitlens
953 2472 1133 2519 autem
1175 2465 1300 2534 quia
1336 2464 1577 2536 placeret
1616 2463 1836 2532 Judteis,

267 2573 290 2607 ι
336 2556 587 2625 apposuit
636 2556 1043 2624 apprehendere
1087 2564 1140 2610 et
1174 2555 1416 2610 Petrum.
1452 2555 1625 2625 Erant
1661 2564 1840 2610 autem

269 2662 290 2696 ο
337 2644 454 2700 dies
486 2655 820 2716 azymorum.
852 2645 1022 2712 Quem
1050 2660 1173 2701 cum
1202 2646 1662 2719 apprehendisset,
1694 2647 1843 2701 misit

269 2756 289 2791 ι
331 2736 387 2793 in
426 2750 727 2804 carcerem,
768 2736 1095 2808 tradensque
1129 2746 1363 2809 quatuor
1392 2736 1841 2808 quaternionibus

271 2849 290 2883 ι
336 2830 567 2899 militum
616 2831 681 2886 ad
730 2829 1180 2897 custodiendum,
1228 2830 1411 2887 volens
1464 2840 1589 2903 post
1637 2830 1841 2902 pascha

272 2941 292 2975 ι
337 2924 632 2994 producere
661 2938 784 2979 eum
813 2924 1029 2994 populo.
1082 2924 1149 2979 Et
1173 2920 1366 2978 Petrus
1396 2922 1614 2994 quidem
1651 2938 1840 2978 serva-

273 3036 292 3069 ‹
337 3018 497 3073 batur
535 3018 590 3073 in
617 3033 855 3083 carcere,
888 3017 1063 3077 oratio
1103 3025 1285 3072 autem
1316 3015 1477 3085 ﬁebat
1510 3016 1625 3071 sine
1664 3017 1838 3071 inter-

273 3130 291 3162 ι
335 3110 593 3168 missione
635 3110 703 3165 ab
730 3110 975 3167 Ecclesia
1014 3111 1079 3166 ad
1108 3110 1277 3166 Deum
1307 3124 1406 3181 pro
1443 3126 1529 3166 eo.
1562 3108 1697 3165 Cum
1747 3124 1841 3164 au-

1941 616 2230 697 Jacobum,
2265 628 2381 684 dari
2422 628 2525 684 sibi
2561 628 2964 697 remissionem;
3000 632 3055 686 at
3096 630 3185 688 ille
3220 644 3511 704 parumper

1942 719 2278 788 deliberans,
2309 719 2422 776 Pax
2456 719 2579 788 tibi,
2609 721 2820 792 inquit,
2853 731 2907 779 et
2935 724 3211 782 osculatus
3246 734 3333 783 est
3362 741 3506 794 eum,

1941 821 1995 868 et
2019 812 2095 868 ita
2123 813 2280 869 ambo
2314 813 2474 869 simul
2508 813 2685 884 capite
2710 814 2854 885 plexi
2878 825 3024 872 sunt.
3057 836 3077 872 ο

2011 903 2347 976 Tradensque
2398 914 2628 976 quatuor
2669 908 3096 978 quaternionibus
3142 912 3405 981 militum,
3455 922 3513 970 et

1940 995 2165 1065 reliqua.
2224 994 2379 1051 Sicut
2416 997 2662 1052 centurio
2700 1007 2938 1064 centum,
2966 1001 3042 1055 ita
3068 1006 3355 1076 quaternio
3377 1019 3511 1076 qua-

1902 1146 1911 1157 .
1941 1093 2062 1140 tuor
2086 1087 2187 1141 sub
2211 1101 2269 1141 se
2293 1086 2493 1159 milites
2514 1080 2770 1144 habebat.

2008 1172 2367 1249 Percussoque
2413 1176 2575 1234 latere
2600 1176 2748 1234 Petri
2784 1180 3030 1235 excitauit
3065 1198 3204 1249 eum,
3231 1192 3337 1240 etc.
3383 1184 3515 1242 Per-

1939 1272 2120 1328 cussio
2158 1272 2368 1340 lateris,
2399 1275 2838 1330 commemoratio
2873 1276 3142 1346 passionis
3170 1277 3371 1333 Christi
3407 1289 3510 1347 est,

1938 1368 2005 1424 de
2045 1366 2199 1445 cujus
2234 1367 2457 1425 vulnere
2517 1369 2662 1426 salus
2701 1378 2887 1427 nostra
2934 1371 3223 1443 prduxit,
3260 1381 3317 1430 et
3360 1376 3516 1431 nobis

1938 1468 2153 1533 quoque
2194 1476 2572 1532 pressurarum
2608 1473 2798 1521 catena
2843 1452 3093 1534 retentis,
3129 1467 3236 1524 tale
3267 1467 3515 1527 solatium

1939 1554 2055 1626 ipse
2087 1557 2268 1613 reddit
2306 1557 2581 1627 apostolus
2605 1557 2817 1623 Petrus,
2847 1560 3071 1615 dicens:
3110 1558 3316 1615 Christo
3354 1562 3518 1633 igitur

1936 1660 2090 1717 passo
2112 1646 2166 1701 in
2188 1662 2364 1713 carne,
2389 1656 2436 1701 et
2464 1664 2549 1702 vos
2568 1649 2749 1704 eadem
2770 1650 3085 1720 cogitatione
3108 1653 3409 1707 armdmini.

2008 1737 2339 1809 Prtecingere
2374 1747 2423 1794 et
2458 1738 2625 1795 calcia
2656 1751 2704 1795 te
2725 1741 2924 1813 caligas
2951 1753 3089 1798 tuas.
3132 1743 3201 1798 Et
3232 1742 3376 1814 fecit,
3410 1751 3515 1801 etc.

1936 1830 2005 1887 Et
2028 1832 2324 1907 prophetas
2362 1839 2419 1887 et
2454 1831 2728 1902 apostolos
2762 1834 2993 1905 cingulis
3027 1848 3156 1891 usos
3188 1834 3356 1891 luisse
3382 1835 3518 1907 legi-

1939 1940 2079 1990 mus,
2113 1923 2268 1997 cujus
2317 1923 2420 1979 sibi
2445 1922 2642 1981 Petrus
2692 1926 2981 1997 ligamenta
3020 1936 3241 1998 propter
3285 1928 3520 1999 rigorem

1938 2017 2177 2073 carceris
2210 2017 2277 2072 ad
2301 2018 2493 2072 horam
2537 2017 2835 2083 laxaverat,
2866 2026 2927 2074 ut
2958 2019 3138 2074 tunica
3183 2018 3327 2074 circa
3357 2020 3521 2091 pedes

1940 2104 2194 2179 demissa,
2234 2108 2402 2182 frigus
2436 2111 2609 2166 noctis
2646 2119 2919 2184 utcunque
2960 2120 3307 2189 temperaret,
3340 2126 3525 2169 exem-

1938 2202 2085 2275 plum
2116 2202 2364 2273 praebens
2412 2201 2664 2267 iullrmis,
2694 2204 2775 2259 vel
2806 2216 2929 2259 cum
2956 2196 3201 2260 molestia
3231 2204 3522 2275 corporali,

1940 2293 2025 2349 vel
2061 2293 2255 2365 injuria
2304 2301 2576 2350 tentemur
2603 2296 2862 2363 humana,
2908 2296 3071 2353 licere
3113 2295 3271 2371 nobis
3321 2297 3525 2368 aliquid

1941 2386 2009 2445 de
2055 2385 2227 2442 nostri
2272 2386 2535 2457 prepositi
2581 2388 2760 2458 rigore
2797 2387 3001 2444 laxare.
3040 2388 3110 2443 Et
3147 2391 3274 2458 quia
3319 2384 3525 2447 dictum

1941 2406 2009 2445 ue
2055 2406 2227 2442 nosu'l
2272 2406 2535 2457 proposui
2581 2406 2760 2458 rigore
2798 2406 3001 2444 taxare.
3040 2406 3110 2443 LI.
3186 2406 3274 2445 tua
3319 2406 3525 2447 oletum

1941 2482 2059 2533 eSt:
2086 2474 2208 2531 Sint
2241 2476 2403 2531 lumbi
2436 2479 2592 2532 vestri
2612 2481 2878 2549 prcecincti
2909 2478 3060 2552 (Luc.
3088 2406 3212 2553 IIS,
3244 2491 3293 2534 et
3315 2480 3525 2535 calciati

1940 2576 2093 2647 pedes
2130 2577 2184 2631 in
2214 2578 2651 2649 prwparationem
2684 2575 2956 2649 Evangelii
2992 2580 3138 2648 pacis
3182 2576 3399 2650 (Ephes.
3422 2574 3521 2647 γι),

1942 2673 2293 2742 spiritualiter
2313 2673 2574 2728 virtutum
2605 2672 2862 2744 verbique
2885 2670 3212 2746 prasdicandi
3242 2678 3520 2745 resumere

1935 2762 2191 2837 iubemur
2221 2764 2473 2837 insignia.

2021 2835 2283 2913 Venerunt
2311 2835 2381 2911 ad
2408 2864 2615 2935 portam
2638 2854 2887 2937 ferream,
2918 2865 3036 2929 qua
3066 2856 3211 2911 ducit
3244 2854 3313 2910 ad
3342 2855 3525 2911 civita-

1940 2959 2081 3017 tem,
2121 2962 2239 3020 quae
2278 2945 2418 3003 ultro
2462 2956 2643 3020 aperta
2676 2956 2754 3002 est
2794 2948 2907 3027 eis,
2950 2954 3056 3006 etc.
3117 2946 3357 3021 Angusta
3415 2948 3526 3004 imo

1942 3042 2117 3098 ferrea
2145 3049 2265 3097 erat
2287 3047 2465 3115 porta,
2490 3057 2611 3112 quae
2635 3041 2780 3109 ducit
2806 3039 2872 3099 ad
2895 3036 3194 3096 Jerusalem
3224 3038 3525 3107 ctelestcm,

1941 3136 2037 3191 sed
2076 3134 2441 3207 apostolorum
2467 3134 2709 3207 vestigiis
2743 3134 2902 3207 nobis
2922 3133 3037 3207 jam
3069 3132 3209 3191 facta
3254 3142 3337 3191 εει
3380 3148 3525 3191 mea-

272 3225 290 3257 ι
339 3215 447 3261 tem
475 3205 852 3303 prodycwms
871 3220 995 3303 eun}
1026 3214 1170 3303 esse}
1197 3203 1460 3303 Herodes,
1493 3203 1699 3303 it}__ipsa
1740 3218 1839 3303 n_0-
1870 3271 1913 3303 ρ
1943 3203 2203 3295 ι›ίιίε,’ὶιιιί
2232 3224 2493 3296 sanguine
2519 3203 2999 3303 proprio-lernam
3021 3225 3274 3301 vicerunt
3303 3225 3523 3292 oStium,

272 3322 291 3356 ι
336 3311 423 3359 cte
457 3271 577 3358 erat
603 3271 798 3359 Petrus
824 3299 1099 3357 dormiens
1138 3296 1280 3354 inter
1305 3299 1441 3367 duos
1468 3271 1688 3363 milites,
1724 3296 1841 3350 vin-
1870 3271 1914 3334 ε

272 3415 290 3451 ι
334 3403 457 3457 ctus
494 3392 701 3453 duabus
754 3393 994 3459 catenis,
1046 3400 1102 3447 et
1144 3390 1396 3447 custodes
1458 3395 1585 3443 ante
1640 3386 1840 3442 ostium

271 3504 290 3537 ι
336 3482 713 3540 custodiebant
758 3498 1055 3545 carcerem,
1109 3486 1163 3537 et
1211 3494 1337 3535 ecce
1378 3479 1597 3550 angelus
1624 3477 1841 3545 Domini

271 3595 292 3627 ι
338 3576 540 3645 astitit,
576 3582 634 3643 et
668 3570 851 3649 lumen
889 3573 1100 3631 refulsit
1135 3573 1191 3628 in
1230 3571 1537 3633 babitaculo
1582 3572 1838 3638 carceris,

272 3687 291 3719 ι
334 3682 703 3739 percussoque
746 3650 917 3722 latere
957 3665 1103 3721 Petn’
1155 3667 1415 3720 excitavit
1454 3672 1579 3720 eum
1621 3664 1837 3721 dicens:

271 3778 291 3813 ι
338 3760 511 3832 Surge
538 3752 812 3825 velociter.
840 3758 904 3813 Et
936 3758 1247 3812 ceciderunt
1267 3764 1469 3811 calcnze
1490 3755 1557 3811 de
1592 3755 1842 3811 manibus

272 3871 290 3904 ι
337 3851 473 3920 ejus.
509 3850 652 3905 Dixit
681 3858 857 3905 autem
888 3848 1108 3921 angelus
1134 3849 1199 3903 ad
1230 3864 1351 3904 eum
1381 3866 1394 3903 :
1423 3848 1759 3918 Prtecingere
1788 3854 1843 3903 et

271 3960 290 3991 ι
332 3938 502 3996 calcia
526 3948 576 3995 te
599 3940 801 4010 caligas
825 3949 964 3993 tuas.
996 3937 1204 3993 Etlecit
1228 3940 1324 3993 sic.
1352 3937 1419 3992 Et
1439 3938 1573 3991 dixit
1594 3937 1701 3991 illi:
1726 3936 1845 3992 Cir-

272 4050 292 4082 ‹
337 4028 533 4091 cumda
576 4031 673 4087 tibi
711 4032 1090 4095 vestimentum
1123 4036 1307 4096 tuum,
1365 4037 1419 4085 ct
1467 4043 1695 4098 sequere
1730 4044 1839 4084 me.

271 4144 292 4177 ι
335 4122 406 4179 Et
429 4124 614 4179 exiens
634 4118 958 4193 sequebatur
972 4138 1093 4177 eum
1126 4131 1179 4178 et
1200 4123 1473 4177 nesciebat
1502 4123 1627 4192 quia
1657 4136 1844 4178 verum

273 4232 292 4267 ι
338 4220 441 4277 est,
476 4211 617 4291 quod
638 4212 799 4268 liehat
818 4226 914 4283 per
944 4212 1216 4283 angelum,
1245 4213 1548 4267 mstimabat
1577 4220 1757 4267 autem
1786 4224 1845 4268 se

272 4324 292 4356 ι
338 4304 513 4361 visum
540 4304 739 4360 videre.
788 4303 1153 4358 Transeuntes
1194 4313 1374 4358 autem
1406 4306 1634 4374 primam
1672 4312 1727 4359 et
1755 4319 1843 4359 se-

273 4414 293 4448 ι
340 4395 571 4451 cundam
599 4395 922 4467 custodiam,
946 4405 1211 4449 venerunt
1242 4387 1307 4449 ad
1338 4403 1549 4465 portam
1578 4394 1809 4451 ferream
1828 4438 1843 4462 ,

274 4508 294 4541 ι
339 4503 458 4560 quae
495 4488 644 4543 ducit
680 4486 747 4542 ad
776 4486 1054 4542 civitatem
1083 4500 1201 4556 quae
1242 4486 1383 4540 ultro
1409 4494 1593 4558 aperta
1632 4494 1715 4541 est
1740 4487 1840 4541 eis.

210 4581 222 4613 ³
274 4599 295 4633 ι
340 4582 407 4637 Et
427 4587 686 4641 exeuntes
710 4578 1281 4650 processeruntvicum
1300 4577 1570 4631 unum.Et
1589 4576 1846 4632 continuo

275 4694 295 4729 ι
341 4674 591 4733 discessit
625 4670 847 4743 angelus
884 4670 950 4725 ab
980 4685 1064 4725 eo.
1103 4668 1384 4725 EtPetrns
1413 4671 1479 4723 ad
1508 4683 1567 4725 se
1592 4683 1846 4725 reversus

274 4788 295 4822 ι
341 4766 480 4824 dixit
508 4784 521 4820 :
551 4763 706 4821 Nunc
742 4764 855 4820 scio
878 4776 1027 4829 vere,
1060 4763 1185 4833 quia
1216 4762 1365 4816 misit
1396 4760 1654 4816 Dominus
1682 4776 1845 4831 ange-

275 4882 294 4914 s
336 4852 451 4917 lum
482 4873 662 4923 suum,
689 4863 745 4911 et
772 4855 968 4925 eripuit
1004 4868 1092 4909 me
1129 4853 1197 4909 de
1222 4868 1383 4907 manu
1407 4852 1657 4917 llerodis,
1692 4859 1747 4907 et
1779 4849 1848 4906 de

276 4972 297 5005 ς
340 4952 488 5007 omni
519 4948 927 5018 exspectatione
953 4946 1127 5016 plebis
1155 4943 1482 5000 Iudaeorum.
1522 4961 1542 4996 ι

346 5042 491 5101 Misit
532 5038 767 5103 Herodes
809 5055 899 5093 rea:
938 5054 1161 5102 manus,
1214 5046 1272 5091 ut
1310 5035 1551 5107 afﬂigeret
1592 5033 1848 5106 quosdam

269 5136 335 5191 de
360 5132 614 5195 Ecclesia.
665 5128 765 5204 (Ex
814 5128 1094 5200 Josepho.)
1158 5126 1313 5183 Hunc
1371 5126 1637 5180 Herodem
1686 5124 1848 5179 tertio

270 5228 482 5288 Claudii
512 5210 676 5291 anno,
708 5224 788 5281 sui
812 5234 941 5277 vero
961 5223 1113 5294 regni
1144 5220 1393 5292 septimo,
1420 5217 1489 5274 ab
1512 5218 1704 5290 angelo
1725 5232 1850 5291 per-

271 5335 513 5381 cussum,
547 5323 737 5372 narrat
760 5313 1005 5369 historia.

346 5408 549 5465 Occidit
572 5415 745 5463 autem
759 5403 1016 5461 Iacobum
1039 5402 1256 5472 fratrem
1276 5401 1503 5456 Joannis
1522 5399 1721 5471 gladio,
1742 5409 1848 5456 etc.

274 5501 377 5574 (Ex
407 5497 597 5573 Beda.)
642 5496 719 5551 De
764 5496 867 5549 hoc
911 5492 1112 5549 Jacobo
1160 5491 1409 5548 Clemens
1456 5488 1854 5547 Alexandrinus

272 5590 556 5649 historiam
576 5580 873 5657 quamdam
901 5585 1115 5656 dignam
1141 5585 1403 5639 memoria
1432 5583 1618 5639 refert.
1642 5600 1661 5636 σ
1692 5584 1761 5640 Et
1785 5586 1852 5653 is,

274 5683 475 5757 inquit,
504 5682 595 5755 qui
626 5679 897 5736 obtulerat
932 5692 1057 5731 eum
1079 5676 1249 5748 judici
1293 5676 1360 5731 ad
1388 5678 1708 5747 martyrium
1738 5676 1853 5747 (Ja-

278 5777 473 5831 cobum
504 5769 732 5843 scilicet)
772 5776 949 5823 motus
994 5767 1157 5821 etiam
1204 5766 1337 5837 ipse,
1366 5764 1649 5821 confessus
1683 5774 1769 5822 est
1797 5781 1856 5823 se

283 5882 407 5923 esse
431 5863 817 5923 Christianum.
849 5860 1005 5917 Ducti
1046 5865 1175 5916 sunt
1222 5864 1404 5914 autem
1457 5856 1619 5914 ambo
1650 5859 1856 5931 pariter

1870 4631 1925 4693 D

2067 3422 2385 3490 Ecrreagquid
2406 3429 2581 3476 mirum
2596 3428 2639 3477 si
2664 3416 2845 3490 ceduth
2864 3427 2984 3490 ostia
3008 3416 3160 3490 Petro

2067 3466 2385 3553 basem;
2406 3466 2639 3553 sint};
2658 3466 3298 3553 EJEiBEEEEEﬁuiit'lnta,

2066 3552 2397 3612 [ealeataque
2421 3562 2525 3599 suae
2546 3550 2732 3600 faciens
2756 3554 2977 3603 retinere
2997 3563 3253 3605 cacumen.

2070 3613 2322 3664 Inlernum
2347 3626 2584 3675 superare
2604 3612 2768 3676 jubet.

2016 3709 2084 3764 Et
2109 3708 2301 3775 Petrus
2330 3708 2400 3764 ad
2435 3725 2491 3764 se
2525 3723 2760 3771 reversus
2800 3707 2958 3769 dixit.
2994 3707 3052 3771 ω
3078 3715 3182 3775 est,
3220 3722 3253 3765 a
3282 3716 3527 3777 contem-

1943 3800 2197 3874 plationis
2223 3800 2458 3857 culmine
2488 3800 2556 3855 ad
2587 3800 2692 3861 hoc
2724 3813 3031 3873 regressus,
3060 3800 3205 3873 quod
3230 3799 3286 3865 in
3314 3799 3527 3859 intelle-

1943 3904 2034 3950 ctu
2070 3892 2343 3949 communi
2372 3902 2428 3949 et
2450 3891 2604 3962 prius
2624 3890 2747 3949 fuit.

2018 3984 2073 4040 Ν
2076 4003 2175 4040 una
2195 3986 2304 4043 scio
2327 4000 2465 4049 vere,
2479 3983 2605 4055 quia
2629 3982 2770 4051 misit
2795 3980 3050 4039 Dominus
3072 3976 3325 4051 Angelum
3346 3997 3524 4050 suum,

1944 4089 1991 4136 et
2015 4079 2205 4150 eripuit
2238 4093 2321 4131 me
2349 4076 2415 4130 de
2447 4092 2607 4131 manu
2631 4074 2883 4139 Herodis,
2912 4081 3018 4129 etc.
3053 4072 3206 4139 Quod
3238 4072 3529 4143 unusquis—

1944 4188 2051 4243 que
2100 4179 2344 4229 nostrum
2387 4169 2585 4227 habeat
2629 4166 2898 4236 angelum,
2925 4173 2983 4219 et
3023 4165 3080 4221 in
3123 4163 3262 4221 libro
3290 4150 3529 4227 Pastoris

1944 4272 2003 4319 et
2043 4264 2095 4317 in
2126 4261 2309 4317 multis
2336 4267 2539 4315 sanctae
2562 4246 2857 4329 Scriptum
2888 4255 3024 4315 locis
3054 4255 3347 4321 invenitur.
3391 4254 3525 4311 Nam

1944 4364 2002 4411 et
2014 4354 2274 4409 Dominus
2298 4352 2365 4405 de
2382 4349 2653 4421 parvulis:
2672 4347 2880 4418 Angeli,
2906 4347 3103 4418 inquit,
3131 4362 3311 4409 eorum
3328 4362 3530 4418 semper

1945 4445 2119 4502 vident
2143 4444 2335 4515 faciem
2365 4442 2530 4513 patris
2565 4442 2664 4497 mei
2706 4438 2921 4509 (Matth.
2948 4435 3128 4508 xviii).
3170 4432 3236 4503 Et
3270 4424 3438 4491 Jacob
3466 4436 3530 4501 de

1944 4551 2006 4592 se
2035 4534 2312 4604 loquitur:
2344 4530 2571 4602 Angelus
2611 4530 2701 4601 qui
2736 4528 2870 4583 eruit
2917 4543 2997 4582 me
3039 4527 3104 4581 de
3143 4527 3341 4582 cunctis
3377 4525 3528 4581 malis

1951 4625 2107 4700 (Gen.
2175 4608 2387 4697 ιινιιιῖ.
2446 4622 2512 4691 Et
2558 4620 2648 4677 hic
2696 4608 2942 4693 discipuli
2992 4610 3529 4691 angelum‘apostoii

1952 4718 2101 4776 Petri
2128 4716 2313 4773 venire
2339 4712 2651 4769 credebant.

2256 4842 2590 4884 Ενλκϐειιωι
2633 4839 2915 4890 ΙΑΤΙἮΕΙ,
2953 4839 3072 4883 αλιι.
3113 4840 3224 4880 XVI.

2032 4953 2052 4989 ι
2094 4932 2256 4991 Venit
2283 4928 2442 4986 Iesus
2471 4929 2532 4984 in
2560 4936 2747 5001 partes
2772 4927 3034 4985 Caesarea:
3060 4926 3314 4998 Philippi,
3350 4934 3409 4983 et
3450 4927 3528 4981 in-

1962 5048 1982 5081 s
2024 5025 2321 5098 terrogavit
2347 5021 2640 5093 discipulos
2678 5034 2807 5077 suos
2845 5020 3032 5075 dicens
3068 5034 3084 5073 :
3125 5018 3299 5087 Quem
3346 5018 3533 5075 dicunt

1963 5139 1982 5173 ι
2026 5118 2275 5175 homines
2316 5128 2438 5170 esse
2487 5111 2656 5168 ﬁlium
2700 5109 2986 5167 hominis?
3028 5109 3099 5165 At
3134 5109 3217 5166 illi
3252 5109 3530 5171 dixerunt,

1962 5228 1982 5262 ‹
2024 5209 2114 5264 alii
2171 5205 2433 5263 Joannem
2485 5203 2800 5273 Baptistam,
2853 5201 2946 5257 alii
2993 5210 3173 5256 autem
3200 5199 3396 5262 Eliam,
3439 5197 3531 5252 alii

1963 5320 1982 5354 α
2027 5315 2157 5356 vero
2180 5297 2492 5361 ieremiam,
2517 5305 2614 5352 aut
2638 5308 2807 5350 unum
2830 5309 2901 5349 ex
2920 5291 3220 5363 prophetis.
3262 5288 3404 5343 Dicit
3428 5287 3533 5343 illis

1964 5415 1982 5448 ι
2028 5392 2225 5450 lesus:
2255 5389 2365 5446 Vos
2391 5398 2574 5444 autem
2600 5401 2764 5459 quem
2788 5400 2876 5442 me
2898 5399 3021 5440 esse
3047 5381 3271 5438 dicitis?
3294 5380 3535 5463 Respon-

1966 5505 1986 5539 ε
2031 5486 2165 5541 dens
2203 5492 2384 5538 autem
2412 5481 2600 5536 Simon
2629 5478 2823 5535 Petrus
2847 5476 3026 5531 dixit:
3053 5474 3134 5529 Tu
3174 5487 3236 5530 es
3258 5471 3530 5539 Christus,

1968 5598 1989 5632 ‹
2031 5577 2173 5633 illius
2202 5574 2297 5631 Dei
2321 5574 2452 5629 vivi.
2484 5572 2837 5642 Respondeas
2880 5573 3064 5622 autem
3090 5561 3249 5623 Iesus
3276 5564 3417 5621 dixit
3443 5565 3529 5621 ei:

1968 5690 1989 5726 ε
2030 5670 2228 5727 Beatus
2276 5683 2337 5724 es
2373 5666 2562 5723 Simon
2588 5661 2839 5730 Barjona,
2884 5659 3013 5729 quia
3059 5673 3187 5716 caro
3217 5667 3276 5716 et
3315 5658 3534 5731 sanguis

1967 5782 1989 5816 ί
2027 5778 2138 5819 non
2186 5760 2447 5818 revelavit
2486 5754 2607 5821 tibi,
2645 5754 2739 5810 sed
2778 5758 2936 5824 pater
2973 5766 3127 5810 meus
3161 5753 3255 5824 qui
3294 5752 3353 5810 in
3380 5749 3536 5807 caelis

1969 5877 1988 5908 ι
2033 5864 2134 5911 est.
2182 5854 2380 5924 Etego
2415 5845 3535 5917 dicotibi,quiataesPetlu,etsuper
