4026 6456
522 389 625 448 591

1809 368 2169 430 SMARAGDI
2198 369 2491 428 ABBATIS

3671 367 3780 424 39‘2

530 523 550 558 ι
595 505 738 560 hanc
758 504 972 572 petram
999 493 1272 551 aediﬁcabo
1300 490 1595 550 Ecclesiam
1622 505 1824 558 meam,
1849 499 1904 546 et
1927 497 2097 562 portae
2122 490 2176 552 Α
2199 487 2414 558 spondit
2439 503 2453 540 :
2478 483 2719 550 Domine,
2743 493 2798 537 tu
2823 484 2949 537 scis.
2987 479 3057 537 Et
3078 479 3269 538 volunt
3299 477 3786 572 scriptorumivitio

528 614 549 648 ‹
593 593 751 650 inferi
780 607 886 648 non
911 587 1274 662 praevalebunt
1298 586 1558 641 adversus
1581 599 1720 641 eam.
1745 583 1813 638 Et
1836 583 1936 638 tibi
1964 582 2100 637 dabo

529 705 548 740 t
594 687 774 743 claves
815 682 966 755 regni
1005 679 1286 738 caelorum.
1337 678 1403 732 Et
1446 677 1804 749 quodcunque
1845 673 2100 745 ligaveris

529 799 548 832 ι
595 791 758 849 super
789 767 1007 838 terrain,
1037 771 1140 827 erit
1175 769 1398 841 ligatum
1427 776 1482 824 et
1525 769 1579 823 in
1613 766 1782 824 etelis.
1821 765 1888 820 Et
1926 764 2098 836 quod—

529 891 548 923 ι
591 881 802 940 cunque
840 865 1066 922 solveris
1087 878 1250 936 super
1293 871 1516 927 terram,
1546 861 1654 914 erit
1683 858 1914 915 solutum
1949 867 2006 912 et
2042 855 2099 911 in

527 983 544 1015 ι
591 963 762 1019 ccelis.
809 980 830 1014 ι

598 1053 746 1109 Venit
768 1052 925 1107 Iesus
969 1051 1026 1105 in
1058 1058 1231 1122 partes
1253 1045 1507 1104 Ctesarete
1528 1042 1778 1116 Philippi.
1820 1041 2100 1112 Philippus

517 1145 620 1201 istc
657 1152 743 1199 est
786 1141 954 1196 frater
975 1138 1225 1204 Herodis,
1257 1138 1323 1193 de
1359 1151 1466 1207 quo
1509 1149 1671 1205 supra
1701 1133 1956 1189 diximus.
1996 1132 2100 1186 Te-

516 1237 736 1291 trarcha
775 1235 1005 1289 lthurete
1037 1240 1094 1288 et
1126 1229 1532 1286 Trachonitidis
1570 1228 1874 1299 regionum,
1915 1225 2007 1296 qui
2042 1226 2099 1280 in

515 1330 776 1384 honorem
806 1327 1005 1384 Tiberii
1032 1325 1265 1382 Caesaris
1293 1323 1619 1388 Caesaream,
1651 1338 1772 1392 qua:
1811 1335 1957 1375 nunc
1990 1319 2098 1372 Pa—

516 1435 647 1476 neas
673 1419 870 1476 dicitur
897 1399 1244 1490 appellatum,
1273 1424 1330 1472 et
1353 1424 1438 1472 est
1473 1417 1530 1472 in
1563 1414 1844 1485 provincia
1872 1405 2097 1469 Pﬂteni-

515 1513 614 1568 cis.

583 1603 652 1657 Et
677 1602 1028 1673 interrogabat
1052 1599 1338 1672 discipulos
1359 1616 1499 1655 .suos
1539 1597 1717 1654 dicens
1745 1613 1764 1651 :
1804 1597 1972 1666 Quem
2014 1598 2098 1652 di-

511 1705 631 1750 cunt
651 1695 882 1749 homines
903 1711 1012 1749 esse
1033 1693 1205 1764 ﬁlium
1227 1693 1472 1747 hominis.
1493 1692 1590 1763 (Ex
1608 1690 1852 1762 Hieron.)
1879 1689 1993 1745 Non
2016 1689 2098 1743 di-

513 1787 610 1851 xit,
646 1799 805 1855 quem
833 1800 920 1839 me
947 1784 1134 1840 dicunt
1155 1798 1274 1839 esse
1301 1783 1571 1848 homines,
1603 1782 1698 1837 sed
1722 1781 1892 1851 ﬁlium
1929 1779 2096 1833 homi-

2202 580 2574 650 depravatum,
2599 584 2660 630 ut
2685 591 2784 646 pro
2808 574 2916 630 Bar
2935 572 3165 639 Joanna,
3189 572 3294 630 hoc
3319 579 3425 638 est,
3452 571 3599 628 ﬁlius
3621 571 3786 629 Joan-

2199 671 2308 735 nis,
2359 670 2590 739 Barjona
2636 668 2900 738 scriptum
2947 665 3039 730 sit,
3093 679 3202 720 una
3255 665 3501 720 detracta
3554 664 3781 736 syllaba.

2198 757 2401 814 Joanna
2443 767 2622 814 autem
2666 758 3055 828 interpretatur
3074 755 3290 811 Domini
3338 756 3534 826 gratia,
3577 763 3787 810 utrum-

2199 867 2305 922 que
2339 860 2523 905 autem
2553 864 2749 906 nomen
2779 849 3009 920 mystice
3047 847 3274 919 intelligi
3310 853 3509 918 potest,
3541 847 3688 916 quod
3731 857 3792 902 et

2199 940 2448 996 columba
2483 940 2733 1010 spiritum
2761 947 3009 994 sanctum
3052 946 3108 993 et
3140 938 3312 1008 gratia
3343 936 3440 992 Dei
3473 935 3677 991 donum
3708 937 3786 991 si-

2199 1033 2419 1105 gniﬁcet
2476 1032 2774 1104 spirituale.
2823 1032 2961 1088 Illud
3003 1046 3216 1103 quoque
3263 1031 3410 1100 quod
3455 1029 3532 1084 ait
3587 1047 3600 1082 :
3649 1028 3788 1083 Caro

2197 1134 2250 1179 et
2287 1125 2504 1196 sanguis
2548 1141 2653 1179 non
2699 1123 2942 1179 reuelauit
2990 1125 3103 1190 tibi,
3135 1122 3442 1195 apostolicae
3482 1120 3789 1176 narrationi

2199 1230 2566 1292 comparatur,
2597 1221 2651 1275 in
2673 1235 2778 1292 qua
2808 1219 2921 1274 ait:
2950 1217 3210 1274 Continuo
3233 1233 3338 1271 non
3367 1215 3612 1286 adquievi
3642 1214 3791 1268 carni

2199 1323 2247 1368 et
2268 1313 2514 1384 sanguini
2536 1311 2681 1385 (Cal.
2703 1312 2767 1383 1),
2785 1325 3002 1367 carnem
3027 1309 3101 1365 ibi
3129 1315 3183 1364 et
3211 1306 3530 1376 sanguinem
3551 1303 3786 1367 Judaos,

2198 1413 2259 1460 ut
2284 1406 2368 1460 his
2393 1419 2607 1475 quoque
2642 1404 2742 1460 sub
2771 1403 2878 1458 alio
2904 1416 3068 1458 sensu
3107 1400 3533 1462 demonstretur,
3560 1395 3706 1468 quod
3741 1396 3788 1449 ei

2197 1515 2306 1554 non
2336 1514 2433 1570 per
2467 1498 2770 1554 doctrinam
2811 1496 3230 1559 Pharisaaorum,
3255 1493 3351 1548 sed
3395 1506 3496 1562 per
3533 1488 3634 1544 Dei
3666 1504 3792 1562 gra-

2198 1591 2329 1646 tiam
2355 1589 2607 1647 Christus
2633 1590 2730 1645 Dei
2760 1588 2904 1644 ﬁlius
2933 1586 3204 1642 revelatus
3225 1586 3314 1641 sit.

2268 1681 2338 1736 Et
2359 1698 2450 1752 ego
2473 1681 2567 1736 tibi
2588 1681 2726 1735 dico.
2757 1679 2896 1748 Quid
2920 1687 3004 1734 est
3025 1679 3167 1749 quod
3191 1677 3298 1732 ait:
3321 1675 3392 1730 Et
3412 1691 3507 1746 ego
3529 1674 3650 1729 dico
3672 1674 3788 1739 tibi,

2199 1773 2324 1844 quia
2363 1781 2422 1827 tu
2462 1771 2593 1827 mihi
2633 1771 2836 1835 dixisti,
2879 1778 2936 1824 tu
2977 1785 3039 1825 es
3076 1768 3324 1824 Christus
3352 1766 3497 1822 ﬁlius
3523 1765 3620 1820 Dei
3657 1765 3787 1831 vivi,

509 1879 610 1941 nis,
660 1894 726 1934 ne
753 1876 1026 1946 jactanter
1055 1880 1121 1933 de
1147 1891 1206 1932 se
1234 1891 1478 1947 quaerere
1509 1875 1803 1930 videretur.
1852 1874 1922 1928 Et
1968 1881 2095 1928 nota
2122 1855 2171 1915 Β
2197 1875 2253 1922 et
2279 1882 2380 1939 ego
2416 1865 2510 1920 tibi
2551 1879 2800 1921 sermone
2831 1877 3008 1928 casso,
3048 1869 3103 1917 et
3132 1860 3336 1916 nullum
3365 1875 3504 1930 opus
3527 1859 3789 1922 habente,

509 1971 654 2041 quod
693 1972 1014 2042 ubicumque
1043 1970 1303 2041 scriptum
1344 1976 1429 2022 est
1463 1969 1516 2022 in
1539 1967 1719 2022 Veteri
1749 1955 2096 2022 Testamento

507 2060 649 2129 ﬁlius
670 2060 916 2126 hominis,
954 2060 1007 2115 in
1033 2059 1260 2116 Hebrzeo
1289 2060 1524 2136 positum
1561 2059 1632 2114 sit
1675 2067 1795 2117 mn
1821 2067 1912 2146 τι,
1956 2055 2115 2110 ὒιὶιιελ

508 2157 702 2210 Adam.
742 2155 984 2224 llludque
1028 2155 1173 2224 quod
1203 2154 1258 2208 in
1280 2153 1498 2209 Psalmo
1547 2151 1815 2222 legimus:
1842 2148 1973 2204 Filii
2003 2149 2098 2202 ho-

509 2251 750 2313 minum,
799 2263 1062 2319 usquequo
1110 2248 1252 2318 gravi
1308 2247 1483 2313 corde,
1528 2245 1582 2301 in
1629 2244 1854 2300 Hebraso
1900 2241 2098 2297 dicitur

507 2349 626 2399 Dm
675 2348 792 2405 un,
845 2338 940 2393 ﬁlii
972 2338 1164 2394 Adam.
1242 2338 1472 2395 Pulchre
1529 2347 1708 2394 autem
1761 2338 2092 2406 interrogat:

508 2428 676 2496 Quem
702 2429 885 2483 dicunt
921 2445 1030 2483 esse
1057 2429 1290 2482 homines
1331 2427 1501 2498 ﬁlium
1542 2428 1788 2492 hominis,
1833 2426 1958 2496 quia
2001 2423 2095 2495 qui

505 2522 572 2577 de
599 2521 709 2576 ﬁlio
741 2521 978 2576 hominis
1013 2519 1311 2590 loquuntur
1338 2519 1588 2575 homines
1634 2529 1781 2574 sunt.
1828 2517 1931 2584 Qui
1965 2531 2095 2571 vero

506 2613 848 2669 divinitatem
897 2611 1014 2681 ejus
1059 2611 1384 2682 intelligunt,
1436 2626 1547 2666 non
1592 2610 1864 2674 homines,
1895 2608 1991 2664 sed
2017 2606 2095 2661 dii

505 2704 869 2773 appellantur.
1597 2775 1602 2780 ι

577 2799 644 2852 At
691 2797 773 2852 illi
823 2797 1121 2854 dixerunt:
1165 2794 1271 2850 Alii
1314 2793 1578 2849 Joannem
1625 2792 1950 2864 Baptistam,
1999 2790 2092 2845 alii

509 2889 710 2956 Eliam,
753 2888 845 2943 alii
885 2905 1006 2944 vero
1033 2886 1339 2953 Jeremiam,
1374 2895 1466 2940 aut
1510 2901 1672 2940 unum
1708 2901 1773 2938 ea:
1806 2883 2086 2954 prophetis.

511 2980 677 3044 Miror
710 2979 975 3051 quosdam
1004 2979 1327 3049 interpretes
1362 2992 1558 3033 causas
1618 2963 1869 3032 errorum
1913 2975 2092 3046 inqui-

505 3088 629 3127 rere
667 3071 1005 3143 singulorum
1041 3079 1099 3126 et
1129 3069 1548 3140 disputationem
1592 3067 1964 3139 longissimam
2010 3075 2092 3122 te-

505 3180 654 3231 xere,
686 3179 854 3235 quare
882 3164 1160 3221 dominum
1187 3169 1437 3218 nostrum
1464 3159 1671 3225 Jesum,
1703 3159 1794 3214 alii
1823 3157 2087 3214 Joannem

2199 1958 2294 2013 sed
2321 1957 2442 2012 dico
2473 1956 2590 2022 tibi,
2618 1955 2746 2026 quia
2785 1969 2964 2010 meum
2996 1951 3198 2008 dixisse
3228 1950 3426 2006 fecisse
3459 1957 3565 2005 est.

2272 2050 2412 2117 Quia
2441 2059 2498 2103 tu
2530 2066 2584 2104 es
2608 2046 2815 2112 Petrus,
2858 2059 2905 2102 et
2930 2063 3086 2116 super
3108 2047 3244 2099 hanc
3280 2054 3482 2116 petram
3511 2043 3791 2112 sedili-cubo

2198 2147 2494 2203 Ecclesiam
2514 2163 2703 2202 meam.
2735 2144 2889 2200 Sicut
2914 2145 3028 2215 ipse
3053 2143 3232 2198 lumen
3261 2140 3521 2212 apostolis
3544 2140 3788 2203 donavit,

2199 2248 2260 2296 ut
2288 2239 2472 2295 lumen
2499 2239 2687 2294 mundi
2713 2238 3070 2309 appellentur,
3101 2243 3294 2290 caetera
3323 2251 3443 2306 quae
3469 2250 3538 2289 ex
3567 2233 3792 2288 domino

2198 2332 2377 2388 sortiti
2407 2332 2668 2388 vocabula
2707 2339 2856 2396 sunt,
2903 2331 2978 2385 ita
3009 2336 3064 2384 et
3093 2327 3326 2393 Simoni,
3364 2327 3459 2405 qui
3525 2326 3792 2382 credebat

2197 2434 2407 2498 petram
2435 2424 2713 2480 Christum
2735 2466 2750 2491 ,
2783 2423 2929 2479 Petri
2969 2422 3194 2494 largitus
3223 2430 3309 2478 est
3341 2435 3560 2478 nomen.
3592 2419 3666 2474 At
3696 2437 3789 2475 se—

2196 2516 2430 2572 cundum
2466 2517 2837 2586 metaphoram
2864 2524 3050 2586 petrae,
3089 2521 3236 2570 recte
3266 2513 3465 2569 dicitur
3491 2514 3576 2580 ei,
3617 2514 3792 2569 aedili-

2197 2609 2332 2665 cabo
2362 2608 2661 2664 Ecclesiam
2694 2623 2870 2664 meam
2901 2621 3063 2677 super
3101 2615 3173 2660 te.

2265 2697 2372 2771 (Ea:
2399 2697 2721 2770 Fulgentio.)
2772 2698 2897 2754 Sive
2933 2713 3095 2770 super
3124 2698 3266 2752 hanc
3304 2703 3551 2767 petram,
3591 2695 3646 2750 id
3677 2705 3788 2759 est,

2195 2803 2361 2860 super
2398 2790 2574 2855 illum,
2605 2805 2766 2860 quem
2794 2805 2890 2845 ore
2917 2798 3012 2844 tuo
3037 2787 3316 2844 confessus
3349 2803 3409 2843 es
3446 2788 3667 2844 dicens:
3703 2786 3789 2840 Tu

2193 2898 2246 2937 es
2279 2881 2520 2936 Christus
2552 2882 2697 2951 [ilius
2726 2881 2824 2937 Dei
2856 2881 2987 2948 vivi,
3033 2882 3148 2939 sive
3185 2895 3347 2953 super
3373 2881 3520 2937 hanc
3544 2890 3786 2953 petram,

2191 2991 2357 3048 super
2392 2977 2792 3034 confessionem
2829 2977 2999 3034 Petri.

2261 3069 2332 3124 Et
2376 3079 2541 3140 portte
2587 3070 2743 3141 inferi
2789 3088 2895 3126 non
2942 3071 3295 3142 prtevalebunt
3341 3071 3594 3126 adversus
3642 3088 3785 3125 eam.

2192 3161 2307 3233 Ego
2337 3170 2524 3232 portas
2557 3161 2715 3218 inferi
2741 3162 2869 3216 vitia
2899 3177 3025 3218 reor
3052 3171 3212 3234 atque
3240 3173 3483 3234 peccata,
3515 3163 3603 3216 vel
3634 3173 3788 3218 certe

503 3264 851 3328 putaverunt,
886 3255 978 3310 alii
1013 3254 1204 3319 Eliam,
1238 3252 1328 3309 alii
1354 3251 1667 3318 Jeremiam,
1698 3260 1793 3306 aut
1827 3266 1995 3305 unum
2019 3265 2089 3305 ex
2116 3221 2161 3286 α
2196 3253 2578 3309 ha-reticorum
2628 3253 2924 3320 doctrinas,
2973 3269 3072 3324 per
3119 3269 3258 3325 quas
3305 3254 3470 3309 illecti
3531 3253 3788 3310 homines

502 3349 800 3420 pr0phetis,
831 3363 955 3404 cum
986 3347 1066 3403 sic
1101 3361 1288 3403 errare
1315 3344 1593 3417 potuerint
1626 3344 1682 3398 in
1709 3342 1824 3398 Elia
1853 3351 1908 3398 et
1931 3340 2086 3398 Jere—

503 3441 634 3507 mia,
664 3440 934 3512 quomodo
962 3437 1204 3494 Herodes
1246 3435 1450 3493 erravit
1493 3436 1550 3490 in
1586 3433 1820 3501 Joanne,
1868 3433 2084 3490 dicens:

507 3529 674 3594 Quem
702 3548 794 3602 ego
818 3529 1069 3586 decollari
1088 3528 1371 3594 Joannem,
1394 3528 1504 3598 ipse
1529 3528 1759 3582 surrexit
1787 3544 1821 3581 a
1844 3526 2086 3592 mortuis,

504 3634 552 3679 et
577 3625 790 3679 virtutes
825 3632 1111 3695 operantur
1133 3623 1189 3676 in
1220 3621 1312 3676 illo
1335 3621 1530 3694 (Marc.
1561 3624 1660 3693 Vl).

588 3713 692 3770 Vos
723 3725 916 3778 autem,
938 3729 1092 3786 quem
1119 3729 1201 3767 me
1219 3713 1436 3768 dicitis?
1464 3713 1753 3785 Respondit
1777 3713 1962 3771 Simon
1987 3713 2090 3769 Pe-

506 3816 620 3861 trus
651 3822 670 3861 :
707 3805 786 3860 Tu
815 3822 868 3860 es
901 3802 1142 3860 Christus
1180 3803 1324 3873 ﬁlius
1354 3803 1452 3858 Dei
1490 3805 1609 3858 vivi.
1647 3803 1889 3858 Prudens
1917 3803 2090 3858 lector

506 3899 745 3963 attende,
773 3897 916 3968 quod
947 3912 1013 3953 ex
1043 3897 1498 3968 consequentibus
1532 3898 1794 3966 tex'tuque
1820 3895 2088 3952 sermonis

507 3986 738 4059 apostoli
777 4000 1119 4057 nequaquam
1148 3987 1428 4052 homines,
1468 3987 1564 4042 sed
1610 3987 1683 4041 dii
1727 3985 2085 4057 appellentur.

506 4081 642 4136 Cum
674 4079 819 4134 enim
847 4079 1072 4135 dixisset
1097 4095 1111 4133 ;
1139 4077 1304 4144 Quem
1328 4079 1508 4134 dicunt
1531 4078 1764 4133 homines
1788 4095 1898 4133 esse
1919 4078 2090 4148 ﬁlium

507 4173 750 4239 hominis,
775 4171 1006 4243 subjecit
1036 4191 1048 4227 :
1091 4170 1189 4227 Vos
1219 4180 1413 4238 autem,
1436 4188 1588 4243 quem
1624 4187 1704 4226 me
1730 4186 1840 4224 esse
1879 4169 2093 4223 dicitis?

509 4267 615 4321 illis
654 4268 782 4336 quia
819 4265 1067 4322 homines
1103 4274 1258 4332 sunt,
1309 4266 1544 4320 humana
1583 4262 1948 4335 opinantibus,
1995 4275 2091 4316 vos

432 4411 449 4427 ,.
508 4357 601 4425 qui
627 4357 700 4411 dii
731 4358 887 4424 estis,
915 4373 1075 4428 quem
1118 4373 1204 4413 me
1232 4357 1594 4412 existimatis?
1640 4357 1833 4410 Petrus
1865 4370 1932 4410 ex
1967 4369 2092 4425 per-

430 4436 442 4472 ⁷
509 4463 641 4503 sona
670 4448 911 4502 omnium
938 4447 1303 4517 apostolorum
1330 4447 1646 4516 proﬁtetur:
1671 4443 1714 4500 Τ
1717 4464 1751 4500 ιι
1773 4464 1826 4502 es
1849 4443 2091 4501 Christus

509 4541 652 4610 [ilius
672 4539 771 4595 Dei
799 4541 919 4594 nivi.
962 4539 1132 4594 Deum
1159 4539 1342 4594 vivum
1392 4538 1662 4608 appellat,,
1695 4539 1765 4593 ad
1811 4553 2092 4608 compara-

509 4631 712 4685 tionem
748 4630 970 4686 deorum
1001 4644 1208 4696 eorum,
1235 4629 1327 4699 qui
1357 4637 1614 4699 putantur
1640 4629 1734 4696 dii,
1766 4630 1860 4686 sed
1891 4631 2092 4685 mortui

509 4731 655 4789 sunt,
679 4722 994 4788 Saturnum,
1013 4719 1222 4787 Jovem,
1246 4720 1520 4788 Cererem,
1540 4721 1793 4776 Liberum
1818 4730 1874 4777 et
1895 4730 2091 4776 caetera

510 4815 777 4871 idolorum
808 4821 1061 4885 portenta
1096 4811 1431 4884 signiﬁcans.

580 4906 912 4977 Respondens
935 4904 1114 4969 Jesus,
1149 4904 1284 4958 dixit
1305 4905 1353 4958 ei
1379 4920 1398 4959 :
1420 4903 1616 4959 Beatus
1653 4921 1730 4970 es,
1753 4903 1937 4960 Simon
1955 4903 2092 4958 Bar-

502 4999 664 5071 jona,
709 4998 834 5070 quia
879 5013 1002 5050 caro
1049 5005 1099 5049 et
1140 4995 1354 5066 sanguis
1397 5011 1502 5050 non
1544 4994 1781 5050 reuelauit
1832 4994 1963 5059 tibi,
2002 4995 2092 5049 sed

508 5098 658 5160 pater
692 5103 839 5143 meus
873 5088 964 5158 qui
997 5087 1054 5140 in
1091 5085 1231 5141 caelis
1267 5095 1362 5140 est.
1403 5085 1557 5153 Quod
1596 5102 1724 5142 caro
1769 5095 1824 5142 et
1871 5086 2090 5157 sanguis

511 5181 753 5238 revelare
790 5196 899 5236 non
925 5180 1131 5250 potuit,
1166 5179 1221 5234 id
1255 5188 1360 5246 est,
1397 5180 1638 5235 doctrina
1679 5181 1935 5245 humana,
1981 5181 2090 5251 spi-

510 5274 645 5329 ritus
685 5272 858 5329 sancti
899 5273 1071 5344 gratia
1105 5271 1403 5326 revelatum
1443 5284 1547 5326 est.
1594 5271 1735 5342 Ergo
1771 5287 1837 5328 ex
1876 5271 2090 5328 confes-

512 5366 662 5420 sione
711 5366 938 5419 sortitur
981 5349 1301 5418 vdcabulum
1325 5401 1341 5429 ,
1399 5363 1544 5431 quod
1591 5362 1974 5418 revelationem
2019 5377 2089 5416 ex

513 5453 716 5525 Spiritu
757 5463 944 5511 sancto
983 5453 1204 5520 habeat,
1251 5451 1405 5522 cujus
1453 5459 1508 5506 et
1550 5452 1690 5508 ﬁlius
1740 5452 2089 5524 appellandus

513 5547 602 5600 sit.
632 5545 912 5616 Siquidem
939 5545 1170 5614 Barjona
1212 5545 1271 5599 in
1295 5543 1480 5615 lingua
1508 5544 1694 5600 nostra
1735 5554 1916 5610 sonat,
1946 5545 2092 5601 ﬁlius

513 5637 792 5692 columbae.
821 5637 924 5692 Alii
967 5636 1286 5707 simpliciter
1315 5635 1589 5705 accipiunt
1623 5636 1766 5704 quod
1794 5635 2006 5702 Simon,
2035 5637 2092 5692 id

512 5738 597 5786 est
616 5728 828 5796 Petrus,
862 5729 1004 5786 ﬁlius
1040 5731 1112 5786 sit
1137 5729 1389 5796 Joannis,
1426 5726 1582 5798 juxta
1611 5729 1835 5792 alterius
1862 5729 1965 5786 loci
2008 5731 2090 5786 in-

515 5823 934 5896 terrogationem
961 5839 975 5878 :
1001 5819 1184 5878 Simon
1229 5820 1478 5889 Joannis,
1507 5820 1682 5893 diligis
1717 5823 1840 5878 me?
1876 5822 1969 5894 qui
2000 5838 2086 5880 re-

2193 3346 2461 3401 ducuntur
2488 3345 2556 3400 ad
2585 3352 2870 3400 tartarum.
2902 3342 3072 3399 Nemo
3109 3345 3294 3414 itaque
3322 3353 3475 3408 putet
3507 3345 3576 3400 de
3606 3355 3788 3401 morte

2193 3438 2320 3505 dici,
2359 3439 2502 3509 quod
2544 3437 2770 3508 apostoli
2818 3438 3114 3492 conditioni
3159 3439 3352 3493 mortis
3393 3436 3624 3508 subjecti
3679 3455 3785 3494 non

2193 3529 2420 3596 fuerint,
2448 3545 2677 3601 quomm
2708 3531 2968 3602 martyria
2999 3531 3181 3584 videat
3207 3545 3518 3586 coruscare.

2268 3622 2336 3677 Et
2370 3622 2463 3676 tibi
2493 3622 2629 3677 dabo
2667 3622 2836 3678 claves
2876 3622 3019 3694 regni
3055 3624 3324 3691 caelorum,
3362 3634 3409 3680 et
3433 3625 3786 3698 quodcunque

2193 3716 2434 3786 ligaveris
2475 3733 2631 3786 super
2671 3724 2889 3781 terram,
2932 3717 3029 3771 erit
3073 3717 3294 3788 ligatum
3335 3728 3385 3772 et
3423 3719 3479 3772 in
3519 3720 3691 3785 caelis,
3740 3735 3787 3777 et

2192 3809 2534 3880 quodcunque
2565 3808 2780 3864 solveris
2813 3826 2968 3880 super
2999 3819 3215 3876 terram,
3247 3811 3347 3864 erit
3375 3809 3608 3865 solutum
3644 3823 3697 3866 et
3734 3814 3784 3866 in

2194 3899 2352 3956 cadis.
2403 3901 2568 3956 Istum
2613 3902 2789 3957 locum
2826 3903 3066 3974 episcopi
3111 3911 3167 3959 et
3201 3904 3506 3974 presbyteri
3550 3920 3661 3959 non
3699 3906 3785 3960 in-

2197 3993 2535 4064 telligentes,
2577 3995 2779 4065 aliquid
2818 3996 2922 4051 sibi
2961 3997 3026 4051 de
3059 3995 3458 4051 Pharisaaorum
3497 4007 3786 4052 assumunt

2195 4088 2483 4157 supercilio
2505 4127 2520 4153 ,
2550 4097 2610 4144 ut
2645 4087 2730 4143 vel
2759 4088 3014 4144 damnent
3059 4089 3398 4155 innocentes,
3439 4089 3527 4144 vel
3573 4090 3787 4148 solvere

2194 4194 2252 4235 se
2277 4180 2468 4235 noxios
2493 4181 2843 4247 arbitrentur,
2868 4197 2991 4236 cum
3016 4181 3158 4252 apud
3183 4182 3351 4236 Deum
3375 4196 3483 4236 non
3511 4184 3784 4237 sententia

2196 4270 2560 4337 sacerdotum,
2604 4272 2698 4326 sed
2732 4286 2920 4327 eorum
2958 4273 3067 4326 vita
3096 4281 3392 4342 quaeratur.
3438 4271 3704 4342 Legimus
3733 4275 3784 4328 in

2197 4363 2442 4418 Levitico
2474 4364 2539 4420 de
2571 4363 2821 4434 leprosis,
2852 4365 2941 4420 ubi
2975 4364 3258 4436 jubentur,
3301 4374 3361 4420 ut
3395 4367 3696 4422 ostendant
3727 4381 3785 4425 se

2196 4454 2586 4520 sacerdotibus,
2619 4466 2673 4510 et
2717 4456 2762 4510 si
2792 4455 2994 4527 lepram
3034 4457 3345 4525 habuerint,
3371 4464 3505 4512 tunc
3537 4474 3568 4513 a
3602 4475 3786 4515 sacer-

2197 4549 2320 4604 dote
2349 4548 2610 4603 immundi
2637 4547 2772 4603 ﬁant
2791 4548 2977 4623 (Levit.
3011 4549 3147 4619 xiv),
3194 4566 3300 4605 non
3337 4549 3482 4620 quod
3529 4553 3784 4608 sacerdo-

2199 4647 2278 4694 tes
2308 4639 2549 4709 leprosos
2576 4647 2632 4694 et
2661 4640 2967 4697 immundos
2995 4641 3221 4707 faciant,
3250 4642 3348 4697 sed
3374 4641 3519 4712 quod
3545 4641 3787 4698 habeant

2196 4731 2441 4786 notitiam
2477 4731 2675 4802 leprosi
2709 4738 2766 4786 et
2807 4747 2914 4788 non
2963 4731 3182 4804 leprosi,
3225 4742 3282 4789 et
3324 4734 3535 4805 possint
3571 4735 3782 4790 discer-

2197 4837 2344 4886 nere,
2393 4823 2486 4893 qui
2533 4823 2766 4879 mundus
2795 4825 2957 4894 quive
3005 4825 3316 4881 immundus
3360 4826 3450 4881 sit.
3499 4826 3784 4894 Quomodo

2195 4929 2324 4983 ergo
2362 4913 2433 4968 ibi
2461 4914 2731 4984 leprosum
2759 4917 3012 4972 sacerdos
3041 4920 3303 4973 mundum
3331 4918 3415 4974 vel
3438 4919 3780 4975 immundum

2195 5004 2348 5072 facit,
2388 5007 2467 5062 sic
2494 5015 2549 5061 et
2586 5008 2674 5063 hic
2703 5007 2889 5079 alligat
2912 5009 2998 5064 vel
3035 5010 3196 5064 solvit
3233 5011 3520 5080 episcopus
3544 5020 3603 5068 et
3627 5026 3782 5082 pres-

2191 5099 2367 5169 byter,
2409 5115 2515 5154 non
2551 5115 2646 5155 eos
2673 5101 2764 5170 qui
2804 5101 3043 5156 insontes
3070 5110 3196 5156 sunt
3225 5102 3311 5157 vel
3339 5101 3512 5169 noxii,
3557 5103 3657 5158 sed
3682 5117 3782 5174 pro

2190 5187 2366 5244 cilicio
2394 5206 2514 5256 suo,
2541 5206 2663 5246 cum
2690 5200 3036 5260 peccatorum
3072 5191 3308 5248 audierit
3331 5193 3648 5261 varietates,
3678 5194 3781 5249 scit

2189 5279 2284 5348 qui
2314 5279 2561 5352 ligandus
2585 5282 2679 5349 sit,
2702 5283 2796 5352 qui
2821 5283 3135 5339 solvendus.

2523 5433 2592 5489 IN
2639 5435 2883 5493 VIGILIA
2922 5437 3168 5496 SANCTI
3213 5438 3439 5497 PAULI.

2197 5564 2390 5606 LECTIO
2423 5565 2691 5606 EPISTOL£
2730 5568 2885 5608 BEATI
2928 5571 3082 5610 PAULI
3121 5569 3378 5612 APOSTOLI
3411 5569 3480 5610 AD
3510 5565 3774 5620 ςλιιτισ,

2879 5643 2996 5681 CAP.
3039 5641 3077 5680 l.

2273 5750 2292 5782 ι
2337 5732 2532 5789 Notum
2581 5734 2726 5789 cnim
2780 5736 2931 5792 vobis
2995 5736 3131 5792 facio
3181 5737 3570 5811 Evangelium,
3631 5734 3780 5807 quod

2204 5842 2224 5877 ι
2269 5825 2694 5896 evangelizatum
2725 5835 2806 5881 est
2842 5843 2873 5882 a
2903 5844 3008 5895 me,
3037 5829 3290 5900 quoniam
3319 5844 3424 5886 non
3467 5838 3555 5885 est
3583 5840 3781 5884 secun-
