4026 6462
220 371 327 434 393

1056 372 1569 435 COLLECTIONES
1602 373 1671 431 ΙΝ
1708 359 2084 430 Erasmus
2122 364 2207 428 Et
2250 366 2663 431 EVAN’GELIA.

3354 364 3463 428 59$

225 503 249 540 ο
294 487 421 545 dum
472 479 767 545 hominem.
805 476 990 559 Neque
1027 489 1171 543 enim
1211 502 1312 559 ego
1348 487 1419 543 ab
1445 485 1663 545 homine
1699 501 1794 540 ac-
1822 490 1871 547 Α
1897 481 2185 555 Evangelia
2210 482 2304 538 Dei
2333 498 2455 539 esse
2476 498 2535 539 se
2565 478 2771 549 scribit,
2802 492 2857 540 et
2886 483 3149 541 Jercmias
3173 494 3466 558 antequam

224 596 247 631 ι
293 579 412 651 eepi
452 578 615 646 illud,
662 593 839 651 neque
884 578 1079 645 didici,
1128 579 1222 634 sed
1272 590 1369 648 per
1414 576 1795 632 revelationem

224 684 247 721 ι
292 666 421 726 Jesu
444 667 670 724 Christi.
693 668 934 725 Audistis
957 669 1100 724 enim
1127 667 1592 724 conversationem
1621 680 1798 720 meam

222 772 247 810 ι
293 756 584 827 aliquando
626 756 682 811 in
716 754 1016 821 Judaismo,
1061 755 1188 825 quia
1231 761 1394 824 supra
1428 753 1646 807 modum
1676 766 1798 822 per-

222 863 243 897 ι
299 846 569 915 sequebar
618 844 903 900 ecclesiam
946 842 1067 909 Dei,
1114 851 1172 898 et
1214 842 1586 915 expugnabam
1628 840 1796 913 illam,

220 956 244 990 ι
296 947 353 996 et
385 938 733 1011 proficiebam
776 938 831 993 in
861 935 1138 991 Judaismo
1173 950 1334 1005 supra
1372 933 1571 988 multos
1601 940 1799 988 comta-

222 1048 244 1081 ι
296 1045 430 1086 neos
469 1043 636 1094 meos,
670 1029 724 1083 in
752 1034 947 1100 genere
975 1041 1096 1081 meo
1127 1025 1488 1081 abundantius
1521 1023 1803 1079 aemulator

225 1139 247 1172 ι
295 1120 539 1177 existens
584 1126 934 1190 paternarum
971 1124 1214 1171 mearum
1260 1114 1627 1170 traditionum.
1667 1113 1801 1169 Cum

225 1234 248 1268 ι
297 1222 480 1270 autem
526 1212 732 1282 placuit
787 1207 836 1267 ei
894 1211 986 1281 qui
1028 1225 1117 1265 me
1169 1209 1474 1280 segregavit
1523 1208 1593 1263 ab
1635 1206 1804 1262 ubera

226 1324 248 1357 ι
297 1305 492 1361 matris
540 1314 707 1368 mere,
756 1312 813 1357 et
859 1300 1072 1359 Vocavit
1115 1316 1215 1371 per
1259 1299 1489 1372 gratiam
1532 1313 1708 1361 suam,
1746 1305 1806 1352 ut

226 1412 248 1446 ι
297 1393 567 1449 revelaret
614 1392 780 1447 tilium
829 1407 987 1446 suum
1048 1391 1105 1445 in
1155 1405 1265 1455 me,
1317 1399 1378 1444 ut
1426 1389 1802 1444 annuntiarem

228 1504 247 1537 ι
297 1472 451 1541 illum
489 1485 635 1540 inter
677 1493 883 1555 gentes,
924 1484 1181 1539 continuo
1218 1492 1326 1537 n0n
1371 1481 1612 1551 acquievi
1653 1482 1803 1535 carni

227 1594 248 1628 α
296 1584 355 1632 et
397 1574 666 1648 sanguini,
715 1590 889 1644 neque
909 1573 1032 1630 veni
1067 1571 1491 1642 Hierosolymam
1539 1570 1608 1625 ad
1655 1578 1807 1624 antes

227 1684 251 1721 ι
299 1683 546 1725 cessares
592 1675 744 1723 meos
787 1666 1081 1736 apostolos,
1141 1664 1235 1720 sed
1280 1664 1390 1723 ahii
1437 1663 1491 1717 in
1525 1661 1804 1726 Arabiam,

227 1776 250 1810 s
297 1766 354 1814 et
390 1757 589 1814 iterum
626 1770 875 1812 reversus
918 1770 1039 1810 sum
1069 1755 1417 1819 Damascum,
1464 1752 1657 1807 deinde
1681 1752 1802 1806 veni

1895 575 2220 629 formaretur
2263 574 2316 627 in
2371 581 2548 639 utero,
2608 583 2766 630 notus
2810 575 2949 641 Deo,
2995 576 3469 647 sanctiﬁcatusque

1895 666 2206 736 perhibetur
2235 663 2367 735 (Jer.
2391 664 2452 735 ι).
2482 664 2607 719 Sive
2630 668 2841 720 uterum
2873 667 3063 721 matris
3089 666 3260 737 legem
3286 667 3470 723 dicere

1895 768 2201 823 possumus,
2240 768 2360 823 quae
2396 753 2615 809 Christo
2651 754 2869 820 gravida
2911 762 3045 810 erat.
3090 756 3133 811 A
3169 756 3322 825 cujus
3350 773 3473 813 car-

1898 843 2006 898 nali
2057 842 2400 898 observantia
2457 853 2765 913 separatum
2816 858 2875 899 se
2922 845 3054 901 dicit
3099 862 3195 918 per
3240 849 3469 919 gratiam

1898 930 2120 989 Christi.
2152 933 2269 990 Non
2297 942 2381 990 est
2407 942 2584 988 autem
2631 934 2812 1004 Ipsum
2837 936 3083 991 revelare:
3102 937 3273 1009 ﬁlium
3315 958 3470 997 suum

1898 1027 1955 1080 in
1989 1042 2089 1092 me,
2130 1042 2194 1083 ac
2231 1028 2275 1083 si
2316 1028 2517 1083 diceret
2550 1047 2562 1082 :
2594 1024 2878 1084 Rcvelaret
2918 1029 3047 1086 mihi
3093 1032 3259 1090 tilium
3289 1050 3467 1091 suum.

1900 1115 1996 1171 Cui
2032 1117 2177 1171 enim
2202 1118 2331 1188 quid
2366 1118 2656 1185 revelatur,
2684 1119 2809 1174 huic
2839 1120 2967 1175 illud
3024 1128 3201 1192 potest
3245 1126 3473 1181 revelari

1900 1208 2045 1275 quod
2080 1217 2205 1263 ante
2243 1210 2296 1263 in
2335 1224 2400 1264 eo
2440 1225 2544 1265 non
2585 1219 2719 1264 erat.
2769 1207 2827 1264 in
2867 1226 2973 1280 quo
3010 1220 3138 1266 vero
3182 1214 3472 1280 revelatur,

1905 1295 2033 1350 illud
2083 1297 2372 1361 reveletur,
2425 1298 2566 1368 quod
2613 1295 2765 1368 prius
2816 1298 2914 1354 fuit
2960 1302 3012 1355 in
3059 1315 3143 1364 eo,
3192 1310 3245 1356 et
3290 1313 3476 1373 postea

1904 1384 2200 1443 revelatum
2228 1395 2331 1444 est.
2364 1386 2553 1444 Simile
2578 1398 2661 1445 est
2686 1389 2813 1444 illud
2846 1391 2897 1444 in
2925 1390 3244 1461 Evangelio:
3270 1391 3478 1447 Medius

1903 1488 2005 1531 stat
2021 1495 2173 1548 quem
2204 1496 2291 1534 vos
2326 1479 2553 1534 nescitis.
2594 1479 2662 1534 Et
2689 1478 2814 1534 alihi
2849 1498 2860 1534 :
2893 1478 3023 1533 Erat
3059 1481 3150 1534 tua:
3182 1495 3329 1543 vera,
3361 1495 3479 1552 qum

1903 1566 2166 1622 illuminat
2222 1586 2425 1623 omnem
2470 1570 2731 1623 hominem
2784 1570 3066 1624 venientem
3105 1570 3159 1623 in
3204 1570 3475 1623 mundum.

1905 1657 1984 1712 Ex
2023 1672 2131 1727 quo
2165 1660 2506 1728 perspicuum
2548 1658 2607 1712 iit
2644 1666 2836 1713 natura
2875 1659 3125 1713 omnibus
3169 1658 3263 1713 Dei
3307 1659 3484 1712 inesse

1906 1750 2175 1805 notitiam.
2198 1749 2305 1805 Nec
2335 1759 2658 1820 quemquam
2688 1750 2805 1803 sine
2830 1748 3050 1804 Christo
3085 1749 3252 1813 nasci,
3289 1758 3345 1804 et
3375 1756 3489 1803 nun‘

228 1864 250 1900 α
296 1848 725 1920 Hierosolymam
753 1848 937 1903 videre
961 1846 1274 1909 Petrum,et
1310 1843 1483 1898 mansi
1520 1841 1660 1913 apud
1680 1857 1804 1896 eum
1833 1826 1879 1884 Β
1906 1839 2106 1894 habere
2130 1839 2373 1909 germina
2408 1839 2461 1893 in
2493 1854 2552 1894 se
2580 1837 2857 1909 sapientia:
2891 1847 2947 1892 et
2974 1837 3221 1907 justitize,
3250 1837 3485 1909 reliqua-

226 1957 249 1989 ι
297 1939 491 1995 diebus
519 1936 849 2009 Quindecim,
876 1934 1043 1989 alium
1082 1941 1260 1988 autem
1292 1931 1658 2003 apostolorum
1694 1929 1803 1984 vidi

228 2046 250 2080 ι
298 2027 603 2091 neminem,
658 2026 761 2080 nisi
804 2022 1065 2079 Jacobum
1114 2021 1339 2116 {patrem
1389 2020 1633 2086 Domini,
1686 2035 1806 2088 quae

228 2138 250 2172 ι
298 2124 481 2177 autem
529 2119 729 2183 scribo,
775 2130 903 2172 ecce
948 2112 1159 2172 coram'
1187 2113 1317 2179 Deo,
1355 2112 1479 2182 quia
1515 2126 1622 2167 non
1657 2125 1807 2165 men-

229 2228 250 2262 s
299 2212 424 2271 tior.
474 2228 493 2262 ι

298 2289 501 2354 Notum
560 2298 701 2354 vobis
748 2296 887 2366 facio
930 2294 1305 2366 Evangelium,
1352 2290 1491 2363 quod
1551 2287 1808 2359 evangeli-

222 2399 407 2444 zatum
432 2397 506 2443 est
534 2406 567 2442 a
592 2405 693 2451 me,
714 2388 964 2458 quoniam
992 2403 1096 2440 non
1116 2394 1189 2439 est
1218 2383 1500 2438 secundum
1526 2382 1805 2434 hominem.

226 2480 417 2553 Neque
447 2496 539 2551 ego
571 2478 636 2533 ab
668 2480 876 2533 homine
914 2478 1089 2550 accepi
1118 2476 1275 2543 illud,
1310 2490 1471 2547 neque
1504 2473 1689 2537 didici,
1719 2472 1809 2527 sed

218 2590 322 2644 per
341 2572 705 2628 reuelationem
725 2572 855 2627 Iesu
883 2564 1103 2627 Christi.
1144 2572 1382 2627 Verbum
1418 2571 1590 2640 ipsum
1616 2572 1811 2628 ἀποκα-

222 2663 453 2736 λύψεως,
500 2658 553 2717 id
594 2670 707 2727 est,
745 2661 1114 2727 revelatiOnis,
1168 2660 1382 2732 proprie
1418 2660 1810 2729 scripturarum

225 2759 333 2818 est,
364 2759 420 2805 et
444 2765 475 2805 a
502 2749 649 2805 nullo
674 2750 998 2820 sapientium
1027 2749 1212 2816 saeculi
1240 2751 1381 2821 apud
1406 2749 1625 2806 Graecos
1653 2765 1813 2806 usur-

225 2848 437 2910 patum,
483 2840 588 2895 hoc
632 2848 735 2906 est,
785 2839 1165 2896 revelationem
1214 2840 1361 2895 illam
1406 2840 1603 2912 signat,
1646 2855 1810 2912 quam

227 2931 367 2988 vidit
393 2943 515 2987 cum
541 2930 863 2987 Damascum
899 2929 1101 2986 vadens
1149 2930 1204 2986 in
1250 2931 1445 2987 itinere
1471 2931 1675 2988 Christi
1719 2949 1812 2989 νοι

229 3034 349 3075 cem
378 3019 578 3076 meruit
606 3021 815 3088 audire,
846 3030 903 3077 et
929 3022 1147 3077 caacatis
1171 3021 1360 3085 oculis,
1393 3032 1582 3079 verum
1629 3024 1811 3082 lumen

228 3109 417 3165 mundi
457 3110 684 3165 intuitus
714 3120 818 3167 est.
866 3110 924 3167 Si
958 3112 1102 3167 enim
1131 3111 1482 3183 Evangelium
1512 3112 1660 3169 Pauli
1700 3127 1809 3171 non

1906 1940 2138 2001 rumque
2161 1931 2445 1985 virtutum.

1976 2022 2128 2079 Unde
2166 2022 2317 2077 multi
2349 2023 2553 2093 absque
2582 2022 2685 2078 [ide
2727 2030 2783 2077 et
2832 2022 3123 2095 Evangelia
3149 2021 3371 2087 Christi,
3403 2022 3485 2079 vel

1904 2112 2177 2183 sapienter
2221 2110 2422 2169 faciant
2450 2113 2649 2183 aliqua,
2681 2112 2765 2167 vel
2811 2120 3016 2178 sancte,
3062 2120 3123 2167 ut
3166 2111 3484 2181 parentibus

1905 2206 2293 2275 obsequantur,
2320 2213 2375 2260 et
2403 2212 2463 2260 ut
2504 2203 2651 2275 inopi
2694 2219 2911 2259 manum
2934 2203 3231 2275 perrigant,
3260 2218 3368 2258 non
3391 2216 3489 2273 op-

1905 2297 2145 2367 primant
2173 2298 2398 2363 vicinos,
2431 2314 2538 2353 non
2575 2297 2746 2352 aliena
2775 2297 3007 2367 rapiant.
3038 2296 3226 2352 Potest
3247 2304 3302 2352 et
3331 2295 3490 2351 aliter

1908 2386 2081 2457 accipi
2132 2387 2188 2441 in
2235 2384 2401 2442 Paulo
2427 2406 2439 2441 ε
2469 2387 2564 2442 Dei
2613 2387 2754 2441 ﬁlius
2784 2388 3081 2452 revelatur,
3112 2387 3255 2458 quod
3291 2387 3490 2457 praedi-

1908 2484 2068 2531 caute
2086 2475 2196 2540 illo,
2212 2477 2427 2547 agnitus
2449 2478 2521 2532 sit
2539 2476 2982 2548 gentibus,quem
3003 2484 3129 2531 ante
3149 2476 3486 2532 nesciebant.
3510 2519 3518 2532 .

1980 2566 2239 2620 Continuo
2279 2584 2384 2622 non
2408 2567 2639 2639 acquievi
2668 2567 2814 2621 carni
2841 2577 2888 2620 et
2927 2566 3192 2637 sanguini.
3244 2565 3393 2632 Sive,
3428 2576 3493 2622 ut

1908 2657 1963 2711 in
2011 2656 2200 2711 Graeco
2245 2656 2437 2713 melius
2490 2657 2740 2722 habetur,
2788 2659 2847 2711 οὐ
2894 2658 3281 2729 πρασανεθίμην
3333 2660 3493 2733 σαρκὶ

1908 2752 1989 2803 καὶ
2015 2750 2214 2820 αἷμα-ξι.
2249 2746 2363 2802 Non
2394 2747 2622 2802 contulit
2651 2747 2812 2817 plane
2840 2746 3039 2801 Paulus
3062 2756 3185 2815 post
3214 2747 3496 2802 revelatio-

1910 2858 2033 2897 nem
2082 2841 2285 2897 Christi
2337 2854 2461 2897 cum
2509 2850 2672 2896 carne
2724 2849 2779 2895 et
2825 2841 3109 2909 sanguine,
3149 2842 3274 2911 quia
3324 2840 3495 2895 noluit

1894 2933 2233 3003 margaritas
2265 2931 2530 3003 projicere
2561 2941 2687 2986 ante
2715 2945 2928 3001 porcos,
2954 2945 3054 2986 nec
3086 2930 3216 2985 dare
3244 2937 3495 2986 sanctum

1911 3025 2154 3093 canibus.
2202 3024 2337 3081 Vide
2382 3025 2510 3095 quid
2553 3024 2619 3080 de
2662 3022 3035 3094 peccatoribus
3062 3022 3325 3093 scriptum
3368 3022 3479 3077 sit:

1917 3115 2038 3170 Non
2060 3115 2381 3187 permanebit
2399 3117 2611 3187 spiritus
2630 3129 2774 3169 meus
2803 3115 2859 3168 in
2887 3113 3179 3168 hominibus
3205 3114 3343 3178 istis,
3368 3114 3496 3184 quia

229 3206 317 3254 est
357 3201 650 3256 secundum
670 3201 968 3268 hominem,
1002 3217 1180 3273 neque
1226 3174 1556 3260 abv-homine
1599 3207 1809 3276 accepit
1837 3174 1882 3237 Ε
1913 3223 2037 3260 caro
2060 3174 2192 3260 sunt
2225 3204 2377 3278 (Gen.
2411 3174 2511 3279 vi).
2562 3206 2696 3260 Cum
2731 3204 2947 3268 talibus,
2994 3204 3087 3275 qui
3122 3220 3250 3279 caro
3278 3174 3339 3259 et
3362 3174 3494 3260 san-

231 3290 363 3346 illud
409 3301 501 3347 aut
525 3293 730 3360 didicit,
763 3295 856 3350 sed
885 3311 981 3366 per
1010 3296 1393 3352 rct'elationem
1425 3296 1551 3352 Jesu
1585 3297 1808 3365 Christi,

232 3396 343 3438 non
397 3392 481 3438 est
533 3385 721 3455 utique
775 3386 937 3441 homo
988 3384 1146 3443 Iesus
1203 3388 1472 3453 Christus,
1508 3390 1599 3459 qui
1643 3388 1811 3445 Paulo

232 3473 585 3545 Evangelium
622 3476 902 3541 revelavit,
949 3478 1093 3548 quod
1123 3479 1167 3534 si
1207 3494 1312 3534 non
1343 3487 1428 3534 est
1464 3481 1645 3547 homo,
1684 3496 1812 3537 con-

231 3575 525 3636 sequenter
545 3569 686 3624 Deus
711 3577 814 3624 est.
842 3570 959 3624 Non
985 3572 1129 3641 quod
1154 3571 1424 3626 hominem
1454 3581 1809 3642 assumptum,

231 3657 331 3714 sed
380 3673 487 3728 quo
523 3666 733 3714 tantum
774 3660 1048 3716 hominem
1110 3676 1421 3717 renuamus.
1475 3662 1622 3718 inter
1670 3665 1816 3719 acci-

231 3761 363 3820 pere
408 3756 588 3805 autem
634 3758 691 3803 et
730 3750 939 3806 discere
986 3752 1090 3807 hoc
1133 3752 1379 3817 interest,
1429 3754 1572 3822 quod
1618 3755 1814 3825 accipit

231 3853 334 3911 per
362 3840 546 3908 alium,
579 3842 669 3911 qui
701 3843 937 3912 primum
968 3843 1296 3909 insinuatur,
1333 3852 1393 3898 ut
1418 3845 1485 3900 ad
1512 3844 1672 3900 ﬁdem
1699 3845 1815 3915 ejus

235 3931 558 3998 adducatur,
598 3940 657 3986 ut
693 3932 878 3989 credat
920 3943 1050 3989 Vera
1096 3946 1216 3989 esse
1264 3951 1383 4005 quae
1419 3938 1621 4008 scripta
1668 3947 1812 4003 sunt,

236 4023 402 4079 discit
434 4033 614 4080 autem
651 4024 720 4090 is,
750 4026 840 4096 qui
879 4041 941 4081 ea
981 4041 1100 4096 quae
1131 4042 1228 4097 per
1255 4029 1540 4100 aenigmata
1578 4039 1634 4086 et
1656 4045 1816 4103 para-

233 4114 393 4171 bolas
428 4115 654 4188 ﬁgurata
690 4125 836 4183 sunt,
865 4118 1148 4188 explanata
1193 4127 1249 4175 et
1283 4132 1471 4192 aperta
1516 4126 1814 4196 cognoscit,

235 4214 299 4261 et
331 4222 437 4261 non
468 4207 688 4264 homine
725 4208 1019 4277 revelante,
1061 4212 1155 4267 sed
1183 4211 1400 4269 Christo
1433 4215 1524 4285 qui
1561 4215 1817 4272 revelavit

238 4297 428 4354 Paulo.

312 4389 548 4445 Audistis
576 4392 711 4445 enim
748 4395 1189 4449 conversationem
1232 4412 1401 4451 meam
1439 4395 1724 4470 aliquando
1764 4401 1818 4455 in

1910 3302 2032 3375 guis
2055 3311 2234 3369 erant,
2264 3316 2371 3358 non
2401 3302 2625 3360 contulit
2646 3303 2934 3372 Apostolus
2961 3302 3329 3373 Evangelium,
3354 3301 3498 3372 quod

1910 3396 1963 3450 ei
2011 3394 2186 3449 fuerat
2224 3393 2537 3462 revelatum,
2571 3396 2663 3451 sed
2710 3394 2967 3465 paulatim
3015 3411 3109 3450 eos
3152 3395 3220 3449 de
3250 3410 3417 3450 carne
3443 3406 3499 3450 et

1914 3487 2176 3557 sanguine
2205 3487 2368 3542 vertit
2396 3488 2448 3541 in
2495 3488 2764 3558 spiritum,
2797 3494 2853 3540 et
2893 3495 3020 3541 tunc
3047 3485 3262 3540 demum
3288 3486 3367 3541 eis
3407 3501 3500 3541 oc-

1915 3577 2059 3632 culta
2085 3577 2356 3649 Evangelii
2386 3583 2723 3633 sacramenta
2752 3576 3041 3632 cdmmisit.

1992 3668 2173 3742 Neque
2202 3671 2315 3726 veni
2347 3668 2788 3742 Hierosolymam,
2811 3679 2917 3725 etc.
2948 3670 3085 3738 Quid
3116 3670 3247 3726 mihi
3278 3670 3504 3741 prodest

1915 3760 2020 3816 ista
2063 3758 2272 3832 religio,
2313 3761 2356 3817 si
2405 3760 2598 3833 legam,
2633 3761 2774 3831 quod
2809 3761 3007 3817 Paulus
3048 3770 3169 3833 post
3218 3761 3503 3818 revelatio-

1913 3864 2034 3907 nem
2064 3851 2266 3907 Christi
2296 3853 2476 3907 Statim
2500 3852 2623 3907 ierit
2647 3852 2989 3918 inArahiam,
3012 3862 3066 3908 et
3085 3852 3152 3907 de
3172 3853 3369 3907 Arabia
3399 3853 3501 3907 Da-

1914 3952 2156 4000 mascum
2182 3942 2345 3999 fuerit
2371 3954 2645 4011 reversus,
2672 3961 2772 4000 nec
2795 3946 2962 4000 sciam
2986 3945 3113 4015 quid
3135 3945 3209 3999 ibi
3237 3944 3509 4013 gesserit?

1914 4034 2103 4091 Exitus
2129 4046 2192 4092 ac
2219 4036 2425 4091 reditus
2450 4036 2541 4089 dat
2571 4036 2700 4091 mihi
2744 4035 3083 4090 occasionem
3111 4034 3319 4088 altioris
3344 4032 3505 4088 intel-

1916 4123 2168 4200 iigenlim.
2200 4124 2399 4183 Arabia
2440 4143 2559 4197 qum
2602 4128 2992 4196 interpretatur
3031 4124 3251 4179 humilis
3278 4131 3333 4178 et
3357 4124 3504 4179 occi-

1918 4222 2044 4284 dua,
2074 4228 2228 4275 vetus
2255 4219 2523 4290 signiﬁcat
2558 4226 2960 4273 testamentum.
2998 4216 3192 4271 Statim
3235 4216 3420 4287 itaque
3441 4225 3503 4271 ut

1918 4308 2145 4367 credidit
2166 4310 2387 4376 Paulus,
2428 4310 2493 4364 ad
2523 4310 2717 4380 legem,
2750 4307 2817 4362 ad
2844 4308 3153 4378 prophetas,
3184 4306 3251 4361 ad
3289 4306 3503 4363 Veteris

1920 4399 2253 4456 Testamenti
2288 4399 2399 4469 jam
2440 4399 2491 4453 in
2537 4399 2760 4453 occiduo
2802 4397 2961 4467 positi
3008 4405 3345 4451 sacramenta
3374 4411 3508 4453 con-

239 4480 546 4548 Judaismo,
576 4485 700 4555 quia
728 4498 887 4555 supra
917 4485 1132 4540 nandum
1162 4488 1503 4559 persequebar
1532 4490 1819 4547 Ecclesium
1844 4523 1897 4584 Β
1921 4499 2134 4557 versus,
2156 4491 2406 4562 quaesivit
2435 4490 2490 4544 in
2512 4490 2592 4544 eis
2616 4488 2915 4553 Christum,
2938 4502 3099 4558 quem
3121 4485 3309 4556 jussus
3329 4487 3507 4545 fuerat

240 4571 365 4636 Dei,
390 4581 438 4626 et
466 4571 849 4643 expugnabam,
878 4583 982 4628 etc.
1035 4574 1204 4642 Quam
1254 4577 1471 4649 elegans
1513 4581 1820 4637 observatio

240 4662 563 4733 pondusque
590 4661 877 4717 verborum
901 4678 915 4716 :
940 4664 1201 4732 Audistis,
1228 4667 1425 4738 inquit,
1456 4672 1821 4728 comet-satio-

243 4768 373 4809 nem
407 4769 513 4808 nou
551 4759 762 4824 gratam
798 4753 1087 4824 aliquando
1120 4772 1226 4813 non
1256 4760 1415 4815 modo
1445 4761 1497 4816 in
1524 4759 1820 4831 Judaismo,

244 4858 357 4899 non
402 4843 457 4899 iu
481 4843 600 4914 lege
641 4844 758 4911 Dei,
787 4862 950 4916 supra
980 4848 1197 4903 modum
1238 4855 1603 4922 persequebar
1639 4856 1824 4911 Ecde-

247 4936 388 4991 siam
419 4936 538 5002 Dei,
570 4951 678 4991 non
725 4948 787 4993 ut
838 4939 1040 4993 caeteri.
1094 4939 1230 4995 Hinc
1273 4954 1490 5014 quoque
1536 4937 1825 5001 admiratio

246 5027 515 5093 nascitur,
548 5029 692 5099 quod
730 5044 836 5083 non
877 5030 1245 5101 unusquisque
1273 5034 1340 5088 de
1382 5034 1467 5090 his
1505 5037 1597 5105 qui
1636 5035 1828 5092 leviter

247 5117 716 5187 persequebantur
743 5116 1041 5173 Ecclesiam
1069 5119 1184 5185 Dei,
1213 5121 1305 5174 sed
1344 5121 1435 5177 ille
1458 5124 1550 5193 qui
1602 5132 1828 5181 cteteros

250 5206 311 5262 in
355 5208 733 5287 persecutione
772 5208 1057 5273 vincebat,
1088 5222 1383 5268 conversus
1411 5215 1479 5269 ad
1522 5215 1684 5271 tidem
1725 5217 1827 5283 sit,

249 5297 552 5355 Ecclesiam
572 5300 757 5355 dicens
772 5301 890 5367 Dei,
908 5300 992 5355 vel
1014 5302 1187 5371 ipsum
1214 5303 1485 5360 Christum
1510 5304 1679 5363 Deum
1708 5324 1830 5379 esse

251 5387 544 5459 signiﬁcat,
563 5388 645 5443 vel
673 5389 912 5460 ejusdem
939 5392 1032 5445 Dei
1058 5408 1175 5447 esse
1199 5394 1517 5461 Eeclcsiam,
1542 5397 1632 5467 qui
1659 5412 1829 5467 quon-

251 5480 380 5535 dam
410 5479 542 5551 legis
568 5480 728 5536 dator
751 5479 870 5536 fuit.

327 5567 459 5622 Cum
500 5579 674 5624 autem
707 5569 904 5644 placuit
936 5572 1004 5636 ei,
1037 5570 1128 5641 qui
1158 5588 1238 5627 me
1270 5577 1555 5646 segregavit
1589 5574 1653 5633 ab
1683 5591 1828 5636 utero

254 5660 443 5715 matris
477 5676 623 5725 mete,
656 5674 705 5714 et
733 5660 931 5715 vocavit
958 5678 1069 5732 per,
1106 5670 1214 5717 etc.
1261 5662 1380 5719 Non
1420 5666 1591 5721 solum
1636 5670 1688 5723 in
1726 5672 1828 5727 hoc

256 5749 404 5815 loco,
454 5749 549 5804 sed
598 5757 655 5804 et
706 5751 773 5806 ad
818 5750 1091 5805 Romanos
1137 5751 1334 5807 Paulus
1379 5764 1721 5827 segregatum
1775 5757 1827 5815 in

538 5848 812 5910 ΡΑτιιοι.
857 5847 986 5909 Cll.

1924 4584 1980 4638 in
2004 4582 2253 4655 gentibus
2284 4582 2600 4653 przedicare,
2649 4589 2707 4636 et
2755 4588 2971 4650 reperto
3001 4580 3114 4645 illo,
3163 4596 3270 4635 non
3309 4589 3395 4637 est
3429 4581 3505 4636 ibi

1923 4671 2125 4726 diutius
2166 4680 2556 4735 commoratus,
2604 4671 2698 4726 sed
2744 4682 2994 4724 reversus
3036 4678 3119 4724 est
3160 4670 3501 4736 Damascum,

1925 4763 2028 4818 hoc
2065 4770 2147 4817 est
2189 4763 2255 4816 ad
2288 4762 2603 4833 sanguinem
2631 4770 2686 4816 et
2725 4761 2793 4815 ad
2824 4762 3131 4831 passionem
3179 4760 3401 4826 Christi,
3449 4773 3507 4817 et

1926 4854 2049 4908 inde
2071 4854 2384 4924 pr0phetica
2432 4852 2664 4908 lectione
2708 4852 2957 4908 ﬁrmatus
2987 4850 3163 4924 pergit
3192 4849 3506 4925 Hierosoly—

1927 4960 2095 5010 mam,
2120 4946 2295 5001 locum
2326 4944 2550 5000 visionis
2593 4952 2649 5000 et
2692 4944 2864 5015 pacis,
2909 4960 3013 4999 non
3064 4953 3173 5001 tam
3215 4944 3509 5001 diSciturus

1930 5035 2133 5106 aliquid
2183 5035 2249 5090 de
2304 5031 2585 5104 apostolis,
2633 5046 2795 5104 quam
2843 5049 2965 5090 cum
3012 5034 3092 5090 eis
3135 5034 3504 5107 Evangeliurn,

1929 5126 2073 5196 quod
2100 5126 2381 5191 docuerat,
2411 5124 2725 5182 collaturus.

2003 5216 2201 5271 Deinde
2237 5226 2351 5287 post
2389 5217 2671 5271 triennium
2715 5218 2829 5274 veni
2876 5218 3293 5289 Hierosolymam
3337 5218 3510 5273 cidere

1934 5308 2171 5363 Petrum.
2203 5307 2318 5361 Non
2363 5316 2422 5362 ut
2447 5308 2656 5375 oculos,
2685 5320 2852 5379 genas
2879 5311 3194 5379 vultumque
3222 5308 3341 5379 ejus
3369 5307 3511 5380 aspi-

1935 5407 2101 5464 ceret,
2151 5405 2330 5453 utrum
2375 5398 2698 5454 macilentus
2741 5416 2808 5454 an
2846 5400 3079 5470 pinguis,
3124 5397 3334 5453 adunco
3375 5413 3509 5455 naso

1934 5494 2081 5543 esset
2102 5502 2171 5541 an
2201 5495 2369 5553 recto,
2400 5495 2457 5543 et
2482 5496 2668 5543 utrum
2699 5488 2931 5544 frontem
2962 5487 3184 5542 vestiret
3223 5502 3400 5557 coma,
3438 5504 3509 5544 an

1935 5576 2021 5649 (ut
2043 5574 2291 5633 Clemens
2316 5577 2370 5633 in
2397 5578 2634 5648 periodis
2671 5579 2789 5650 ejus
2814 5576 3000 5650 refert)
3035 5578 3300 5635 calvitiem
3339 5580 3508 5637 habe-

1936 5677 2020 5725 ret
2044 5669 2096 5724 in
2125 5670 2321 5738 capite,
2369 5685 2472 5725 nec
2502 5679 2633 5740 puto
2659 5667 2971 5739 apostolica:
3008 5669 3175 5727 fuisse
3203 5672 3507 5742 gravitatis,

1932 5774 1994 5820 ut
2035 5774 2158 5836 post
2191 5773 2396 5823 tantam
2438 5765 2655 5821 triennii
2696 5766 3143 5836 praeparationem
3185 5765 3386 5837 aliquid
3414 5766 3511 5821 hu-

3036 5858 3111 5921 13
