4026 6462
530 338 638 396 395

1817 326 2164 384 SMARAGDI
2206 325 2490 383 ABBATIS

535 465 755 507 manum
804 448 856 503 in
902 445 1063 502 Petro
1106 443 1337 499 voluerit
1382 442 1645 514 aSpicfre,
1687 441 1781 496 sed
1827 442 1912 496 his
1938 442 2109 497 oculis
2136 440 2187 500 Λ
2216 456 2235 489 ι
2270 439 2323 493 in
2355 436 2644 508 discipulos
2665 434 2901 502 Domini,
2928 432 3159 491 accessit
3189 433 3253 488 ad
3276 430 3572 503 principem
3601 447 3792 491 sacer-

538 541 750 611 aspexit
776 552 898 593 eum
926 538 1122 607 quibus
1149 543 1204 589 ct
1242 534 1404 589 modo
1451 535 1501 587 in
1540 534 1795 604 Epistolis
1825 534 1935 588 suis
1966 534 2113 588 vide-

516 636 648 695 λιιι,
681 629 770 685 his
795 627 968 684 oculis
1006 624 1207 680 Paulus
1243 624 1377 679 vidit
1428 622 1690 693 Cepliam,
1745 622 1941 693 quibus
1969 636 2113 676 nunc

526 734 571 775 -ιι
612 719 966 791 prudentibus
1010 716 1315 786 quibusque
1358 714 1560 769 Paulus
1606 713 1721 783 ipse
1760 711 2108 782 conspicitur.

536 810 673 867 Nam
698 818 754 865 et
777 809 921 877 quod
946 806 1097 862 visus
1115 805 1187 860 sit
1207 804 1286 860 ire
1306 802 1736 874 Hierosolymam
1755 800 1823 855 ad
1852 802 1955 856 hoc
1974 800 2108 870 ipse,

534 911 600 958 ut
641 901 847 957 videret
883 896 1216 968 Apostolum,
1252 910 1360 950 non
1395 894 1633 949 discendi
1683 892 1881 959 studio,
1924 891 2015 962 qui
2057 898 2113 946 et

443 1050 451 1061 κ
518 995 652 1065 ipse
680 991 930 1048 eurudem
972 986 1375 1061 praedicationis
1419 986 1646 1042 haberet
1672 992 1969 1050 auctorem,
2017 982 2114 1039 sed

527 1083 761 1140 honoris
784 1081 953 1153 priori
979 1078 1222 1150 apostolo
1244 1075 1539 1133 deferendi.

606 1175 676 1228 Et
702 1173 872 1227 mansi
902 1170 1043 1242 apud
1071 1186 1191 1224 eum
1245 1166 1426 1222 diebus
1454 1165 1767 1237 quindecim.
1807 1163 1922 1220 Non
1953 1179 2116 1235 gran-

537 1265 589 1320 di
626 1262 857 1333 indiguit
898 1260 1236 1331 magisterio,
1275 1257 1368 1329 qui
1412 1264 1565 1312 tanto
1609 1271 1667 1311 se
1714 1254 1783 1310 ad
1824 1253 2114 1309 videndum

536 1354 755 1409 Petrum
783 1360 1025 1423 tempore
1053 1347 1398 1421 praeparavit.
1429 1347 1495 1402 Et
1518 1347 1647 1401 licet
1669 1346 1990 1416 quihusdam
2021 1360 2115 1398 su-

535 1442 800 1514 perfluum
827 1441 1075 1496 videatur
1101 1453 1355 1495 numeros
1391 1452 1605 1509 quoque
1629 1437 1717 1507 qui
1748 1437 1800 1491 in
1832 1434 2116 1505 scripturis

537 1539 664 1588 sunt
692 1531 1003 1597 observare,
1029 1537 1207 1585 tamen
1235 1544 1346 1585 non
1370 1528 1573 1597 absque
1606 1542 1666 1583 re
1700 1528 1938 1582 arbitror
1958 1526 2115 1596 quin-

534 1623 713 1679 decim
750 1622 885 1688 dies,
916 1622 1115 1693 quibus
1158 1620 1300 1691 apud
1344 1620 1565 1675 Petrum
1606 1618 1803 1673 Paulus
1833 1616 2111 1683 habitavit,

534 1714 751 1785 plenam
773 1712 1081 1785 significare
1118 1712 1422 1777 scientiam,
1464 1716 1999 1778 consummatamque
2022 1707 2118 1763 do-

2216 547 2234 579 ‹
2271 530 2472 593 dotum,
2502 537 2557 585 et
2597 529 2751 599 petiit
2775 528 2844 583 ab
2881 543 2945 583 eo
2975 525 3233 597 epistolas
3271 525 3325 580 in
3363 523 3689 581 Damascum
3716 526 3791 583 ad

2215 638 2233 672 ι
2270 635 2591 691 synagogas,
2623 627 2684 673 ut
2711 618 2756 673 si
2801 632 2939 688 quos
2980 616 3279 673 invenisset
3319 613 3481 686 hujus
3511 617 3615 672 via:
3641 618 3793 677 viros

2214 728 2233 761 ι
2264 725 2327 765 ac
2352 710 2627 775 mulieres,
2660 710 2870 765 vinctos
2903 707 3224 778 perduceret
3247 707 3302 761 in
3333 705 3696 762 Hierusalem.
3720 708 3794 763 Et

2215 824 2233 858 ι
2267 820 2390 862 cum
2416 805 2520 860 iter
2545 802 2769 867 faceret,
2810 800 3036 870 contigit
3071 810 3131 855 ut
3175 799 3637 871 appropinquaret
3680 800 3792 855 Da-

2216 912 2235 946 ι
2264 910 2466 950 masco.
2500 894 2569 949 Et
2615 893 2793 949 subito
2829 889 3185 947 circumfulsit
3225 905 3347 944 eum
3378 890 3468 944 lux
3516 890 3585 945 de
3626 890 3791 944 cmlo.

2216 1008 2235 1041 ι
2267 989 2335 1046 Et
2361 991 2560 1046 cadens
2590 991 2644 1044 in
2672 997 2875 1046 terram
2899 988 3101 1043 audivit
3129 1003 3316 1043 vocem
3338 988 3610 1043 dicentem
3639 989 3746 1045 sibi
3776 1008 3792 1043 :

2218 1100 2237 1134 ι
2273 1081 2455 1149 Saule,
2503 1082 2665 1138 Saule
2706 1080 2835 1151 quid
2884 1094 2972 1135 me
3016 1078 3399 1149 persequeris?
3451 1077 3556 1145 Qui
3607 1080 3793 1134 dixit:

2218 1192 2238 1227 ι
2270 1173 2403 1242 Quis
2442 1188 2519 1237 es,
2552 1172 2823 1228 Domine?
2855 1170 2923 1225 Et
2962 1170 3087 1225 ille:
3115 1170 3228 1238 Ego
3266 1185 3385 1223 sum
3422 1167 3604 1232 Jesus,
3634 1185 3797 1240 quem

2219 1280 2238 1315 ι
2269 1271 2324 1317 ιιι
2354 1261 2697 1333 persequeris
2731 1279 2743 1315 :
2776 1262 2970 1315 durum
3014 1267 3100 1315 est
3141 1259 3238 1314 tibi
3286 1266 3476 1313 contra
3515 1259 3798 1314 stimulum

2219 1370 2238 1404 ι
2270 1353 2573 1407 calcitrare.
2618 1350 2685 1404 Et
2723 1358 2958 1406 tremens
2985 1365 3049 1405 ac
3077 1358 3301 1419 stupens
3343 1349 3515 1404 dixit:
3544 1349 3798 1416 Domine,

2220 1461 2239 1495 ι
2270 1444 2401 1514 quid
2439 1459 2527 1499 me
2551 1442 2635 1498 vis
2676 1441 2894 1497 facere?
2928 1441 2997 1496 Et
3024 1440 3286 1496 Dominus
3321 1439 3389 1494 ad
3416 1455 3540 1496 eum
3570 1458 3584 1491 :
3628 1437 3801 1510 Surge

2220 1553 2240 1586 ‹
2267 1542 2322 1590 et
2346 1534 2629 1604 ingredere
2654 1532 2948 1594 civitatem,
2981 1539 3037 1586 et
3077 1530 3150 1586 ibi
3198 1531 3411 1586 dicetur
3435 1530 3551 1594 tibi,
3587 1530 3720 1600 quid
3751 1538 3801 1584 te

2221 1641 2240 1677 ι
2271 1631 2518 1694 oporteat
2541 1621 2762 1679 facere?
2797 1622 2907 1679 Viri
2936 1631 3118 1678 autem
3158 1621 3236 1677 illi
3280 1621 3372 1690 qui
3400 1621 3802 1676 comitabantur

2223 1732 2243 1768 ι
2278 1728 2401 1770 cum
2431 1712 2546 1780 illo,
2579 1696 2797 1768 stabant
2816 1710 3127 1783 stupefacti,
3157 1710 3438 1766 audientes
3463 1709 3687 1779 quidem
3709 1724 3805 1763 vo-

534 1807 789 1871 ctrinam,
821 1805 1087 1875 siquidem
1115 1800 1422 1873 quindecim
1450 1810 1579 1857 sunt
1606 1801 1849 1856 carmina
1880 1801 1933 1855 in
1969 1799 2116 1854 Psal-
2144 1778 2191 1841 B
2224 1824 2244 1857 ι
2273 1820 2414 1871 cem,
2446 1778 2719 1859 neminem
2770 1778 2951 1858 autem
2990 1802 3258 1859 videntes.
3310 1778 3565 1855 Surrexit
3617 1808 3803 1855 autem

535 1897 694 1962 terio,
723 1905 778 1952 et
804 1896 1115 1966 quindecim
1159 1894 1360 1967 gradus
1401 1909 1499 1965 per
1538 1908 1674 1963 quos
1717 1893 1785 1948 ad
1813 1893 2113 1969 canendum

535 1986 649 2043 Deo
678 1988 733 2042 in
762 1986 919 2043 atriis
944 1986 1063 2057 ejus
1083 1985 1488 2042 consistendum
1503 1982 1685 2053 justus
1706 1983 1971 2041 ascendit.

606 2078 783 2132 Alium
808 2087 983 2132 autem
1011 2076 1368 2148 apostolorum
1405 2076 1513 2131 uidi
1559 2076 1834 2141 neminem,
1881 2075 1983 2129 nisi
2018 2072 2117 2127 Ja-

537 2169 721 2223 cobum
762 2168 979 2238 fratrem
1025 2167 1258 2222 Domini.
1307 2166 1376 2221 Et
1422 2165 1605 2222 caueri
1648 2163 1876 2235 apostoli
1916 2163 2117 2219 fratres

537 2256 751 2311 Domini
774 2256 1045 2321 dicuntur,
1076 2255 1216 2310 sicut
1242 2256 1297 2310 in
1332 2254 1659 2327 Evangelio:
1702 2252 1867 2319 Vade,
1894 2253 1978 2307 dic
2006 2252 2120 2322 [ra-

536 2349 703 2404 tribus
729 2349 879 2411 meis,
902 2348 1034 2402 vado
1075 2347 1144 2401 ad
1184 2356 1387 2419 patrem
1430 2363 1603 2401 meum
1638 2355 1687 2401 et
1714 2345 1785 2400 ad
1808 2354 2007 2417 patrem
2036 2361 2118 2399 ve-

535 2449 705 2494 strum
748 2437 933 2511 (Joan.
958 2437 1104 2509 ult.).
1135 2436 1243 2492 Sed
1268 2436 1537 2507 quomodo
1574 2434 1697 2504 Job,
1726 2443 1783 2492 et
1819 2435 1999 2491 caateri
2024 2450 2118 2505 pa-

535 2530 790 2586 triarchae
836 2528 966 2584 dicti
1009 2536 1135 2584 sunt
1178 2527 1395 2598 quidem
1439 2526 1628 2583 famuli
1678 2527 1792 2592 Dei,
1821 2526 1916 2582 sed
1960 2526 2117 2597 quasi

534 2623 786 2694 egregius
814 2622 1032 2693 quidem
1078 2621 1311 2692 Moyses,
1352 2628 1414 2676 ut
1442 2620 1773 2676 scriberetur
1798 2616 1864 2674 de
1896 2632 1983 2682 eo,
2021 2618 2118 2673 sed

537 2729 647 2770 non
684 2713 826 2768 sicut
860 2711 1071 2782 Moyses
1118 2710 1352 2765 famulus
1380 2724 1557 2775 meus,
1589 2710 1669 2765 sic
1704 2718 1761 2763 et
1801 2708 1994 2763 beatus
2027 2705 2117 2761 Ja-

536 2804 707 2860 cobus
736 2801 1044 2873 specialiter
1090 2799 1262 2863 frater
1307 2807 1530 2870 propter
1576 2798 1822 2870 egregios
1859 2811 2040 2852 mores
2064 2804 2120 2852 et

537 2893 1010 2964 incomparabilem
1040 2893 1200 2948 (idem
1227 2891 1657 2961 sapientiamque
1703 2904 1810 2944 non
1852 2887 2118 2943 modicam

536 2985 833 3056 appellatus
858 2991 942 3039 est
964 2982 1178 3038 Domini
1204 2979 1394 3045 frater,
1430 2979 1654 3049 etquod
1681 2977 1888 3051 primus
1926 2977 1975 3033 ei
2017 2977 2119 3032 Ec-

535 3079 714 3134 clesiae
741 3074 1040 3147 praefuerit,
1071 3089 1191 3143 qua“:
1239 3072 1416 3143 prima
1444 3071 1499 3126 in
1529 3069 1746 3126 Christo
1791 3069 2022 3125 credens
2048 3085 2112 3123 ex

535 3168 738 3225 Judaeis
767 3167 942 3222 fuerat
969 3172 1317 3236 congregata.

607 3260 762 3328 Quod
789 3268 969 3313 autem
1012 3255 1252 3327 exceptis
1296 3253 1579 3310 duodecim
1612 3251 1830 3323 quidam
1856 3259 2121 3307 vocentur

534 3353 785 3424 apostoli,
818 3351 949 3406 illud
978 3350 1031 3404 in
1058 3363 1221 3404 causa
1246 3356 1351 3413 est,
1376 3361 1568 3402 omnes
1597 3344 1688 3415 qui
1728 3343 2014 3399 Dominum
2044 3342 2123 3395 vi-

534 3446 749 3509 derant,
775 3452 831 3499 et
854 3458 979 3497 eum
1004 3449 1190 3510 postea
1230 3438 1619 3509 praedicabant,
1648 3435 1813 3490 fuisse
1851 3433 2121 3505 apostolos

536 3535 851 3604 appellatos,
889 3541 950 3588 ut
995 3531 1129 3586 illud
1169 3528 1240 3584 ad
1284 3527 1595 3584 Corinthios
1629 3527 1909 3590 scribitur,
1968 3522 2121 3578 Visus

537 3638 611 3681 est
640 3626 745 3680 illis
771 3623 1033 3686 undecim,
1070 3620 1258 3676 deinde
1302 3620 1440 3675 visus
1484 3628 1558 3672 est
1587 3628 1633 3672 et
1666 3616 1889 3682 Jacobo,
1933 3615 2122 3670 deinde

542 3716 791 3790 apostolis
814 3714 1071 3770 omnibus.
1123 3711 1260 3767 Nam
1304 3720 1357 3766 et
1382 3710 1473 3765 alii
1502 3709 1680 3780 abhis
1704 3723 1839 3779 quos
1863 3707 2123 3763 Dominus

538 3813 776 3881 elegerat
812 3806 1047 3863 ordinati
1091 3811 1216 3860 sunt
1260 3801 1513 3872 apostoli,
1547 3800 1687 3856 sicut
1715 3799 1781 3854 ad
1812 3798 2123 3870 Philippen-

537 3917 627 3957 ses
654 3902 765 3955 ait:
798 3896 1163 3954 Necessarium
1201 3894 1492 3949 existimavi
1533 3891 1953 3963 Epaphroditum
1981 3907 2123 3944 com-

538 3994 824 4048 militonem
860 4005 1053 4054 meum,
1102 3995 1324 4042 uestrum
1372 3994 1544 4038 autem
1589 3982 1880 4053 apostolum
1920 3982 2122 4035 mittere

537 4087 607 4142 ad
628 4103 717 4141 vos
745 4083 963 4157 (Philip.
991 4082 1071 4153 ιι).
1121 4079 1187 4133 Ει
1236 4077 1304 4132 ad
1334 4076 1645 4131 Corinthios
1669 4077 1735 4131 de
1763 4074 1961 4130 talibus
1989 4073 2125 4128 scri-

538 4181 722 4236 bitur:
771 4178 892 4234 Sive
932 4172 1154 4246 apostoli
1192 4170 1550 4225 Ecclesiarum
1590 4168 1645 4222 in
1692 4167 1863 4238 gloria
1899 4165 1997 4220 Dei
2030 4164 2118 4237 (II

538 4271 662 4326 Cor.
694 4268 833 4340 VIII).
870 4267 1010 4323 Silas
1033 4279 1247 4336 quoque
1268 4270 1322 4317 et
1337 4259 1503 4316 Judas
1525 4258 1592 4313 ab
1612 4258 1867 4330 apostolis
1896 4256 2122 4329 apostoli

540 4361 803 4418 nominati
830 4367 974 4413 sunt.

2221 1915 2240 1949 ι
2275 1896 2469 1952 Saulus
2494 1896 2561 1952 de
2598 1904 2767 1960 terra,
2813 1893 3124 1965 apertisque
3164 1891 3335 1948 oculis
3375 1889 3511 1945 nihil
3556 1889 3803 1946 videbat.

2221 2006 2241 2042 ι
2274 1987 2358 2043 Ad
2386 2000 2579 2042 manus
2617 1994 2800 2041 autem
2848 1985 2999 2040 illum
3046 1984 3348 2048 trahentes,
3384 1981 3805 2038 inuoduxerunt

2219 2098 2240 2133 ι
2275 2078 2615 2134 Damascum.
2669 2076 2737 2131 Et
2774 2066 2894 2131 erat
2917 2074 3089 2131 tribus
3133 2074 3322 2130 diebus
3352 2087 3460 2128 non
3489 2072 3705 2137 videns,
3753 2082 3805 2128 et

2221 2185 2240 2219 ι
2273 2181 2383 2222 non
2411 2165 2760 2220 manducavit
2796 2178 2975 2234 neque
3004 2164 3159 2219 bibit.
3196 2163 3330 2218 Erat
3358 2171 3541 2217 autem
3574 2162 3801 2231 quidam

2221 2275 2240 2310 ι
2273 2256 2568 2328 discipulus
2598 2255 2868 2322 Damasci,
2905 2256 3122 2310 nomine
3157 2252 3418 2310 Ananias.
3459 2253 3528 2307 Et
3555 2253 3692 2308 dixit
3737 2254 3804 2309 ad

2223 2369 2242 2406 ι
2276 2351 2424 2408 illum
2451 2350 2651 2427 in,visu
2679 2348 2939 2405 Dominus
2969 2365 2982 2401 :
3007 2346 3237 2402 Anania.
3268 2345 3341 2401 At
3372 2346 3463 2401 ille
3494 2347 3573 2401 ait
3599 2364 3614 2399 :
3660 2346 3803 2402 Ecce

2223 2463 2242 2499 ι
2276 2459 2398 2517 ego,
2430 2443 2672 2500 Domine.
2699 2443 2768 2498 Et
2793 2441 3053 2498 Dominus
3078 2440 3144 2496 ad
3172 2455 3297 2496 eum
3321 2454 3338 2494 :
3367 2438 3544 2511 Surge
3573 2446 3631 2494 et
3668 2439 3806 2494 vade

2223 2553 2242 2586 ι
2278 2535 2336 2589 in
2378 2534 2576 2599 vicum,
2621 2533 2714 2603 qui
2744 2540 2970 2588 vocatur
2996 2538 3198 2594 rectus,
3234 2537 3292 2584 et
3317 2544 3498 2599 quaere
3542 2528 3596 2583 in
3643 2528 3805 2582 domo

2224 2643 2243 2677 ι
2278 2623 2429 2681 Juda:
2474 2622 2699 2678 Saulum
2740 2622 2978 2686 nomine,
3028 2620 3408 2685 Tharsensem,
3479 2632 3610 2675 ecce
3657 2618 3804 2672 enim

2223 2737 2241 2772 ι
2274 2726 2414 2774 orat.
2447 2717 2516 2772 Et
2560 2716 2696 2793 vidit
2736 2715 2911 2769 virum
2946 2713 3214 2769 Ananiam
3257 2713 3476 2768 nomine
3523 2713 3806 2768 introeun-

2224 2826 2243 2861 ι
2274 2816 2384 2864 tem
2410 2814 2466 2863 et
2496 2807 2861 2877 impellentem
2888 2804 2991 2860 sibi
3008 2819 3240 2869 'manus,
3264 2812 3325 2857 ut
3347 2803 3525 2858 visum
3553 2804 3805 2874 recipiat,

2223 2916 2242 2950 ι
2275 2897 2571 2967 Respondit
2596 2904 2774 2951 autem
2804 2894 3080 2949 Ananias:
3110 2893 3354 2957 Domine,
3391 2892 3573 2947 audivi
3599 2907 3631 2946 a
3662 2891 3806 2946 mul-

2223 3006 2241 3040 ι
2275 2987 2344 3043 tis
2366 2985 2433 3042 de
2459 2986 2577 3041 viro
2602 2985 2727 3050 hoc,
2758 2992 2959 3054 quanta
2985 2983 3126 3038 mala
3153 2982 3346 3038 fecerit
3370 2984 3576 3038 sanctis
3611 2983 3718 3038 tuis
3754 2983 3809 3038 in

2225 3099 2242 3131 ι
2281 3077 2639 3134 Hierusalem.
2667 3078 2734 3132 Et
2756 3077 2845 3132 hic
2871 3084 3197 3147 potestatem
3220 3076 3385 3131 habet
3408 3090 3440 3129 a
3466 3074 3810 3146 principibus

2226 3192 2244 3225 ι
2278 3172 2618 3228 sacerdotum
2653 3169 2903 3242 alligandi
2953 3185 3144 3227 omnes
3183 3170 3276 3239 qui
3312 3168 3567 3224 invocant
3607 3182 3810 3224 nomen

2226 3283 2245 3317 ι
2284 3273 2457 3320 tuum.
2486 3264 2634 3320 Dixit
2661 3270 2838 3318 autem
2866 3262 2932 3316 ad
2960 3276 3085 3317 eum
3123 3260 3420 3316 Dominus:
3468 3258 3639 3325 Vade,
3668 3274 3807 3329 quo-

2225 3378 2244 3412 ι
2281 3358 2429 3413 niam
2455 3371 2552 3412 vas
2577 3355 2860 3411 electionis
2880 3363 2966 3409 est
2993 3354 3126 3409 mihi
3153 3354 3277 3421 iste,
3301 3361 3362 3411 ut
3393 3361 3576 3426 portet
3602 3368 3808 3411 nomen

2226 3467 2244 3500 ι
2274 3463 2455 3503 meum
2496 3460 2679 3502 coram
2723 3444 2969 3516 gentibus
3011 3452 3067 3500 et
3107 3445 3326 3516 regibus
3370 3451 3425 3498 et
3466 3443 3593 3498 [iliis
3619 3443 3805 3499 Israel.

2226 3556 2244 3589 ι
2280 3539 2391 3609 Ego
2415 3537 2559 3593 enim
2593 3535 2874 3592 ostendam
2922 3535 3021 3601 illi,
3052 3543 3251 3606 quanta
3282 3542 3534 3605 Oporteat
3558 3549 3688 3588 eum
3712 3549 3809 3604 pro

2226 3647 2245 3681 ‹
2281 3628 2496 3684 nomine
2520 3641 2641 3682 meo
2665 3627 2797 3697 pati.
2824 3626 2893 3680 Et
2925 3624 3059 3681 abiit
3099 3625 3356 3690 Ananias,
3399 3632 3456 3679 ct
3483 3624 3734 3680 introivit
3754 3626 3808 3681 in

2226 3738 2246 3771 ι
2280 3720 2519 3785 domum,
2548 3725 2603 3772 et
2631 3718 2912 3788 imponens
2938 3718 2989 3772 ei
3013 3732 3228 3783 manus,
3270 3715 3449 3771 dixit:
3490 3714 3661 3772 Saule
3694 3715 3806 3770 fra-

2226 3830 2243 3863 ι
2284 3820 2384 3877 ter,
2410 3811 2672 3869 Dominus
2696 3808 2855 3864 Jcsus
2897 3809 3047 3864 misit
3074 3824 3180 3874 me,
3210 3808 3302 3878 qui
3330 3807 3582 3877 apparuit
3623 3807 3726 3861 tibi
3758 3808 3807 3861 iu

2226 3920 2245 3953 ι
2278 3902 2365 3956 via
2410 3916 2515 3971 qua
2542 3900 2816 3963 veniebas,
2862 3908 2923 3953 ut
2967 3899 3152 3957 videas
3195 3906 3251 3953 et
3288 3897 3563 3967 implearis
3614 3897 3809 3967 spiritu

2227 4013 2246 4046 ι
2282 4002 2492 4050 sancto.
2550 3992 2619 4047 Et
2658 3990 2945 4048 confestim
2996 3990 3309 4045 ceciderunt
3353 3990 3423 4044 ab
3467 3988 3645 4044 oculis
3694 3987 3810 4057 ejus

2226 4104 2245 4137 ι
2283 4093 2538 4154 tanquam
2587 4098 2846 4152 squamzn,
2891 4091 2948 4137 et
2983 4081 3161 4136 visum
3202 4079 3425 4149 recepit.
3470 4078 3539 4133 Et
3579 4095 3810 4150 surgens

2226 4195 2245 4227 ι
2278 4176 2584 4247 baptizatus
2624 4182 2728 4234 est.
2777 4182 2833 4228 et
2872 4188 2997 4228 cum
3026 4172 3323 4242 accepisset
3361 4170 3540 4226 cibum
3591 4170 3808 4226 confor-

2226 4284 2243 4317 ι
2282 4273 2431 4319 tatus
2456 4273 2558 4319 est.
2587 4284 2605 4315 ι

2293 4355 2491 4412 Saulus
2519 4367 2694 4410 autem
2718 4352 2890 4407 adhuc
2956 4351 3163 4423 spirans
3202 4350 3459 4406 minarum
3486 4358 3534 4404 et
3561 4350 3727 4405 cwdis
3756 4351 3806 4402 in

614 4450 746 4514 Qua:
774 4458 948 4502 autem
973 4444 1141 4499 scribo
1170 4443 1333 4508 vobis,
1355 4458 1469 4496 ecce
1495 4456 1670 4494 coram
1694 4439 1825 4503 Deo,
1846 4438 1987 4510 quod
2017 4454 2118 4492 non

2224 4448 2504 4520 discipulos
2558 4446 2787 4501 Domini.
2832 4445 2930 4515 (Ex
2970 4444 3156 4515 Beda.)
3209 4441 3513 4498 Praesentes
3556 4443 3808 4498 videlicet

2146 4495 2197 4553 1)

541 4540 781 4595 mentior.
836 4536 962 4591 Sive
1003 4533 1321 4603 simpliciter
1358 4529 1743 4601 accipiendum,
1776 4539 1833 4583 ut
1859 4530 1947 4591 sit,
1999 4544 2119 4599 qum
2149 4529 2196 4553 ”
2222 4542 2458 4597 aedibus
2484 4539 2739 4603 afﬁciens,
2765 4548 2820 4593 οι
2844 4538 3005 4592 minis
3033 4537 3315 4591 deici-rens
3338 4533 3615 4588 absentes,

543 4628 723 4683 scribo
760 4626 911 4680 vobis
938 4640 1067 4679 vera
1090 4630 1238 4687 sunt,
1276 4629 1331 4674 et
1366 4622 1475 4675 Deo
1515 4630 1651 4675 teste
1679 4620 1960 4684 conitirmo,
1992 4620 2119 4688 quia

545 4721 691 4777 nulla
736 4727 854 4774 arte
894 4719 1202 4781 verborum,
1240 4713 1386 4769 nullo
1430 4721 1555 4767 sunt
1601 4713 1776 4766 fucata
1814 4730 1842 4764 ιι
1867 4712 2115 4776 entlacio,

544 4814 659 4868 sive
686 4811 866 4875 altius,
896 4817 954 4863 ut
978 4808 1203 4878 legatur,
1234 4821 1354 4875 qua:
1396 4804 1578 4859 scribo
1604 4804 1757 4858 vobis
1784 4819 1965 4857 coram
2012 4804 2119 4857 Deo

546 4914 692 4969 sunt,
730 4903 785 4958 id
819 4911 919 4966 '.‘Sl,
947 4901 1043 4955 Dei
1084 4900 1243 4969 digna
1280 4906 1590 4966 conspectu,
1623 4897 1747 4965 quia
1779 4896 1987 4949 scilicet
2013 4911 2117 4948 non

546 4995 800 5058 mentior,
849 5000 903 5047 et
947 4990 1216 5061 quomodo
1267 4988 1408 5043 oculi
1456 4988 1664 5042 Domini
1716 5002 1877 5055 super
1918 4984 2116 5052 justus,

545 5084 741 5139 avertit
766 5091 946 5137 autem
988 5081 1178 5137 faciem
1213 5094 1365 5134 suam
1395 5094 1425 5132 a
1471 5086 1760 5147 conspectu
1809 5077 2118 5147 impiorum,

547 5175 624 5230 ita
649 5189 790 5229 nunc
838 5188 920 5237 ea,
956 5187 1076 5241 quae
1120 5171 1432 5225 scribuntur
1478 5184 1658 5223 coram
1706 5168 1815 5221 Deo
1842 5176 1989 5231 sunt,
2034 5184 2120 5222 me
2156 5224 2160 5229 ,

545 5281 653 5323 non
686 5265 997 5328 mentiente,
1028 5261 1123 5331 qui
1166 5262 1365 5326 scribo,
1412 5276 1531 5329 qua:
1558 5274 1666 5314 non
1712 5268 1896 5315 essent
1933 5274 2119 5315 coram

547 5354 780 5410 Domino
802 5355 846 5409 si
871 5353 1150 5408 mentirer.

901 5488 965 5541 IN
995 5486 1245 5543 NATALI
1273 5484 1516 5540 SANCTI
1547 5483 1769 5539 PAULI.

788 5618 981 5656 LECTIO
1007 5616 1220 5656 ACTL’UII
1247 5612 1648 5663 Αῐιοετοιοιιωι,
1671 5613 1789 5651 CAP.
1816 5613 1889 5651 IX.

524 5698 529 5707 ’
604 5733 645 5767 -ι
681 5713 875 5771 Saulus
900 5725 1079 5771 autem
1107 5715 1283 5770 adhuc
1328 5713 1541 5782 spirans
1575 5711 1838 5766 minarum
1873 5719 1928 5765 ct
1966 5713 2124 5767 (mdis

2293 4632 2477 4696 Saule,
2510 4628 2691 4696 Saule,
2719 4629 2845 4701 quid
2867 4646 2946 4683 me
2968 4625 3330 4699 persequeris?
3360 4624 3477 4679 Non
3511 4623 3655 4695 dixit
3675 4624 3804 4694 quid

2219 4722 2561 4791 persequeris
2589 4721 2830 4776 membra
2861 4735 3000 4785 mea,
3027 4720 3138 4784 sed,
3170 4720 3297 4791 quid
3324 4736 3405 4774 me
3437 4720 3809 4791 persequeris?

2220 4813 2345 4881 quia
2375 4812 2488 4881 ipse
2518 4812 2570 4865 in
2610 4828 2838 4881 corpore
2870 4828 2989 4874 suo,
3030 4812 3171 4880 quod
3206 4820 3290 4867 est
3319 4811 3582 4876 Ecclesia,
3629 4812 3806 4865 adhuc

2218 4904 2426 4973 patitur
2451 4902 2683 4972 iniquos,
2720 4913 2776 4957 et
2800 4903 2852 4957 in
2879 4903 3034 4972 cujus
3064 4903 3226 4956 etiam
3252 4903 3511 4957 membris
3540 4903 3804 4958 beneficia

2222 4992 2439 5056 collata,
2477 4993 2577 5046 sibi
2622 4993 2764 5047 facta
2794 5008 2915 5047 esse
2943 4993 3246 5057 denuntiat,
3278 5008 3402 5047 cum
3428 4992 3506 5046 ait
3535 5012 3549 5046 :
3591 4992 3805 5047 Esurfri

2220 5093 2269 5138 et
2296 5081 2511 5136 dedistis
2562 5082 2691 5134 mihi
2733 5082 3052 5135 manducare
3096 5081 3311 5153 (Matth.
3339 5081 3494 5151 xxv),
3540 5091 3597 5136 et
3642 5098 3805 5152 expo-

2222 5173 2398 5228 nendo
2431 5170 2726 5241 subjunxit,
2753 5170 3003 5237 Quanaiu
3055 5172 3146 5224 uni
3177 5186 3244 5225 ex
3292 5171 3531 5225 minimis
3566 5173 3705 5225 meis
3732 5173 3806 5226 fe-

2223 5261 2394 5317 cistis.
2427 5261 2541 5331 Ego
2564 5276 2679 5314 sum
2704 5277 2851 5331 quem
2879 5269 2935 5314 tu
2970 5262 3311 5331 persequeris.
3348 5261 3465 5316 Non
3499 5262 3660 5324 dixit.
3693 5262 3806 5334 Ego

2226 5366 2344 5406 sum
2383 5350 2546 5415 Deus,
2575 5365 2675 5419 ego
2717 5365 2834 5403 sum
2882 5350 2974 5405 Dei
3004 5350 3166 5416 filius,
3203 5351 3297 5405 sed
3343 5350 3688 5417 humilitatis,
3720 5353 3804 5409 in-

2225 5440 2361 5509 quit,
2392 5454 2524 5493 mea:
2547 5438 2758 5492 inﬁrma
2784 5439 3018 5509 suscipe,
3048 5447 3103 5494 et
3132 5448 3234 5494 tua:
3257 5439 3524 5510 superbia:
3550 5455 3805 5511 squamas

2224 5535 2448 5600 depone.

2298 5620 2405 5675 Sed
2451 5637 2605 5691 surge
2648 5631 2695 5676 et
2742 5624 3009 5691 ingredere
3054 5622 3334 5684 ciuitatem,
3380 5630 3431 5674 et
3460 5621 3669 5676 dicetur
3711 5623 3805 5677 tibi

2223 5713 2350 5784 quid
2373 5722 2420 5768 te
2443 5722 2674 5783 aportcat
2703 5712 2898 5781 facere,
2927 5721 3031 5767 etc.
3061 5711 3175 5767 Non
3194 5712 3450 5766 continuo
3477 5728 3599 5781 qua:
3623 5719 3808 5785 essent
