4026 6454
247 393 356 453 397

654 468 689 499 Ο

1090 379 1605 448 COLLECTIONES
1641 387 1710 444 IN
1746 384 2122 443 EPISTGLAS
2158 380 2245 441 ET
2285 377 2691 441 EVANGELIA.

3390 379 3500 439 398

241 506 488 565 facienda
522 494 858 571 monstravit,
902 505 995 561 sed
1036 506 1089 560 in
1121 505 1341 560 civitate
1369 503 1709 575 postmodum
1740 505 1819 556 t'a-
1846 504 1896 562 Α
1988 497 2097 568 (Ex
2131 496 2376 568 August.)
2414 498 2514 552 llic
2540 496 2795 552 discimus
2823 511 2944 551 cum
2969 495 3084 551 suis
3113 494 3390 566 discipulis
3409 495 3523 569 ιιι-ι

239 599 434 655 cicnda
470 596 809 666 praemonuit,
857 604 937 651 ιιι,
962 602 1111 650 tanto
1140 603 1263 665 post
1301 596 1355 649 in
1398 594 1552 648 bonis
1593 593 1817 647 solidius

240 699 438 757 staret,
466 699 668 761 quanto
709 692 860 763 prius
896 689 1137 747 funditus
1179 706 1399 746 eversus
1423 706 1453 744 a
1479 690 1708 760 pristino
1738 704 1823 744 er-

239 795 371 837 rore
389 779 692 837 cecidisset.

315 872 525 945 Apertis
563 873 724 929 oculis
771 873 903 928 nihil
954 870 1175 939 ridebat,
1225 881 1274 927 et
1324 872 1422 927 rel.
1475 872 1822 943 Nequaquam

238 966 512 1037 potuisset
554 965 693 1021 bene
739 981 926 1020 rursus
965 964 1168 1028 videre,
1201 964 1304 1019 nisi
1348 965 1497 1034 prius
1523 970 1825 1020 exemeatus

235 1056 454 1111 fuisset.
485 1054 628 1109 Bene
649 1055 921 1125 propriam
946 1054 1283 1124 sapientiam,
1314 1069 1432 1123 qua:
1453 1056 1820 1124 perturbatur,

237 1143 559 1209 excludens,
584 1142 708 1197 ﬁdei
737 1158 953 1213 semper
979 1151 1173 1224 cuncta
1205 1140 1587 1195 committeret.

313 1234 386 1288 Et
407 1244 519 1288 erat
558 1233 722 1287 tribus
747 1233 926 1288 diebus
957 1247 1059 1287 non
1100 1232 1295 1298 ridens,
1326 1240 1431 1286 etc.
1466 1230 1602 1299 Quia
1644 1230 1826 1284 Domi-

237 1342 375 1381 num
405 1342 511 1381 non
553 1326 856 1380 crediderat
902 1325 1063 1380 tertia
1103 1324 1191 1379 die
1233 1332 1464 1378 mortem
1498 1321 1824 1392 resurgendo

234 1416 461 1481 vicisse,
504 1431 602 1471 suo
640 1416 752 1487 jam
802 1415 1088 1469 instruitur
1131 1415 1396 1484 exemplo,
1436 1414 1529 1483 qui
1574 1412 1824 1469 tenebras

237 1507 545 1571 triduanas,
569 1506 688 1562 luce
714 1522 951 1572 reversa,
984 1514 1235 1560 mutaret.

313 1594 430 1667 Ego
470 1597 608 1650 enim
642 1596 910 1650 ostendam
952 1594 1051 1659 illi,
1095 1604 1289 1666 quanta
1315 1603 1545 1664 oporteat
1588 1608 1703 1647 eum
1729 1610 1822 1663 pro

236 1687 453 1741 nomine
483 1704 599 1742 meo
624 1687 757 1759 pati,
799 1696 853 1742 et
896 1688 991 1741 rel.
1023 1686 1139 1741 Non
1179 1687 1357 1750 debet,
1388 1687 1584 1756 inquit,
1633 1687 1824 1740 timere

235 1777 395 1848 quasi
437 1786 768 1848 persecutor,
798 1779 893 1835 sed
930 1778 1109 1848 potius
1153 1778 1307 1847 quasi
1356 1777 1524 1832 frater
1551 1776 1820 1846 amplecti,

235 1866 368 1936 quia
392 1867 603 1921 diversa
630 1882 750 1936 qua:
779 1868 981 1924 sanctis
999 1867 1256 1923 intulerat
1282 1875 1560 1936 promptus
1588 1875 1671 1922 est
1701 1882 1823 1924 sus-

236 1957 415 2013 tinere
438 1973 561 2012 cum
589 1958 808 2013 sanctis.

309 2047 384 2102 Et
430 2048 703 2119 confestim
748 2049 1046 2103 ceciderunt
1100 2049 1165 2103 ab
1200 2048 1366 2103 oculis
1404 2050 1519 2118 ejus
1571 2058 1824 2120 tanquam

232 2152 494 2207 squamm,
531 2146 633 2192 etc.
665 2137 928 2193 Draconis
954 2152 1112 2193 omne
1137 2153 1337 2209 corpus
1363 2139 1562 2194 dicitur
1580 2140 1823 2210 squamis

231 2241 362 2281 esse
391 2236 722 2283 contextum.
752 2228 888 2295 Quia
916 2243 1045 2300 ergo
1084 2227 1252 2283 Judaei
1281 2238 1560 2298 serpentes
1590 2239 1646 2284 et
1669 2231 1821 2299 geni-

232 2318 389 2373 mina
416 2327 542 2373 sunt
565 2319 873 2390 viperarum
906 2320 1106 2385 vocati,
1141 2320 1265 2389 quia
1300 2320 1512 2375 illorum
1540 2322 1823 2390 perﬁdiam

231 2409 571 2473 sectabatur,
615 2410 770 2479 quasi
812 2409 950 2479 pelle
974 2411 1281 2479 serpentina
1320 2410 1506 2467 oculos
1530 2413 1709 2468 cordis
1729 2415 1823 2470 ob-

233 2507 472 2565 texerat,
502 2500 597 2554 sed
638 2501 955 2556 cadentibus
991 2502 1090 2557 sub
1132 2516 1293 2556 manu
1335 2501 1558 2559 Ananiae
1601 2504 1670 2560 ab
1707 2504 1823 2575 ejus

232 2588 413 2644 oculis
459 2591 718 2659 squamis,
766 2599 1101 2645 monstratur
1148 2591 1204 2647 in
1236 2590 1394 2657 facie,
1444 2594 1587 2662 quod
1633 2610 1820 2649 verum

233 2680 421 2737 lumen
438 2680 549 2751 jam
578 2682 771 2753 recipit
793 2683 849 2737 in
877 2692 1080 2739 mente.

557 2788 894 2830 ενΑΝσειιωι
928 2790 1204 2840 ΜΛΤῚἩΕῘ,
1245 2788 1364 2830 CAP.
1392 2791 1503 2830 XIX.

311 2879 331 2913 ε
373 2862 525 2918 Tunc
554 2864 885 2933 respondens
911 2863 1120 2931 Petrus,
1144 2850 1280 2921 dixit
1305 2866 1355 2920 ei
1382 2885 1394 2921 :
1442 2867 1581 2923 Ecce
1608 2884 1707 2925 nos
1734 2884 1821 2927 re-

240 2969 264 3002 ‹
294 2949 553 3022 liquimus
578 2952 783 3019 omnia,
826 2960 882 3008 et
933 2954 1104 3008 secuti
1147 2969 1333 3010 sumus
1362 2962 1414 3011 te
1452 2973 1464 3009 :
1516 2957 1646 3025 quid
1687 2974 1819 3030 ergo

242 3058 266 3095 ι
297 3041 404 3096 erit
428 3041 627 3097 nobis?
653 3040 811 3097 Jesus
832 3050 1014 3098 autem
1042 3043 1179 3097 dixit
1205 3043 1309 3099 illis
1334 3061 1347 3098 :
1378 3043 1551 3100 Amen
1580 3046 1701 3103 dico
1725 3063 1821 3104 vo-

1923 592 2222 646 dicaturum
2271 589 2474 646 Iesum.
2526 589 2676 645 Unde
2721 598 2776 644 et
2823 588 2950 644 alibi
2995 587 3195 644 Judzeis
3225 588 3401 643 dixit:
3435 586 3528 645 Si.

1922 702 2043 755 ergo
2068 685 2122 739 in
2149 682 2431 738 Beelzebub
2469 682 2622 752 ejicio
2665 681 2946 747 dwmonia,
2986 680 3086 751 ﬁlii
3119 681 3272 735 vestri
3309 682 3364 735 in
3395 698 3498 752 quo

1921 775 2138 844 ejiciunt
2163 774 2186 828 ?
2213 773 2329 827 ideo
2368 773 2468 844 ipsi
2501 771 2708 842 judices
2735 772 2890 825 uestri
2925 782 3077 826 erunt
3116 772 3331 844 (Matth.
3359 772 3492 842 xrv).

1923 865 2034 922 Nec
2061 866 2315 938 quoniam
2364 880 2527 935 super
2571 863 2851 919 duodecim
2883 864 3038 919 sedes
3070 879 3316 920 sessuros
3352 878 3497 929 esse,

1924 969 2019 1015 aut
2067 959 2349 1015 duodecim
2385 958 2529 1015 solos
2569 957 2814 1013 homines
2848 972 2971 1012 cum
3022 958 3113 1013 illo
3157 957 3501 1029 judicaturos

1922 1062 2114 1124 putare
2143 1054 2478 1109 deberemus.
2520 1051 2860 1107 Duodenario
2887 1051 3083 1122 quippe
3126 1070 3352 1110 numero
3378 1058 3497 1113 uni-

1922 1158 2080 1197 versa
2106 1143 2351 1213 qumdam
2380 1141 2677 1214 signiﬁcata
2701 1149 2785 1197 est
2805 1140 3160 1211 iudicantium
3189 1145 3493 1214 multitudo,

1922 1243 2145 1307 propter
2189 1236 2323 1291 duas
2367 1243 2551 1305 partes
2616 1233 2948 1304 septenarii,
3005 1248 3112 1303 quo
3160 1235 3498 1307 signiﬁcatur

1923 1326 2237 1396 plerumque
2262 1326 2604 1391 universitas,
2633 1340 2753 1395 qua:
2779 1326 2896 1381 dua:
2941 1334 3146 1395 partes,
3180 1327 3232 1381 id
3255 1336 3358 1392 est,
3391 1329 3496 1384 tria

1923 1425 2234 1488 caquatuor,
2278 1416 2446 1471 altera
2490 1431 2587 1485 per
2623 1416 2845 1469 alteram
2883 1423 3092 1484 partem
3133 1415 3500 1487 multiplicatae

1925 1511 2203 1566 duodecim
2228 1508 2445 1563 faciunt.
2472 1507 2604 1562 Nam
2626 1515 2680 1561 et
2705 1515 2936 1578 quatuor
2956 1515 3061 1573 ter,
3098 1515 3153 1563 et
3183 1508 3283 1563 tria
3306 1514 3521 1579 quater‘

1923 1601 2203 1656 duodecim
2255 1607 2399 1654 sunt.
2441 1599 2692 1668 Alioquin
2735 1598 2987 1667 quoniam
3030 1599 3082 1653 in
3132 1599 3309 1655 locum
3347 1597 3498 1656 Iuda:

1925 1692 2202 1747 traditoris
2247 1690 2549 1761 apostolum
2594 1689 2847 1743 Mathiam
2896 1689 3124 1760 legimus
3165 1691 3495 1757 ordinatum,

1925 1785 2199 1856 apostolus
2242 1782 2460 1849 Paulus,
2501 1783 2594 1852 qui
2638 1781 2758 1852 plus
2784 1782 2890 1837 illis
2931 1783 3184 1839 omnibus
3211 1783 3519 1851 laboravit;

1850 1872 1898 1931 B
1926 1874 2013 1928 ubi
2037 1873 2103 1928 ad
2126 1872 2472 1943 judicandum
2502 1872 2687 1927 sedeat
2713 1887 2821 1927 non
2862 1872 3100 1941 habebit,
3129 1874 3221 1945 qui
3262 1875 3500 1947 profecto

1922 1980 2046 2019 eum
2095 1963 2213 2018 aliis
2256 1963 2460 2019 sanctis
2503 1962 2571 2017 ad
2616 1977 2900 2017 numerum
2941 1964 3183 2035 judicum
3224 1980 3289 2021 se
3330 1968 3517 2037 peni--

1922 2073 2053 2113 nere
2077 2057 2411 2112 demonstrat
2436 2070 2559 2111 cum
2588 2053 2747 2109 dicit:
2789 2053 3015 2109 Nescitis
3034 2057 3158 2127 quia
3177 2056 3388 2127 angelos
3406 2057 3500 2127 ju-

1921 2148 2210 2203 dicabimus
2255 2146 2305 2220 (I
2342 2144 2465 2201 Cor.
2492 2145 2591 2217 vi),
2620 2144 2685 2199 de
2709 2145 2840 2215 ipsis
2866 2160 3079 2216 quoque
3107 2143 3412 2214 judicandis
3444 2148 3499 2202 in

1922 2243 2025 2296 hoc
2053 2253 2276 2294 numero
2301 2237 2630 2293 duodenario
2658 2236 2851 2293 similis
2870 2251 3034 2294 causa
3062 2248 3164 2294 est.
3195 2238 3311 2296 Non
3356 2242 3501 2297 enim

1922 2331 2049 2401 quia
2078 2330 2282 2384 dictum
2309 2338 2414 2396 est,
2461 2329 2754 2396 iudicantes
2795 2328 3070 2384 duodecim
3110 2331 3277 2387 tribus
3307 2331 3497 2397 Israel,

1922 2419 2098 2474 tribus
2123 2419 2271 2484 Levi,
2314 2433 2433 2488 quae
2469 2419 2628 2473 tertia
2670 2419 2876 2473 decima
2899 2428 2984 2475 est
3011 2422 3079 2477 ab
3106 2422 3186 2478 eis
3208 2419 3501 2492 iudicanda

1921 2527 2029 2565 non
2047 2511 2171 2577 erit,
2191 2519 2281 2565 aut
2303 2510 2476 2565 solum
2492 2509 2644 2564 illum
2665 2509 2942 2580 populum,
2966 2526 3073 2566 non
3100 2525 3221 2567 cum
3236 2527 3300 2569 eo
3316 2523 3502 2585 gentes

1920 2610 2147 2659 cazteras
2187 2600 2528 2673 judicabant.
2582 2600 2737 2667 Quod
2789 2608 2971 2656 autem
3005 2601 3101 2669 ait,
3150 2603 3204 2657 in
3231 2619 3503 2675 regenera-

1918 2695 2078 2759 tione,
2113 2693 2300 2764 procul
2345 2693 2506 2748 dubio
2555 2701 2895 2748 mortuorum
2923 2697 3377 2752 resurrectionem
3410 2714 3503 2755 no-

1917 2786 2065 2842 mine
2092 2784 2262 2840 voluit
2303 2783 2729 2854 regenerationis
2772 2784 3017 2856 intelligi,
3066 2786 3146 2843 sic
3184 2788 3328 2844 enim
3372 2805 3502 2847 caro

1919 2886 2101 2933 nostra
2135 2877 2544 2947 regenerabitur
2582 2891 2678 2947 per
2714 2876 3197 2948 incorruptionem,
3243 2883 3502 2951 quemad-

1918 2970 2137 3025 modum
2166 2976 2251 3024 est
2272 2969 2451 3024 anima
2475 2976 2665 3024 nostra
2691 2977 3006 3040 regenerata
3031 2985 3132 3041 per
3150 2971 3331 3027 ﬁdem.
3361 2972 3502 3041 Quid

1918 3077 2048 3134 ergo
2076 3061 2144 3118 de
2184 3060 2353 3118 Paulo
2396 3061 2681 3117 dicemus?
2731 3061 2982 3133 Nunquid
3027 3064 3217 3122 tertius
3261 3065 3504 3122 decimus

241 3150 264 3185 ι
291 3132 401 3198 bis,
432 3133 575 3202 quod
602 3146 699 3187 vos
744 3134 835 3202 qui
856 3133 1027 3189 secuti
1046 3135 1178 3189 estis
1200 3150 1285 3190 me
1311 3135 1364 3189 in
1386 3138 1815 3208 regeneratione,

1918 3132 2218 3223 iudicabit?
2251 3149 2530 3219 Quomodo
2574 3150 2629 3205 in
2654 3132 2887 3206 centumi
2907 3154 3294 3225 quinquaginta
3327 3156 3502 3210 tribus

240 3241 264 3278 ι
294 3239 431 3317 cum~
444 3225 643 3317 sederit
668 3224 808 3281 ﬁlius
837 3226 1070 3282 hominis
1099 3226 1153 3281 in
1187 3228 1333 3283 πάθ’
1355 3228 1657 3298 maiestatis
1681 3246 1815 3297 sum.
1844 3219 1888 3281 (ἶ
1916 3219 2446 3315 piscibusingentem
2461 3257 2747 3297 numerum
2760 3219 3091 3311 sanctorum,
3107 3219 3175 3301 et
3182 3247 3234 3300 in
3260 3246 3500 3317 quinque

240 3331 263 3367 ι
290 3315 547 3371 sedebitis
582 3324 636 3370 et
659 3331 754 3371 vos
781 3329 945 3385 super
983 3318 1139 3372 sedes
1179 3317 1482 3383 duodecim,
1511 3318 1818 3388 iudicantes

242 3424 262 3459 s
297 3406 583 3462 duodecim
614 3406 787 3462 tribus
804 3407 990 3462 lsrael.
1022 3406 1090 3461 Et
1109 3408 1286 3463 omnis
1306 3409 1397 3479 qui
1426 3410 1708 3481 reliquerit
1729 3412 1820 3468 do-

240 3513 263 3547 s
289 3511 439 3550 mum
468 3494 551 3548 vel
578 3494 776 3550 fratres
805 3504 898 3549 aut
940 3510 1177 3561 sorores,
1205 3506 1299 3551 aut
1337 3504 1548 3567 patrem
1577 3507 1670 3553 aut
1698 3514 1817 3554 ma-

239 3602 261 3635 ι
304 3592 447 3639 trem
488 3591 582 3637 aut
627 3580 851 3639 uxorem
899 3591 992 3639 aut
1044 3585 1185 3640 ﬁlios
1228 3593 1322 3641 aut
1370 3601 1548 3657 agros,
1600 3598 1821 3659 propter

174 3676 189 3689 ‘
239 3692 261 3726 ι
296 3689 491 3729 nomen
530 3689 731 3738 meum,
776 3673 1085 3746 centuplum
1114 3675 1344 3746 accipiet
1369 3684 1425 3731 et
1454 3677 1621 3733 vitam
1659 3687 1818 3735 atter-

240 3782 263 3817 α
296 3779 421 3818 nam
444 3762 793 3833 possidebit.»
1117 3830 1123 3837 .

308 3854 457 3908 Tunc
478 3853 791 3924 respondens
816 3851 1006 3909 Petrus
1032 3854 1166 3909 dixit
1195 3856 1243 3911 ei
1262 3870 1281 3908 :
1334 3856 1469 3914 Ecce
1495 3876 1588 3916 nos
1607 3862 1819 3933 reliqui-

230 3963 352 4002 mus
375 3948 553 4000 omnia
572 3955 619 4001 et
644 3947 811 4000 secuti
854 3963 1033 4001 sumus
1055 3957 1104 4002 te
1138 3961 1157 4000 :
1201 3949 1329 4020 quid
1353 3968 1475 4022 ergo
1503 3955 1600 4007 erit
1628 3955 1775 4010 nobis
1794 3957 1819 4009 ll

230 4040 337 4113 (Ex
378 4038 622 4109 Hieron.)
649 4036 879 4093 Grandis
924 4036 1145 4094 ﬁducia!
1172 4039 1366 4096 Petrus
1401 4043 1639 4112 piscator
1677 4054 1813 4111 erat,

230 4130 387 4186 dives
423 4145 532 4184 non
572 4127 767 4193 fuerat,
805 4127 955 4183 cibos
982 4143 1145 4184 manu
1190 4138 1247 4184 et
1269 4140 1387 4186 arte
1430 4135 1721 4202 qurerebat,
1763 4144 1820 4191 et

230 4230 418 4277 tamen
447 4220 685 4291 loquitur
709 4218 1058 4285 conﬁdenter,
1107 4221 1409 4292 reliquimus
1457 4227 1651 4279 omnia.
1689 4227 1817 4282 Om-

230 4312 324 4367 nia
348 4312 494 4367 enim
521 4310 796 4381 relinquit,
825 4309 916 4379 qui
955 4310 1285 4366 voluntatem
1333 4313 1564 4368 habendi
1592 4316 1811 4370 deserit.

232 4399 344 4456 Sed
370 4400 497 4470 quia
528 4415 633 4455 non
661 4398 858 4454 suﬁicit
885 4406 1094 4453 tantum
1119 4400 1442 4470 relinquere,
1468 4401 1646 4475 jungit
1672 4406 1816 4474 quod

227 4493 531 4565 perfectum
559 4500 662 4558 est,
693 4498 748 4546 et
784 4491 956 4545 secuti
979 4505 1164 4545 sumus
1192 4499 1265 4557 te,
1298 4490 1520 4548 fecimus
1546 4495 1687 4563 quod
1702 4496 1817 4568 jus-

228 4584 372 4648 sisti,
405 4583 533 4653 quid
557 4583 719 4654 igitur
743 4581 895 4637 dabis
922 4581 1174 4651 praemii?

302 4678 459 4732 Iesus
486 4685 662 4730 autem
697 4675 830 4730 dixit
851 4673 958 4729 illis
979 4688 998 4726 :
1027 4674 1190 4729 Amen
1213 4675 1329 4729 dico
1354 4676 1514 4740 vobis,
1540 4692 1676 4746 quoa
1705 4694 1814 4743 vos,

226 4768 322 4838 qui
350 4767 513 4820 secuti
536 4767 656 4821 estis
678 4782 758 4821 me
785 4767 851 4819 in
866 4766 1271 4836 regeneratione,
1300 4783 1417 4820 cum
1444 4767 1634 4822 sederit
1670 4751 1813 4837 filius

230 4855 480 4919 hominis,
497 4854 554 4908 in
572 4854 692 4907 sede
716 4854 1006 4923 majestatis
1035 4871 1169 4919 sure,
1210 4855 1453 4911 sedebitis
1493 4873 1649 4927 super
1669 4858 1814 4913 sedes

229 4940 509 4994 duodecim
532 4940 833 5010 judicantes
860 4941 1133 4996 duodecim
1161 4943 1326 4998 tribus
1355 4944 1546 4999 Israel.
1594 4945 1711 5001 Non
1734 4947 1815 5001 di-

228 5031 335 5095 xit,
365 5030 459 5099 qui
485 5029 779 5100 reliquistis
798 5030 1002 5094 omnia,
1030 5030 1133 5085 hoc
1164 5033 1307 5086 enim
1334 5041 1390 5088 et
1416 5034 1666 5090 Socrates
1688 5036 1815 5090 fecit

228 5118 606 5190 philosophus,
657 5127 712 5173 et
759 5119 915 5173 multi
953 5119 1044 5174 alii
1073 5121 1291 5178 divitias
1329 5132 1811 5194 contempserunt:

229 5208 351 5273 sed,
373 5211 463 5280 qui
507 5209 670 5263 secuti
710 5209 832 5262 estis
874 5225 976 5275 me,
1008 5210 1151 5280 quod
1196 5213 1411 5282 proprie
1450 5215 1813 5286 apostolorum

227 5306 316 5353 est
352 5306 514 5368 atque
544 5299 900 5363 credentium,
932 5299 987 5353 in
1013 5304 1424 5371 'regcneratione
1461 5319 1585 5358 cum
1614 5306 1815 5361 sederit

228 5387 375 5444 ﬁlius
418 5389 654 5445 hominis
699 5390 752 5444 in
802 5390 929 5447 sede
978 5393 1276 5463 majestatis
1303 5412 1429 5460 suae,
1483 5399 1698 5467 quando
1747 5415 1814 5455 ex

229 5479 467 5533 mortuis
492 5478 559 5533 de
588 5479 934 5548 corruptione
975 5492 1257 5552 resurgent
1301 5485 1618 5556 incorrupti,
1662 5490 1814 5544 sede-.-

228 5569 363 5625 bitis
413 5567 471 5623 et
522 5584 617 5624 vos
672 5569 728 5624 in
773 5570 923 5626 soliis
967 5568 1347 5640 judicantium,
1395 5578 1814 5634 condemnantes

229 5658 517 5713 duodecim
547 5658 719 5712 tribus
759 5656 944 5725 Israel,
975 5660 1103 5728 quia
1131 5660 1281 5718 vobis
1323 5664 1667 5722 credentibus
1696 5682 1811 5725 cre-

230 5750 363 5806 dere
390 5748 695 5804 noluerunt.

1920 3333 2218 3403 virginibus
2251 3331 2670 3387 innumerabiles
2693 3333 2947 3404 virgines,
2972 3336 3241 3404 quomodo
3271 3338 3324 3391 in
3349 3339 3502 3407 quin-

1920 3441 2025 3495 que
2073 3424 2332 3480 fratribus
2382 3424 2525 3480 illius
2571 3425 2665 3496 qui
2713 3426 3067 3496 torquebatur
3115 3429 3255 3499 apud
3297 3429 3501 3486 inferos

1920 3516 2088 3570 millia
2113 3515 2293 3586 populi
2334 3513 2643 3570 Iud-.corum
2674 3523 2728 3570 et
2769 3524 2975 3587 septem
3023 3518 3186 3573 millia
3233 3518 3496 3585 virorum,

1920 3607 1987 3661 de
2013 3606 2208 3677 quibus
2238 3606 2367 3661 Elia:
2416 3606 2634 3672 dicitur,
2674 3606 2840 3661 millia
2870 3607 3114 3677 millium,
3159 3612 3241 3667 sic
3282 3612 3337 3667 in
3369 3614 3500 3667 duo.

1920 3697 2093 3753 decim
2121 3696 2337 3752 sedibus
2365 3712 2473 3752 non
2521 3696 2798 3752 duodecim
2833 3697 3097 3765 homines,
3142 3703 3239 3758 sed
3272 3706 3501 3775 magnus

1921 3802 2181 3843 numerus
2229 3786 2613 3857 perfecturum.
2666 3785 2825 3842 Orbis
2868 3789 3013 3844 enim
3061 3799 3331 3846 terrarum
3369 3808 3501 3863 qua-

1921 3886 2044 3935 tuor
2067 3879 2360 3951 designatis
2388 3882 2635 3951 partibus
2664 3881 2988 3937 continetur.
3020 3882 3102 3939 Ab
3133 3883 3219 3940 bis
3251 3886 3501 3942 omnibus

1919 3971 2161 4041 partibus
2188 3979 2412 4027 vocatur
2444 3973 2498 4027 in
2547 3972 2808 4037 trinitate,
2848 3974 3103 4044 quoniam
3139 3984 3223 4031 ter
3250 3979 3497 4047 quaterni

1919 4062 2200 4118 duodecim
2230 4062 2387 4128 ﬁunt,
2415 4064 2710 4132 perfectum
2737 4080 3017 4119 numerum
3041 4067 3328 4138 signiﬁcat.
3358 4070 3500 4124 Duo-

1920 4151 2095 4207 decim
2123 4167 2253 4223 ergo
2279 4152 2453 4207 tribus
2478 4153 2662 4220 lsrael,
2696 4162 2839 4209 totus
2881 4156 3045 4211 lsrael
3093 4158 3377 4214 duodecim
3402 4162 3500 4215 tri-

1918 4248 2020 4304 bus
2040 4256 2186 4315 sunt,
2219 4249 2358 4304 sicut
2378 4251 2522 4303 enim
2542 4247 2836 4319 judicaturi
2863 4264 2929 4306 ex
2953 4259 3068 4307 toto
3092 4252 3306 4319 mundo,
3340 4254 3421 4309 sic
3445 4264 3501 4309 et

1913 4341 2189 4413 iudicandi
2223 4358 2290 4398 ex
2315 4349 2427 4398 toto
2453 4342 2651 4398 mundo
2676 4353 2857 4398 erunt.

1990 4472 2061 4528 Et
2083 4475 2251 4530 omnis
2275 4476 2366 4546 qui
2393 4474 2660 4547 reliquerit
2698 4477 2912 4533 domum
2956 4478 3035 4535 vel
3074 4480 3264 4551 fratres
3291 4491 3384 4539 aut
3412 4502 3501 4540 so—

1839 4572 1893 4632 D
1918 4582 2060 4622 rores
2088 4575 2179 4621 aut
2203 4577 2403 4633 patrem
2443 4577 2537 4623 aut
2580 4579 2797 4623 matrem
2836 4582 2928 4625 aut
2966 4588 3183 4628 uxorem
3227 4585 3320 4630 aut
3356 4577 3497 4646 ﬁlios

1918 4668 2011 4714 aut
2031 4674 2205 4729 agros,
2236 4667 2448 4729 propter
2475 4675 2662 4714 nomen
2700 4676 2894 4734 meum,
2941 4663 3239 4734 centuplum
3277 4668 3497 4739 accipiet

1915 4759 1963 4804 et
1987 4750 2145 4804 vitam
2167 4759 2417 4803 wternam
2440 4750 2738 4819 possidebit.
2763 4751 2862 4822 (Ex
2886 4751 3075 4825 Beda.)
3104 4754 3307 4814 Sensus
3333 4758 3500 4831 igitur

1917 4839 2019 4894 iste
2048 4850 2173 4894 est:
2207 4839 2308 4906 Qui
2347 4848 2569 4909 propter
2615 4840 2965 4912 Evangelium
3011 4844 3211 4903 Christi
3250 4850 3495 4904 carnalia

1917 4931 2214 5001 reliquerit,
2264 4931 2529 5000 spiritalia
2568 4932 2709 4987 bona
2755 4935 2998 5005 recipiet,
3046 4952 3165 5005 quae
3217 4953 3499 5011 compara«

1916 5022 2064 5077 tione
2103 5030 2160 5077 et
2187 5024 2382 5078 merito
2430 5024 2513 5078 sui
2560 5024 2634 5081 ita
2663 5036 2842 5092 erunt,
2882 5029 3036 5097 quasi
3071 5046 3239 5099 parvo
3265 5047 3495 5089 numero

1918 5116 2265 5171 centenarias
2300 5131 2558 5172 numerus
2602 5130 2967 5187 comparetur,
3012 5122 3140 5189 quia
3175 5122 3428 5176 nimirum
3459 5140 3491 5176 a

1917 5200 2177 5259 fratribus
2208 5212 2370 5273 atque
2394 5206 2733 5261 consortibus
2760 5208 3019 5277 propositi
3051 5210 3159 5273 sui,
3188 5209 3278 5278 qui
3308 5210 3357 5263 ei
3385 5211 3495 5279 spie

1918 5295 2097 5350 rituali
2125 5296 2331 5365 glutino
2358 5297 2702 5369 colligantur,
2751 5300 2919 5354 multo
2945 5301 3149 5371 gratior
3183 5308 3285 5366 est,
3329 5301 3491 5356 etiam

1914 5396 1972 5443 et
1993 5387 2046 5442 in
2075 5388 2178 5442 hac
2199 5388 2305 5443 vita
2327 5388 2495 5458 recipi
2523 5398 2576 5443 et
2596 5391 2947 5455 charitatem;
2976 5391 3093 5461 lege
3110 5390 3243 5445 Acta
3264 5391 3488 5461 Aposto«

1916 5479 2092 5535 lorum
2118 5496 2130 5532 :
2166 5478 2305 5545 Quia
2333 5480 2683 5541 multitudinis
2704 5481 3026 5535 credentium
3064 5490 3177 5535 erat
3205 5498 3296 5536 cor
3324 5500 3487 5546 unum

1914 5578 1967 5623 et
1992 5569 2171 5623 anima
2191 5585 2316 5633 una,
2342 5579 2390 5624 et
2411 5581 2557 5625 erant
2586 5570 2691 5625 illis
2713 5571 2891 5633 omnia
2911 5571 3207 5625 communia
3233 5570 3373 5643 (Act.
3393 5575 3491 5645 Iv).

1919 5659 2210 5728 Nullusque
2244 5670 2556 5731 egenserat
2595 5661 2737 5714 inter
2760 5674 2853 5714 eos
2877 5661 2967 5728 qui
3004 5676 3101 5716 sua
3132 5676 3230 5732 pro
3263 5664 3494 5719 Domino

1919 5755 2271 5826 reliquerant,
2304 5750 2367 5806 de
2390 5752 2583 5820 quibus
2608 5760 2659 5805 et
2707 5750 2995 5820 Apostolus
3028 5754 3102 5809 ait
3155 5775 3166 5809 :
3224 5754 3495 5827 Tanquam
