4026 6456
527 360 636 418 399

1833 345 2111 404 SMARAG
2120 346 2186 403 DI
2222 345 2513 401 ABBATIS

3692 337 3795 394 ιθο

525 478 658 538 nihil
679 477 923 532 habentes
950 483 998 528 et
1037 472 1211 527 omnia
1237 468 1578 541 possidentes.
1612 465 1798 520 Potest
1821 478 1954 519 sane
1977 462 2104 527 hoc,
2134 464 2187 524 Α
2209 468 2314 526 est,
2344 460 2416 516 ibi
2450 460 2518 516 de
2549 464 2725 514 morte
2747 459 3043 512 tractatur.
3077 452 3190 510 Nec
3223 451 3573 508 convmiehat
3603 463 3668 508 ut
3712 455 3796 511 di-

523 570 667 640 quod
696 568 772 623 ait
799 585 811 621 :
837 563 1077 634 Accipiet
1096 560 1319 622 centies,
1350 567 1555 612 tantum
1594 570 1739 610 nunc
1776 554 1831 608 in
1864 560 2106 621 tempore

527 663 650 725 hoc,
683 660 873 716 domos
900 664 955 711 et
982 653 1177 708 fratres
1204 658 1260 706 et
1303 663 1518 705 sorores
1548 656 1603 702 et
1629 653 1831 701 matres
1869 652 1925 699 et
1966 642 2107 697 ﬁlios

527 759 603 818 et,
627 762 786 818 agros
828 759 953 802 cum
998 739 1465 813 persecutionibus
1510 752 1607 807 per
1656 733 2106 807 signiﬁcationem

527 818 690 895 altius
715 834 961 904 intelligi.
994 829 1351 887 Centenarius
1377 828 1577 899 quippe
1602 841 1861 882 numerus
1884 824 1950 879 de
1975 823 2108 878 laeva

528 929 823 985 translatus
864 926 921 980 in
955 923 1255 988 dexteram,
1288 919 1416 976 licet
1442 918 1687 973 eamdem
1733 916 1933 971 inﬂexu
1975 913 2110 986 digi-

527 1030 708 1076 torum
731 1018 980 1073 videatur
1022 1022 1208 1070 tenere
1253 1011 1503 1082 ﬁguram,
1533 1024 1694 1079 quam
1731 1009 1996 1064 habuerat
2019 1005 2111 1061 de-

526 1113 716 1170 narius
736 1112 794 1167 in
836 1111 992 1174 lteva,
1019 1107 1244 1162 nimium
1272 1112 1455 1159 tamen
1484 1101 1806 1172 quantitatis
1843 1098 2111 1170 magnitu-

528 1205 653 1260 dine
678 1199 1058 1272 supercrescit,
1082 1196 1208 1266 quia
1237 1194 1487 1250 videlicet
1519 1207 1726 1256 omnes,
1767 1190 1859 1261 qui
1891 1198 2113 1261 propter

529 1306 756 1362 regnum
813 1286 932 1352 Dei,
967 1294 1023 1342 et
1067 1283 1385 1355 temporalia
1427 1290 1666 1354 sperant,
1704 1282 1866 1336 etiam
1917 1280 1969 1334 in
2009 1280 2113 1335 hac

528 1382 640 1434 vita
664 1376 1127 1450 persecutionibus
1157 1372 1491 1444 plenissima,
1520 1372 1761 1442 ejusdem
1805 1370 1956 1442 regni
1984 1385 2113 1440 gau-

527 1472 679 1529 dium
724 1469 830 1523 ﬁde
875 1476 1026 1523 certa
1068 1467 1372 1538 degustant,
1427 1472 1588 1534 atque
1634 1463 1687 1517 in
1712 1461 2115 1532 exspectatione

525 1561 716 1636 patriae
764 1558 1023 1623 cmlestis,
1066 1573 1187 1628 quae
1229 1555 1353 1626 jure
1398 1555 1451 1610 in
1490 1555 1711 1609 dextera
1754 1554 2112 1624 signiﬁcatur,

528 1652 768 1709 omnium
815 1651 1021 1722 pariter
1064 1649 1358 1705 electorum
1409 1644 1780 1702 sincerissima
1830 1638 2114 1699 dilectione

528 1744 804 1800 fruuntur.

701 1852 1121 1912 IIEBDOMADA
1158 1851 1248 1907 VII
1277 1847 1451 1906 POST
1481 1845 1906 1904 PEN'I'ECOS’I‘.

528 1966 721 2009 ιεετιο
748 1962 1020 2004 ειλιετοως
1070 1960 1228 2000 BEATI
1260 1959 1415 1998 PAULI
1462 1956 1717 1997 APOS‘I'OLI
1756 1956 1824 1995 AD
1849 1952 2110 2002 ηουΑΝοε,

1195 2030 1314 2070 CAP.
1357 2029 1430 2067 VI.

604 2131 623 2163 ι
657 2107 975 2178 Quicunque
1015 2103 1273 2175 baptizati
1318 2116 1506 2159 sumus
1533 2101 1587 2156 in
1623 2099 1842 2156 Christo
1882 2088 2031 2163 Iesu,
2054 2094 2115 2152 in

536 2222 553 2252 σ
597 2209 771 2255 morte
824 2199 992 2269 ipsius
1043 2194 1301 2264 baptizati
1347 2207 1553 2247 sumus.
1608 2182 1922 2260 Consepulti
1969 2189 2115 2244 enim

538 2310 555 2342 ε
591 2306 777 2346 sumus
800 2303 924 2344 cum
948 2286 1041 2341 illo
1078 2300 1176 2356 per
1216 2282 1547 2353 baptismum
1582 2281 1641 2335 in
1676 2288 1873 2345 morte,
1900 2286 1961 2333 ut
1985 2292 2117 2350 quo-

536 2402 555 2433 σ
589 2380 748 2437 modo
768 2378 1017 2434 Christus
1041 2373 1280 2431 surrexit
1306 2388 1335 2427 a
1356 2371 1587 2427 mortuis
1614 2386 1712 2441 per
1748 2370 1974 2441 gloriam
2023 2384 2117 2439 pa-

538 2492 556 2524 ι
593 2472 711 2537 tris,
731 2471 805 2524 ita
831 2476 884 2522 et
908 2482 1005 2523 nos
1028 2467 1081 2521 in
1103 2465 1344 2520 novitate
1364 2463 1488 2518 vitae
1513 2461 1867 2517 ambulemus.
1890 2459 1947 2516 Si
1970 2462 2115 2516 enim

536 2582 554 2615 ι
587 2560 933 2631 complantati
967 2556 1094 2613 facti
1145 2570 1333 2612 sumus
1377 2552 1714 2609 similitudini
1760 2552 1951 2607 mortis
1976 2551 2113 2621 ejus,

536 2674 554 2705 ι
586 2651 744 2709 simul
774 2658 829 2705 et
856 2646 1270 2703 resurrectionis
1299 2645 1523 2699 erimus.
1570 2642 1685 2699 Hoc
1712 2644 1962 2708 scientes,
1989 2643 2117 2712 quia

537 2765 557 2797 ι
594 2751 747 2799 vetus
769 2743 931 2798 homo
957 2748 1141 2796 noster
1166 2737 1325 2794 simul
1348 2736 1642 2793 cruciﬁxus
1670 2745 1772 2799 est,
1801 2744 1859 2790 ut
1880 2736 2120 2791 destrua-

537 2854 557 2886 ι
599 2842 686 2888 tur
715 2847 910 2901 corpus
936 2829 1165 2901 peccati,
1206 2836 1265 2883 ut
1300 2828 1440 2883 ultra
1487 2842 1594 2883 non
1643 2827 1945 2883 serviamus
1992 2842 2119 2897 pec-

535 2945 559 2984 s
593 2936 737 2985 cato.
768 2924 869 2994 Qui
893 2924 1039 2980 enim
1070 2928 1318 2980 mortuus
1343 2929 1444 2986 est,
1487 2918 1814 2989 justiﬁcatus
1839 2928 1923 2974 est
1943 2934 1973 2972 a
2000 2934 2120 2989 pec-

538 3040 562 3075 s
594 3029 739 3076 cato.
784 3018 842 3073 Si
868 3024 1046 3072 autem
1092 3014 1290 3070 mortui
1319 3027 1504 3068 sumus
1528 3026 1650 3067 cum
1679 3009 1915 3077 Christo,
1945 3010 2119 3066 credi-

538 3129 557 3165 t
592 3126 732 3174 mus,
762 3107 890 3179 quia
922 3104 1085 3161 simul
1111 3104 1277 3161 etiam
1302 3103 1545 3159 vivemus
1567 3117 1689 3157 cum
1734 3101 1824 3156 illo
1842 3142 1857 3168 ,
1885 3102 2120 3157 scientes

540 3222 557 3254 ι
591 3201 735 3272 quod
761 3200 1012 3256 Christus
1041 3212 1329 3269 resurgens
1355 3212 1385 3252 a
1430 3195 1679 3260 mortuis,
1705 3189 1820 3264 jam
1861 3209 1966 3249 non
2002 3209 2116 3249 mo-
2145 3171 2188 3233 (ἶ

538 3310 557 3341 ι
590 3292 747 3359 ritur,
778 3306 924 3347 mors
964 3290 1037 3345 illi
1065 3289 1204 3343 ultra
1230 3303 1337 3342 non
1365 3284 1751 3341 dominabitur.
1785 3285 1937 3353 Quod
1970 3284 2117 3340 enim

537 3406 557 3438 ι
589 3393 833 3451 mortuus
881 3391 967 3439 est
1018 3389 1261 3452 peccato,
1292 3377 1480 3461 vsemel
1529 3386 1773 3432 mortuus
1809 3386 1913 3433 est.
1967 3376 2120 3443 Quod

534 3496 558 3526 -ι
594 3484 776 3531 autem
822 3474 974 3538 vivit,
1013 3472 1148 3527 vivit
1193 3470 1321 3525 Deo.
1370 3469 1446 3523 Ita
1475 3475 1531 3525 et
1569 3482 1666 3523 vos
1694 3467 2001 3521 existimate
2026 3480 2121 3520 vos

531 3586 557 3617 -‹
590 3574 831 3622 mortuos
851 3563 1067 3634 quidem
1084 3575 1205 3616 esse
1221 3568 1458 3630 peccato,
1473 3556 1718 3613 viventes
1731 3565 1910 3612 autem
1930 3556 2042 3612 Deo
2064 3556 2121 3611 in

532 3676 557 3708 -σ
590 3657 807 3711 Christo
825 3652 953 3708 Jesu
979 3650 1206 3707 Domino
1235 3657 1438 3703 nostro.
1462 3667 1479 3701 ι

606 3745 914 3815 Quicunque
959 3740 1207 3813 buptizati
1258 3754 1437 3793 sumus
1489 3738 1544 3792 in
1601 3735 1808 3792 Christo
1867 3736 2020 3803 Jcsu,
2066 3738 2123 3792 in

533 3846 702 3892 morte
732 3834 894 3908 ipsius
918 3831 1168 3905 baptizati
1196 3846 1395 3885 sumus.
1446 3828 1547 3902 (Ex
1578 3830 1827 3903 Hieron.)
1858 3829 2125 3901 Praecepit

534 3925 844 3999 Apostolus,
876 3931 937 3979 ut
966 3923 1093 3995 quia
1131 3930 1358 3993 propter
1387 3936 1488 3977 nos
1510 3920 1760 3979 Christus
1801 3932 2045 3978 mortuus
2069 3931 2124 3979 et

534 4018 777 4091 sepultus
802 4024 907 4083 est,
933 4024 989 4070 et
1032 4013 1347 4078 resurrexit,
1395 4027 1494 4068 nos
1518 4028 1733 4084 quoque
1758 4013 1827 4069 ad
1853 4013 2124 4085 passionis

533 4129 645 4170 sua:
675 4109 1103 4172 similitudinem,
1132 4106 1433 4161 voluntates
1455 4114 1510 4161 et
1546 4106 1870 4176 cupiditates
1908 4114 2125 4163 nostras

532 4202 931 4274 cruciﬁgamus,
956 4207 1011 4255 et
1031 4198 1087 4253 in
1112 4197 1437 4266 baptismate
1466 4197 1784 4268 mysterium
1811 4197 2000 4253 mortis
2034 4213 2122 4254 se—

533 4293 762 4368 pulturae
800 4302 854 4348 et
881 4288 1292 4345 resurrectionis
1319 4288 1437 4359 ejus
1460 4287 1752 4344 imitemur.

606 4381 713 4455 (Ex
741 4380 914 4453 Orig.)
946 4380 1077 4435 Mori
1122 4378 1274 4450 prius
1311 4387 1524 4449 oportet
1562 4390 1807 4449 peccato,
1852 4389 1913 4436 ut
1949 4379 2123 4452 possis

535 4474 750 4546 sepeliri
772 4487 896 4527 cum
914 4470 1146 4535 Christo,
1163 4478 1377 4525 mortuo
1394 4470 1545 4525 enim
1566 4471 1843 4541 sepultura
1862 4472 2116 4538 debetur;

538 4579 697 4621 nemo
723 4564 868 4620 enim
893 4562 1047 4617 vivus
1076 4560 1336 4631 sepelitur
1377 4561 1667 4631 aliquando
1695 4581 1707 4616 :
1739 4563 1785 4617 si
1806 4564 1952 4617 enim
1983 4564 2120 4621 vivis

538 4653 716 4710 adhuc
742 4657 982 4723 peccato,
1009 4650 1330 4720 consepeliri
1360 4665 1464 4705 non
1494 4659 1649 4721 potes
1671 4651 1907 4714 Christo,
1941 4668 2042 4709 nec
2062 4654 2119 4710 in

537 4761 680 4803 novo
706 4743 822 4815 ejus
859 4745 1109 4816 sepulcro
1131 4743 1404 4800 collocari.
1440 4744 1609 4799 Vetus
1647 4746 1792 4800 enim
1811 4745 1976 4802 homo
1992 4754 2120 4803 tuus

538 4838 692 4904 vivit,
733 4845 789 4893 et
825 4836 943 4892 ideo
973 4850 1078 4891 non
1103 4844 1259 4905 potes
1298 4835 1352 4889 in
1382 4835 1622 4891 novitate
1652 4835 1777 4890 vitae
1816 4837 2117 4892 ambulare.

538 4930 677 4998 Quid
700 4939 798 4995 est,
832 4929 974 4999 quod
994 4944 1116 4983 cum
1147 4928 1261 4999 ipse
1291 4927 1550 4983 Dominus
1592 4928 1792 4984 dixerit
1819 4929 2119 4998 discipulis,

537 5032 599 5078 ut
614 5021 946 5092 haptizarent
967 5034 1155 5075 omnes
1173 5027 1360 5090 gentes
1385 5019 1439 5074 in
1460 5019 1678 5074 nomine
1699 5018 1878 5074 Patris
1905 5028 1961 5075 et
1987 5019 2124 5084 Filii,

538 5124 595 5169 et
615 5114 851 5186 Spiritus
880 5110 1073 5176 sancti,
1104 5110 1393 5180 Apostolus
1435 5111 1604 5167 solius
1630 5110 1836 5167 Christi
1861 5111 1915 5165 in
1954 5111 2128 5182 bapti-

539 5222 657 5264 smo
683 5222 878 5262 nomen
905 5203 1171 5259 assumit?
1194 5203 1297 5258 nisi
1325 5204 1466 5272 quod
1495 5203 1549 5256 in
1577 5203 1829 5272 praesenti
1849 5202 1987 5267 loco,
2018 5216 2128 5257 non

539 5306 652 5352 tam
672 5295 1010 5366 baptismatis
1027 5293 1309 5358 rationem,
1333 5307 1492 5361 quam
1517 5293 1710 5347 mortis
1729 5291 1930 5347 Christi
1954 5293 2129 5348 discu-

539 5397 657 5443 tere
706 5384 974 5457 cupichat.
1020 5385 1102 5440 Ad
1148 5383 1300 5454 cujus
1347 5384 1773 5451 similitudinem,
1817 5385 1983 5440 etiam
2026 5400 2127 5441 nos

541 5478 798 5534 suaderet
846 5477 985 5532 mori
1035 5476 1231 5533 debere
1260 5484 1484 5547 peccato
1519 5485 1574 5532 et
1611 5475 1934 5546 consepeliri
1972 5475 2130 5531 Chri-

543 5577 647 5625 sto.
679 5569 747 5623 Et
767 5584 872 5624 non
907 5578 1025 5624 erat
1053 5570 1240 5640 utique
1262 5568 1609 5632 conveniens,
1641 5575 1701 5620 ut
1737 5568 1831 5623 ubi
1860 5568 1927 5623 de
1953 5574 2127 5624 morte

544 5662 782 5729 dicebat,
801 5663 888 5718 vel
914 5673 1124 5734 patrem
1148 5664 1449 5719 nominaret
1466 5662 1552 5716 vel
1577 5662 1826 5733 spiritum
1853 5670 2121 5717 sanctum.

549 5753 783 5815 Verbum
809 5757 953 5815 cnim
996 5772 1124 5815 caro
1167 5757 1367 5814 factum
1411 5765 1515 5827 est,
1549 5756 1842 5827 et.,merito
1871 5755 1961 5814 ubi
2000 5771 2127 5814 caro

2207 562 2391 611 ceret:
2417 554 2734 623 Quicunque
2760 550 3021 622 baptizati
3048 562 3238 604 sumus
3264 545 3321 623 iu
3351 544 3567 601 nomine
3589 543 3793 615 I‘atris,

2208 647 2291 703 vel
2316 648 2370 702 in
2396 622 2616 704 nomine
2639 622 2880 716 Spiritus
2908 641 3101 707 sancti,
3134 640 3189 696 in
3216 622 3391 696 morte
3421 629 3597 710 ipsius
3613 639 3796 711 baptio

2209 732 2313 792 zati
2341 751 2548 792 sumus.

2280 826 2585 900 Consepulti
2606 827 2745 883 enim
2778 842 2960 882 sumus
2987 840 3106 879 cum
3132 821 3340 879 Christo
3363 840 3456 896 per
3476 822 3798 894 baptismum

2209 923 2265 977 in
2296 932 2479 976 morte.
2523 916 2581 975 Si
2620 919 2918 989 eonsepulti
2963 932 3149 973 sumus
3177 932 3303 972 cum
3330 906 3567 982 Christo,
3600 932 3801 973 secun-

2210 1013 2336 1069 dum
2376 1027 2440 1067 ea
2478 1027 2599 1083 quae
2641 1009 2891 1081 superius
2939 1002 3190 1072 diximus,
3240 1000 3298 1062 id
3340 1008 3445 1072 est,
3491 1009 3795 1064 secundum

2210 1105 2354 1175 quod
2397 1103 2596 1159 mortui
2644 1117 2832 1159 sumus
2869 1105 3112 1172 peccato,
3166 1109 3561 1170 consequenter
3607 1100 3797 1171 utique

2211 1206 2527 1267 resurgente
2561 1196 2777 1252 Christo
2807 1211 2839 1251 a
2869 1191 3118 1259 mortuis,
3161 1202 3217 1250 et
3260 1211 3361 1251 nos
3397 1210 3522 1250 cum
3558 1195 3683 1265 ipso
3728 1197 3797 1251 si-

2211 1288 2322 1343 mul
2352 1302 2758 1359 consurgemus,
2785 1293 2841 1341 et
2880 1286 2970 1341 illo
3010 1274 3336 1342 ascendente
3362 1286 3431 1340 ad
3451 1286 3643 1346 caelos.
3672 1301 3795 1342 cum

2212 1381 2329 1452 ipso
2359 1380 2519 1435 simul
2544 1380 2919 1445 ascendemus,
2944 1388 2999 1433 et
3027 1379 3247 1433 sedente
3275 1372 3396 1448 ipso
3418 1378 3486 1433 ad
3509 1376 3796 1433 dexteram

2211 1472 2406 1543 patris,
2435 1487 2557 1527 cum
2594 1471 2711 1539 ipso
2748 1469 2908 1526 simul
2943 1469 2997 1525 in
3043 1467 3361 1525 caelestibus
3406 1468 3602 1525 sedere
3652 1461 3797 1526 dice-

2212 1581 2356 1631 mur,
2389 1564 2528 1619 sicut
2549 1562 2675 1617 alibi
2705 1562 2818 1633 ipse
2852 1561 3125 1631 apostolus
3156 1561 3269 1615 ait:
3298 1558 3437 1626 Quia
3479 1554 3797 1617 concitauit

2214 1672 2308 1710 nos
2363 1651 2594 1720 Christo,
2656 1651 2916 1725 simulque
2971 1651 3091 1721 fecit
3152 1650 3331 1707 sedere
3387 1652 3447 1706 iu
3505 1648 3799 1708 aetatibus

2217 1743 2430 1817 (Ep/tes.
2457 1746 2518 1812 ι).

2287 1834 2355 1889 Ut
2378 1835 2635 1906 quomodo
2655 1834 2903 1898 surrexit,
2937 1841 3043 1890 etc.
3076 1831 3300 1890 Novitas
3327 1841 3509 1888 autem
3537 1833 3670 1887 vita
3699 1842 3798 1897 est,

2213 1924 2304 1980 ubi
2330 1932 2571 1980 veterem
2600 1923 2870 1980 hominem
2899 1940 3022 1980 cum
3051 1924 3263 1980 actibus
3288 1924 3403 1980 suis
3426 1923 3798 1993 deposuimus,

2212 2026 2271 2071 et
2312 2015 2586 2072 induimus
2628 2031 2848 2081 novum,
2894 2016 2986 2086 qui
3035 2015 3331 2071 secundum
3363 2015 3533 2071 Deum
3580 2021 3802 2068 creatus

2212 2116 2314 2174 est,
2354 2116 2409 2163 et
2446 2108 2538 2179 qui
2575 2117 2865 2164 renovatur
2909 2109 2965 2164 in
3013 2107 3287 2179 agnitione
3326 2105 3449 2170 Dei,
3497 2105 3799 2160 secundum

2211 2201 2502 2273 imaginem
2547 2198 2664 2270 ejus
2703 2201 2794 2271 qui
2841 2199 3048 2255 creavit
3094 2212 3239 2254 eum.
3296 2197 3435 2252 Nam
3468 2204 3524 2251 et
3551 2196 3597 2249 si
3634 2196 3684 2251 is
3716 2189 3801 2266 qui

2213 2294 2342 2364 foris
2361 2294 2514 2348 homo
2540 2302 2736 2358 noster,
2763 2291 2939 2362 inquit
2964 2288 3275 2361 Apostolus,
3306 2288 3695 2358 corrumpitur,
3717 2286 3801 2340 sed

2212 2385 2302 2455 qui
2330 2385 2470 2439 intus
2499 2392 2596 2449 est,
2632 2391 2912 2437 renovatur
2946 2381 3010 2435 de
3044 2380 3128 2435 die
3161 2381 3216 2435 in
3255 2380 3393 2434 diem
3427 2377 3515 2450 (11
3544 2374 3680 2432 Cor.
3707 2377 3798 2447 tv).

2211 2476 2427 2537 Intuere
2477 2492 2572 2532 eos
2619 2475 2712 2545 qui
2759 2474 2815 2529 in
2854 2473 2957 2529 (ide
3000 2472 3309 2543 proﬁciunt,
3355 2479 3411 2526 et
3451 2470 3709 2541 quotidie
3752 2470 3801 2524 in

2213 2567 2502 2621 virtutibus
2539 2565 2876 2630 enitescant,
2915 2561 3187 2633 quomodo
3228 2575 3444 2632 semper
3476 2559 3641 2615 bonis
3681 2574 3801 2629 ope-

2214 2658 2364 2712 ribus
2397 2655 2657 2725 adjiciunt
2684 2655 2926 2720 meliora,
2958 2664 3016 2711 et
3039 2654 3283 2711 honestis
3307 2653 3623 2708 honestiora
3673 2668 3801 2708 con-

2214 2749 2521 2819 quiruntur,
2551 2748 2819 2818 quomodo
2850 2748 2906 2802 in
2937 2746 3238 2811 intellectu,
3270 2745 3325 2800 in
3362 2745 3593 2799 scientia
3623 2751 3689 2798 et
3718 2760 3799 2799 sa-

2214 2840 2416 2911 pientia
2452 2850 2727 2905 crescunt,
2758 2848 2813 2895 et
2841 2838 3097 2908 intelligis
3126 2853 3222 2893 eos
3243 2837 3489 2907 quotidie
3528 2835 3797 2890 innovari.

2214 2934 2272 2988 In
2303 2933 2544 2989 novitate
2573 2947 2701 3003 ergo
2727 2932 2853 2987 vitae
2888 2931 3242 2993 ambulemus,
3287 2928 3646 2983 ostendentes
3685 2942 3803 2982 nos-

2216 3024 2474 3094 metipsos
2498 3024 2565 3087 ei,
2593 3039 2683 3093 qui
2713 3038 2814 3077 nos
2839 3037 2963 3077 cum
2985 3021 3203 3077 Christo
3228 3019 3531 3083 suscitavit,
3561 3020 3803 3088 quotidie

2218 3130 2411 3181 novos,
2437 3124 2510 3177 et,
2531 3122 2591 3168 ut
2619 3113 2693 3169 ita
2724 3114 2977 3179 dixerim,
3005 3112 3364 3182 pulchriores,
3397 3110 3653 3165 decorem
3692 3109 3803 3163 vul-

2221 3215 2307 3262 tus
2336 3206 2508 3262 nos'ri
2544 3207 2598 3261 in
2633 3205 2871 3269 Christo,
2900 3212 3157 3273 tanquam
3196 3203 3250 3256 in
3290 3200 3509 3271 specqu
3546 3200 3805 3270 colligen-

2222 3305 2323 3362 tes,
2371 3297 2463 3366 qui
2498 3311 2725 3367 surgens
2769 3311 2799 3349 a
2845 3294 3073 3349 mortuis
3105 3292 3175 3347 ab
3209 3291 3513 3347 humilitate
3564 3297 3803 3357 terrena,

2221 3389 2287 3444 ad
2324 3388 2550 3459 gloriam
2590 3394 2827 3456 paternae
2864 3383 3166 3453 majestatis
3199 3380 3469 3445 ascendit,
3503 3388 3563 3434 ut
3597 3381 3804 3434 uideant

2222 3497 2376 3552 opera
2400 3488 2578 3534 nostra
2603 3483 2760 3541 bona,
2780 3485 2829 3529 et
2850 3474 3138 3546 glorificent
3161 3481 3362 3544 patrem
3385 3481 3621 3525 nostrum
3641 3471 3739 3542 qui
3755 3469 3805 3524 in

2222 3569 2363 3625 caelis
2385 3578 2461 3624 est
2482 3568 2697 3640 (Matth.
2719 3566 2818 3638 vi),
2845 3573 2900 3620 et
2924 3565 3008 3619 sic
3039 3564 3235 3619 merito
3262 3561 3483 3618 Christo
3515 3576 3804 3618 consurre-

2222 3662 2367 3717 xisse
2392 3676 2491 3731 per
2514 3659 2738 3732 gloriam
2765 3656 2939 3711 Patris
2973 3655 3237 3711 dicemur.

2294 3750 2354 3807 Si
2396 3752 2533 3806 enim
2573 3747 2932 3819 complantati,
2973 3755 3076 3801 etc.
3128 3746 3303 3802 Veluti
3348 3743 3577 3814 alicujus
3612 3743 3806 3815 planta

2170 3906 2181 3911 ,
2222 3843 2434 3901 arboris
2449 3841 2686 3899 ostendit
2706 3848 2937 3896 mortem
2948 3837 3175 3903 Christi,
3188 3839 3276 3893 cui
3299 3852 3397 3893 nos
3411 3836 3805 3907 complantatos

2222 3936 2337 3993 vult
2362 3950 2505 4000 esse,
2532 3943 2592 3989 ut
2623 3947 2785 3990 succo
2810 3931 3009 3986 radicis
3032 3930 3171 3999 ejus,
3198 3930 3348 3984 radix
3374 3942 3592 3999 quoque
3623 3936 3806 3982 nostra

2223 4026 2541 4095 suscipiens,
2569 4024 2833 4094 producat
2860 4037 3043 4077 ramos
3063 4019 3316 4090 justiti-.e,
3344 4027 3402 4075 et
3435 4018 3653 4073 fructus
3678 4017 3806 4074 effe-

2222 4126 2310 4175 rat
2334 4118 2480 4173 vitae.
2510 4115 2758 4173 Christus
2785 4130 2915 4183 ergo
2936 4114 3029 4185 qui
3064 4122 3147 4168 est
3168 4113 3262 4166 Dei
3289 4113 3465 4166 virtus
3491 4119 3548 4166 et
3572 4111 3672 4165 Dei
3720 4124 3804 4165 sa-

2221 4208 2444 4278 pientia,
2462 4207 2577 4277 ipse
2613 4213 2699 4261 est
2729 4204 2893 4259 arbor
2918 4203 3064 4267 vitae,
3090 4200 3177 4257 cui
3203 4216 3304 4255 nos
3323 4198 3680 4269 complantasi
3713 4198 3805 4253 deo

2221 4299 2431 4363 bemus,
2478 4304 2534 4352 et
2576 4310 2716 4351 novo
2763 4293 3000 4363 quodam
3049 4301 3213 4361 atque
3259 4288 3478 4345 amabili
3506 4286 3604 4343 Dei
3645 4289 3802 4350 dono,

2192 4380 2373 4446 'mors
2419 4388 2563 4443 illius
2602 4386 2759 4442 nobis
2800 4385 2924 4439 vita:
2953 4384 3114 4438 arbor
3143 4380 3391 4437 edicitur.
3440 4380 3585 4435 Bene
3627 4387 3805 4433 autem

2224 4481 2514 4554 Apostolus
2538 4494 2647 4534 non
2671 4477 2842 4533 dixit:
2871 4474 2932 4530 Si
2953 4475 3091 4528 enim
3111 4470 3453 4542 complantati
3473 4469 3605 4540 facti
3626 4483 3805 4523 surum

2225 4572 2386 4630 morti
2418 4572 2553 4642 ejus,
2588 4569 2686 4625 sed
2710 4564 3046 4622 similitudini
3078 4562 3262 4617 mortis
3301 4561 3438 4631 ejus.
3474 4559 3652 4629 Ipsam
3687 4557 3807 4627 qui-

2226 4668 2347 4720 dem
2393 4670 2645 4722 mortem,
2689 4672 2797 4727 qua
2849 4654 3009 4711 Jesus
3054 4659 3298 4707 mortuus
3333 4660 3418 4706 est
3456 4657 3702 4721 peccato,
3752 4655 3808 4703 ut

2225 4760 2506 4825 peccatum
2551 4750 2773 4806 omnino
2820 4764 2928 4803 non
2975 4744 3345 4807 fecerit..Nos
3385 4758 3491 4797 non
3519 4755 3807 4813 possumus

2226 4844 2388 4910 mori,
2419 4852 2481 4898 ut
2516 4842 2739 4897 omnino
2785 4839 3090 4895 nesciamus
3130 4846 3431 4908 peceatum.
3482 4832 3806 4889 Similitudi-

2229 4951 2354 4991 nem
2391 4942 2571 4989 tamen
2607 4932 2808 4987 habere
2844 4944 3153 5000 possumus,
3179 4938 3240 4983 ut
3269 4928 3543 4982 imitantes
3580 4941 3726 4989 cum,
3753 4936 3808 4982 et

2227 5023 2456 5095 vestigia
2482 5022 2599 5092 ejus
2629 5029 2934 5092 sequentes,
2967 5019 3337 5075 abstineamus
3365 5031 3464 5071 nos
3502 5031 3535 5069 a
3562 5023 3801 5084 peccato.

2228 5117 2343 5172 Hoc
2369 5124 2452 5171 est
2475 5131 2625 5187 ergo,
2653 5114 2798 5183 quod
2833 5113 3073 5182 recipere
3108 5120 3288 5182 potest
3310 5111 3547 5164 humana
3585 5115 3801 5171 natura,

2226 5216 2288 5263 ut
2317 5208 2371 5262 in
2393 5205 2799 5261 similitudinem
2827 5203 3019 5258 mortis
3047 5199 3162 5269 ejus
3187 5202 3301 5266 ﬁat,
3329 5201 3454 5256 dum
3486 5199 3664 5267 ipsum
3687 5197 3806 5252 imi—

2227 5300 2391 5355 tando
2424 5315 2531 5354 non
2567 5304 2776 5368 peccat.
2817 5295 2953 5351 Nam
2991 5296 3210 5350 omnino
3247 5310 3314 5349 ex
3354 5294 3565 5361 integro
3594 5291 3805 5347 nescire

2226 5399 2543 5460 peccatum,
2594 5388 2761 5443 solius
2811 5395 2895 5444 est
2941 5384 3164 5443 Christi.
3214 5385 3385 5456 Igitur
3449 5379 3802 5453 complanari

2225 5498 2325 5537 nos
2354 5482 2469 5537 vult
2508 5482 2701 5536 mortis
2742 5480 2859 5551 ejus
2881 5478 3245 5544 similitudini,
3268 5492 3375 5549 qua
3406 5483 3633 5545 peccato
3661 5487 3801 5528 mor-

2227 5579 2351 5627 tuus
2370 5579 2453 5626 est
2474 5570 2661 5636 semel,
2676 5580 2735 5625 ut
2754 5571 3024 5642 possimus
3044 5577 3099 5625 et
3117 5564 3501 5624 resurrectioui
3536 5562 3655 5634 ejus
3684 5573 3801 5615 esse

2226 5663 2592 5735 complantati.
2644 5663 2725 5717 Ad
2761 5672 3052 5731 utrumque
3110 5659 3255 5717 enim
3304 5655 3597 5712 subaudire
3641 5654 3797 5711 debet

2227 5755 2573 5825 complantati
2611 5764 2665 5811 ct
2694 5754 2888 5811 mortis
2924 5761 2979 5809 et
3008 5748 3437 5821 resurrectionis.
