4026 6452
278 370 379 429 ιοι

1104 362 1620 437 COLLECTIONES
1653 377 1720 435 1N
1758 377 2136 436 EPISTOLAS
2172 380 2261 437 ar
2298 381 2711 439 muscus.

3423 363 3536 446 tot

354 488 469 546 Hoc
501 491 741 559 scientes,
775 491 899 565 quia
930 502 1076 550 vetus
1109 493 1263 551 homo
1298 504 1474 552 noster
1508 494 1665 551 simul
1684 496 1855 549 cruci-
1882 493 1934 555 Α
1959 490 2072 548 Hoc
2120 500 2222 559 est,
2269 493 2534 550 alienatus
2587 502 2671 552 est
2717 512 2747 551 a
2791 502 3014 567 peccato
3043 513 3058 564 ;
3091 504 3338 554 mortuus
3390 499 3536 557 enim

276 581 421 651 ﬁxus
458 592 553 637 est.
599 584 765 641 Vetus
813 596 995 642 autem
1041 587 1204 644 homo
1250 595 1435 643 noster
1482 587 1859 658 intelligendus

277 680 383 739 est,
434 674 545 728 vita
593 674 761 745 prior,
809 692 972 747 quam
1004 677 1257 734 duximus
1303 680 1356 734 in
1398 679 1658 750 peccatis,
1707 676 1859 747 cujus

277 762 443 819 linem
470 771 527 819 et
562 765 838 822 interitum
878 771 1165 839 quemdam
1192 770 1440 838 facimus,
1466 771 1558 825 ubi
1587 769 1860 841 receperi-

274 868 402 909 mus
447 854 504 909 in
552 855 708 912 nobis
755 857 915 913 ﬁdem
957 862 1133 916 crucis
1175 859 1400 928 Christi,
1443 878 1542 933 per
1582 876 1743 932 quam
1782 861 1857 917 ita

275 943 577 1000 destruitur
614 962 810 1018 corpus
849 951 1077 1020 peccati,
1120 959 1179 1006 ut
1216 952 1456 1007 membra
1496 961 1706 1018 nostra,
1737 967 1858 1023 qua:

275 1033 593 1090 serviebant
619 1047 861 1106 peccato,
891 1039 1031 1094 ultra
1061 1041 1117 1096 ei
1139 1057 1244 1097 non
1273 1042 1545 1109 serviant,
1565 1043 1659 1098 sed
1686 1044 1817 1099 Deo.

348 1122 421 1179 Ut
434 1126 738 1181 destruatur
756 1145 942 1200 corpus
961 1134 1181 1202 peccati,
1204 1142 1262 1186 ut
1283 1132 1423 1187 ultra
1446 1150 1549 1188 non
1568 1136 1857 1190 serviamus

271 1226 510 1285 peccato.
537 1218 638 1290 (Ex
663 1216 842 1291 Orig.)
882 1220 1200 1292 Diligentius
1228 1224 1544 1280 intuendum
1581 1234 1685 1291 est,
1723 1242 1857 1297 quo-

271 1311 440 1366 modo
469 1310 668 1368 dixerit
700 1329 886 1385 corpus
918 1317 1137 1385 peccati,
1173 1317 1228 1371 in
1256 1332 1364 1388 quo
1398 1318 1591 1391 duplex
1626 1319 1742 1375 dari
1769 1320 1854 1376 vi-

272 1401 443 1456 detur
485 1402 808 1471 intellectus,
833 1405 928 1461 vel
947 1407 1073 1477 quia
1123 1416 1368 1464 nostrum
1418 1425 1616 1481 corpus
1644 1411 1855 1481 peccati

272 1507 407 1548 esse
441 1493 645 1549 dixerit
671 1510 888 1566 corpus,
933 1497 1019 1553 vel
1065 1499 1192 1569 quia
1239 1501 1445 1569 peccati
1494 1502 1663 1571 ipsius
1708 1503 1855 1559 dicat

268 1598 399 1639 esse
440 1586 717 1655 proprium
763 1586 979 1658 aliquod
1026 1603 1243 1658 corpus,
1275 1589 1417 1659 quod
1463 1591 1852 1648 destruendum

270 1674 348 1729 sit
396 1674 480 1730 bis
501 1675 595 1744 qui
624 1690 733 1731 non
758 1675 956 1733 debent
983 1678 1121 1733 ultra
1158 1679 1366 1737 servire
1409 1689 1652 1752 peccato.
1715 1681 1851 1750 Quia

267 1781 405 1837 ergo
425 1774 650 1837 uterque
687 1782 876 1824 sensus
900 1770 952 1824 in
982 1769 1101 1825 loco
1134 1770 1345 1826 admitti
1371 1779 1571 1842 potest,
1603 1774 1669 1830 de
1702 1782 1851 1829 utro-

265 1871 383 1926 que
406 1856 547 1928 quod
582 1858 739 1915 nobis
770 1859 1021 1915 videatur
1046 1861 1385 1931 exponimus.
1415 1861 1626 1917 Etenim
1653 1862 1698 1918 si
1731 1878 1853 1934 pro-

266 1948 450 2018 prium
479 1964 675 2020 corpus
710 1966 975 2022 ponamus
1012 1966 1133 2007 esse
1161 1953 1386 2022 peccati,
1414 1953 1685 2009 videbitur
1709 1955 1853 2023 quod

262 2037 416 2093 sicut
447 2039 515 2095 de
549 2040 635 2096 his
664 2041 756 2112 qui
803 2042 856 2097 in
894 2057 1092 2097 novum
1122 2042 1396 2098 hominem
1436 2044 1667 2113 reparati
1703 2051 1852 2111 sunt,

266 2128 477 2184 dictum
504 2139 608 2197 est,
636 2131 764 2201 quia
793 2130 898 2187 Vos
927 2134 1051 2188 estis
1084 2150 1271 2204 corpus
1294 2132 1510 2200 Christi,
1546 2143 1596 2189 et
1620 2134 1853 2190 membra

263 2235 337 2273 ea:
368 2230 517 2290 parte
548 2221 602 2294 (Ι
622 2220 746 2277 Cor.
775 2223 896 2296 xu),
940 2224 1015 2279 ita
1055 2232 1110 2281 et
1146 2224 1214 2281 de
1248 2226 1336 2280 his
1365 2226 1458 2297 qui
1486 2234 1725 2282 veterem
1756 2229 1855 2284 ho-

262 2311 474 2367 minem
518 2313 761 2370 nondum
807 2316 1197 2372 cruciﬁxerunt
1230 2318 1335 2374 dici
1364 2334 1521 2390 posse
1573 2320 1715 2392 quod
1747 2321 1856 2376 sint

263 2414 468 2470 corpus
493 2404 700 2472 peccati
726 2411 781 2460 et
807 2406 1050 2461 membra
1076 2407 1216 2478 ejus,
1242 2407 1396 2477 cujus
1423 2419 1586 2481 caput
1611 2413 1854 2482 corporis

262 2490 345 2543 sit
369 2490 638 2559 diabolus,
666 2495 807 2550 sicut
832 2495 1081 2553 Christus
1109 2508 1269 2570 caput
1293 2508 1377 2557 est
1404 2502 1648 2572 corporis
1675 2503 1850 2561 eccle-

263 2581 494 2647 ciarum,
528 2598 636 2639 non
682 2586 932 2643 habentis
966 2590 1232 2645 maculam
1277 2601 1371 2646 aut
1397 2608 1586 2664 rugam
1631 2593 1845 2666 (Ephes.

265 2667 367 2739 sv).
410 2669 643 2728 Possunt
665 2682 845 2730 autem
867 2679 1131 2746 membra,
1167 2696 1231 2736 ex
1264 2683 1461 2753 quibus
1486 2699 1684 2757 corpus
1706 2687 1850 2745 istud

264 2763 478 2830 peccati
508 2774 722 2821 constat
751 2767 842 2823 illa
865 2769 1058 2836 videri,
1088 2787 1208 2843 quas
1239 2777 1487 2844 superius
1515 2781 1852 2836 enumeravit

262 2852 558 2924 Apostolus
598 2860 841 2916 membra
877 2876 998 2919 esse
1028 2878 1192 2935 super
1222 2875 1444 2934 terram,
1475 2868 1577 2925 hoc
1604 2881 1709 2937 est,
1740 2872 1850 2929 for-

263 2942 614 3014 nicationem,
643 2949 1060 3021 immunditiam,
1099 2956 1510 3031 impudicitiam,
1538 2962 1844 3032 avaritiam,

261 3036 685 3105 contentionem,
723 3040 881 3110 iram,
913 3043 1087 3113 dolos,
1117 3047 1284 3114 rixas,
1316 3049 1703 3120 dissensiones,
1732 3055 1846 3111 ha:-

263 3140 438 3195 reses,
484 3130 760 3201 invidiam,
815 3140 1239 3197 comessationes
1287 3151 1344 3197 et
1383 3144 1471 3199 his
1508 3145 1727 3213 similia,
1776 3162 1845 3205 ex

258 3219 466 3289 quibus
489 3224 741 3282 omnibus
774 3228 1033 3286 membris
1062 3232 1222 3304 digne
1261 3235 1461 3291 dicitur
1483 3252 1679 3309 corpus
1720 3255 1845 3296 con-

263 3316 418 3365 stare
443 3316 673 3382 peccati,
713 3326 766 3372 et
794 3318 898 3375 hoc
934 3336 1131 3394 corpus
1156 3325 1358 3380 veteris
1397 3326 1634 3385 hominis
1668 3331 1850 3403 appel-

264 3399 366 3456 lari
385 3443 400 3469 ,
424 3407 567 3474 quod
595 3408 641 3463 si
670 3410 792 3481 quis
811 3427 911 3483 per
935 3430 1152 3473 crucem
1183 3417 1383 3475 Christi
1412 3421 1675 3492 destruat,
1790 3425 1847 3483 in

262 3508 466 3551 novum
504 3498 798 3568 hominem,
827 3505 919 3575 qui
963 3509 1258 3565 secundum
1296 3512 1463 3568 Deum
1507 3524 1722 3573 creatus
1765 3527 1850 3574 est

262 3598 629 3647 commutetur
656 3634 672 3660 ,
721 3595 861 3652 ultra
905 3614 1011 3655 non
1066 3602 1278 3659 dicetur
1328 3606 1535 3663 servire
1584 3619 1843 3680 peccato,

261 3678 351 3732 cui
380 3680 497 3737 sine
535 3683 696 3741 dubio
730 3687 918 3754 servit,
953 3689 1123 3748 donec
1153 3693 1313 3750 alicui
1353 3711 1541 3754 eorum
1580 3678 1842 3772 subiacet,

260 3784 384 3838 qua:
428 3787 589 3844 supra
637 3780 984 3851 exposuimus
1039 3787 1282 3843 membra
1333 3804 1454 3846 esse
1501 3794 1731 3861 peccati.
1786 3796 1845 3853 Si

261 3873 394 3958 vero
436 3864 606 3958 magis
634 3882 831 3939 corpus
865 3882 1110 3930 nostrum
1146 3877 1248 3934 hoc
1274 3879 1475 3938 dixisse
1517 3884 1847 3958 intelligatur

260 3950 551 4050 Apostolus
586 3974 783 4030 corpus
814 3966 1040 4033 peccati,
1077 3972 1373 4028 secundum
1415 3974 1561 4031 illam
1604 3950 1846 4050 proiecto

261 4044 561 4115 accipietur
588 4050 1018 4125 intelligentiam,
1053 4076 1158 4130 qua
1187 4070 1242 4117 et
1272 4064 1438 4120 David
1462 4064 1529 4121 de
1554 4044 1846 4140 semetipso

259 4134 393 4190 dicit
438 4155 451 4191 :
497 4137 637 4205 Quia
680 4143 734 4198 in
767 4145 1130 4217 iniquitatibus
1179 4165 1453 4227 conceptus
1494 4144 1645 4226 sum,
1699 4134 1764 4216 et”
1790 4162 1847 4217 in

255 4231 485 4299 peccatis
519 4239 752 4308 concepit
784 4255 866 4293 me
895 4251 1065 4297 mater
1106 4261 1221 4300 mea
1269 4245 1443 4319 (Psal.
1472 4249 1545 4322 ι).
1590 4251 1696 4308 Pro
1734 4268 1841 4325 quo

258 4330 483 4391 peccato
519 4336 573 4381 et
599 4328 837 4387 Ecclesia
877 4333 946 4389 ab
968 4334 1229 4407 Apostolo
1275 4340 1619 4399 traditionem
1656 4360 1842 4405 susce-

257 4410 343 4481 pit
364 4414 527 4469 etiam
557 4419 798 4487 parvulis
824 4423 1154 4494 baptismum
1185 4429 1336 4485 dare.

332 4503 442 4573 (Ex
469 4506 727 4584 Primus.)
767 4513 892 4570 Sive
927 4526 985 4573 ut
1019 4519 1329 4578 destruatur
1376 4541 1573 4597 corpus
1608 4513 1837 4599 peccati,
1865 4544 1918 4605 Β

255 4596 363 4653 hoc
382 4608 487 4668 est,
505 4611 563 4657 ut
588 4620 693 4660 non
720 4622 787 4662 ex
809 4618 982 4678 parte,
1007 4612 1103 4667 sed
1127 4615 1305 4671 omnia
1322 4616 1451 4672 vitia
1473 4596 1838 4691 destruantur,

257 4692 387 4762 quia
432 4711 596 4751 unum
639 4699 831 4756 vitium
869 4704 1173 4761 membrum
1220 4714 1301 4763 est
1343 4710 1587 4779 peccati,
1645 4728 1840 4783 corpus

257 4799 389 4841 vero
430 4797 514 4844 est
550 4793 873 4851 universitas
916 4797 1258 4868 delictorum,
1292 4819 1523 4875 quorum
1563 4806 1841 4878 plenitudo

256 4885 344 4933 est
395 4880 658 4952 originale
716 4895 1019 4956 peccatum.
1077 4890 1326 4949 Christus
1376 4905 1557 4952 autem
1618 4915 1724 4954 non
1770 4914 1840 4955 ex

256 4978 432 5038 parte,
483 4973 579 5028 sed
628 4974 838 5048 integer
884 4990 968 5035 est
1010 4983 1325 5050 cruciﬁxus,
1372 4994 1432 5041 ut
1478 5003 1576 5043 nos
1610 5004 1677 5044 ex
1724 4998 1837 5047 toto

256 5059 558 5116 moriamur
592 5076 835 5133 peccato,
872 5077 929 5124 et
965 5070 1206 5127 vivamus
1232 5073 1363 5139 Deo,
1403 5076 1516 5132 sive
1544 5086 1604 5132 ut
1638 5095 1837 5154 corpus

256 5158 506 5206 nostrum
534 5153 844 5212 destruatur
877 5174 908 5213 a
936 5162 1197 5233 servitute
1219 5165 1448 5234 peccati,
1480 5174 1533 5221 ct
1558 5167 1652 5221 liat
1669 5153 1835 5237 justi-

257 5239 350 5294 tia:
390 5244 740 5316 mancipium,
789 5251 932 5319 quod
977 5252 1186 5309 solebat
1230 5269 1351 5311 esse
1397 5257 1599 5315 delicti.
1652 5258 1835 5318 Omnis

255 5333 395 5426 enim
414 5336 503 5406 qui
523 5336 648 5405 facit
666 5349 957 5409 peccatum,
976 5360 1152 5401 servus
1171 5356 1245 5402 cst
1262 5351 1462 5418 peccati
1485 5349 1666 5423 (Joan.
1691 5353 1829 5426 vm).

259 5417 389 5479 Sive
417 5441 615 5497 corpus
639 5432 846 5500 peccati
889 5432 1205 5508 intelligitur
1238 5417 1308 5505 is,
1343 5441 1436 5510 qui
1474 5417 1653 5497 adhuc
1677 5417 1833 5499 extra

256 5512 587 5583 baptismum
643 5520 891 5590 originali
946 5525 1195 5583 subditus
1241 5538 1326 5583 est
1384 5532 1715 5602 conditioni,
1779 5543 1834 5592 et

257 5603 496 5661 nondum
524 5609 630 5665 ulla
657 5613 781 5670 vitae
807 5618 1044 5673 suscepit
1071 5618 1220 5673 initia
1240 5660 1255 5687 ,
1282 5621 1375 5677 sed
1398 5638 1461 5678 ex
1492 5631 1605 5681 toto
1627 5626 1835 5686 alienus

262 5701 346 5748 est
377 5709 408 5749 a
434 5697 627 5755 salute.

332 5784 439 5855 Qui
474 5791 608 5845 enim
647 5803 884 5851 mortuus
921 5806 1015 5865 est,
1051 5798 1376 5869 justiﬁcatus
1415 5813 1495 5859 est
1534 5822 1566 5860 a
1600 5817 1829 5877 peccato.

1957 585 2178 641 omnino
2210 601 2315 642 non
2342 594 2550 655 peccat.
2593 587 2709 654 Vel,
2744 590 2884 644 sicut
2910 589 3119 661 praefati
3155 605 3359 656 sumus,
3390 593 3538 663 prio-

1958 677 2035 733 ris
2061 678 2184 733 vitae
2209 679 2486 735 erroribus
2512 688 2777 746 mortuus,
2820 682 3108 738 innovatus
3149 682 3203 737 in
3235 680 3451 740 Christo
3477 689 3540 742 et

1956 770 2257 824 membrum
2291 768 2408 838 ejus
2440 769 2686 837 effectus,
2713 774 3164 843 concupiscentiis
3188 782 3244 831 et
3268 772 3539 845 passionL

1955 857 2058 913 bus
2095 859 2435 914 contradicit.
2678 864 2683 869 “

2027 949 2090 1005 Si
2116 951 2253 1006 enim
2283 953 2476 1007 mortui
2501 969 2682 1008 sumus
2710 970 2828 1008 cum
2856 953 3083 1021 Christo,
3116 958 3377 1013 credimus
3408 960 3535 1031 quia

1953 1038 2114 1094 simul
2143 1051 2193 1096 et
2214 1041 2331 1112 jam
2362 1043 2585 1097 vivemus
2617 1043 2994 1100 cum-Christo;
3048 1045 3148 1117 (Ex
3176 1047 3351 1121 Orig.)
3389 1048 3537 1105 Prte-

1956 1129 2095 1185 senti
2119 1144 2371 1186 sermone
2394 1131 2683 1202 Apostolus
2711 1133 3109 1191 conclusionem
3137 1136 3265 1193 facit
3292 1139 3536 1194 omnium

1954 1236 2076 1293 quae
2102 1223 2157 1278 in
2182 1225 2557 1295 superioribus
2573 1235 2972 1292 construxerat,
3002 1236 3058 1283 et
3077 1227 3246 1284 dicit:
3272 1229 3330 1285 Si
3353 1240 3536 1287 autem

1955 1315 2153 1370 mortui
2198 1331 2386 1373 sumus
2425 1332 2548 1373 cum
2581 1317 2832 1385 Christo,
2875 1333 2976 1389 per
3001 1320 3119 1375 haec
3159 1317 3365 1375 scilicet
3412 1336 3536 1391 qum

1954 1408 2204 1477 superius
2235 1406 2570 1467 ostendimus
2612 1411 2884 1467 credimus
2924 1420 2980 1467 et
3034 1412 3159 1483 quia
3188 1410 3537 1467 convivemus

1954 1497 2023 1553 ei.
2066 1497 2185 1554 Non
2212 1499 2348 1554 dixit
2377 1517 2391 1555 :
2420 1507 2474 1556 et
2515 1502 2874 1571 wnviximus,
2915 1503 3055 1564 sicut
3096 1502 3233 1559 dixit
3275 1521 3290 1557 :
3335 1506 3536 1560 mortui

1952 1604 2159 1654 sumus,
2196 1591 2291 1647 sed
2314 1609 2331 1644 τ
2357 1591 2726 1658 convivemus,
2763 1601 2824 1648 ut
2849 1594 3121 1660 ostendat,
3148 1594 3276 1665 quia
3305 1610 3451 1649 mors
3478 1595 3536 1650 in

1950 1681 2204 1751 praesenti
2227 1683 2636 1752 operatur,'vita
2661 1691 2844 1738 autem
2870 1683 2925 1739 in
2949 1683 3151 1752 futuro,
3177 1692 3306 1740 tunc
3328 1685 3538 1741 scilicet

1951 1783 2075 1824 cum
2101 1768 2350 1827 Christus
2378 1771 2757 1830 manifestatus
2783 1772 2970 1842 fuerit,
2994 1777 3193 1847 quiest
3214 1779 3325 1832 vita
3347 1785 3534 1833 nostra

1879 1843 1927 1903 Β
1953 1858 2269 1916 abscondita
2295 1862 2350 1917 in
2374 1862 2507 1919 Deo.

2020 1949 2254 2008 Scientes
2284 1954 2424 2025 quod
2446 1952 2688 2012 Christus
2725 1973 2945 2029 surgens
2975 1976 3007 2012 a
3028 1958 3249 2013 mortuis
3278 1957 3398 2029 jam
3431 1974 3536 2013 non

1949 2045 2192 2098 moritur.
2235 2044 2442 2115 Duplex
2490 2046 2813 2119 intelligitur
2857 2049 3219 2115 resurrectio,
3271 2064 3376 2105 una
3427 2064 3534 2120 qua

1951 2144 2133 2192 mente
2176 2144 2234 2192 et
2268 2136 2373 2192 [ide
2412 2152 2536 2193 cum
2577 2137 2793 2195 Christo
2830 2156 2860 2196 a
2895 2141 3128 2197 terrenis
3174 2141 3531 2213 resurgimus,

1950 2235 2012 2282 ut
2065 2228 2308 2285 ctelestia
2362 2230 2687 2302 cogitemus,
2745 2233 2958 2304 aliaque
3002 2233 3268 2307 generalis
3314 2234 3419 2289 erit
3473 2234 3529 2288 in

1950 2334 2134 2387 carne,
2178 2322 2292 2378 [mc
2337 2322 2391 2377 in
2441 2326 2677 2381 secundo
2722 2326 2847 2392 erit,
2879 2327 2967 2382 illa
3014 2327 3070 2381 in
3104 2327 3282 2398 primo
3314 2325 3531 2382 Domini

1951 2411 2053 2469 fuit
2094 2414 2370 2485 adventu,
2419 2416 2621 2474 idcirco
2669 2419 2914 2476 absoluta
2969 2422 3241 2477 sententia
3293 2420 3537 2476 definivit

1948 2504 2256 2575 Apostolus,
2294 2507 2437 2577 quod
2464 2506 2713 2565 Christus
2744 2508 2855 2580 jam
2881 2525 2989 2565 non
3026 2518 3354 2576 moreretur,
3386 2519 3445 2565 ut
3471 2520 3530 2566 et

1949 2595 2005 2652 hi
2036 2597 2127 2667 qui
2165 2599 2453 2656 convivent
2480 2602 2553 2666 ei,
2581 2602 2647 2657 de
2675 2603 3128 2659 mternitate'vitaa
3156 2605 3332 2664 securi
3363 2604 3494 2659 sint.

2021 2687 2168 2743 Mors
2193 2688 2271 2744 illi
2294 2690 2433 2745 ultra
2455 2708 2557 2746 non
2580 2692 2959 2748 dominabitur.
2988 2693 3174 2757 Potest
3202 2704 3382 2750 autem
3413 2696 3535 2765 quis

1949 2781 2462 2851 compendiosius’in
2491 2783 2577 2839 his
2601 2784 2801 2852 dicere,
2834 2786 2960 2855 quia
2994 2785 3083 2842 hic
3118 2796 3349 2843 mortem
3386 2802 3535 2843 com;

1948 2882 2165 2924 munem
2211 2870 2351 2926 hanc
2395 2872 2526 2927 dicit
2570 2880 2627 2929 et
2674 2875 2927 2942 mediam,
2973 2891 3080 2947 qua
3130 2886 3375 2933 mortuus
3423 2888 3531 2945 est,

1948 2959 2088 3016 sicut
2139 2961 2282 3017 idem
2327 2963 2618 3034 Apostolus
2675 2967 2813 3022 dixit
2860 2969 3156 3024 secundum
3210 2971 3531 3041 scripturas,

1947 3062 2003 3110 et
2048 3055 2520 3113 uihil‘absurdum
2565 3059 2758 3126 videri,
2805 3060 2849 3116 si
2902 3062 2947 3116 is
2975 3062 3065 3132 qui
3115 3062 3344 3118 formam
3388 3063 3534 3119 servi

1902 3193 1918 3219 ,
1951 3157 2282 3217 susceperat,
2323 3148 2660 3206 dominatum
2695 3151 2981 3222 pertulerit
3020 3154 3229 3218 mortis,
3259 3170 3379 3225 qua:
3413 3155 3534 3210 sine

1951 3235 2114 3292 dubio
2144 3237 2455 3294 dominatur
2493 3241 2746 3297 omnibus
2791 3243 2883 3312 qui
2924 3243 2979 3297 in
3019 3259 3183 3299 carne
3216 3245 3396 3315 positi,
3433 3246 3534 3304 sub

1950 3327 2134 3383 servili
2164 3327 2338 3383 forma
2371 3338 2685 3386 censentur.
2713 3330 2867 3388 Alius
2915 3349 3047 3388 vero
3086 3334 3177 3404 qui
3221 3334 3535 3404 pt'ol'uudioa

1954 3436 2069 3476 rem
2096 3420 2153 3475 in
2189 3422 2274 3477 his
2299 3421 2450 3477 Pauli
2487 3438 2706 3479 sensum
2736 3424 2791 3479 in
2814 3425 3015 3481 virtute
3052 3426 3274 3496 spiritus
3306 3437 3533 3484 contue-

1947 3518 2057 3578 tur,
2108 3512 2282 3569 dicit:
2328 3513 2465 3581 Quia
2515 3531 2665 3571 mors
2713 3516 2818 3583 hic,
2877 3517 2944 3573 de
2980 3533 3087 3588 qua
3123 3518 3333 3573 dixerat
3390 3519 3535 3589 quod

1946 3600 2088 3656 ultra
2109 3620 2211 3657 non
2230 3601 2589 3659 dominabitur
2617 3603 2858 3673 Christo,
2884 3606 2973 3663 ille
3008 3607 3124 3679 ipse
3153 3608 3534 3685 intelligendus

1945 3700 2030 3749 est
2070 3693 2397 3750 novissimus
2442 3694 2722 3763 inimicus,
2779 3698 2874 3768 qui
2921 3698 3149 3773 ﬁguram
3190 3699 3381 3762 habuit
3424 3701 3533 3755 ceti

1945 3782 2109 3852 illius,
2151 3786 2244 3856 qui
2297 3787 2656 3844 absorbuerat
2699 3788 2926 3865 Ionam,
2968 3793 3025 3847 in
3068 3808 3230 3864 quam
3276 3801 3529 3863 mortem,

1946 3883 2206 3946 tanquam
2234 3876 2401 3936 Jonas
2439 3881 2494 3935 in
2516 3889 2707 3937 ventre
2735 3883 2841 3937 ceti
2882 3882 3158 3955 ingressus
3187 3893 3290 3950 est,
3314 3886 3376 3940 ’in
3405 3902 3530 3942 cum

1946 3967 2155 4023 scilicet
2197 3968 2396 4038 locum,
2426 3986 2587 4042 quem
2624 3972 2863 4029 salvator
2902 3975 3015 4045 ipse
3042 3991 3137 4032 cor
3167 3985 3324 4032 teme
3351 3981 3530 4033 nomi—

1946 4057 2115 4124 navit,
2144 4058 2198 4113 in
2236 4073 2344 4128 quo
2372 4068 2485 4115 tres
2514 4061 2629 4116 dies
2657 4069 2714 4117 et
2746 4072 2858 4120 tres
2895 4072 3080 4120 noctes
3108 4066 3352 4137 exemplo
3380 4067 3529 4123 Iona:

1945 4145 2187 4201 futurum
2225 4162 2346 4203 esse
2391 4148 2557 4203 lilium
2594 4150 2829 4206 hominis
2870 4152 3001 4207 dicit
3045 4152 3259 4226 (Matth.
3295 4156 3417 4226 xu),
3469 4165 3526 4211 ut

1946 4251 2040 4291 eos
2065 4237 2156 4306 qui
2186 4238 2319 4293 inibi
2355 4254 2387 4294 a
2419 4249 2597 4295 morte
2636 4241 3039 4311 detinebantur,
3071 4245 3354 4311 eximeret,
3386 4250 3527 4304 unde

1944 4333 2094 4381 recte
2121 4325 2408 4397 Apostolus
2457 4329 2511 4384 in
2539 4332 2791 4400 praesenti
2841 4332 2962 4388 loco
3005 4333 3137 4389 dicit
3173 4351 3186 4387 :
3233 4335 3358 4407 quia
3387 4353 3525 4399 mors

1943 4417 1993 4472 ei
2042 4416 2181 4472 ultra
2225 4436 2329 4474 non
2369 4420 2743 4478 dominabitur.
2806 4422 2927 4481 Non
2981 4426 3125 4492 enim
3186 4411 3327 4483 ultia
3378 4430 3528 4485 dabit

1943 4508 2293 4581 semetipsum
2323 4510 2378 4565 in
2401 4511 2824 4570 dominationem
2857 4518 3094 4594 tyranni,
3123 4533 3298 4599 neque
3323 4519 3522 4578 iterum

1942 4602 2218 4659 exinaniet
2246 4617 2325 4669 se,
2355 4613 2415 4659 ut
2454 4603 2684 4664 formam
2714 4608 2857 4662 servi
2894 4610 3144 4679 accipiat,
3170 4619 3227 4666 et
3268 4610 3363 4666 ﬂat
3400 4611 3523 4668 obe-

1943 4693 2098 4749 diens
2125 4709 2298 4764 usque
2348 4695 2417 4751 ad
2450 4702 2680 4751 mortem
2725 4696 2946 4769 (Philip.
2975 4698 3057 4771 u),
3107 4715 3175 4755 ne
3221 4716 3433 4756 rursum
3465 4702 3520 4757 in

1942 4782 2117 4839 forma
2148 4785 2316 4857 servi,
2350 4787 2596 4856 quamvis
2622 4774 2919 4855 voluntate,
2958 4799 3015 4846 et
3050 4807 3159 4847 non
3193 4795 3521 4850 necessitate

1940 4878 2150 4948 positus
2176 4918 2193 4946 ,
2243 4878 2667 4936 dominationem
2712 4887 2920 4937 tantum
2962 4884 3177 4955 tyranni
3223 4888 3520 4957 mortisque

1941 4969 2200 5045 patiatur,
2237 4977 2293 5025 et
2330 4971 2435 5026 hoc
2471 4980 2557 5026 est
2593 4972 2736 5046 quod
2782 4973 2900 5029 ait:
2929 4959 3086 5051 Quod
3104 4976 3243 5032 enim
3280 4987 3518 5033 mortuus

1940 5071 2016 5117 est
2037 5072 2264 5135 peccato,
2292 5073 2527 5117 mortuus
2551 5074 2626 5119 est
2646 5065 2823 5123 semel;

2013 5171 2167 5238 Quod
2192 5181 2366 5233 autem
2386 5174 2527 5238 vivit,
2552 5174 2671 5237 vivit
2687 5174 2827 5235 Deo.
2849 5174 3043 5238 Vivere
3072 5188 3250 5239 autem
3275 5179 3406 5244 Deo,
3440 5180 3517 5236 ita

1941 5263 2343 5337 intdligendum
2386 5274 2489 5332 est,
2521 5267 2677 5335 quasi
2705 5268 2917 5340 expleto
2944 5284 3028 5336 eo,
3062 5271 3206 5341 quod
3255 5271 3307 5325 in
3338 5270 3515 5329 forma

1940 5352 2035 5409 Dei
2057 5354 2285 5424 positus,
2311 5355 2609 5410 exinanivit
2640 5359 3007 5429 semetipsum,
3036 5368 3091 5414 et
3120 5359 3343 5415 formam
3371 5364 3514 5421 servi

1937 5443 2168 5511 accepit,
2206 5452 2262 5498 et
2299 5443 2474 5500 lactus
2516 5454 2601 5500 est
2634 5447 2894 5503 obediens
2933 5464 3104 5517 usque
3150 5449 3217 5504 ad
3260 5463 3510 5522 mortem,

1937 5549 2151 5589 rursum
2174 5544 2489 5605 permaneat
2516 5536 2569 5592 in
2608 5537 2780 5593 forma
2810 5539 2929 5605 Dei,
2967 5548 3130 5612 atque
3167 5544 3386 5614 aequalis
3412 5563 3512 5617 pa-

1937 5624 2030 5691 tri,
2060 5625 2202 5680 unde
2233 5626 2427 5682 merito
2465 5628 2518 5683 in
2555 5632 3009 5700 consequentibus
3034 5636 3208 5707 ponit,
3239 5638 3309 5692 ita
3339 5649 3393 5696 et
3416 5656 3513 5698 vos

1934 5717 2269 5783 existimate,
2303 5734 2403 5774 vos
2438 5720 2654 5791 quidem
2695 5731 2937 5778 mortuos
2979 5740 3100 5782 esse
3138 5737 3383 5798 peccato,
3424 5731 3512 5788 vi-

1937 5817 2127 5867 ventes
2164 5818 2347 5866 antem
2384 5811 2497 5867 Deo
2540 5812 2594 5866 in
2624 5812 2843 5871 Christo
2872 5813 3000 5872 Jesu
3026 5817 3258 5878 Domino
3302 5833 3509 5892 nostro,
