4026 6454
266 352 377 411 ωδ

1098 340 1608 403 COLLECTIONES
1640 341 1708 397 ΙΝ
1747 340 2122 398 EPISTOLAS
2153 341 2240 397 ET
2278 342 2685 400 EVANGELIA.

3398 340 3505 399 ιοδ

266 466 462 532 soleat,
497 470 681 521 tamen
715 461 844 534 quia
883 461 1144 517 interesse
1175 459 1377 530 aliquid
1402 459 1507 515 hoc
1529 457 1649 513 loco
1681 454 1838 511 fateri
1866 456 1917 516 Α
1948 471 1967 507 t
2011 453 2145 509 Nam
2181 453 2304 510 ﬁnis
2345 454 2558 510 illorum
2598 470 2746 512 mors
2788 438 2891 511 est.
2934 453 3088 511 Nunc
3125 468 3256 510 vero
3294 453 3511 515 liberali

266 558 415 628 cogit
455 555 570 625 ipsa
613 550 903 617 distinctio,
948 550 1193 605 videatur
1238 550 1307 605 ad
1350 547 1640 603 concilium
1672 545 1837 615 perti-

265 666 401 707 nere
435 648 717 705 sententia:
752 644 1003 717 prolatio,
1030 643 1246 713 quando
1282 656 1388 697 non
1410 640 1523 710 jam
1552 655 1675 694 eum
1720 639 1837 708 ipso

266 758 364 799 reo
390 742 591 812 agitur,
621 747 801 793 utrum
831 736 1166 791 damnandus
1202 734 1293 798 sit,
1330 732 1425 789 sed
1466 732 1609 787 inter
1635 746 1716 795 se,
1744 729 1837 801 qui

256 831 526 904 iudicant,
570 828 873 889 conferunt,
915 841 1023 895 quo
1075 823 1335 894 supplicio
1380 821 1624 878 damnari
1679 834 1838 891 opor-

264 931 399 987 teat,
430 936 594 993 quem
633 926 846 975 constat
867 932 987 972 esse
1014 914 1395 971 damnandum.
1430 912 1686 969 Gebenna
1706 925 1837 966 vero

262 1017 430 1088 ignis,
474 1028 575 1069 nec
622 1010 1022 1067 damnationem
1059 1008 1227 1063 habet
1270 1005 1521 1071 dubiam,
1572 1004 1713 1058 sicut
1750 1000 1836 1071 jn-

261 1107 492 1171 dicium,
535 1117 637 1159 nec
675 1099 913 1157 damnati
956 1112 1192 1168 pinnam,
1240 1096 1381 1152 sicut
1425 1093 1734 1158 concilium,
1781 1092 1834 1146 in

259 1198 511 1271 gehenna
548 1209 680 1251 vero
713 1192 854 1265 ignis
885 1198 1034 1249 certa
1067 1198 1154 1246 est
1188 1197 1244 1244 et
1268 1187 1562 1254 damnatio,
1597 1195 1654 1242 et
1676 1199 1835 1256 paena

258 1288 524 1346 damnati.

334 1378 592 1434 Gebenna
633 1391 831 1433 nomen
870 1373 1226 1445 compositum
1264 1378 1366 1435 est,
1395 1380 1507 1430 tam
1542 1376 1656 1429 iw.
1708 1367 1831 1423 Fuit

256 1469 408 1526 enim
437 1467 592 1523 vallis
618 1465 850 1522 filiorum
876 1464 1068 1519 Ennon
1103 1463 1253 1533 juxta
1281 1459 1600 1522 Jerusalem,
1643 1459 1697 1512 in
1726 1472 1832 1527 qua

254 1557 669 1628 multajacuere
694 1555 958 1611 cadavera
984 1560 1338 1615 mortuorum,
1374 1549 1515 1603 unde
1540 1557 1595 1605 et
1621 1549 1831 1602 interno

252 1649 520 1720 gehennae
543 1644 795 1717 congruit
816 1657 1034 1700 nomen.

332 1737 393 1794 Si
426 1754 547 1809 ergo
588 1737 747 1815 offers
784 1751 977 1790 manus
1004 1744 1153 1789 tuum
1189 1741 1311 1787 ante
1347 1730 1537 1796 altare,
1565 1739 1614 1785 et
1647 1729 1720 1783 ibi
1751 1745 1833 1784 re-

1943 563 1963 596 ι
2007 561 2039 601 a
2070 555 2315 617 peccato,
2342 547 2486 602 servi
2509 555 2690 601 autem
2722 546 2847 602 facti
2877 546 3008 613 Deo,
3038 546 3250 602 habetis
3276 546 3513 603 fructum

1943 650 1962 684 ι
2006 642 2244 688 vestrum
2293 633 2347 688 in
2397 633 2913 698 sanctiﬁcationem,
2962 635 3124 691 ﬁnem
3168 649 3300 690 vero
3344 636 3513 692 vitam

1941 742 1960 776 ι
2003 733 2282 779 aeternam.
2341 723 2617 792 Stipendia
2671 725 2814 780 enim
2854 726 3066 795 peccati
3109 736 3284 789 mors,
3336 727 3512 796 gratia

1940 834 1962 869 ι
2003 823 2185 871 autem
2213 815 2308 872 Dei
2352 816 2465 871 vita
2506 823 2730 882 aeterna,
2776 816 2834 871 in
2859 816 3078 874 Christo
3120 815 3247 874 Iesu
3281 816 3511 874 Domino

1940 923 1959 957 ι
2004 914 2212 961 ηοεινο.
2259 926 2280 959 ι

2008 993 2055 1047 11
2063 1011 2312 1048 umanum
2335 994 2450 1049 dico
2479 1002 2688 1066 propter
2711 994 3070 1064 inﬁrmitatem
3098 996 3273 1051 carnis
3303 1004 3505 1053 vestra.

1933 1088 2082 1144 Sicut
2100 1089 2237 1143 enim
2257 1089 2564 1144 exhibuistis
2595 1088 2825 1145 membra
2856 1097 3024 1144 vestra
3045 1090 3238 1145 servire
3276 1092 3508 1149 immun—

1932 1180 2079 1235 ditia:
2116 1190 2165 1236 et
2201 1181 2470 1253 iniquitati
2499 1180 2569 1234 ad
2607 1180 2956 1257 iniquitatem,
2999 1181 3076 1236 ita
3103 1184 3243 1236 nunc
3280 1183 3512 1238 exhibete

1931 1273 2164 1328 membra
2206 1283 2374 1329 vestra
2417 1274 2610 1330 servire
2647 1273 2875 1344 justitite
2916 1273 2972 1327 in
3017 1273 3507 1342 sanctiﬁcationem.

1933 1362 2036 1435 (Ex
2062 1363 2236 1435 Orig.)
2264 1364 2530 1419 Pudorem
2558 1365 2846 1435 quemdam
2872 1379 2973 1435 per
2995 1364 3115 1420 haec
3153 1365 3348 1419 incutit
3365 1364 3512 1434 Apo-

1931 1453 2102 1509 stolus
2135 1454 2494 1520 auditoribus,
2522 1463 2585 1510 ut
2606 1455 2710 1511 hoc
2742 1454 2936 1510 saltem
2962 1454 3266 1524 dependant
3288 1454 3512 1524 iustitiae

1931 1550 1988 1597 ct
2020 1541 2457 1607 sanctificationi,
2489 1543 2633 1613 quod
2660 1543 2813 1613 prius
2846 1542 3222 1609 immunditiie,
3255 1542 3512 1612 iniquita-

1933 1632 2079 1702 tique
2127 1632 2454 1687 detulerunt.
2533 1632 2670 1699 Quid
2719 1648 2849 1704 ergo
2892 1641 3004 1688 tam
3041 1632 3333 1688 humanum
3360 1671 3375 1698 ,
3408 1633 3513 1688 hoc

1930 1728 2034 1785 est,
2072 1721 2201 1803 quid
2230 1728 2339 1776 tam
2369 1720 2507 1787 leve,
2537 1720 2668 1791 quid
2717 1731 2826 1777 tam
2868 1723 2986 1779 sine
3033 1735 3219 1788 onere,
3267 1730 3322 1777 et
3365 1722 3513 1792 quod

250 1796 507 1886 cordata;
532 1796 718 1899 faelis,
749 1827 874 1899 quia
901 1826 1068 1897 frater
1091 1835 1211 1879 tuus
1237 1822 1387 1878 habet
1417 1821 1618 1893 aliquid
1646 1820 1830 1875 adver-
1857 1796 1904 1855 Β
1930 1811 2074 1866 nulla
2136 1798 2360 1882 prorsus
2412 1813 2587 1882 possit
2640 1813 2822 1869 carnis
2877 1813 3168 1870 infirmitas
3212 1815 3514 1870 excusare?

253 1938 376 1977 sum
400 1928 470 1986 te,
497 1919 728 1991 relinque
756 1919 827 1974 ibi
854 1934 1045 1972 manus
1072 1926 1219 1971 tuum
1246 1924 1367 1970 ante
1389 1902 1575 1978 altare,
1592 1922 1697 1968 etc.
1727 1911 1831 1982 (Ex

1930 1903 2099 1959 multo
2136 1904 2284 1960 enim
2324 1905 2576 1975 amplius,
2613 1914 2669 1962 et
2697 1906 2867 1962 multo
2908 1906 3171 1962 intentius
3198 1906 3512 1962 honoranda

255 2011 508 2082 Hieron.)
550 2009 666 2065 Non
711 2009 865 2076 dixit,
911 2008 955 2063 si
1001 2016 1061 2061 tu
1110 2006 1276 2061 babes
1311 2005 1513 2074 aliquid
1547 2005 1832 2058 adversum
1922 1995 2136 2066 iustitia
2163 2006 2265 2053 εει.
2298 1996 2407 2054 Sed
2433 2014 2554 2071 ego,
2584 1999 2779 2070 inquit,
2809 2000 3046 2055 humane
3074 2007 3132 2055 et
3152 1998 3510 2054 communiter

252 2100 482 2156 fratrem
521 2107 694 2162 tuum,
729 2097 825 2154 sed
862 2097 906 2152 si
949 2096 1118 2150 frater
1147 2105 1272 2150 tuus
1301 2094 1464 2148 habet
1504 2091 1703 2162 aliquid
1732 2091 1830 2147 ad-

253 2205 478 2247 versum
507 2198 580 2256 te,
614 2199 675 2244 ut
701 2187 890 2244 durior
914 2183 1370 2243 reconciliationis
1396 2182 1493 2238 tibi
1528 2182 1834 2252 imponatur

254 2282 577 2339 necessitas.
627 2280 875 2348 Quandiu
905 2293 1035 2349 ergo
1074 2277 1223 2332 illum
1249 2275 1466 2345 placare
1510 2288 1616 2327 non
1642 2287 1833 2341 possu-

254 2389 404 2439 mus,
434 2372 620 2428 nescio
640 2386 709 2425 an
732 2375 1125 2439 consequenter
1158 2380 1384 2420 munera
1416 2375 1603 2419 nostra
1632 2361 1831 2417 oll‘eraa

256 2477 385 2518 mus
387 2462 543 2535 pec.

330 2552 500 2606 Docet
535 2550 723 2621 utique
760 2564 885 2605 eum
906 2548 997 2619 qui
1038 2548 1091 2602 in
1114 2547 1335 2602 fratrem
1368 2544 1702 2616 impacilicus
1723 2551 1829 2608 est,

254 2641 413 2713 pacis
437 2640 670 2695 hostiam
688 2638 835 2708 juste
862 2638 1091 2693 Domino
1117 2637 1311 2692 oll‘erre
1336 2651 1442 2692 non
1471 2651 1651 2706 posse.

331 2728 441 2799 (Ex
476 2726 723 2797 August.)
757 2726 815 2782 Si
852 2727 907 2781 in
938 2735 1171 2781 mentem
1199 2726 1425 2788 venerit,
1458 2724 1601 2795 quod
1629 2724 1832 2793 aliquid

257 2820 458 2875 habeat
482 2819 767 2874 adversum
794 2832 895 2872 nos
923 2816 1112 2884 frater,
1139 2817 1192 2872 id
1221 2825 1325 2881 est,
1353 2817 1400 2872 si
1445 2831 1547 2871 nos
1572 2831 1695 2871 eum
1731 2816 1831 2871 ali-

255 2925 368 2980 quo
410 2909 678 2975 ltesimus,
715 2916 843 2965 tunc
875 2908 1022 2964 enim
1067 2908 1184 2978 ipse
1218 2907 1379 2963 habet
1414 2907 1672 2961 adversus
1708 2922 1828 2973 nos,

258 3017 388 3058 nam
415 3016 514 3057 nos
541 3001 802 3057 habemus
830 3000 1117 3055 adversum
1146 2999 1318 3062 illum,
1350 2998 1396 3056 si
1425 2997 1516 3052 ille
1545 3012 1643 3053 nos
1669 2997 1828 3063 laesit,

258 3093 355 3148 ubi
380 3107 488 3147 non
513 3107 648 3163 opus
673 3098 756 3148 est
790 3105 1017 3161 pergere
1054 3090 1122 3145 ad
1151 3089 1664 3145 reconciliationem.
1710 3087 1829 3144 Non

257 3185 406 3239 enim
442 3149 656 3239 veniam
690 3149 991 3253 poslulavbis
1030 3182 1099 3236 ab
1127 3194 1214 3245 eo,
1250 3180 1343 3250 qui
1379 3179 1477 3235 tibi
1504 3178 1636 3234 fecit
1694 3179 1832 3249 inju—
1857 3149 1903 3213 Ο

260 3277 425 3341 riam,
457 3276 552 3332 sed
592 3284 798 3331 tantum
833 3274 1083 3340 dimittis,
1112 3275 1257 3330 sicut
1290 3274 1387 3329 tibi
1424 3289 1456 3329 a
1487 3274 1714 3329 Domino
1748 3274 1833 3330 di-

259 3366 406 3421 mitti
441 3366 624 3435 cupis,
663 3365 808 3436 quod
837 3366 951 3435 ipse
978 3364 1336 3421 commiseris.
1382 3363 1719 3436 Pergendum
1748 3372 1835 3421 est

258 3473 391 3529 ergo
417 3458 487 3513 ad
516 3452 1006 3513 reconciliationem
1029 3497 1043 3523 ,
1086 3472 1212 3513 cum
1247 3457 1305 3512 in
1322 3466 1571 3518 mentem
1599 3456 1827 3521 venerit,

258 3552 406 3621 quod
440 3565 538 3606 nos
568 3549 709 3606 forte
744 3548 970 3605 fratrem
1008 3550 1062 3605 in
1093 3549 1273 3619 aliquo
1306 3548 1562 3605 laesimus.
1597 3548 1834 3620 Pergen-

257 3641 390 3696 dum
443 3647 623 3695 autem
674 3654 783 3696 non
834 3640 1059 3710 pedibus
1112 3638 1393 3708 corporis,
1452 3639 1550 3694 sed
1596 3638 1833 3695 motibus

256 3731 448 3797 animi,
493 3738 554 3785 ut
601 3739 655 3786 te
699 3730 891 3785 humili
939 3729 1135 3785 affectu
1178 3738 1491 3800 prosternas
1543 3727 1721 3793 fratri,
1764 3730 1833 3786 ad

257 3836 424 3892 quem
463 3822 629 3877 chara
673 3822 1000 3893 cogitatione
1056 3821 1392 3886 cucurreris,
1441 3821 1495 3876 in
1537 3830 1832 3892 conspectu

257 3913 398 3983 ejus,
427 3911 515 3966 cui
542 3926 736 3966 munus
765 3910 1044 3966 oblaturus
1072 3926 1149 3965 es.
1191 3910 1540 3981 Spiritaliter,
1572 3911 1831 3981 templum

257 4011 509 4058 nostrum
556 4002 780 4058 interior
826 4003 985 4059 homo
1024 4010 1134 4067 est,
1188 4003 1361 4058 altare
1406 4002 1560 4069 fides,
1612 4018 1829 4070 munus,

256 4096 566 4167 prophetia,
601 4095 866 4161 doctrina,
908 4097 1100 4162 oratio,
1132 4096 1377 4168 hymnus,
1411 4097 1669 4167 psalmus,
1701 4106 1756 4153 et
1785 4098 1831 4153 si

259 4187 393 4258 quid
430 4187 536 4243 tale
565 4187 709 4244 aliud
746 4188 1067 4258 spiritalium
1098 4189 1362 4245 donorum
1400 4189 1603 4259 aliquid
1643 4204 1835 4245 occur-

255 4279 525 4343 reritJta
569 4280 714 4334 enim
761 4267 925 4335 etiam
969 4280 1015 4335 si
1058 4294 1294 4351 praesens
1338 4280 1427 4347 sit,
1473 4281 1678 4350 poteris
1707 4297 1832 4337 eum

258 4389 372 4429 non
412 4375 664 4431 simulato
699 4376 878 4432 animo
924 4375 1091 4431 lenire
1126 4382 1287 4446 atque
1327 4376 1382 4430 in
1420 4375 1649 4446 gratiam
1679 4390 1834 4431 revo—

260 4480 411 4532 care,
450 4467 660 4521 veniam
700 4467 1037 4539 postulando,
1081 4467 1127 4523 si
1165 4468 1268 4523 hoc
1306 4467 1458 4537 prius
1504 4481 1687 4521 coram
1724 4468 1833 4523 Deo
1856 4494 1910 4554 D

260 4558 483 4625 feceris,
511 4574 740 4631 pergens
778 4559 847 4616 ad
873 4574 997 4615 eum
1030 4575 1138 4615 non
1181 4559 1336 4631 pigro
1375 4566 1524 4614 motu
1562 4558 1829 4629 corporis,

261 4652 360 4708 sed
409 4659 467 4706 et
512 4650 793 4707 celerrimo
854 4650 1160 4707 dilectionis
1222 4648 1445 4714 affectu,
1496 4657 1660 4719 atque
1708 4650 1834 4706 inde

261 4744 510 4810 veniens,
557 4742 613 4798 id
651 4752 765 4809 est,
800 4743 1152 4798 intentionem
1201 4757 1465 4798 revocans
1498 4743 1566 4798 ad
1610 4742 1663 4797 id
1693 4741 1835 4813 quod

264 4848 427 4907 agere
452 4847 715 4899 cameras,
749 4831 942 4888 oﬂ‘eres
964 4846 1160 4887 munus
1197 4840 1367 4887 tuum.

432 4963 851 5022 HEBDOMADA
888 4963 1001 5020 VIII
1034 4962 1208 5019 POST
1244 4962 1665 5020 PENTECOST.

265 5094 462 5135 ιεετιο
496 5093 655 5133 ΒΕΔΤῙ
696 5090 854 5132 PAULI
895 5089 1148 5131 APOSTOLI
1190 5091 1257 5129 ΑΙ)
1296 5090 1562 5141 BOIANOS,
1601 5090 1718 5131 CAP.
1758 5091 1833 5129 Vl.

347 5209 366 5242 ι
412 5190 716 5245 Humanum
744 5191 865 5244 dico
891 5196 1113 5259 propter
1141 5186 1510 5242 infirmitatem
1540 5186 1720 5242 carnis
1746 5201 1838 5241 ve-

272 5299 294 5334 (
340 5287 486 5336 strrc.
520 5278 672 5333 Sicut
704 5279 849 5333 enim
877 5278 1201 5333 exbibuistis
1234 5278 1475 5333 membra
1501 5284 1679 5330 vestra
1716 5292 1836 5331 ser-

273 5387 294 5421 ι
341 5369 453 5422 vire
491 5368 844 5422 immunditiis
882 5374 937 5422 et
973 5367 1246 5437 iniquitati
1274 5367 1342 5421 ad
1370 5366 1731 5435 iniquitatem,
1760 5365 1836 5421 ita

272 5479 292 5510 ι
340 5472 485 5512 nunc
516 5458 765 5513 exhibete
794 5459 1037 5513 membra
1071 5465 1252 5512 vestra
1289 5457 1497 5513 servire
1516 5456 1741 5526 iustitia:
1780 5458 1836 5516 in

271 5567 291 5601 ι
337 5548 840 5605 sanctificationem.
888 5548 1023 5602 Cum
1046 5548 1192 5601 enim
1220 5548 1361 5602 servi
1391 5549 1587 5604 essetis
1606 5548 1832 5618 peccati,

267 5656 290 5691 ι
336 5637 493 5694 liberi
530 5638 705 5693 fuistis
736 5636 981 5707 iustitiae.
1015 5637 1183 5704 Quem
1223 5654 1352 5709 ergo
1381 5637 1615 5695 fructum
1653 5639 1839 5695 habui-

269 5748 291 5783 ι
333 5732 432 5795 stis
495 5739 621 5786 tunc
671 5731 725 5785 in
769 5730 908 5795 illis,
956 5730 1010 5785 in
1056 5730 1251 5800 quibus
1298 5745 1441 5787 nunc
1483 5731 1837 5789 erubescitis?

1931 2105 2055 2160 ago,
2082 2090 2272 2146 eadem
2302 2091 2533 2161 postulo,
2572 2092 2771 2147 similia
2805 2093 3023 2162 requiro
3051 2110 3065 2147 :
3091 2093 3291 2148 dudum
3323 2107 3509 2147 ειη-τε-

1930 2184 2064 2239 bant
2098 2184 2266 2254 pedes
2300 2184 2465 2239 vestri
2496 2184 2566 2240 ad
2609 2185 2911 2241 daemonum
2959 2184 3178 2255 templa,
3208 2199 3353 2246 nunc
3390 2198 3512 2240 cur-

1932 2284 2057 2330 rant
2093 2276 2162 2330 ad
2199 2276 2499 2331 Ecclesiam
2542 2277 2657 2344 Dei,
2699 2280 2994 2335 currebant
3029 2280 3183 2350 prius
3224 2279 3301 2334 ad‘
3342 2278 3511 2334 effun-

1931 2366 2185 2431 dendum,
2213 2382 2356 2422 nunc
2400 2368 2467 2423 ad
2497 2368 2835 2425 liberandum
2881 2370 3202 2439 sanguinem
3246 2377 3501 2435 currant;

1931 2458 2393 2527 protendebantur
2430 2459 2581 2530 prius
2619 2475 2832 2526 manus,
2872 2468 2933 2515 ut
2978 2461 3152 2515 aliena
3188 2461 3507 2531 diriperent,

1930 2562 2082 2623 nunc
2114 2549 2527 2617 protendantur,
2560 2558 2620 2604 ut
2657 2549 2873 2620 prepria
2916 2549 3233 2621 largiantur.
3266 2549 3509 2605 Circum-

1931 2636 2234 2706 spiciebant
2256 2637 2408 2707 prius
2432 2639 2574 2693 oculi
2599 2639 2879 2694 mulierem
2903 2639 2971 2694 ad
2996 2638 3507 2709 concupiscendum,

1930 2743 2074 2783 nunc
2116 2727 2554 2798 circumspiciant
2581 2743 2878 2800 pauperes,
2924 2728 3151 2795 debiles,
3196 2743 3395 2799 egenos
3438 2730 3509 2784 ad

1931 2816 2320 2872 miserandum.
2368 2817 2543 2875 Aures
2578 2818 2985 2874 delectabantur
3021 2819 3207 2874 auditu
3246 2834 3386 2874 vano
3422 2819 3508 2875 vel

1930 2908 2196 2965 honorum
2236 2909 2695 2981 derogationibus,
2724 2926 2867 2966 nunc
2900 2918 3284 2967 convertantur
3311 2910 3380 2964 ad
3406 2923 3509 2965 au-

1932 2999 2187 3056 diendum
2212 3002 2439 3058 verbum
2466 3002 2580 3067 Dei,
2610 3002 2679 3057 ad
2715 3002 3147 3073 explanationem
3186 2999 3320 3072 legis
3359 3006 3413 3056 et
3439 3000 3510 3056 ad

1932 3091 2245 3163 capiendam
2274 3092 2550 3163 sapientia:
2584 3092 2943 3163 disciplinam.
2984 3092 3298 3163 Linguaque
3323 3090 3507 3146 eonvi-

1934 3187 2053 3253 ciis,
2085 3186 2390 3242 maledictis
2422 3195 2478 3242 et
2512 3186 2857 3256 turpiloquiis
2887 3193 3102 3240 assueta
3130 3193 3245 3249 est,
3282 3190 3508 3255 conver-

1933 3285 2080 3332 tatur
2131 3293 2276 3334 nunc
2321 3279 2390 3332 ad
2435 3278 2860 3334 benedicendum
2906 3276 3211 3342 Dominum,
3261 3275 3316 3329 in
3355 3274 3506 3332 omni

1935 3376 2176 3437 tempore
2201 3383 2506 3424 sermonem
2534 3384 2727 3424 sanum
2755 3366 2999 3439 proferat
3028 3375 3085 3421 et
3110 3367 3416 3430 honestum,
3449 3373 3511 3418 ut

1935 3458 2026 3514 det
2052 3459 2279 3530 gratiam
2308 3459 2674 3515 audientibus.

2005 3547 2396 3627 (Ex'PrimasJ
2423 3548 2731 3606 Humanum
2757 3550 2873 3605 dico
2913 3558 3122 3620 propter
3150 3547 3507 3617 inﬁrmitatem

1932 3642 2106 3696 carnis
2131 3650 2329 3704 vestra,
2354 3642 2469 3700 hoc
2493 3648 2579 3696 est
2606 3639 2812 3711 majora
2857 3639 3075 3709 quidem
3099 3638 3317 3707 exigere
3343 3652 3376 3692 a
3414 3651 3510 3692 vo-

1931 3729 2015 3785 bis
2041 3744 2140 3800 pro
2165 3729 2363 3786 divinae
2399 3731 2675 3786 servitutis
2709 3729 3064 3786 retributione
3108 3728 3380 3791 deberem,
3413 3726 3509 3782 sed

1932 3818 2299 3875 conscendens
2321 3827 2376 3874 et
2404 3827 2710 3891 temperans
2742 3817 3043 3875 infirmitati
3074 3823 3305 3883 vesti-az;
3325 3816 3509 3871 huma-

1931 3925 1999 3965 na
2030 3919 2085 3964 et
2130 3909 2409 3979 possibilia
2468 3911 2702 3982 praedico
2752 3920 2918 3981 atque
2963 3910 3166 3968 suadeo
3187 3949 3211 3975 ,
3255 3916 3315 3964 ut
3369 3908 3510 3964 sicut

1931 4002 2165 4073 prompti
2204 4001 2382 4058 fuistis
2402 4002 2469 4057 ad
2498 4002 2752 4057 sectanda
2797 4002 2955 4061 noxia
3000 4008 3165 4069 atque
3210 3997 3509 4057 contraria.

1932 4093 2005 4147 ita
2026 4092 2234 4149 alacres
2255 4093 2375 4149 sitis
2394 4093 2462 4147 ad
2485 4107 2570 4157 ea,
2599 4107 2719 4163 quae
2745 4090 2894 4149 utilia
2918 4099 2974 4145 et
3000 4089 3158 4145 saluti
3185 4089 3359 4148 amica
3381 4098 3509 4143 sunt

1932 4184 2258 4256 peragenda.

2003 4274 2135 4335 Cum
2164 4275 2301 4330 enim
2334 4274 2470 4329 servi
2517 4272 2696 4329 essetis
2723 4271 2945 4343 peccati,
2973 4270 3123 4325 liberi
3158 4269 3330 4343 fuistis
3345 4270 3508 4338 justi-

1933 4368 2039 4428 tin’.
2069 4365 2204 4420 Cum
2236 4380 2364 4435 ergo
2386 4364 2510 4435 quis
2541 4372 2766 4434 peccato
2786 4363 2972 4430 servit,
2994 4361 3220 4431 iustitia:
3241 4360 3379 4417 liber
3403 4368 3503 4426 est,

1934 4461 2037 4515 hoc
2080 4467 2186 4524 est,
2238 4458 2446 4513 alienus
2501 4465 2583 4513 est
2636 4471 2668 4511 a
2713 4455 2944 4528 iustitia.
2973 4453 3071 4511 llic
3098 4453 3244 4509 enim
3274 4443 3538 4508 liberum.

1937 4552 2168 4607 alienum
2212 4550 2365 4617 dicit,
2415 4559 2473 4606 et
2498 4556 2644 4606 recte
2689 4548 2927 4619 quidem,
2950 4561 3108 4605 nemo
3136 4545 3280 4605 enim
3328 4554 3509 4616 potest

1937 4642 2098 4699 simul
2120 4652 2177 4697 et
2203 4649 2424 4712 peccato
2450 4642 2656 4697 servire
2678 4648 2734 4697 et
2746 4639 2988 4710 iustitiae,
3029 4647 3089 4694 ut
3124 4637 3289 4695 illud:
3337 4635 3506 4692 Nemo

1938 4743 2102 4805 potest
2139 4732 2341 4791 duobus
2369 4733 2596 4788 dominis
2639 4734 2851 4789 servire.
2874 4731 3005 4790 Illud
3041 4746 3171 4786 sane
3213 4730 3505 4786 notandum

1938 4832 2025 4880 est
2046 4837 2166 4879 esse
2194 4830 2251 4878 et
2276 4822 2582 4881 libertatem
2600 4820 2929 4893 culpabilem
2945 4830 3002 4877 et
3032 4818 3349 4876 laudabilem
3391 4834 3507 4873 ser-

1939 4914 2188 4970 vitutem.
2239 4912 2375 4969 Nam
2417 4912 2648 4969 liberum
2690 4927 2812 4967 esse
2836 4910 3107 4983 ,justitiae,
3144 4908 3350 4964 crimen
3399 4917 3504 4963 est.

1937 5003 2167 5061 Servum
2190 5018 2318 5059 vero
2340 5020 2463 5061 esse
2509 5003 2751 5073 iustitiae,
2780 5002 3067 5059 laudabile.
3126 5000 3281 5068 Quod
3322 5007 3507 5054 autem

1935 5097 2084 5163 dicit,
2109 5112 2325 5153 servum
2367 5096 2591 5168 iustitiae
2617 5095 2763 5162 ﬁeri,
2796 5094 2956 5151 simul
3007 5092 3263 5162 intellige,
3319 5098 3375 5145 et
3419 5104 3506 5147 8a-

1934 5189 2151 5259 pientiae
2198 5195 2256 5244 et
2296 5188 2480 5258 pietati
2525 5195 2580 5242 et
2604 5186 2899 5256 pudicitiae,
2940 5193 2999 5240 et
3050 5180 3300 5239 omnibus
3339 5175 3505 5233 simul

1935 5276 2243 5332 virtutibus.
2278 5274 2430 5331 Sicut
2454 5292 2485 5331 e
2513 5276 2788 5332 contrario
2814 5275 2906 5346 qui
2938 5272 3144 5344 peccati
3177 5283 3368 5325 servus
3391 5275 3501 5335 est,

1937 5365 2098 5420 simul
2130 5380 2188 5422 et
2225 5366 2678 5437 concupiscentia:
2706 5365 2882 5430 malae,
2927 5371 2983 5418 et
3008 5363 3101 5416 irae
3127 5366 3183 5414 et
3229 5356 3401 5413 furori
3444 5364 3503 5414 et
3584 5384 3587 5391 -

1936 5455 2284 5526 impudicitiae
2299 5462 2353 5510 et
2374 5456 2579 5526 rapina:
2591 5464 2647 5513 et
2670 5456 2920 5512 omnibus
2944 5450 3104 5509 simul
3134 5447 3279 5504 vitiis
3305 5463 3369 5504 ac
3389 5463 3501 5506 sce-

1936 5544 2139 5601 leribus
2167 5546 2351 5600 servit.

2006 5635 2172 5702 Quem
2195 5652 2318 5707 ergo
2341 5636 2573 5706 fructum
2601 5634 2853 5689 habuistis
2896 5641 3039 5697 tunc,
3071 5631 3129 5686 in
3151 5626 3337 5703 quibus
3372 5643 3508 5682 nunc

1937 5729 2256 5797 erubescitis,
2283 5746 2404 5795 nam
2425 5729 2546 5798 ﬁnis
2575 5726 2785 5781 illorum
2814 5741 2954 5779 mors
2999 5732 3095 5780 est.
3129 5722 3229 5797 (Ex
3250 5714 3509 5788 Primus.)
