4026 6458
555 323 656 380 407

1836 333 2186 392 SMARAGDI
2227 338 2519 398 ABBATIS

3706 347 3809 404 £08

544 451 625 504 Ac
658 443 705 498 si
753 442 978 510 diceret,
1023 423 1240 516 qualeni
1263 445 1496 504 fructum
1523 448 1575 502 in
1603 449 1814 505 actione
1854 450 1932 505 rei
1981 450 2124 506 illius
2149 453 2202 512 Α
2233 469 2253 504 ε
2299 454 2468 510 Erant
2525 464 2706 513 autem
2742 458 2834 528 qui
2881 460 3350 515 manducaverant
3375 462 3530 532 quasi
3571 472 3811 532 quatitur

544 533 838 598 habuistis,
883 535 936 588 in
965 535 1120 606 cujus
1165 537 1330 591 etiam
1386 539 1762 595 recordatione
1804 542 2125 596 verecundia

546 624 667 678 est?
703 624 757 681 in
804 624 900 678 Dei
925 641 1050 680 vero
1078 627 1226 681 cultu
1268 629 1371 684 hoc
1397 629 1573 698 ipsum
1591 627 1706 698 jam
1759 630 1968 687 fructus
2019 641 2122 698 est,

549 710 693 777 quod
725 714 904 770 vivitis
933 716 1252 774 sanctificati
1290 731 1389 787 per
1413 719 1766 788 baptismum.

620 804 729 877 (Ea:
751 803 924 878 Orig.)
954 807 1212 864 Fructum
1233 817 1290 864 et
1315 811 1580 865 bonorum
1629 820 1684 866 et
1712 812 1976 867 malorum
2006 829 2125 868 esse

550 895 708 950 docet
731 896 1001 966 scriptura
1027 898 1231 966 divina,
1251 907 1311 954 ut
1335 901 1450 970 ipse
1474 901 1724 956 Salvator
1745 903 1798 956 in
1820 903 2123 975 Evangeliis

548 985 712 1040 dicit:
742 985 850 1041 Aut
875 987 1036 1044 facite
1075 989 1325 1045 arborem
1378 991 1600 1057 bonam,
1647 1000 1703 1047 et
1726 991 1960 1048 fructum
2007 991 2124 1060 ejus

545 1078 770 1144 bonum,
819 1089 913 1135 aut
950 1080 1112 1136 facite
1157 1082 1406 1137 arborem
1434 1083 1651 1148 malam,
1684 1091 1740 1139 et
1765 1082 1974 1139 fructus
2005 1081 2121 1152 ejus

545 1169 738 1224 malos.
774 1168 972 1240 Siquis
997 1172 1161 1239 igitur
1181 1182 1464 1228 convertat
1493 1175 1730 1228 animum
1776 1183 1833 1228 et
1879 1174 2119 1244 proposi-

544 1270 661 1315 tum
701 1262 769 1317 ad
795 1261 1086 1330 justitiam,
1123 1265 1397 1320 erubescit
1442 1267 1561 1320 sine
1606 1266 1789 1329 dubio,
1826 1275 1881 1320 et
1912 1266 2025 1335 ipse
2061 1281 2120 1322 se

544 1361 698 1407 notat
754 1354 820 1408 de
875 1355 1147 1425 prioribus
1176 1357 1342 1426 gestis
1387 1372 1506 1428 quas
1567 1357 1696 1427 egit,
1762 1357 1970 1426 positus
2017 1357 2118 1411 sub

541 1452 789 1512 peccato,
828 1445 953 1513 quia
983 1445 1104 1501 linis
1159 1447 1371 1502 illorum
1417 1462 1564 1504 mors
1602 1457 1705 1502 est.
1751 1447 1858 1502 Sed
1900 1449 2120 1518 requiro

542 1550 664 1605 quae
683 1536 868 1590 mors?
893 1545 1099 1591 certum
1127 1546 1211 1592 est
1233 1553 1339 1592 non
1367 1538 1470 1600 ista
1488 1538 1806 1592 communis.
1835 1536 1953 1592 Non
1972 1537 2117 1592 enim

541 1626 666 1695 quis
695 1634 814 1696 post
839 1636 1070 1683 mortem
1105 1630 1443 1684 convertitur
1479 1629 1546 1683 ad
1571 1628 1858 1698 justitiam,
1885 1629 1970 1685 vel
2017 1644 2118 1698 pro

543 1717 701 1772 malis
745 1718 912 1788 gestis
956 1718 1245 1788 praeteritis
1295 1719 1584 1774 erubescit.
1635 1718 1775 1785 Quid
1814 1731 1944 1787 ergo
1997 1717 2119 1771 est?

2235 562 2254 595 ε
2301 547 2559 612 millia,et
2581 549 2786 604 dimisit
2827 566 2940 606 eos.
2973 571 2992 603 ι
3259 554 3301 580 ⁵

2297 635 2429 691 Cum
2480 639 2648 693 multa
2676 639 2831 694 turba
2875 650 3010 695 esset
3065 658 3183 696 eum
3209 640 3362 707 Iesu,
3414 659 3505 696 nec
3556 642 3809 698 haberent

2223 727 2364 795 quod
2416 729 2822 796 manducarent,
2853 733 3171 798 convocatis,
3227 744 3332 789 etc.
3359 734 3458 804 (Ex
3507 733 3705 806 Beda.)
3753 737 3807 791 ln

2226 814 2327 869 hac
2375 815 2605 871 lectione
2650 820 3046 875 consideranda
3114 830 3200 876 est
3249 822 3305 876 in
3351 839 3460 880 uno
3502 825 3809 894 eodemque

2224 907 2566 977 redemptore
2600 919 2790 965 nostro
2839 912 3097 967 distincta
3153 914 3399 982 Operatio
3447 915 3809 972 humanitat's

2222 995 2430 1052 scilicet
2457 1007 2622 1069 atque
2647 1000 2964 1057 divinitatis.
2990 1002 3127 1070 Quis
3151 1005 3296 1059 enim
3336 1020 3440 1061 non
3471 1006 3657 1062 videat
3708 1008 3806 1062 hoc

2221 1089 2363 1157 quod
2387 1105 2549 1158 super
2573 1093 2728 1147 turba
2761 1095 3054 1150 miseretur
3084 1096 3367 1161 Dominus,
3397 1114 3463 1153 ne
3493 1099 3581 1154 vel
3606 1100 3804 1162 inedia,

2221 1179 2306 1232 vel
2335 1180 2433 1233 viae
2457 1181 2721 1252 longioris
2747 1184 2968 1239 deficiat
2993 1186 3201 1252 labore,
3255 1186 3507 1242 affectum
3548 1204 3703 1254 esse,
3754 1200 3806 1245 et

2220 1271 2648 1337 compassioncm
2703 1274 2954 1330 humana:
3005 1275 3341 1346 fragilitatis.
3376 1278 3528 1345 Quod
3574 1294 3718 1334 vero
3743 1281 3805 1336 de

2220 1367 2422 1428 septem
2474 1363 2704 1430 panibus
2740 1374 2794 1419 et
2825 1367 3100 1434 pisciculis
3128 1369 3339 1438 paucis,
3369 1381 3611 1440 quatuor
3641 1374 3803 1427 millia

2219 1448 2498 1504 hominum
2529 1454 2815 1518 saturavit,
2839 1455 3035 1509 divime
3072 1472 3208 1526 opus
3236 1473 3356 1512 esse
3411 1461 3655 1516 virtutis.
3694 1461 3802 1532 My-

2219 1542 2354 1596 stire
2402 1551 2581 1598 autem
2625 1546 2731 1601 hoc
2786 1548 3050 1602 miraculo
3083 1550 3415 1620 designatur,
3465 1555 3614 1622 quod
3665 1556 3806 1610 viam

2218 1632 2397 1687 seculi
2425 1637 2708 1702 pnescntis
2730 1636 2888 1691 aliter
2915 1638 3211 1694 incolumes
3241 1643 3473 1697 transire
3490 1646 3803 1713 nequimus,

2219 1724 2323 1778 nisi
2351 1740 2449 1784 nos
2469 1726 2641 1794 gratia
2665 1727 3024 1796 redemptoris
3045 1731 3218 1784 nostri
3237 1729 3492 1786 alimento
3515 1734 3602 1787 sui
3655 1735 3805 1789 verbi

542 1806 918 1878 Nunquidnam
967 1809 1175 1878 peccati
1215 1817 1445 1864 mortem
1479 1809 1660 1864 dicere
1702 1809 1935 1873 videtur,
1982 1824 2117 1877 quo-
2143 1799 2189 1857 Β
2219 1813 2444 1868 reﬁciat.
2471 1813 2584 1869 Hoc
2614 1831 2745 1870 vero
2771 1818 2947 1886 typioe
2984 1818 3128 1873 inter
3175 1820 3317 1874 hanc
3361 1820 3720 1904 refectionem
3757 1833 3809 1878 et

537 1897 685 1952 uiam
735 1899 915 1953 anima
963 1913 1085 1969 quae
1128 1908 1318 1969 peccat
1355 1899 1469 1970 ipsa
1518 1898 1810 1953 morietur?
1858 1897 1942 1952 An
1982 1897 2113 1952 illud

537 1989 711 2058 magis
748 1998 927 2058 potest
969 1990 1216 2060 intelligi,
1261 1990 1402 2059 quod
1449 1990 1609 2043 istam
1663 1996 1896 2043 mortem
1946 1988 2109 2054 dicat,

532 2095 640 2149 qua
665 2096 789 2134 cum
820 2079 1038 2135 Christo
1063 2089 1286 2149 peccato
1316 2081 1602 2145 morimur,
1628 2089 1684 2132 et
1704 2080 1850 2134 vitiis
1885 2093 1950 2132 ac
1991 2094 2110 2133 sce-

533 2165 738 2223 leribus
764 2168 924 2222 finem
958 2170 1173 2234 damus,
1204 2179 1264 2224 ut
1299 2179 1422 2240 post
1463 2171 1579 2226 haec
1603 2164 1806 2227 dixisse
1842 2171 2107 2233 videatur,

534 2260 660 2332 quia
696 2262 820 2317 linis
844 2262 1061 2326 illorum
1090 2278 1236 2318 mors
1259 2265 1377 2319 est?

607 2348 767 2406 Nunc
816 2366 934 2408 vero
977 2351 1184 2407 liberati
1235 2372 1267 2408 a
1308 2364 1540 2425 peccato,
1588 2355 1718 2409 servi
1763 2364 1939 2409 autem
1981 2353 2110 2422 facti

531 2441 667 2507 Deo,
721 2443 920 2498 habetis
976 2445 1206 2514 fructum
1251 2456 1475 2501 vestrum
1515 2449 1571 2502 in
1611 2447 2105 2516 sanctiﬁcationem,

529 2535 686 2603 ﬁnem
713 2553 831 2590 vero
862 2539 1018 2592 vitam
1051 2549 1321 2594 teter-nam.
1366 2540 1597 2596 Fructus
1643 2539 1912 2594 fructibus
1961 2554 2109 2593 com-

531 2636 721 2696 parat,
747 2636 802 2682 et
840 2631 1048 2699 peccati
1080 2632 1294 2700 quidem
1323 2631 1556 2697 fructus,
1580 2646 1678 2701 pro
1707 2632 1903 2702 quibus
1938 2647 2104 2697 nunc,

531 2719 636 2774 hoc
665 2729 770 2784 est,
825 2729 1176 2790 posteaquam
1201 2722 1415 2776 liberati
1445 2739 1474 2776 a
1507 2732 1732 2792 peccato
1761 2731 1817 2776 et
1841 2723 1981 2777 servi
2021 2722 2104 2777 fa-

529 2810 604 2864 cti
627 2809 758 2874 Deo,
774 2811 1123 2876 erubescunt,
1149 2813 1464 2881 pronuntiat
1487 2820 1658 2866 morte
1683 2812 1848 2866 finiri.
1873 2810 2106 2869 Fructus

528 2916 660 2957 vero
689 2901 932 2970 justitize,
962 2903 1057 2972 qui
1108 2912 1236 2958 sunt
1264 2905 1317 2958 in
1343 2902 1752 2972 justificatione,
1785 2904 1950 2961 ﬁnem
1976 2905 2107 2962 dicit

530 2994 776 3063 accipere
805 2994 971 3049 vitam
993 3001 1272 3055 aeternam.

603 3084 874 3157 Stipendia
905 3086 1045 3147 enim
1068 3089 1266 3156 peccati
1297 3104 1456 3142 more.
1487 3087 1746 3144 Romanis
1772 3089 1919 3145 enim
1963 3089 2103 3144 mili-

529 3147 792 3247 tibus'pro
820 3175 1004 3232 labore
1025 3147 1229 3231 militia:
1257 3176 1522 3246 stipendia
1542 3179 1984 3249 appendebantur
2010 3193 2105 3250 pe-
2131 3147 2174 3211 Ο

525 3269 720 3323 cuniae.
748 3268 890 3340 Ergo
924 3268 1249 3339 stipendium
1271 3269 1471 3325 laboris
1499 3278 1584 3325 est
1613 3269 1839 3338 fructus,
1873 3272 1942 3328 ab
1966 3271 2106 3342 stipe

522 3361 806 3432 pendenda
830 3361 1157 3417 nominatur.
1190 3361 1415 3430 Antiqui
1442 3361 1587 3416 enim
1610 3363 1916 3433 appendere
1940 3377 2103 3433 pecu-

525 3453 674 3508 niam
709 3453 952 3509 solebant
991 3454 1164 3524 magis
1216 3469 1377 3524 quam
1416 3453 1798 3512 adnumerare.
1840 3453 1983 3526 Ergo
2009 3453 2103 3524 qui

522 3553 748 3614 peccato
797 3545 1016 3610 militat,
1069 3546 1413 3617 stipendium,
1449 3546 1634 3611 idest,
1701 3545 2104 3602 remuneratio-

524 3650 649 3690 nem
682 3635 885 3689 laboris
911 3635 1128 3690 malitia:
1149 3649 1260 3691 suae
1283 3637 1512 3706 accipiet
1541 3644 1795 3690 mortem.

595 3723 781 3777 Gratia
801 3734 974 3778 autem
996 3725 1093 3781 Dei
1112 3728 1215 3780 vita
1237 3735 1433 3781 (eterna
1469 3728 1524 3781 in
1553 3725 1760 3781 Christo
1813 3726 1941 3782 Iesu
1996 3726 2102 3781 Do-

524 3816 666 3868 mino
706 3824 898 3870 nostro.
945 3815 1064 3870 Non
1113 3815 1252 3871 dixit
1279 3819 1529 3876 similiter
1555 3819 1823 3889 stipendia
1847 3818 2095 3888 justitize,

523 3905 646 3972 quia
671 3921 774 3961 non
802 3917 917 3962 erat
956 3916 1244 3977 antequam
1275 3919 1647 3964 remuneraret
1680 3912 1730 3964 in
1761 3911 1936 3965 nobis.
1981 3911 2098 3966 Non

522 3997 668 4052 enim
711 4007 896 4055 nostro
949 3998 1134 4056 labore
1183 4001 1540 4071 quaesitaest,
1602 4000 1694 4056 sed
1742 4001 1834 4057 Dei
1875 4015 2098 4061 munere

521 4089 842 4148 condonata.

852 4241 1186 4291 evincamus:
1216 4241 1398 4291 ωερε,
1441 4241 1610 4283 οΑιτυτ
1640 4243 1756 4282 vni.

596 4376 614 4408 ι
661 4359 796 4413 Cum
830 4359 984 4414 turba
1027 4360 1192 4414 multa
1238 4368 1384 4416 esset
1412 4376 1536 4415 cum
1581 4360 1728 4426 Jesu,
1781 4375 1883 4415 nec
1930 4360 2095 4415 habe-

524 4467 542 4498 ι
591 4455 713 4502 rent
740 4448 884 4518 quod
909 4449 1320 4514 manducarent,
1345 4451 1655 4505 convocatis
1683 4449 1982 4520 discipulis,
2018 4451 2095 4505 ait

524 4559 543 4592 ι
593 4540 736 4596 illis:
767 4540 1028 4596 Misereor
1061 4555 1226 4610 super
1255 4540 1489 4605 turbam,
1511 4542 1638 4610 quia
1674 4555 1802 4596 ecce
1831 4541 1946 4610 jam
1989 4543 2090 4596 tri-

520 4649 541 4683 ε
587 4631 695 4687 duo
741 4631 1011 4687 sustinent
1056 4645 1162 4695 me,
1191 4646 1291 4686 nec
1331 4630 1535 4686 habent
1569 4631 1712 4700 quod
1744 4633 2086 4686 manducent.

524 4741 542 4774 ι
586 4723 652 4778 Et
673 4722 720 4776 si
742 4721 1000 4776 dimisero
1023 4735 1117 4776 eos
1131 4720 1345 4791 jejunos
1391 4722 1446 4776 in
1471 4722 1690 4776 domum
1742 4738 1914 4786 suam,
1961 4723 2091 4778 defi-

521 4834 540 4867 ι
586 4816 730 4870 cient
765 4815 817 4870 in
847 4813 954 4881 via,
987 4811 1206 4883 quidam
1233 4814 1375 4868 enim
1405 4827 1471 4868 ex
1501 4813 1580 4866 eis
1613 4813 1680 4868 de
1738 4813 1894 4884 longe
1933 4828 2091 4868 vene-

523 4923 552 4956 ιι
588 4913 732 4959 runt.
759 4903 827 4959 Et
849 4904 1242 4974 responderunt
1267 4904 1317 4958 ei
1345 4903 1591 4972 discipuli
1615 4903 1697 4958 sui
1724 4921 1736 4956 :
1765 4903 1916 4958 Unde
1953 4903 2086 4958 istos

521 5017 540 5050 σ
585 4998 783 5070 poterit
808 4997 930 5067 quis
961 4997 1051 5052 hic
1091 5003 1339 5051 saturare
1368 4996 1597 5065 panibus
1639 4995 1694 5050 in
1753 4995 2087 5050 solitudine?

520 5111 540 5149 α
584 5095 650 5150 Ει
669 5091 1024 5162 interrogavit
1046 5105 1140 5145 eos
1157 5109 1170 5144 :
1187 5089 1330 5157 Quot
1353 5104 1523 5160 panes
1551 5088 1916 5155 habetis?Qui
1939 5088 2088 5143 dixev.

518 5207 539 5242 ι
581 5196 734 5250 runt,
795 5194 1022 5258 septem.
1076 5183 1142 5238 Et
1187 5183 1444 5253 przecepit
1517 5181 1689 5237 turbae
1745 5179 2084 5234 discumbere

515 5297 537 5332 ε
581 5292 744 5350 super
775 5285 1000 5342 terram,
1026 5284 1080 5329 et
1104 5274 1376 5343 accipiens
1405 5279 1611 5341 septem
1642 5285 1828 5340 panes,
1880 5269 2084 5338 gratias

515 5387 538 5424 ι
579 5384 763 5441 agens,
788 5369 967 5440 fregit,
1005 5375 1060 5422 et
1079 5365 1245 5418 dabat
1275 5363 1552 5431 discipul's
1592 5362 1724 5427 suis,
1751 5369 1810 5416 ut
1843 5373 2080 5430 appone»

515 5477 536 5511 ‹
583 5467 726 5523 rent,
758 5467 814 5513 et
857 5462 1254 5528 proposuerunt
1295 5454 1486 5507 turbae.
1518 5452 1583 5515 Et
1606 5450 1877 5505 habebant
1921 5449 2084 5519 pisci-

518 5571 537 5602 ι
589 5551 740 5606 culos
763 5531 982 5619 paucos,
1011 5557 1063 5602 et
1092 5549 1238 5619 ipsos
1267 5545 1564 5604 benedixit,
1595 5551 1650 5596 et
1673 5541 1837 5609 jussit
1861 5540 2078 5610 apponi.

519 5658 539 5692 ι
581 5640 647 5694 Et
669 5639 1125 5694 manducaverunt
1151 5647 1205 5693 et
1232 5634 1460 5692 saturati
1487 5640 1640 5697 sunt,
1671 5641 1726 5685 et
1750 5630 2084 5687 sustulerunt

520 5751 538 5783 ι
579 5731 721 5803 quod
766 5738 1047 5800 supererat
1102 5729 1168 5784 de
1219 5724 1538 5795 fragmentis
1590 5730 1796 5795 septem
1845 5730 2080 5793 sportas.

2216 1902 2363 1957 illam
2406 1904 2644 1974 quinque
2688 1921 2886 1975 panum
2943 1923 3007 1963 ac
3053 1910 3281 1965 duorum
3332 1912 3563 1982 piscium
3617 1897 3804 1981 distat,

2215 1994 2358 2062 quod
2395 1994 2466 2048 ibi
2502 1994 2684 2049 littera
2713 1997 2926 2052 Veteris
2966 1985 3298 2056 Testamenti
3329 2002 3601 2071 spirituali
3632 2007 3804 2072 gratia

2212 2083 2371 2153 plena
2398 2099 2518 2140 esse
2561 2085 2773 2155 signata
2823 2096 2926 2152 est,
2965 2089 3053 2144 hic
3075 2099 3259 2146 autem
3305 2091 3440 2148 Novi
3463 2095 3695 2152 veritas
3745 2114 3806 2153 ac

2211 2176 2386 2246 gratia
2408 2175 2762 2244 Testamenti,
2797 2178 3046 2236 fidelibus
3079 2182 3438 2239 ministranda
3493 2196 3804 2242 monstrata

2209 2274 2312 2322 est.
2345 2266 2486 2322 Sane
2521 2277 2753 2338 utraque
2783 2270 3008 2326 refectio
3044 2271 3099 2326 in
3126 2281 3309 2329 monte
3356 2274 3638 2331 celebrata
3695 2286 3800 2342 est,

2210 2363 2270 2411 ut
2294 2356 2521 2412 aliorum
2557 2358 3026 2430 Evangelistarum
3051 2364 3294 2419 narratio
3345 2365 3621 2432 declarat,
3675 2371 3800 2438 quia

2209 2449 2494 2518 utriusque
2553 2450 2823 2520 scriptura
2901 2453 3209 2508 testamenti
3262 2467 3410 2510 recte
3463 2457 3755 2515 intellecta
3784 2503 3798 2527 ,

2208 2539 2549 2596 altitudinem
2600 2543 2759 2598 nobis
2803 2544 3105 2600 caelestium
3133 2555 3187 2600 et
3216 2556 3619 2618 praeceptorum
3649 2567 3801 2606 man-

2209 2630 2323 2694 dat,
2370 2638 2425 2684 et
2471 2633 2843 2701 praemiorum,
2893 2642 3126 2704 utraque
3169 2636 3513 2693 altitudinem
3566 2639 3798 2708 Christi,

2207 2722 2301 2790 qui
2360 2730 2444 2778 est
2496 2739 2652 2785 mons
2694 2724 2886 2780 domus
2925 2726 3131 2782 domini
3175 2728 3231 2781 iu
3275 2728 3481 2785 vertice
3530 2733 3802 2788 montium

2207 2827 2443 2868 consona
2486 2829 2619 2868 voce
2669 2815 2946 2884 przedicat.
2971 2815 3072 2884 Qui
3095 2819 3240 2873 enim
3263 2818 3592 2874 aedificatam
3639 2837 3800 2892 super

2206 2919 2266 2958 se
2291 2904 2586 2970 civitatem,
2616 2905 2730 2960 sive
2757 2906 2976 2962 domum
3009 2907 3232 2973 domini,
3262 2907 3317 2963 id
3345 2917 3449 2974 est,
3502 2910 3800 2966 ecclesiam

2206 2993 2262 3048 in
2308 2993 2474 3049 altum
2500 2995 2768 3051 bonorum
2816 2997 3028 3052 extollit
3049 3012 3296 3067 operum,
3348 3006 3405 3053 et
3435 3001 3659 3054 cunctis
3683 3017 3798 3055 ma-

2207 3084 2461 3140 nifestam
2487 3087 2739 3156 gentibus
2764 3087 3006 3153 exhibet,
3036 3088 3152 3158 ipse
3194 3088 3334 3154 hanc
3369 3091 3437 3144 ab
3466 3089 3679 3146 inﬁmis
3710 3093 3800 3146 de—

2207 3174 2588 3231 lectationibus
2622 3177 2952 3232 abstractam
2981 3192 3119 3246 pane
3144 3177 3268 3234 etcli
3300 3178 3498 3243 reﬁcit,
3539 3188 3716 3249 atque
3733 3181 3797 3236 ad

2204 3265 2501 3334 appetitum
2549 3281 2797 3336 supernas
2840 3267 3125 3330 suavitatis
3149 3267 3277 3328 dato
3299 3269 3530 3340 pignore
3559 3270 3673 3332 cibi
3695 3271 3801 3342 ειιὶτ

2205 3354 2414 3429 ritualis
2443 3355 2713 3410 accendit.
2741 3392 2766 3401 -

2280 3443 2532 3500 Misereor
2549 3462 2716 3516 super_
2735 3454 2960 3512 tuream,
2989 3449 3114 3518 quia
3139 3465 3255 3504 ecce
3274 3448 3394 3519 jam
3421 3448 3606 3508 triduo
3635 3455 3799 3506 sustie

2202 3547 2321 3592 nent
2349 3554 2452 3603 me,
2493 3554 2585 3592 nec
2622 3536 2812 3592 habent
2838 3539 2976 3609 quod
3015 3539 3352 3594 manducent.
3400 3541 3504 3611 (Ex
3533 3541 3794 3614 (ἴα-θεοῖ.)

2200 3626 2379 3688 Turba
2423 3643 2555 3698 ergo
2611 3628 2792 3684 triduo
2822 3628 3108 3684 Dominum
3164 3641 3391 3702 propter
3445 3635 3794 3691 sanationem

2199 3716 2538 3776 infirmorum
2563 3733 2785 3772 suorum
2814 3719 3064 3785 sustinet,
3081 3737 3202 3775 cum
3240 3722 3400 3777 electi
3432 3724 3639 3794 quique
3665 3725 3795 3782 fide.-

2199 3823 2304 3877 que
2323 3816 2522 3864 sanctxe
2549 3809 2808 3869 trinitatis
2833 3810 3017 3875 lucidi,
3033 3811 3260 3867 Domino
3281 3829 3379 3883 pro
3403 3814 3518 3868 suis
3541 3831 3795 3872 suorum-

2197 3913 2302 3968 que
2333 3897 2593 3969 peccatis,
2643 3899 2838 3954 animte
2879 3900 3130 3956 videlicet
3187 3902 3568 3972 languoribus,
3603 3921 3793 3974 perse~.

2197 3992 2408 4047 veranti
2438 3991 2697 4053 instantia
2720 3993 3041 4063 supplicant.
3065 3994 3194 4048 Item
3220 3996 3379 4049 turba
3410 3996 3595 4052 triduo
3610 3998 3790 4054 Domi-

2197 4097 2325 4140 num
2357 4082 2608 4147 sustinet,
2646 4086 2861 4151 quando
2911 4085 3196 4142 multitudo
3248 4085 3488 4141 ﬁdelium
3537 4097 3788 4157 peccata,

2195 4188 2314 4241 quae
2349 4174 2699 4244 perpetravit,
2728 4188 2824 4242 per
2855 4175 3228 4244 paenitentiam
3257 4175 3560 4240 declinans,
3591 4177 3659 4230 ad
3683 4177 3791 4231 Do—.

2157 4308 2164 4316 .
2196 4264 2400 4326 minum
2422 4281 2480 4319 se
2513 4264 2562 4326 in
2585 4279 2768 4334 opere,
2801 4264 2852 4317 in
2883 4263 3173 4331 locutione,
3197 4266 3430 4336 atquein
3451 4266 3788 4347 cogitatione

2195 4355 2482 4414 convertit.

2267 4443 2334 4496 Et
2360 4446 2406 4509 si
2434 4445 2681 4500 dimisero
2713 4462 2798 4501 eos
2825 4445 3042 4516 jejunos
3066 4447 3119 4500 in
3155 4446 3369 4504 domum
3415 4462 3591 4512 suam,
3642 4446 3782 4515 deﬁ-

2196 4535 2327 4588 cient
2361 4537 2415 4588 in
2445 4536 2544 4589 riu.
2573 4536 2855 4590 Dimittere
2877 4534 3090 4606 jejunos
3122 4537 3176 4593 in
3213 4535 3434 4590 domum
3489 4551 3648 4590 suam
3673 4537 3783 4590 Do-

2197 4626 2376 4680 minus
2412 4642 2517 4680 non
2550 4626 2681 4691 vult,
2714 4643 2781 4681 ne
2807 4627 3060 4682 deficiant
3107 4628 3161 4682 in
3186 4628 3293 4691 via,
3347 4627 3475 4699 quia
3524 4627 3781 4684 videlicet

2193 4721 2436 4776 conversi
2466 4730 2778 4790 peccatores
2805 4723 2857 4776 in
2882 4723 3164 4791 prmsentis
3203 4723 3327 4778 vita:
3357 4723 3441 4778 via
3492 4724 3778 4788 delicium,

2193 4810 2236 4864 si
2278 4811 2329 4864 in
2370 4825 2466 4864 sua
2507 4812 2839 4867 conscientia
2875 4812 2992 4867 sine
3045 4813 3303 4867 doctrina:
3341 4822 3543 4868 sancta:
3575 4814 3778 4883 pabulo

2192 4901 2555 4956 dimittantur.
2614 4902 2691 4958 Ne
2744 4919 2873 4975 ergo
2929 4903 3198 4959 lassentur
3251 4902 3413 4972 hujus
3454 4906 3776 4976 peregrina-

2188 4991 2349 5047 tionis
2378 4993 2592 5058 itinere,
2620 4994 2875 5066 pascendi
2897 5003 3023 5048 sunt
3049 5008 3204 5048 sacra
3235 4993 3625 5048 admonitione.

2259 5081 2488 5148 Quidam
2533 5084 2668 5137 enim
2698 5099 2762 5137 ex
2792 5085 2866 5138 eis
2891 5085 2955 5138 de
2981 5083 3132 5155 longe
3159 5093 3428 5138 venerunt.
3459 5083 3556 5138 Est
3583 5091 3772 5138 autem

2187 5174 2277 5242 qui
2333 5174 2468 5229 nihil
2498 5173 2705 5229 fraudis
2727 5182 2782 5229 et
2837 5174 2968 5229 nihil
2999 5173 3232 5236 carnalis
3261 5173 3624 5244 corruptionis
3674 5188 3772 5228 ex-

2185 5275 2395 5335 pertus,
2451 5267 2515 5319 ad
2577 5265 2963 5333 omnipotentis
3011 5263 3106 5326 Dei
3135 5264 3417 5319 servitium
3468 5261 3767 5328 festinavit,

2187 5353 2290 5413 iste
2308 5354 2374 5408 de
2394 5353 2687 5423 longinquo
2709 5368 2814 5406 non
2837 5353 3002 5417 venit,
3029 5352 3156 5422 quia
3178 5366 3275 5420 per
3301 5351 3768 5419 incorruptionem

2185 5457 2242 5502 et
2271 5444 2631 5504 innocentiam
2662 5444 2940 5512 proximus
2975 5443 3096 5498 fuit.
3151 5442 3301 5502 Alius
3333 5441 3476 5495 nulla
3528 5442 3765 5512 impudi-

2187 5537 2336 5601 citia,
2374 5535 2536 5590 nullis
2559 5533 2776 5602 ﬂagitiis
2804 5534 3137 5603 inquinatus,
3183 5533 3355 5586 solum
3406 5539 3587 5586 autem
3640 5548 3767 5586 cou-

2181 5626 2390 5699 jugimu
2417 5635 2696 5695 expertus,
2722 5625 2789 5679 ad
2819 5624 3180 5684 ministerium
3211 5621 3490 5691 spirituale
3535 5636 3762 5676 conver—

2188 5737 2281 5779 sus
2329 5730 2434 5777 est.
2467 5719 2652 5791 Neque
2707 5719 2809 5781 iste
2853 5717 3058 5778 venite
3103 5716 3419 5785 longinquo,
3447 5714 3571 5786 quia
3630 5727 3762 5771 usus
