4026 6454
221 338 331 397 409

1056 345 1574 417 consummes
1610 346 1679 403 IN
1718 308 2100 405 spisroms
2136 348 2226 406 ar
2266 351 2679 413 mnsam.

3370 363 3478 421 410

217 453 603 524 ueniunctione
627 473 1026 533 coneessa,per
1050 462 1240 518 illicita
1265 477 1375 518 non
1417 460 1642 517 erravit.
1689 460 1794 515 Alii
1820 465 1876 525 Α
1898 460 2119 517 voluerit
2141 461 2288 532 ﬁlius
2320 466 2548 521 revelare
2591 467 2809 540 (Matth.
2834 469 2909 542 ι),
2957 471 3101 543 quid
3137 472 3240 530 nisi
3277 489 3477 546 panem

215 557 354 604 Vero
376 555 502 618 post
541 550 725 607 carnis
752 550 979 622 ﬂagitia,
1006 552 1098 607 alii
1118 562 1245 624 post
1290 551 1428 609 falsa
1461 552 1794 619 testimonia,

216 633 314 691 alii
338 644 462 706 post
486 634 630 693 facta
653 636 818 705 furtu,
845 636 937 694 alii
966 648 1088 709 post
1134 640 1315 697 illatas
1363 641 1664 706 violentias,
1705 639 1798 695 alii

214 736 343 801 post
368 737 681 801 perpetrata
703 731 993 792 homicidia
1033 734 1102 789 ad
1124 735 1500 805 pmnitentiam
1545 735 1796 799 redeunt,

214 828 386 890 atque
408 820 477 875 ad
501 822 888 893 omnipotentis
911 822 1008 879 Dei
1054 825 1339 880 servitium
1381 835 1793 881 convertuntur.

215 907 286 973 lli
340 908 592 967 videlicet
643 913 709 968 ad
761 913 1051 971 Dominum
1096 915 1164 970 de
1205 915 1501 987 longinquo
1548 917 1793 971 veniunt.

213 999 435 1067 Quanto
459 999 604 1056 enim
634 1002 865 1072 quisque
908 1003 1029 1072 plus
1055 1004 1109 1058 in
1161 1019 1329 1074 pravo
1357 1020 1519 1074 opere
1568 1006 1793 1070 erravit,

214 1098 370 1150 tanto
397 1092 466 1148 ab
490 1094 860 1164 omnipotente
891 1095 1118 1151 Domino
1145 1095 1356 1164 longius
1383 1096 1628 1151 recessit.
1656 1095 1798 1151 Den-

213 1193 308 1246 tur
365 1185 530 1257 igitur
575 1186 830 1247 alimenta
880 1189 979 1253 eis,
1029 1188 1191 1244 etiam
1239 1189 1333 1258 qui
1385 1189 1452 1243 de
1504 1188 1798 1260 longinquo

210 1275 461 1342 veniunt,
493 1277 619 1348 quia
651 1279 931 1337 conversis
962 1277 1358 1348 peccatoribus,
1390 1278 1651 1335 doctrinm
1678 1294 1800 1334 san-

211 1375 318 1424 clm
352 1368 458 1424 cibi
487 1369 761 1438 praebendi
791 1378 940 1435 sunt,
972 1378 1032 1424 ut
1059 1370 1113 1426 in
1136 1369 1307 1425 Deum
1331 1369 1476 1427 vires
1518 1377 1794 1439 reparent,

212 1474 355 1528 quas
384 1458 438 1513 in
468 1457 685 1530 flagitiis
731 1461 1053 1516 amiserunt.
1098 1461 1232 1515 Item
1280 1459 1451 1515 Judaei
1486 1462 1796 1531 quicunque

209 1550 267 1611 in
296 1548 514 1609 Christo
543 1551 910 1618 crediderunt,
947 1554 1014 1609 de
1042 1567 1209 1625 prope
1232 1552 1299 1608 ad
1321 1551 1473 1608 illum
1506 1560 1791 1619 venerunt,

204 1640 342 1711 quia
374 1641 510 1713 legis
532 1649 589 1701 et
623 1644 1015 1713 prophetarum
1061 1651 1221 1699 erant
1267 1642 1463 1698 litteris
1499 1644 1677 1699 edocti
1726 1644 1794 1701 de

203 1731 325 1790 illo.
381 1732 676 1791 Credentes
717 1749 848 1792 vero
899 1749 968 1790 es
993 1733 1245 1805 gentibus
1280 1733 1348 1788 de
1402 1732 1559 1804 longe
1604 1734 1791 1803 utique

1897 552 2023 608 vita:
2043 554 2199 611 nobis
2223 569 2320 626 per
2351 571 2412 613 se
2435 560 2787 629 aperiendum
2810 566 3169 620 monstravit?
3190 566 3274 623 Ad
3320 568 3475 641 cujus

1896 641 2157 700 interiora
2219 646 2511 713 cernenda,
2536 664 2633 719 per
2666 651 2915 722 nosipsos
2943 663 3234 726 penetrum
3284 661 3476 731 nequi-

1896 732 2090 788 vimus.
2106 734 2203 790 Cui
2226 744 2414 791 contra
2439 737 2706 809 Propheta
2725 741 3090 801 miserabilem
3112 749 3471 817 quorumdam

1896 819 2095 877 famem
2121 824 2406 894 deplorans
2433 827 2551 881 ait:
2586 826 2807 884 Parvuli
2842 836 3101 902 petierunt
3136 853 3343 908 panem,
3383 857 3477 896 nec

1894 923 2005 967 erat
2043 915 2133 984 qui
2180 915 2442 987 frangeret
2468 918 2564 973 eis.
2589 919 2741 986 Quod
2772 929 2856 976 est
2880 924 3000 980 aliis
3043 928 3222 984 verbis
3247 931 3427 986 dicere
3457 949 3470 985 :

1895 1002 2100 1060 lndocti
2129 1007 2464 1074 quaesierunt
2489 1010 2744 1079 pabulum
2766 1015 2918 1069 verbi
2936 1016 3164 1083 Dei,nec
3190 1031 3328 1089 erat,
3357 1040 3474 1080 ma-

1894 1096 2080 1166 gistris
2111 1096 2506 1164 deﬁcientibus,
2552 1101 2646 1169 qui
2674 1102 2755 1157 eis
2798 1104 3084 1173 scripturae
3135 1125 3332 1167 arcana
3381 1130 3476 1184 pa-

1895 1185 2176 1242 tefaceret.
2207 1187 2460 1258 Acceptis
2502 1199 2681 1246 autem
2714 1193 2783 1247 ad
2829 1193 3184 1267 frangendum
3222 1203 3473 1269 panibus,

1893 1277 2157 1333 Dominus
2179 1281 2384 1349 gratias
2413 1280 2545 1351 agit,
2579 1290 2637 1335 ut
2675 1292 2731 1336 et
2760 1283 2875 1353 ipse
2902 1294 3166 1354 quantum
3194 1289 3261 1343 de
3301 1292 3475 1348 salute

1894 1368 2110 1436 generis
2157 1368 2377 1424 humani
2439 1371 2780 1442 congaudeat
2833 1375 3105 1441 ostendat,
3151 1385 3206 1431 et
3257 1394 3355 1433 nos
3408 1381 3476 1434 ad

1895 1458 2130 1530 agendas
2157 1459 2526 1528 semper'Deo
2560 1462 2761 1532 gratias
2795 1462 3071 1531 informet,
3100 1482 3224 1521 cum
3255 1468 3338 1521 vel
3363 1477 3473 1523 ter-

1896 1562 2028 1601 reno
2083 1562 2221 1616 pane
2271 1564 2491 1603 carnem
2544 1550 2631 1604 vel
2692 1551 2929 1607 animam
2980 1553 3188 1611 caelesti
3241 1571 3474 1627 superna

1893 1637 2065 1709 gratia
2094 1637 2357 1710 largiente
2381 1640 2672 1696 reﬁcimus.

1965 1728 2035 1783 Et
2056 1729 2312 1784 habebant
2332 1731 2611 1802 pisciculos
2652 1751 2870 1805 paucos,
2916 1747 2965 1792 et
3006 1738 3146 1809 ipsos
3189 1739 3473 1807 benedixit,

202 1831 478 1884 venerunt
517 1824 587 1879 ad
613 1824 913 1889 Christum,
947 1824 1074 1895 quia
1109 1823 1272 1881 nullis
1305 1823 1624 1894 paginarum
1669 1840 1795 1879 san-
1819 1820 1868 1880 B
1895 1830 1944 1875 et
1955 1821 2118 1892 jussit
2147 1824 2360 1893 apponi.
2397 1823 2454 1877 Si
2480 1824 2532 1876 in
2564 1827 2795 1895 panibus
2821 1838 3024 1899 septem
3053 1830 3333 1903 Scriptura
3368 1833 3477 1890 No-

199 1923 425 1972 ctarum
479 1915 829 1976 monimentis
877 1916 945 1972 de
997 1915 1116 1986 ejus
1176 1922 1335 1971 erant
1392 1916 1498 1972 ﬁde
1555 1931 1789 1987 praemo-

202 2006 335 2061 niti.

278 2092 351 2149 Et
382 2093 759 2165 responderunt
783 2095 831 2149 ei
864 2094 1110 2165 discipuli
1135 2096 1220 2149 sui
1243 2108 1262 2147 :
1290 2092 1441 2149 Unde
1465 2093 1590 2148 istos
1603 2093 1789 2163 poterit

199 2185 327 2257 quis
351 2185 435 2240 hic
458 2194 702 2240 saturare
725 2186 949 2256 panibus
976 2186 1033 2239 in
1054 2185 1381 2240 solitudine?
1405 2184 1473 2238 Et
1502 2184 1794 2252 interroga-

198 2276 279 2330 uit
305 2293 392 2331 eos
438 2293 458 2331 :
502 2275 642 2343 Quot
678 2292 840 2347 panes
892 2276 1134 2330 habetis?
1182 2274 1287 2341 Qui
1335 2270 1581 2328 dixerunt
1627 2286 1645 2328 :
1693 2272 1792 2328 Se—

196 2377 368 2438 ptem.
397 2366 545 2423 Bene
580 2374 786 2437 septem
814 2382 985 2437 panes
1006 2366 1061 2420 in
1111 2366 1417 2422 ministerio
1443 2363 1579 2419 Novi
1604 2364 1791 2419 Testa—

197 2459 383 2521 menti
410 2467 705 2528 ponuntur,
734 2458 786 2513 in
829 2474 938 2528 quo
969 2456 1303 2530 septiformis
1351 2456 1527 2528 gratia
1564 2456 1791 2526 spiritus

196 2548 380 2604 sancti
411 2547 623 2616 plenius
644 2547 892 2603 ﬁdelibus
911 2546 1124 2611 cunctis
1148 2554 1204 2601 et
1230 2546 1496 2612 credenda
1520 2545 1793 2601 revelatur

197 2646 261 2694 et
288 2637 499 2692 credita
524 2637 701 2691 datur.
732 2636 919 2706 Neque
943 2636 1231 2691 hordeacei
1257 2636 1423 2691 fuisse
1462 2635 1787 2706 produntur,

199 2727 352 2793 sicut
399 2725 480 2784 illi
529 2725 788 2797 quinque,
820 2725 888 2781 de
924 2726 1121 2795 quibus
1154 2726 1396 2797 quinque
1434 2734 1560 2780 sunt
1610 2726 1788 2781 homi-

199 2833 338 2879 num
366 2815 537 2873 millia
564 2825 826 2883 saturata,
859 2832 929 2872 ne
974 2817 1173 2872 iterum
1211 2817 1350 2873 sicut
1375 2818 1433 2872 in
1475 2817 1593 2890 lege
1628 2817 1792 2874 vitale

201 2908 405 2965 animae
447 2909 762 2967 alimentum
805 2909 1179 2982 corporalibus
1237 2911 1595 2967 sacramentis
1637 2911 1792 2968 obte-

200 3008 460 3076 geretur,
487 2999 677 3055 hordei
716 2999 916 3056 etenim
955 3000 1191 3057 medulla
1238 3001 1587 3058 tenacissima
1632 3003 1789 3074 palea

199 3092 430 3165 tegitur.

275 3185 351 3240 Et
399 3185 664 3256 precepit,
705 3191 812 3241 etc.
873 3183 1049 3256 Supra
1102 3185 1158 3241 in
1207 3186 1501 3242 refectione
1548 3187 1789 3258 quinque

194 3291 406 3351 panum
428 3277 586 3332 turba
607 3292 767 3346 supra
812 3275 992 3332 fenum
1023 3277 1195 3332 viride
1214 3278 1607 3334 discumbebat.
1631 3278 1789 3337 Nunc

194 3366 296 3428 ubi
323 3373 531 3436 septem
550 3367 782 3436 panibus
810 3365 1105 3421 reﬁcienda
1130 3376 1236 3434 est,
1258 3384 1423 3438 supra
1450 3377 1655 3425 terram
1677 3371 1789 3427 dis-

195 3458 459 3520 cumbere
478 3458 808 3528 praecipitur,
824 3460 953 3529 quia
976 3475 1073 3530 per
1095 3461 1422 3531 scripturam
1447 3462 1580 3534 legis
1604 3465 1788 3521 carnis

196 3550 476 3611 desideria
521 3549 734 3606 calcare
787 3559 844 3606 et
882 3552 1242 3621 comprimere
1288 3551 1563 3621 jubemur.
1601 3552 1787 3611 Omnis

195 3639 345 3703 enim
364 3655 489 3693 caro
518 3640 719 3709 fenum,
742 3649 792 3694 et
814 3640 983 3699 omnis
1025 3640 1196 3712 gloria
1224 3642 1341 3713 ejus
1389 3630 1641 3716 tanquam
1686 3647 1787 3717 ﬂos

198 3729 315 3801 [eui
364 3727 547 3800 (Isaia:
592 3727 704 3800 st).
752 3728 811 3783 In
839 3728 988 3785 Novo
1017 3740 1199 3788 autem
1228 3732 1577 3790 Testamento
1614 3736 1787 3807 ipsam

196 3834 424 3901 quoque
443 3827 644 3876 terram
669 3836 733 3877 ac
753 3820 1039 3881 facultates
1063 3826 1388 3895 temporales
1410 3828 1787 3901 derelinquere

197 3911 570 3989 praecipimur,
599 3911 685 3971 vel
732 3921 881 3969 certe
909 3915 1034 3984 quia
1063 3932 1239 3982 mons,
1270 3919 1324 3973 in
1367 3935 1476 3989 quo
1507 3923 1665 3978 turba
1693 3924 1787 3979 do-

199 4004 422 4060 minicis
452 4006 684 4074 panibus
712 4007 1086 4075 reﬁciebatur,
1115 4010 1477 4080 altitudinem,
1523 4024 1582 4070 ut
1622 4032 1786 4088 supra

201 4098 466 4164 diximus,
523 4099 882 4170 redemptoris
924 4110 1100 4159 DOSll'l
1153 4104 1454 4175 signiﬁcat,
1503 4108 1579 4164 ibi
1622 4124 1786 4181 super

202 4187 415 4254 fenum,
449 4189 537 4245 hic
571 4205 735 4261 super
777 4201 977 4248 terram
1006 4194 1263 4250 reﬁcitur.
1288 4196 1367 4252 lbi
1391 4200 1538 4255 enim
1572 4202 1788 4258 celsitu-

205 4277 278 4341 do
302 4277 509 4347 Christi
540 4289 763 4351 propter
783 4285 1036 4340 carnales
1080 4286 1330 4343 homines
1369 4298 1423 4344 et
1450 4289 1785 4349 Hierusalem

206 4377 486 4427 terrenam
512 4373 719 4428 carnali
741 4390 837 4444 spe
857 4383 914 4430 et
940 4376 1207 4433 desiderio
1237 4380 1453 4449 tegitur.
1482 4380 1582 4437 llic
1607 4391 1789 4440 autem

1890 1913 1941 1967 vi
1967 1913 2299 1968 Testamenti
2331 1914 2670 1989 designatur,
2698 1917 2753 1972 in
2777 1919 2932 1989 cujus
2961 1921 3192 1978 lectione
3228 1939 3327 1993 per
3351 1940 3479 1997 gra-

1888 2004 2020 2057 tiam
2042 2006 2217 2059 sancti
2238 2003 2474 2074 Spiritus
2493 2008 2740 2065 internas
2759 2011 3022 2067 mentium
3048 2013 3236 2082 epulas
3268 2015 3479 2073 inveni-

1888 2108 2032 2159 mus,
2079 2094 2209 2164 quid
2252 2096 2308 2151 in
2362 2100 2662 2169 pisciculis,
2722 2116 2860 2169 quos
2894 2100 3223 2158 benedicens
3269 2104 3478 2175 pariter

1888 2183 2167 2250 Dominus,
2216 2188 2389 2244 turba:
2435 2190 2600 2259 jussit
2628 2192 2859 2262 apponi?
2905 2190 3136 2249 Sanctos
3180 2196 3478 2266 accipimus

1889 2270 2033 2328 illius
2080 2277 2363 2345 temporis,
2412 2295 2521 2349 quo
2569 2282 2758 2336 eadem
2787 2290 2872 2337 est
2916 2284 3136 2339 condita
3167 2283 3473 2356 Scriptura,

1888 2366 1974 2421 vel
1998 2383 2226 2437 quorum
2259 2371 2373 2441 ipsa
2398 2372 2680 2446 Scriptura
2709 2375 2889 2442 ﬁdem,
2922 2378 3093 2432 vitam
3116 2387 3172 2434 et
3190 2383 3476 2450 passiones

1891 2458 2151 2527 continet,
2185 2461 2275 2533 qui
2313 2462 2381 2518 de
2426 2464 2752 2521 turbulentis
2790 2465 2951 2536 hujus
2996 2469 3178 2522 sarculi
3222 2468 3478 2527 ﬂuctibus

1890 2554 2085 2623 erepti,
2124 2570 2189 2609 ac
2228 2556 2410 2611 divina
2462 2558 2841 2614 benedictione
2869 2563 3194 2629 consecrati,
3225 2562 3477 2620 refectio-

1889 2660 2015 2699 nem
2042 2647 2197 2702 nobis
2226 2646 2517 2714 internam,
2545 2665 2613 2705 ne
2645 2650 2698 2705 in
2741 2638 2901 2721 hujus
2927 2654 3113 2707 mundi
3142 2657 3477 2711 transeuntis

1889 2749 2123 2789 excursu
2150 2737 2485 2805 deﬁciamus,
2516 2741 2763 2813 exempla
2788 2757 2899 2797 sua:
2935 2742 3021 2797 vel
3050 2745 3173 2799 vita:
3213 2745 3301 2801 vel
3328 2762 3476 2802 mor-

1893 2824 1962 2880 tis
2000 2827 2300 2895 praebuere.
3018 2838 3023 2845 ’

1958 2914 2030 2970 Et
2070 2910 2516 2975 manducaverunt
2544 2931 2592 2975 et
2633 2924 2861 2978 saturati
2885 2933 3024 2980 sunt.
3050 2924 3377 2984 Manducant
3408 2929 3477 2985 de

1888 3009 2121 3080 panibus
2163 3010 2374 3067 Domini
2427 3029 2491 3068 ac
2542 3013 2804 3084 piscibus,
2861 3024 2916 3070 et
2972 3025 3325 3086 saturantur,
3382 3021 3476 3090 qui

1892 3100 2175 3158 audientes
2207 3103 2373 3159 verba
2426 3105 2542 3171 Dei,
2573 3113 2629 3160 et
2655 3107 2903 3179 exempla
2932 3109 3227 3177 intuentes,
3263 3113 3328 3167 ad
3351 3129 3478 3183 pro-

1893 3188 2097 3246 fectum
2151 3193 2277 3248 vita:
2325 3196 2671 3250 correctioris
2716 3212 2815 3266 per
2860 3198 2977 3252 haec
3021 3200 3252 3255 excitari
3313 3211 3478 3273 atque
3576 3242 3579 3247 .

1892 3300 2178 3355 assurgere
2222 3284 2499 3351 festinant,
2563 3288 2760 3356 quibus
2817 3299 3002 3359 aperte
3051 3293 3299 3362 congruit
3345 3294 3478 3350 illud

1890 3374 2192 3430 Psalmistaa
2225 3376 2436 3429 :Edent
2455 3394 2707 3447 pauperes
2736 3388 2785 3432 et
2831 3381 3213 3437 saturabuntur
3262 3392 3311 3439 et
3359 3383 3477 3440 lau-

1889 3465 2089 3521 dabunt
2122 3465 2314 3532 Deum,
2341 3476 2446 3521 etc.
2487 3466 2660 3539 (Psal.
2687 3469 2823 3541 χχι).

1961 3557 2032 3611 Et
2054 3557 2375 3612 sustulerunt
2400 3559 2542 3630 quod
2561 3572 2833 3632 supererat
2860 3562 2925 3617 de
2948 3562 3258 3636 fragmentis
3281 3577 3474 3641 septem

1888 3660 2113 3723 sportas.
2166 3650 2319 3718 Quod
2365 3655 2539 3709 turbis
2589 3657 2845 3712 saturatis
2911 3670 3196 3729 supererat
3240 3665 3472 3734 apostoli

1888 3742 2177 3798 sustollunt
2204 3749 2260 3798 et
2287 3751 2493 3813 septem
2536 3754 2750 3815 sportas
2781 3747 3025 3817 implent,
3053 3752 3180 3820 quia
3229 3763 3354 3809 sunt
3391 3756 3474 3814 al-

1888 3833 2029 3887 tiora
2054 3832 2402 3904 perfectionis
2429 3845 2721 3906 praecepta,
2746 3841 2831 3893 vel
2856 3840 3037 3908 potius
3060 3843 3476 3904 eahortamenta

1888 3931 1944 3978 et
1971 3924 2217 3991 consilia,
2245 3940 2365 3996 qua:
2394 3927 2662 3998 generalis
2696 3927 2934 3985 ﬁdelium
2957 3933 3246 3990 multitudo
3288 3940 3477 4008 nequit

1890 4014 2154 4069 servando
2186 4022 2240 4070 et
2272 4016 2545 4086 implendo
2585 4019 2851 4093 attingere
2871 4061 2885 4086 ,
2908 4036 3142 4091 quorum
3187 4030 3470 4085 exsecutio

1889 4107 2009 4163 illos
2036 4108 2257 4178 proprie
2279 4109 2516 4178 respicit,
2546 4111 2638 4180 qui
2663 4111 2869 4180 majore
2894 4116 3067 4168 sancti
3098 4116 3321 4186 spiritus
3350 4136 3473 4190 gra-

1890 4198 1965 4252 tia
2018 4198 2230 4267 plenius
2275 4199 2584 4270 generalem
2636 4202 2817 4273 populi
2850 4202 2945 4259 Dei
2996 4208 3469 4267 conversationem

1891 4289 2091 4343 mentis
2117 4296 2279 4358 atque
2302 4289 2484 4358 operis
2514 4291 2843 4348 sublimitate
2874 4298 3282 4355 transcendunt.
3325 4301 3473 4371 ρυλε

1890 4377 2033 4433 libus
2052 4378 2251 4433 dicitur
2274 4397 2287 4432 :
2316 4378 2378 4434 Si
2404 4380 2477 4433 vis
2496 4382 2755 4451 perfectus
2779 4401 2908 4454 esse,
2936 4388 3086 4457 vade,
3117 4391 3278 4447 vende
3295 4396 3475 4452 omnia

207 4468 419 4516 remota
446 4464 592 4518 omni
617 4465 907 4535 cupiditate
935 4469 1162 4535 carnali,
1188 4471 1445 4527 convivas
1491 4471 1633 4529 Novi
1684 4475 1787 4533 Te-
1813 4513 1868 4573 Β
1891 4486 2009 4573 (μιαί
2035 4468 2213 4573 Ιιξιὺεεν
2244 4477 2350 4526 θῑοο
2389 4471 2602 4543 (Matth.
2637 4476 2773 4545 XIX).

208 4553 490 4619 stamenti,
526 4554 642 4624 spei
671 4558 1039 4624 permanentia
1076 4558 1499 4630 ﬁrmamentum,
1526 4571 1787 4636 tanquam

208 4641 383 4711 ipsius
413 4643 614 4700 montis
656 4644 899 4705 soliditas
941 4647 1089 4707 nullo
1137 4649 1264 4708 feno
1293 4652 1617 4727 interposito
1659 4672 1789 4714 con-

207 4731 438 4793 tinebat.
1367 4760 1370 4763 λ

278 4823 353 4879 Et
398 4825 656 4895 accipiens
675 4837 866 4900 septem
892 4848 1076 4902 panes,
1107 4837 1307 4906 gratias
1328 4855 1509 4910 agens,
1556 4842 1711 4915 fregit
1739 4854 1793 4899 et

208 4915 370 4975 dabat
415 4915 686 4987 discipulis
718 4920 852 4989 suis,
873 4931 931 4975 ut
955 4937 1292 4993 apponerent,
1319 4938 1370 4982 et
1405 4944 1788 5001 proposuerunt

208 5005 396 5062 turba.
428 5006 690 5069 Dominus
714 5011 985 5082 accipiens
1007 5028 1195 5083 panes,
1213 5017 1376 5073 dabat
1401 5021 1700 5092 discipulis,
1729 5033 1789 5080 ut

208 5098 314 5170 ipsi
375 5112 629 5171 acceptos
683 5103 856 5161 turba:
908 5117 1261 5177 apponerent,
1319 5113 1446 5181 quia
1496 5115 1792 5183 spiritualis

208 5190 352 5248 dona
380 5192 624 5248 scientia:
667 5195 913 5252 tribuens
952 5199 1229 5266 apostolis,
1264 5216 1364 5272 per
1400 5217 1589 5258 eorum
1630 5206 1791 5262 mini-

206 5283 439 5343 sterium
461 5282 631 5340 voluit
657 5286 905 5345 ecclesiae
941 5303 1051 5343 sua:
1079 5304 1177 5360 per
1214 5291 1404 5347 orbem
1430 5294 1556 5349 vita:
1584 5297 1789 5353 cibaria

206 5374 482 5433 distribui.
516 5374 669 5442 Quod
708 5385 890 5435 autem
917 5377 1077 5450 fregit
1121 5396 1311 5451 panes,
1343 5399 1481 5454 quos
1507 5386 1789 5457 discipulis

209 5465 387 5531 daret,
432 5467 769 5536 apertionem
798 5468 1048 5541 designat
1074 5483 1564 5542 sacramentorum,
1591 5477 1805 5548 quibus

209 5554 282 5615 ad
330 5564 647 5627 perpetuam
701 5557 930 5614 salutem
985 5561 1303 5618 nutriendus
1353 5574 1471 5620 erat
1535 5568 1786 5623 mundus.

209 5647 348 5713 Cum
389 5649 536 5704 enim
564 5650 639 5713 ait
680 5650 796 5721 ipse
824 5651 1122 5708 Dominus:
1152 5653 1221 5707 Et
1255 5672 1403 5710 nemo
1439 5660 1577 5712 novit
1617 5659 1789 5729 ﬁlium

212 5738 315 5801 nisi
341 5748 511 5815 pater,
541 5758 701 5819 neque
720 5753 925 5819 patrem
960 5743 1078 5816 quis
1102 5746 1259 5815 norit,
1302 5746 1403 5803 nisi
1434 5747 1579 5819 ﬁlius
1612 5760 1660 5805 et
1706 5752 1792 5809 cui

1962 4558 2114 4615 Unde
2167 4561 2303 4616 bene
2357 4567 2840 4636 sportze,.quibus
2884 4568 3290 4631 dominicorum
3344 4585 3478 4638 sunt

1888 4651 2106 4706 condita
2153 4650 2455 4723 fragmenta
2503 4656 2782 4724 ciborum,
2819 4670 3042 4732 propter
3101 4666 3475 4737 septiformem

1888 4743 2111 4812 spiritus
2165 4744 2395 4812 gratiam
2423 4755 2631 4819 septem
2681 4747 2848 4804 fuisse
2894 4768 3284 4813 memorantur.
3335 4759 3474 4817 Nam

1889 4834 2015 4903 quia
2039 4844 2239 4904 sporta:
2254 4834 2423 4904 junco
2448 4846 2503 4891 et
2526 4838 2828 4907 palmarum
2864 4841 3008 4899 foliis
3030 4847 3207 4903 solent
3234 4852 3472 4918 contexi,

1891 4928 2088 4983 merito
2114 4927 2167 4981 in
2195 4936 2505 4984 sanctorum
2531 4931 2926 5004 signiﬁcatione
2951 4948 3243 5009 ponuntur.
3270 4941 3475 5002 Juncus

1892 5018 2090 5089 quippe
2118 5033 2280 5088 super
2325 5034 2493 5090 aquas
2546 5024 2698 5078 nasci
2747 5030 3046 5084 consuevit.
3098 5030 3285 5090 Palma
3343 5051 3475 5093 vero

1890 5108 2170 5165 victricem
2231 5119 2391 5164 ornat
2444 5127 2696 5181 manum,
2749 5124 2805 5172 et
2855 5118 3070 5189 junceis
3123 5125 3270 5180 vasis
3325 5136 3476 5183 recte

1892 5208 2278 5270 comparantur
2320 5200 2497 5270 electi,
2530 5220 2654 5260 cum
2705 5207 2945 5265 radicem
2993 5213 3192 5279 cordis,
3236 5230 3306 5270 ne
3331 5214 3475 5274 forte
3522 5276 3533 5281 ,

1893 5296 1963 5351 ab
2003 5310 2190 5350 amore
2244 5299 2567 5356 aeternitatis
2605 5313 2848 5373 arescat,
2880 5307 2935 5361 in
2985 5307 3101 5376 ipso
3154 5309 3279 5365 vitae
3325 5310 3477 5369 fonte

1896 5387 2181 5444 collocant.
2233 5388 2635 5449 Assimulantur
2675 5404 2730 5451 et
2779 5397 2861 5454 eis
2908 5412 3027 5469 quae
3055 5401 3122 5455 de
3170 5402 3474 5472 palmarum

1897 5486 2023 5534 sunt
2050 5479 2195 5536 foliis
2227 5490 2499 5551 contexta,
2531 5501 2655 5541 cum
2699 5488 2823 5542 inde
2854 5489 3099 5544 festivam
3121 5501 3341 5550 aeterna:
3388 5511 3475 5551 re-

1896 5571 2208 5629 tributionis
2232 5576 2547 5630 memoriam
2571 5594 2708 5648 puro
2750 5579 2911 5635 corde
2934 5582 3173 5638 retinent
3203 5600 3218 5650 ;
3258 5593 3313 5641 et
3336 5587 3476 5643 bene

1900 5665 2054 5721 turba
2083 5668 2331 5736 quamvis
2371 5669 2629 5741 reliquias
2677 5670 2931 5728 dominici
2973 5676 3186 5744 prandii
3232 5694 3337 5733 non
3386 5695 3477 5735 ca-

1899 5763 2074 5827 peret,
2100 5757 2456 5817 manducasse
2495 5768 2673 5816 tamen
2696 5768 2750 5816 et
2788 5770 3030 5820 saturata
3056 5782 3175 5824 esse
3201 5776 3476 5835 narratur,
