4026 6462
579 341 672 398 ἆυ

1891 341 2245 399 SMARAGDI
2281 342 2571 400 ABBATlS

3743 355 3851 413 412

579 450 707 522 quia
736 456 862 505 sunt
886 448 1160 515 nonnulli,
1202 449 1294 519 qui
1337 450 1441 506 etsi
1481 451 1661 506 omnia
1696 468 1795 508 sua
1842 454 2149 524 relinquere
2176 457 2228 516 Α
2324 454 2635 527 Quicunque
2658 458 2796 513 enim
2844 458 3032 529 spiritu
3065 458 3163 516 Dei
3208 472 3463 533 aguntur,
3505 464 3563 519 lii
3599 467 3703 536 ﬁlii
3751 469 3854 527 Dei

579 548 877 610 nequeunt,
914 548 1092 594 tamen
1121 540 1427 596 esurientes
1473 552 1530 596 et
1568 542 1821 598 sitientes
1862 542 2153 612 justitiam,

578 640 917 695 saturantur,
967 645 1091 685 cum
1153 631 1422 686 audiendo
1469 633 1726 688 mandata
1781 634 1916 707 legis
1961 635 2059 691 Dei
2089 636 2156 690 ad

578 724 747 778 vitam
774 722 1099 793 perveniunt
1115 733 1398 779 aeternam.
1468 786 1479 797 ι

650 813 821 867 Erant
862 821 1040 866 autem
1096 813 1187 883 qui
1237 814 1686 870 manducaverunt
1739 817 1892 887 quasi
1929 826 2157 887 quatuor

577 906 769 971 millia,
804 914 852 961 et
877 907 1079 960 dimisit
1131 922 1239 960 eos.
1289 906 1435 961 Bene
1464 917 1698 977 quatuor
1729 909 1917 973 millia,
1944 917 2004 964 ut
2040 913 2156 979 ipso

574 996 740 1050 etiam
769 1011 995 1052 numero
1023 998 1281 1052 docerent
1324 998 1650 1067 cvangelieis
1698 1014 1756 1054 se
1796 1012 1982 1069 pastos
2036 1015 2156 1057 esse

573 1087 813 1144 cibariis.

736 1176 1152 1261 llEBDOMADA
1180 1178 1248 1233 IX
1272 1176 1446 1234 POST
1475 1180 1988 1238 PENTECOSTEN.

573 1281 767 1323 LECTIO
798 1285 1068 1326 EPISTOLJ-Z
1109 1284 1269 1325 ΒΕΛΤΙ
1305 1288 1459 1325 PAULI
1500 1288 1753 1329 APOSTOLI
1778 1291 1846 1328 AD
1875 1290 2149 1342 δουλικοῦ,

1231 1357 1350 1396 CAP.
1384 1358 1504 1396 VIII.

654 1446 672 1477 ι
718 1428 1001 1484 Debitores
1032 1446 1219 1485 sumus
1248 1447 1354 1485 non
1386 1433 1558 1496 carni,
1592 1442 1651 1487 ut
1700 1435 1997 1491 secundum
2032 1450 2153 1491 car-

578 1534 598 1566 r
646 1531 768 1569 nem
795 1516 1056 1571 vivamus.
1091 1517 1148 1572 Si
1182 1519 1326 1573 enim
1347 1522 1644 1575 secundum
1684 1537 1905 1578 carnem
1951 1524 2153 1580 vixeri-

579 1625 598 1655 ι
644 1605 747 1670 tis,
804 1607 1158 1662 moriemini:
1196 1609 1241 1663 si
1298 1619 1480 1665 autem
1539 1612 1730 1681 Spiritu
1776 1612 1919 1669 facta
1970 1616 2153 1671 carnis

577 1717 597 1750 ε
642 1698 1120 1769 mortiﬁcaveritis,
1147 1702 1357 1756 vivetis.
1405 1703 1721 1773 Quicunque
1765 1706 1912 1759 enim
1953 1707 2149 1775 spiritu

2258 556 2399 600 sunt.
2441 547 2520 603 Ac
2540 550 2583 603 si
2611 548 2837 616 diceret,
2866 550 3176 622 quicunque
3197 561 3478 608 merentur
3502 558 3699 627 spiritu
3722 577 3843 618 san-

2234 644 2344 689 .cto
2365 637 2676 708 gubernari,
2702 641 2784 694 vel
2814 642 3109 699 secundum
3139 645 3443 700 doctrinam
3471 648 3699 717 spiritus
3726 669 3850 709 san-

2255 727 2636 792 ctivivere,hi
2672 738 2799 785 sunt
2822 732 2913 801 qui
2960 733 3153 803 spiritu
3194 730 3296 791 Dei
3351 723 3606 808 aguntur,
3659 742 3719 797 id
3767 756 3849 801 est

2253 817 2626 886 gubernantur
2649 820 2736 875 vel
2779 829 3085 878 moventur.
3136 824 3291 881 Sicut
3339 830 3488 883 enim
3544 832 3705 888 multi
3755 834 3846 892 ﬁlii

2252 906 2374 972 Dei,
2401 916 2461 962 ut
2491 907 2773 981 Scriptura
2822 913 2956 969 dicit
2986 933 3000 968 :
3031 914 3147 987 Ego
3170 917 3307 984 dixi,
3334 918 3426 973 Dii
3474 923 3623 989 estis,
3655 933 3705 978 et
3750 926 3847 994 ﬁlii

2263 997 2454 1052 excelsi
2487 1016 2664 1056 omnes
2692 1000 2865 1072 (Psat.
2888 1005 3118 1078 uxxn),
3142 1024 3282 1064 unus
3312 1017 3492 1067 tamen
3525 1024 3614 1069 est
3650 1026 3843 1074 natura

2254 1087 2399 1145 ﬁlius
2440 1099 2496 1146 et
2541 1094 2854 1164 unigenitus
2878 1097 2946 1153 de
2969 1107 3143 1167 patre,
3184 1117 3285 1172 per
3311 1118 3472 1174 quem
3501 1120 3702 1164 omnes
3752 1111 3843 1167 ﬁh’i

2251 1179 2606 1250 appellantur.
2659 1191 2732 1238 tta
2772 1195 2829 1241 et
2856 1188 3080 1257 spiritus
3113 1191 3267 1246 multi
3304 1194 3523 1263 quidem
3565 1206 3729 1263 sunt,
3754 1201 3843 1256 sed

2251 1284 2392 1325 unus
2426 1279 2530 1337 est,
2558 1273 2649 1342 qui
2696 1290 2824 1331 vere
2852 1293 2920 1336 ex
2973 1278 3090 1348 ipso
3114 1280 3224 1336 Deo
3246 1284 3513 1352 procedit,
3544 1295 3602 1342 et
3631 1291 3843 1347 caeteris

2251 1361 2502 1418 omnibus
2529 1366 2802 1423 vocabulis
2849 1384 2916 1424 ac
2960 1373 3407 1431 sanctiﬁcationis
3449 1393 3563 1434 suae
3613 1385 3840 1452 gratiam

2251 1450 2436 1507 donat.

2326 1544 2450 1600 Non
2481 1548 2621 1602 enim
2647 1553 2919 1617 accepistis
2952 1556 3194 1625 spiritum
3233 1561 3494 1617 servitutis
3546 1565 3745 1620 iterum
3790 1569 3838 1622 iu

2255 1634 2463 1691 timore.
2495 1639 2595 1709 (Ex
2620 1638 2876 1715 Primos.)
2901 1642 3069 1701 «ιιιᾱωί
3101 1660 3425 1718 accepenmt
3451 1654 3732 1722 spiritum,
3756 1660 3838 1728 qui

2249 1727 2424 1783 nullos
2452 1728 2519 1784 ad
2555 1731 2872 1788 servitutem
2919 1747 3137 1805 cogeret
3180 1754 3277 1809 per
3306 1742 3582 1799 timorem.
3628 1727 3839 1806 Timere

3180 1789 3268 1809 τ--
3308 1789 3582 1799 --.-.---....
3638 1789 3830 1806 -..μνη

575 1807 597 1842 t
642 1789 739 1846 Dei
791 1802 1044 1861 aguntur,
1070 1792 1127 1845 Ῐιί
1172 1791 1267 1846 mli
1314 1802 1440 1851 δυηι
1481 1794 1596 1848 θεῖ·
1645 1792 1762 1849 Νοη
1799 1796 1943 1850 enim
1996 1812 2149 1854 3000'
2176 1794 2221 1852 Β
2248 1814 2393 1869 enim
2418 1831 2699 1874 servorum
2726 1829 2833 1889 est,
2856 1822 3080 1895 diligere
3107 1828 3362 1884 ﬁliorum.
3391 1830 3546 1887 Sicut
3568 1838 3830 1908 scriptum

573 1899 595 1934 ι
639 1883 796 1954 pistis
846 1883 1095 1953 spiritum
1137 1885 1626 1940 servitutisiterum
1675 1887 1730 1941 in
1775 1889 1988 1954 timore,
2049 1890 2145 1945 sed

573 1991 595 2027 ι
639 1973 926 2044 accepistis
949 1974 1196 2044 spiritum
1218 1975 1523 2045 adoptionis
1550 1975 1806 2044 ﬁliorum,
1826 1978 1880 2032 in
1907 1994 2015 2048 quo
2036 1980 2145 2034 cla-

572 2080 595 2117 t
652 2080 864 2119 mamus
898 2083 908 2118 :
948 2064 1100 2119 Abba
1129 2072 1301 2134 pater.
1332 2064 1450 2135 Ipse
1486 2067 1630 2121 enim
1653 2067 1876 2136 spiritus
1902 2069 2142 2124 testimo-

576 2172 596 2208 ί
639 2156 788 2210 nium
816 2156 990 2210 reddit
1025 2156 1241 2226 spiritui
1271 2166 1480 2225 nostro,
1508 2159 1653 2227 quod
1683 2175 1871 2214 sumus
1898 2160 1995 2214 ﬁlii
2023 2160 2140 2216 Dei.

572 2264 593 2298 ι
638 2243 697 2300 Si
723 2254 903 2300 autem
931 2246 1025 2300 ﬁlii
1046 2246 1140 2302 Dei
1159 2255 1214 2300 et
1236 2248 1497 2316 hteredes,
1520 2250 1764 2335 hatredes
1782 2251 1997 2321 quidem
2025 2253 2139 2319 Dei,

572 2353 592 2386 ς
637 2336 946 2391 cohzeredes
974 2344 1155 2391 autem
1185 2337 1404 2393 Christi.
1449 2358 1468 2392 ι

636 2425 906 2480 Debitores
950 2443 1133 2481 sumus
1161 2444 1265 2481 non
1310 2430 1479 2496 carni,
1530 2439 1585 2484 ut
1614 2431 1898 2486 secundant
1927 2449 2140 2487 carnem

564 2517 814 2572 vivamus.
856 2517 957 2586 (Ex
1005 2517 1180 2590 Orig.)
1217 2519 1501 2579 Debitores
1530 2538 1717 2580 sumus
1758 2539 1970 2591 eorum,
2024 2525 2141 2581 sine

563 2609 748 2675 dubio,
786 2626 906 2679 quae
953 2627 983 2664 a
1014 2612 1205 2682 spiritu
1227 2616 1501 2670 consecuti
1527 2631 1733 2682 sumus,
1763 2618 1914 2672 carni
1937 2626 2136 2685 autem,

562 2700 757 2770 inquit,
782 2718 888 2756 non
917 2718 1104 2759 sumus
1132 2705 1423 2761 debitores.
1451 2706 1635 2776 Neque
1663 2708 1809 2762 enim
1852 2717 2140 2779 propterea

562 2808 662 2847 nos
684 2782 809 2849 fecit
830 2794 970 2852 Deus
996 2799 1065 2851 ad
1095 2799 1382 2869 imaginem
1402 2816 1577 2866 suam,
1605 2809 1662 2855 ut
1689 2803 1872 2858 carnis
1918 2804 2139 2860 servitio

560 2897 801 2941 essemus
845 2888 1084 2955 obnoxii,
1116 2892 1208 2946 sed
1236 2893 1414 2962 potius
1441 2900 1499 2947 ut
1543 2895 1774 2948 creatori
1805 2910 1903 2951 suo
1957 2897 2136 2951 anima

560 2975 888 3043 deserviens,
917 2979 1032 3051 ipsa
1060 2983 1283 3038 servitio
1308 2999 1372 3038 ac
1403 2984 1707 3040 ministerio
1749 2987 1930 3041 carnis
1958 2995 2138 3044 utere-

559 3071 665 3118 tur.
697 3064 805 3136 (Ea'
847 3065 1105 3142 Primos.)
1151 3070 1263 3126 Hoc
1302 3078 1475 3126 totum
1515 3073 1646 3143 agit,
1677 3082 1735 3128 ut
1765 3076 2014 3131 ostendat
2055 3077 2136 3133 eis

556 3160 731 3232 legem
775 3178 883 3219 non
910 3179 1033 3220 esse
1066 3168 1451 3233 necessariam,
1493 3183 1613 3238 quae
1659 3169 1966 3225 carnalibus
2010 3169 2134 3225 data
2163 3143 2207 3205 C

556 3259 661 3308 εει.

626 3340 691 3399 Si
715 3346 851 3399 enim
880 3347 1166 3402 secundum
1191 3366 1398 3405 carnem
1429 3352 1673 3416 vixeritis,
1692 3352 2003 3407 moriemini.
2034 3351 2135 3423 (Ex

557 3428 733 3505 Orig.)
765 3435 905 3501 Quid
930 3446 1015 3492 est
1037 3440 1320 3495 secundum
1350 3459 1561 3497 carnem
1599 3444 1781 3507 vivere,
1811 3444 1917 3497 nisi
1951 3443 2133 3498 carnis

553 3521 821 3578 desideria
843 3525 1101 3596 implere?
1121 3527 1255 3584 Nam
1284 3541 1339 3587 et
1368 3532 1493 3586 alibi
1528 3533 1692 3589 dicit:
1733 3533 1802 3586 Et
1835 3535 2011 3592 carnis
2042 3549 2135 3587 cu-

552 3627 669 3664 ram
692 3629 754 3665 ne
782 3613 1007 3679 feceritis
1028 3619 1081 3670 in
1101 3622 1549 3691 concupiscentiis.
1576 3622 1690 3676 Non
1712 3624 1899 3693 utique
1926 3639 2133 3694 negans

555 3713 739 3754 curam
776 3705 957 3758 carnis
984 3707 1282 3763 habendam
1311 3711 1364 3764 in
1393 3714 1738 3778 necessariis,
1768 3714 1860 3768 sed
1906 3716 1959 3768 in
2008 3731 2133 3769 con-

553 3790 919 3859 cupisecntiis.
964 3794 1042 3849 lta
1071 3812 1200 3868 ergo
1244 3807 1299 3854 et
1334 3801 1421 3855 hic
1453 3816 1467 3855 :
1505 3801 1562 3855 Si
1589 3803 1748 3867 eizim,
1800 3803 1997 3873 inquit,
2048 3821 2131 3858 se-

552 3879 781 3933 cundum
802 3898 1010 3938 carnem
1033 3886 1281 3956 vixeritis,
1307 3893 1620 3945 moriemini.
1646 3892 1925 3964 Signiﬁcat
1949 3903 2133 3951 autem

551 3978 781 4024 mortem
819 3987 993 4042 pmnze
1030 3985 1265 4033 teternze.
1301 3979 1414 4035 Hoc
1458 3982 1602 4036 enim
1649 3981 1798 4048 dicit,
1845 3986 2129 4040 ostendere

548 4058 758 4126 volens,
790 4064 1024 4120 maxima
1053 4067 1106 4121 in
1133 4079 1343 4140 partem
1369 4075 1681 4144 passionum
1717 4076 1983 4133 desideria
2028 4078 2129 4135 hu-

547 4152 693 4205 mani
725 4156 965 4223 corporis
994 4174 1132 4213 esse.

620 4240 680 4296 Si
712 4255 884 4299 autem
915 4252 1103 4316 spiritu
1132 4252 1273 4323 facta
1300 4257 1473 4311 carnis
1503 4260 1970 4329 nwrtiﬁcat'eritis,
1996 4263 2128 4317 vive-

548 4330 633 4383 tis.
661 4330 761 4401 (Ex
791 4334 963 4405 Orig.)
997 4339 1097 4406 Qui
1139 4358 1267 4412 ergo
1301 4348 1596 4403 secundum
1640 4352 1888 4418 spiritum
1933 4368 2119 4423 agens,

547 4424 842 4479 tnortiﬁcat
867 4438 1018 4485 actus
1048 4437 1245 4498 carnis,
1277 4439 1420 4493 vivet
1462 4453 1685 4512 prepter
1727 4445 2122 4504 inhabitantem

547 4508 603 4562 in
637 4525 697 4565 se
755 4516 1004 4584 spiritum
1047 4523 1190 4579 vitte.
1242 4508 1527 4585 )lcrtiticat
1564 4508 1752 4589 autem
1800 4537 1920 4606 quis
1966 4547 2120 4595 actus

547 4600 727 4654 carnis
775 4603 878 4657 hoc
932 4610 1109 4676 modo,
1174 4613 1380 4673 fructus
1426 4630 1510 4675 est
1556 4624 1781 4692 spiritus
1829 4628 2068 4686 Charitas
2100 4672 2116 4698 ,

546 4689 732 4745 odium
758 4696 937 4751 carnis
977 4709 1059 4754 est
1082 4712 1256 4768 actus,
1285 4708 1468 4764 odium
1495 4727 1623 4782 ergo
1647 4730 1745 4784 per
1795 4718 2119 4777 eharitatem

465 4857 469 4860 ’
546 4781 963 4840 mortiﬁcaturet
978 4792 1353 4861 exstinguitur.
1369 4781 1632 4856 Gaudium
1645 4781 1893 4863 similiter
1911 4809 2118 4868 fructus

545 4879 629 4931 est
668 4874 910 4944 spiritus,
944 4882 1161 4939 tristitia
1190 4903 1317 4945 vero
1338 4892 1494 4962 hujus
1518 4898 1723 4963 sreculi,
1741 4915 1862 4969 quae
1883 4911 2116 4960 mortem

543 4974 819 5032 operatur,
842 4971 1021 5026 carnis
1049 4983 1130 5028 est
1157 4987 1329 5034 actus.
1358 4982 1483 5038 Haec
1511 5000 1639 5056 ergo
1686 4989 2046 5062 exstinguitur
2066 4994 2112 5049 si

540 5053 615 5108 sit
641 5055 695 5111 iu
724 5059 879 5116 nobis
903 5065 1155 5133 gaudium
1175 5071 1414 5139 spiritus,
1447 5092 1552 5145 pax
1579 5053 1788 5135 lructus
1814 5053 1900 5138 est
1949 5085 2111 5154 spiri-

540 5142 661 5203 tus.
698 5150 970 5210 Dissensio
998 5166 1054 5212 ct
1099 5159 1365 5218 discordia
1395 5142 1574 5223 carnis
1601 5180 1704 5226 est.
1745 5171 1849 5229 Sed
1900 5142 2108 5233 certum

538 5242 622 5289 est
669 5236 992 5297 discordiam
1042 5250 1358 5306 mortiﬁcari
1405 5270 1502 5325 per
1558 5274 1765 5328 pacem.
1821 5262 1913 5319 Sic
1960 5275 2016 5321 et
2052 5267 2108 5323 in

536 5327 794 5393 patientia
823 5332 1043 5402 spiritus
1090 5341 1349 5407 patientia
1396 5327 1575 5405 carnis
1631 5354 2011 5426 exstinguitur,
2052 5369 2109 5416 et

536 5414 750 5477 bonitas
775 5425 1033 5483 malitiam
1058 5434 1295 5504 perimit,
1328 5450 1383 5494 et
1428 5450 1789 5504 mansuetudo
1844 5451 2105 5510 ferociam

534 5514 590 5608 et
616 5513 947 5609 continentia
979 5519 1475 5599 intemperantiam,
1509 5545 1564 5592 et
1607 5541 1831 5597 castitas
1874 5543 2105 5615 impudi-

535 5597 719 5654 citiam
744 5616 917 5663 necat.
948 5609 1172 5684 Taliquc
1193 5620 1381 5680 ordine
1403 5626 1493 5696 qui
1519 5643 1619 5699 per
1654 5631 1905 5703 spiritum
1947 5597 2101 5693 actus

538 5695 715 5761 carnis
738 5700 1083 5762 viviﬁcavcrit
1105 5710 1263 5769 vivet.

2246 1915 2330 1961 est
2357 1924 2369 1960 :
2408 1906 2597 1964 Servus
2624 1911 2892 1968 dominum
2916 1932 3070 1975 suum
3123 1920 3344 1985 timebit,
3373 1934 3421 1977 et
3472 1925 3623 1994 ﬁlius
3660 1906 3836 2001 diliget

2244 2003 2445 2064 patrem
2467 2015 2641 2052 suum.
2658 2000 2735 2053 Illi
2752 2017 2880 2073 ergo
2895 2006 2985 2074 qui
3013 2011 3228 2077 operari
3247 2013 3532 2070 charitatis
3553 2000 3834 2078 voluntate

2244 2085 2521 2152 nolebant,
2577 2090 2787 2147 timoris
2833 2099 3157 2155 necessitate
3210 2114 3501 2173 cogantur,
3554 2123 3660 2165 nos
3707 2126 3832 2168 vero

2244 2177 2427 2231 omnia
2455 2180 2758 2237 voluntarie
2787 2199 3095 2255 operemur,
3126 2201 3187 2246 ut
3216 2193 3355 2250 ﬁlios
3405 2213 3505 2253 nos
3545 2214 3673 2256 esse
3702 2218 3831 2274 pro-

2243 2269 2457 2325 bemur.

2313 2360 2423 2431 (Ex
2450 2361 2695 2437 August.)
2732 2365 2835 2434 Qui
2889 2369 3085 2426 timore
3112 2387 3306 2441 poenas,
3334 2392 3439 2432 non
3470 2394 3661 2436 amore
3676 2381 3834 2451 justi-

2242 2453 2330 2508 tiae
2378 2469 2515 2525 opus
2561 2455 2694 2527 legis
2753 2457 2905 2527 facit,
2962 2478 3060 2532 per
3122 2468 3225 2521 hoc
3272 2467 3429 2539 legis,
3479 2486 3647 2541 quam
3707 2476 3832 2531 velit

2239 2559 2347 2598 non
2373 2560 2513 2611 esse,
2542 2561 2648 2601 non
2677 2558 2761 2603 est
2809 2552 3037 2620 amicus,
3077 2556 3169 2610 sed
3198 2559 3378 2626 potius
3406 2560 3696 2629 inimicus;
3737 2580 3831 2621 nec

2241 2636 2533 2691 mundatur
2567 2654 2749 2708 opere,
2779 2643 2871 2710 qui
2900 2644 3207 2703 immundus
3233 2658 3318 2704 est
3338 2651 3633 2710 voluntate.

2312 2724 2418 2781 Sed
2443 2730 2713 2799 accepistis
2737 2730 2992 2802 Spiritum
3016 2736 3311 2809 adeptionis
3347 2742 3583 2811 ﬁliorum
3626 2749 3680 2803 in
3730 2768 3830 2821 quo

2240 2819 2528 2876 clamamus
2567 2824 2715 2879 Abba
2733 2836 2902 2897 pater.
2955 2828 3057 2897 Qui
3086 2841 3246 2887 vocat
3276 2844 3513 2905 patrem,
3563 2819 3826 2900 ﬁlium‘se

2240 2928 2360 2968 esse
2378 2915 2685 2983 proﬁtetur,
2714 2918 2873 2975 debet
2900 2936 3031 2993 ergo
3055 2926 3197 2994 patri
3225 2928 3277 2981 in
3311 2930 3556 2987 moribus
3582 2934 3732 2992 ﬁlius
3760 2939 3828 2993 si-

2239 3004 2383 3061 milis
2418 3008 2664 3073 inveniri,
2725 3026 2794 3066 ne
2829 3028 2929 3083 pro
2981 3018 3204 3072 nomine
3232 3036 3450 3092 quoque
3505 3025 3560 3079 in
3595 3042 3827 3083 vacuum

2240 3103 2502 3165 usurpato
2532 3095 2724 3165 majori
2755 3116 2929 3169 poena:
2956 3104 3254 3175 subjaceat,
3305 3111 3434 3166 item
3464 3129 3565 3170 vos
3592 3115 3828 3173 Romani

2238 3185 2291 3239 in
2322 3185 2664 3255 adoptionem
2719 3189 2950 3246 ﬁliorum
3002 3198 3181 3252 vocati
3226 3201 3380 3265 estis,
3412 3218 3522 3257 non
3560 3205 3704 3261 sicut
3730 3206 3825 3262 Ju-

2237 3274 2357 3337 dmi,
2386 3277 2479 3344 qui
2505 3279 2703 3333 subditi
2735 3280 2869 3350 legis
2906 3282 3153 3355 imperio,
3186 3289 3241 3344 in
3265 3293 3529 3349 servitute
3557 3299 3823 3353 teneban-

2235 3373 2342 3420 tur.
2382 3367 2535 3434 Quod
2558 3385 2688 3425 vero
2709 3373 2913 3429 addidit
2939 3393 2953 3429 :
2982 3376 3128 3431 Abba
3163 3390 3331 3450 pater,
3379 3385 3575 3452 patriae
3628 3387 3825 3459 lingua:

2237 3457 2576 3524 vocabulum,
2608 3460 2839 3530 idipsum
2893 3464 3129 3534 iteravit,
3162 3470 3308 3526 velut
3350 3474 3393 3527 si
3429 3474 3663 3533 dixisset
3685 3457 3824 3551 :ipa-

2236 3556 2319 3603 ter
2338 3559 2513 3619 pater,
2547 3552 2689 3641 id_cm
2720 3570 2954 3625 namque
2981 3557 3131 3614 Abba
3164 3565 3306 3631 quod
3339 3573 3393 3619 et
3421 3575 3582 3636 pater
3606 3571 3823 3641 signiﬁ-

2233 3649 2342 3705 cat,
2382 3644 2476 3697 sed
2498 3628 2648 3700 Abba
2678 3645 2983 3715 Hebraeum,
3015 3628 3450 3721 pater—Gmcum
3473 3668 3561 3715 est
3584 3670 3640 3717 et
3662 3628 3821 3720 ULati-

2230 3744 2381 3785 num.
2419 3731 2488 3788 Ut
2517 3748 2646 3804 ergo
2673 3743 2964 3807 utrumque
3005 3743 3258 3812 populum
3297 3747 3351 3802 in
3398 3764 3526 3804 eum
3576 3755 3819 3809 creditu-

2232 3841 2373 3891 rum,
2435 3828 2504 3883 ab
2536 3837 2766 3899 utroque
2793 3848 2916 3886 eum
2962 3835 3318 3894 invocaudum
3372 3858 3494 3897 esse
3562 3845 3809 3913 doceret,

2229 3920 2518 3987 utramque
2569 3916 2808 3987 linguam
2861 3921 3153 3993 Apostolus
3204 3930 3402 3998 posuit,
3450 3940 3509 3986 ut
3537 3934 3695 3991 Abba
3721 3939 3816 4002 illi.

2229 4007 2321 4076 qui
2352 4008 2419 4063 de
2459 4008 2754 4067 Israelitico
2817 4017 3035 4084 populo,
3076 4035 3177 4074 nos
3227 4031 3382 4092 pater
3424 4026 3812 4096 clamaremus,

2226 4095 2320 4166 qui
2363 4096 2431 4149 de
2458 4099 2708 4166 gentibus
2743 4103 2813 4156 ad
2848 4102 3007 4160 ﬁdem
3047 4106 3248 4165 Christi
3279 4114 3548 4171 venimus.

2299 4185 2421 4257 Ipse
2463 4189 2678 4258 spiritus
2728 4194 3081 4251 testimonium
3127 4200 3297 4255 reddit
3344 4202 3558 4275 spiritui
3606 4221 3810 4276 nostro,

2225 4285 2331 4333 etc.
2365 4278 2482 4348 Ipse
2527 4296 2656 4351 ergo
2682 4284 2907 4352 spiritus
2963 4286 3287 4360 adoptionis,
3334 4310 3433 4364 per
3471 4313 3638 4367 quem
3674 4302 3729 4356 in
3760 4306 3811 4359 ﬁ-

2225 4368 2356 4424 lium
2383 4371 2506 4440 quis
2551 4373 2856 4443 adoptatur,
2899 4378 3078 4435 reddit
3125 4384 3490 4442 testimonium
3518 4398 3579 4444 et
3606 4394 3810 4449 conﬁr-

2144 4485 2200 4545 D
2226 4467 2338 4513 mat
2364 4460 2614 4529 spiritum
2643 4473 2906 4532 nostrum,
2933 4470 3061 4538 quia
3085 4486 3272 4529 sumus
3303 4475 3398 4530 lilii
3424 4477 3541 4533 Dei.
3576 4480 3807 4539 Postea-

2221 4564 2384 4619 quam
2442 4566 2474 4605 a
2531 4554 2721 4622 spiritu
2765 4559 3043 4615 servitutis
3089 4564 3142 4617 in
3188 4564 3494 4637 adoptionis
3546 4574 3805 4642 spiritum
3888 4632 3895 4641 ,

2219 4641 2550 4709 venerimus,
2575 4659 2699 4701 cum
2715 4644 2831 4715 jam
2872 4649 3006 4704 nihil
3069 4653 3279 4711 timoris
3324 4657 3485 4724 inest,
3520 4641 3658 4718 nihil
3687 4682 3805 4735 pro-

2218 4738 2343 4800 pter
2369 4741 2576 4788 metum
2623 4750 2795 4806 pinna:
2846 4741 3104 4810 gerimus,
3158 4748 3252 4800 sed
3286 4760 3507 4806 uroutcr
3556 4770 3802 4813 amorem

2216 4820 2395 4878 Patris
2415 4833 2611 4879 cuncta
2638 4827 2967 4896 perﬁcimus.
3480 4856 3493 4865 '

2291 4910 2348 4966 Si
2370 4924 2546 4968 autent
2574 4915 2675 4986 ﬁlii
2698 4927 2747 4981 et
2777 4919 3028 4987 hwredes,
3053 4924 3282 4983 [Heredes
3310 4931 3517 5001 quidem
3540 4933 3667 5003 Dei,
3693 4946 3796 4994 etc.

2213 5005 2341 5061 Post
2370 5008 2486 5063 haec
2502 5009 2616 5079 jam
2651 5026 2717 5066 ex
2744 5019 3200 5084 consequentibus
3232 5023 3606 5094 syllogismum
3630 5033 3799 5087 nectit

2209 5092 2500 5163 Apostolus
2549 5105 2604 5153 et
2632 5100 2800 5156 dicit:
2858 5103 2914 5158 Si
2954 5106 3207 5175 spiritum
3237 5092 3543 5182 adoptionis
3579 5121 3797 5189 accepi-

2210 5197 2353 5249 mus,
2381 5200 2511 5256 ergo
2540 5186 2634 5242 ﬁlii
2665 5204 2868 5247 sumus.
2902 5193 3053 5261 Quod
3083 5197 3128 5253 si
3173 5199 3270 5255 ﬁlii
3299 5218 3508 5271 sumus,
3538 5207 3662 5264 sine
3697 5186 3797 5265 du-

2123 5333 2126 5337 ,
2209 5275 2299 5332 bio
2329 5286 2384 5332 et
2409 5279 2670 5345 lueredes,
2720 5285 3027 5342 mercedem
3075 5306 3310 5362 namque
3360 5309 3551 5355 servus
3601 5315 3815 5371 exspec-

2215 5376 2349 5433 ctat,
2415 5371 2788 5450 htereditatem
2852 5378 2994 5436 ﬁlius
3056 5394 3259 5453 sperat.
3313 5388 3379 5443 Et
3409 5406 3603 5447 rursus
3654 5396 3792 5450 alius

2212 5459 2419 5515 addidit
2448 5462 2808 5522 conclusionis
2855 5481 3201 5542 augmentum
3233 5491 3247 5531 :
3278 5477 3530 5535 eredes
3552 5485 3786 5553 quidem,

2211 5549 2307 5616 ait,
2345 5550 2467 5618 Dei,
2491 5553 2785 5612 colueredcs
2819 5570 2993 5615 autem
3041 5563 3257 5620 Christi.
3290 5566 3473 5625 Περι-ες
3503 5549 3627 5641 quis
3664 5573 3789 5628 efﬁ-

2209 5641 2352 5697 citur
2391 5643 2508 5709 Dei,
2555 5661 2677 5701 eum
2703 5664 2823 5720 qum
2851 5651 2948 5707 Dei
2997 5664 3122 5710 sunt
3149 5666 3387 5713 meretur
3430 5662 3699 5732 accipere,
3732 5665 3785 5719 id

2207 5742 2315 5801 est,
2347 5735 2782 5814 incorruptionis,
2816 5752 2873 5799 et
2899 5745 3321 5808 immortalitatis
3366 5753 3617 5823 gloriam,
3659 5757 3782 5812 the.
