4026 6458
208 383 322 441 413

1026 381 1540 440 COLLECTIONES
1580 382 1646 438 ΙΝ
1682 382 2057 439 EPISTOLAS
2096 384 2182 439 ET
2222 385 2635 443 EVANCELIA.

3360 384 3471 448 ιιι·

207 513 404 556 sauros
428 495 705 568 sapientia:
729 503 785 550 et
813 495 1051 552 scientia:
1106 498 1429 552 reconditos.
1464 496 1783 551 Golian-edes
1813 499 1858 558 Α
1886 498 2089 553 dictum
2137 507 2221 554 est
2249 516 2261 553 :
2292 500 2460 555 Terra
2493 509 2582 554 tua
2618 499 2799 570 spinas
2854 508 2909 555 et
2936 498 3165 555 tribulos
3193 499 3473 571 germina-

207 600 395 646 autem
421 589 644 656 Christi,
681 605 805 644 cum
856 589 1325 645 transformaverit
1379 605 1575 659 corpus
1613 588 1791 645 humi-

209 667 382 735 litatis
406 686 623 743 nostrae,
655 678 934 734 conforme
980 680 1193 749 corpori
1246 679 1511 734 claritatis
1539 694 1667 743 sum,
1696 676 1791 733 sed

209 778 415 825 etcum
450 768 578 824 illud
612 769 835 839 adipisci
863 770 1079 834 meruit,
1111 771 1254 838 quod
1284 770 1419 825 dixit
1455 771 1569 839 ipse
1599 768 1789 841 salva-

211 871 304 914 tor
334 878 347 912 :
380 857 558 923 Pater,
585 857 697 913 volo
721 867 774 912 ut
825 859 914 912 ubi
941 875 1033 930 ego
1085 874 1222 920 sum,
1261 870 1308 912 et
1335 859 1420 912 isti
1450 859 1553 911 sint
1588 872 1789 910 mecum

209 949 401 1020 (Joau.
433 949 576 1019 xui).
610 950 706 1004 Est
757 957 1020 1020 praaterea
1066 957 1121 1004 et
1149 949 1238 1004 illa
1267 950 1499 1020 dignitas
1555 950 1792 1005 cohzere-

209 1041 345 1098 dum
372 1041 591 1104 Christi,
633 1043 771 1110 quod
802 1050 958 1111 pater
984 1041 1201 1111 quidem
1230 1056 1390 1095 omne
1408 1041 1670 1111 judicium
1700 1040 1791 1095 dc-

209 1133 297 1188 dit
335 1133 464 1197 ﬁlio,
504 1134 596 1188 sed
632 1142 686 1188 et
715 1133 857 1188 ﬁlius
891 1133 1119 1188 dicit-ad
1148 1134 1459 1187 cohaerech
1495 1147 1622 1186 suos
1653 1150 1665 1186 :
1700 1131 1792 1185 Se-

209 1210 405 1278 debitis
422 1233 471 1277 et
497 1240 584 1278 vos
605 1240 759 1294 super
779 1224 1053 1278 duodecim
1080 1224 1315 1287 thronos,
1335 1224 1636 1293 judicantes
1661 1223 1793 1276 duo-

209 1315 381 1368 decim
404 1315 570 1368 tribus
605 1314 796 1379 Israel,
828 1323 883 1368 et
907 1314 1011 1369 hoc
1031 1314 1189 1368 modo
1215 1314 1457 1369 hmredes
1486 1329 1613 1368 suos
1634 1312 1792 1367 Chri-

210 1412 335 1459 stus
369 1419 479 1461 nou
503 1404 678 1459 solum
726 1404 779 1458 in
808 1413 994 1475 partes
1030 1404 1384 1469 haereditatis,
1420 1405 1513 1459 sed
1542 1404 1706 1459 etiam
1735 1403 1790 1457 in

207 1495 546 1551 consortium
574 1495 857 1564 potestatis
886 1495 1124 1550 adducit.

508 1603 845 1642 EVANGELIUH
874 1602 1157 1649 ΠΑΤΤΙΙᾸΞΙ,
1194 1601 1311 1640 CAP.
1341 1601 1435 1639 Vll-

290 1698 312 1730 ε
353 1679 631 1735 Attendite
657 1694 689 1733 a
716 1672 865 1734 falsis
890 1678 1190 1749 prophetis,
1234 1678 1327 1747 qui
1354 1677 1579 1731 veniunt
1606 1676 1673 1730 ad
1694 1690 1792 1731 vos

214 1791 238 1823 ι
283 1772 339 1826 in
365 1772 701 1827 vestimentis
727 1774 933 1837 ovium,
964 1774 1291 1827 intrinsecus
1316 1780 1495 1827 autem
1527 1780 1654 1826 sunt
1681 1770 1791 1841 lupi

1890 589 1968 644 bit
2008 588 2123 644 tibi.
2160 589 2320 645 Ficus
2344 606 2475 645 vero
2501 599 2556 645 et
2581 606 2682 644 uva
2730 591 3072 646 dulcedinem
3102 593 3467 648 conversatio-

1890 681 1976 735 nis
2010 697 2179 745 novm,
2208 697 2369 752 quam
2415 681 2678 736 Dominus
2710 682 2763 736 in
2796 682 2955 738 nobis
2988 684 3183 749 esurit,
3216 691 3271 738 et
3296 682 3470 739 fervo-

1892 789 2006 828 rem
2036 774 2356 840 dilectionis,
2408 775 2501 845 qui
2549 773 2786 830 lzetiﬁcat
2809 791 2904 830 cor
2931 777 3183 833 hominis.
3218 777 3333 831 Non
3373 792 3471 832 au-

1893 874 2000 922 tem
2027 867 2092 921 de
2119 867 2287 937 spinis
2308 883 2441 922 uvas
2478 883 2653 937 neque
2677 867 2742 922 de
2772 868 2986 923 tribulis
3015 867 3149 924 ﬁcus
3176 869 3466 942 colligitur,

1891 958 2015 1027 quia
2052 973 2237 1028 mensa
2267 944 2442 1012 adhuc
2470 957 2669 1011 veteris
2690 957 2924 1012 hominis
2962 959 3350 1016 consuetudine
3378 960 3472 1015 de-

1890 1064 2078 1120 pressa
2107 1047 2361 1103 simulare
2420 1055 2618 1119 potest.
2650 1048 2743 1103 sed
2793 1045 3004 1103 fructus
3047 1050 3173 1103 novi
3234 1050 3471 1107 hominis
3524 1114 3532 1121 ,

1890 1140 2034 1195 ferre
2058 1156 2165 1195 non
2196 1148 2394 1211 potest.

1961 1232 2049 1287 Sic
2078 1234 2243 1286 omnis
2292 1233 2451 1287 arbor
2499 1232 2632 1287 bona
2681 1232 2882 1300 fructus
2935 1231 3092 1287 bonos
3130 1233 3279 1303 facit,
3329 1236 3472 1292 mala

1890 1331 2065 1375 autem
2112 1322 2268 1376 arbor
2332 1322 2533 1391 fructus
2562 1320 2727 1375 malos
2765 1321 2914 1391 facit.
2955 1320 3079 1376 Non
3107 1333 3270 1394 potest
3315 1327 3497 1389 arbor,

1892 1414 2025 1468 bona
2055 1413 2260 1483 fructus
2285 1413 2453 1467 malos
2502 1414 2699 1483 facere,
2733 1429 2896 1483 neque
2923 1414 3081 1468 arbor
3106 1413 3246 1468 mala
3270 1414 3475 1485 fructus

1892 1507 2050 1562 bonos
2072 1507 2261 1576 facere.
2303 1505 2405 1578 (Ex
2431 1505 2683 1577 August.)
2714 1505 2889 1559 Arbor
2912 1512 2996 1559 est
3040 1505 3152 1574 ipsa
3185 1504 3388 1567 anima,
3420 1504 3477 1559 id

1891 1605 1992 1661 est,
2024 1597 2137 1666 ipse
2167 1598 2349 1661 homo,
2403 1596 2611 1651 fructus
2662 1613 2812 1661 vero,
2855 1612 3022 1667 opera
3071 1596 3325 1652 hominis.
3356 1595 3476 1651 Non

1891 1702 2021 1757 ergo
2055 1695 2234 1757 potest
2286 1687 2462 1741 malus
2512 1688 2675 1741 homo
2726 1687 2864 1741 bona
2896 1688 3132 1758 operari,
3175 1704 3276 1742 nec
3302 1688 3479 1744 bonus

1894 1780 2054 1835 mala.
2086 1780 2228 1851 Ergo
2256 1781 2301 1834 si
2331 1780 2445 1833 vult
2473 1779 2611 1833 bona
2648 1778 2883 1850 operari,
2917 1781 3089 1835 bonus
3141 1779 3319 1850 primo
3359 1778 3475 1833 ﬁat.

214 1882 238 1914 ⁴
283 1878 526 1933 ηβπεεδ·
591 1865 633 1919 Α
693 1863 957 1918 “uelim”
1015 1879 1204 1918 οονιιηι
1277 1863 1615 1932 cognoscetis
1675 1878 1788 1916 805-
1823 1855 1869 1913 Β
1896 1872 2054 1925 Prius
2084 1872 2228 1926 enim
2260 1872 2549 1926 mutandus
2575 1873 2758 1936 homo,
2792 1881 2851 1925 ut
2886 1886 3049 1941 Opera
3081 1880 3398 1937 mutentur;
3430 1870 3477 1927 si

213 1975 238 2007 ι
276 1956 529 2026 Nunquid
555 1957 810 2028 colligunt
844 1958 908 2012 de
959 1957 1129 2026 spinis
1156 1971 1306 2020 uvas,
1358 1963 1450 2009 aut
1477 1955 1544 2010 de
1577 1954 1793 2009 tribulis

210 2066 239 2098 ι
284 2048 464 2103 ﬁcus?
495 2049 585 2103 Sic
610 2049 787 2103 omnis
821 2050 983 2103 arbor
1018 2050 1158 2103 bona
1196 2048 1370 2102 bonos
1401 2047 1611 2101 fruetus
1637 2046 1789 2099 facit.

214 2156 240 2188 ε
288 2138 426 2193 Mala
453 2148 633 2193 autem
664 2140 828 2194 arbor
857 2140 1064 2193 fructus
1092 2138 1262 2193 malos
1285 2137 1434 2192 facit.
1468 2136 1583 2191 Non
1614 2140 1796 2205 potest

213 2247 237 2278 ι
286 2230 449 2283 arbor
503 2230 646 2283 bona
704 2228 914 2283 fructus
958 2228 1129 2283 malos
1183 2227 1379 2291 facere,
1430 2241 1605 2296 neque
1633 2227 1797 2280 arbor

214 2338 239 2370 s
285 2320 426 2374 mala
477 2320 682 2374 fructus
734 2320 905 2373 bonos
967 2318 1164 2373 facere.
1220 2318 1409 2373 Omnis
1455 2318 1617 2371 arbor
1677 2331 1797 2385 qua:

212 2428 239 2462 ι
290 2426 402 2463 non
442 2409 573 2464 facit
607 2409 841 2464 fructum
871 2411 1089 2473 bonum,
1129 2410 1409 2465 excidetur
1433 2417 1486 2462 et
1533 2409 1587 2462 in
1618 2408 1798 2478 ignem

210 2517 238 2552 ι
289 2501 555 2555 mittetur.
599 2502 766 2572 Igitur
817 2516 883 2555 ex
919 2500 1183 2557 fructibus
1218 2517 1405 2556 eorum
1461 2500 1798 2570 cognoscetis

216 2607 241 2643 ι
283 2603 400 2644 eos.
444 2590 558 2645 Non
591 2592 767 2646 omnis
792 2592 880 2661 qui
910 2592 1040 2645 dicit
1065 2591 1194 2645 mihi
1230 2608 1242 2638 τ
1276 2590 1518 2653 Domine,
1548 2590 1795 2655 Domine,

216 2698 243 2736 ο
286 2666 599 2738 ἱηιιδεὼίιῖη
632 2699 853 2754 regnum
885 2682 1171 2745 collorum,
1210 2682 1303 2737 sed
1329 2682 1421 2749 qui
1454 2681 1583 2735 facit
1606 2681 1799 2735 volun-

220 2787 245 2824 ι
292 2779 461 2827 tatem
491 2773 662 2843 patris
691 2773 818 2837 mei,
862 2773 951 2841 qui
984 2773 1038 2826 in
1069 2772 1222 2828 caelis
1278 2779 1383 2837 est,
1414 2772 1528 2841 ipse
1574 2771 1799 2828 intrabit

225 2879 248 2913 ι
292 2863 348 2918 in
382 2878 605 2932 regnum
634 2862 914 2918 cmlorum.
956 2882 973 2913 ι

290 2952 555 3005 Attendite
585 2970 615 3005 a
647 2951 796 3021 falsis
829 2952 1117 3022 prophetis,
1169 2951 1259 3021 qui
1309 2950 1522 3005 veniunt
1542 2949 1611 3004 ad
1635 2967 1722 3006 vos
1745 2951 1801 3005 in

219 3043 542 3098 vestimentis
576 3044 772 3106 arium,
808 3052 914 3097 etc.
949 3042 1046 3113 (Ex
1076 3040 1321 3112 llieron.)
1361 3040 1429 3095 Et
1454 3042 1519 3096 de
1548 3041 1801 3098 omnibus

220 3133 439 3203 quidem
472 3133 695 3202 intelligi
727 3140 926 3202 potest,
956 3132 1047 3202 qui
1078 3131 1222 3185 aliud
1250 3131 1432 3185 habitu
1461 3146 1523 3185 ac
1553 3145 1800 3185 sermone

1895 1961 2039 2015 enim
2072 1969 2255 2016 manet
2305 1963 2465 2016 homo
2519 1962 2573 2035 in
2601 1978 2666 2016 eo
2713 1961 2857 2032 quod
2893 1961 3070 2016 malus
3099 1971 3202 2026 est,
3255 1971 3309 2017 et
3337 1963 3479 2017 bona

1896 2067 2058 2121 opera
2086 2052 2289 2107 habere
2313 2068 2419 2107 non
2443 2061 2642 2123 potest,
2671 2053 2718 2107 si
2741 2063 2922 2108 manet
2954 2054 3007 2107 in
3044 2069 3109 2108 eo
3135 2054 3278 2124 quod
3306 2054 3481 2108 bonus

1897 2153 2002 2210 est,
2030 2145 2167 2199 mala
2200 2161 2363 2217 opera
2415 2146 2616 2201 habere
2645 2163 2755 2201 non
2804 2155 3003 2218 potest.
3047 2145 3131 2201 Sit
3157 2161 3288 2217 ergo
3316 2161 3484 2201 unus-

1898 2237 2124 2305 quisque
2152 2238 2313 2292 arbor
2338 2237 2512 2303 bona;
2544 2254 2649 2292 non
2700 2253 2758 2293 se
2788 2238 3086 2292 arbitretur
3135 2235 3336 2292 habere
3368 2234 3483 2289 fru-

1899 2337 2018 2382 etus
2048 2329 2257 2394 bonos;
2292 2329 2336 2382 si
2367 2338 2546 2383 manet
2575 2330 2737 2384 arbor
2791 2329 2955 2396 mala,
2994 2347 3102 2385 non
3131 2332 3235 2385 erit
3274 2329 3483 2384 fructus

1897 2420 2092 2485 borius,
2140 2420 2244 2474 nisi
2294 2420 2505 2474 arboris
2532 2420 2720 2485 bonze;
2753 2429 2925 2474 mutet
2951 2436 3065 2485 cor,
3098 2430 3152 2475 et
3180 2420 3481 2475 mutabitur

1898 2528 2051 2584 opus.
2085 2511 2305 2583 Extirpa
2336 2512 2711 2582 cupiditatem,
2741 2514 2926 2583 planta
2957 2513 3298 2568 charitatem.
3331 2512 3486 2569 Sicut

1900 2605 2045 2659 enim
2077 2612 2159 2659 est
2185 2604 2336 2657 radix
2367 2603 2608 2669 omnium
2664 2603 2927 2658 malorum
2982 2604 3269 2675 cupiditas,
3324 2604 3403 2660 sic
3430 2610 3485 2662 et

1899 2694 2053 2748 radix
2087 2695 2329 2749 Omnium
2355 2695 2616 2748 bonorum
2649 2694 2907 2748 Charitas.

1972 2784 2156 2839 Omnis
2183 2785 2340 2838 arbor
2375 2802 2492 2854 qua:
2529 2801 2633 2838 non
2668 2784 2798 2854 facit
2825 2784 3055 2855 fructum
3106 2786 3319 2850 bonum,
3345 2784 3484 2840 exci-

1900 2877 2055 2931 detur
2102 2877 2223 2931 etin
2280 2878 2449 2946 ignem
2500 2876 2753 2930 mittetur.
2789 2875 2888 2947 (Ex
2918 2875 3108 2947 Beda.)
3158 2874 3295 2943 Quia
3321 2890 3485 2931 unus-

1902 2968 2131 3038 quisque
2169 2983 2458 3037 perversus
2485 2975 2728 3038 paratam
2765 2966 2927 3021 citius
2954 2966 3211 3036 gebenna:
3259 2981 3484 3022 concre-

1901 3058 2195 3113 mationem
2254 3057 2478 3123 invenit,
2541 3057 2634 3128 qui
2680 3058 2769 3112 hic
2827 3058 2954 3112 boni
3019 3058 3199 3128 operis
3253 3056 3485 3113 fructum

1905 3146 2084 3203 facere
2111 3147 2425 3201 contemnit.

218 3198 565 3295 promittunt,
598 3198 744 3277 aliud
787 3238 951 3292 Opere
973 3198 1378 3284 demonstrant,
1435 3219 1530 3273 sed
1560 3218 1801 3289 speciali-

1986 3238 2108 3293 Non
2138 3241 2303 3294 omnis
2338 3240 2427 3311 qui
2452 3240 2577 3293 dicit
2628 3240 2756 3293 mihi
2780 3253 2797 3291 :
2832 3239 3075 3306 Domine,
3124 3240 3369 3307 Domine,
3400 3241 3485 3295 in-

221 3313 402 3369 ter’de
428 3313 698 3368 hmreticis
727 3311 1151 3383 intelligendum,
1181 3310 1309 3381 quia
1339 3309 1591 3377 videntur
1621 3308 1800 3363 conti-

221 3403 432 3467 nentia,
459 3402 731 3465 castitate,
785 3401 1013 3471 jejunio,
1042 3399 1195 3470 quasi
1226 3399 1461 3469 quadam
1496 3398 1718 3468 pietatis
1746 3412 1804 3453 se

221 3500 375 3548 veste
424 3491 771 3557 circumdari,
825 3491 1152 3547 intrinsecus
1184 3505 1335 3554 vero,
1388 3490 1651 3545 habentes
1681 3489 1799 3542 aui-

222 3595 373 3639 mum
400 3587 746 3643 venenatum,
777 3577 1105 3648 simpliciora
1160 3577 1392 3632 fratrum
1449 3575 1619 3634 corda
1652 3577 1804 3631 deci-

222 3671 397 3743 piunt.
454 3672 533 3726 Ex
588 3671 853 3726 fructibus
907 3687 1037 3742 ergo
1064 3671 1277 3736 animae,
1312 3671 1507 3740 quibus
1542 3670 1801 3725 innocen-

225 3765 359 3821 tiam
389 3764 456 3818 ad
494 3764 706 3821 ruinam
769 3764 1010 3830 trahunt,
1076 3763 1215 3834 lupis
1254 3762 1541 3833 rapacibus
1579 3777 1802 3832 compa-

227 3865 440 3909 rantur.

297 3946 343 3998 Α
371 3944 627 4016 fructibus
654 3961 831 3999 eorum
855 3945 1192 4015 cognoscetis.
1240 3944 1343 4017 (Ex
1370 3942 1622 4015 August.)
1654 3942 1806 3998 Dixit

222 4038 373 4093 enim
402 4037 659 4093 Dominus
709 4039 776 4093 ad
819 4038 1101 4108 quosdam,
1158 4038 1249 4107 qui
1284 4038 1466 4093 ovium
1516 4037 1716 4092 vestitu
1746 4052 1804 4091 se

226 4126 482 4196 induunt,
514 4129 657 4185 intus
683 4137 807 4184 sunt
833 4128 941 4203 lupi
988 4145 1232 4199 rapaces,
1265 4138 1320 4183 et
1352 4145 1420 4183 ne
1470 4128 1607 4183 forte
1637 4127 1805 4197 fragi-

226 4217 356 4285 litas
385 4220 617 4277 humana
648 4219 964 4290 dignoscere
1000 4235 1105 4274 non
1135 4228 1317 4290 posset
1345 4219 1529 4288 lupum
1557 4218 1656 4273 sub
1692 4218 1807 4272 ovi-

228 4326 301 4372 na
336 4310 495 4382 pelle,
531 4312 646 4365 ait:
678 4311 765 4365 Ex
800 4311 1057 4381 fructibus
1104 4327 1283 4365 eorum
1332 4311 1648 4380 cognoscetis
1694 4326 1805 4365 eos.

230 4402 537 4470 Quaerimus
576 4399 780 4455 fructus
808 4400 1114 4465 eharitatis,
1148 4399 1451 4454 invenimus
1477 4399 1659 4468 spinas
1685 4396 1803 4452 dis-

230 4492 504 4551 sensionis
531 4512 544 4546 :
576 4491 659 4546 Ea:
691 4493 946 4561 fructibus
974 4509 1152 4548 eorum
1180 4491 1496 4563 cognoscetis
1521 4506 1626 4544 eos.

305 4602 415 4675 (Ex
443 4602 737 4675 Beda.)Qui
771 4612 898 4658 sunt
946 4603 1174 4668 fructus,
1210 4601 1410 4673 quibus
1444 4602 1571 4656 boni
1609 4600 1808 4656 malive

233 4695 672 4765 dignoscantur?
717 4695 1007 4766 Apostolus
1067 4695 1322 4761 ostendit,
1372 4695 1594 4750 dicens:
1633 4693 1811 4749 Mani-

233 4786 371 4858 festa
400 4796 572 4840 autent
600 4797 719 4842 sunt
744 4806 899 4859 opera
943 4791 1140 4853 carnis,
1170 4806 1287 4861 qua:
1333 4798 1456 4843 sunt
1504 4788 1806 4857 foruicatio,

232 4878 588 4945 immunditia,
652 4880 885 4947 luxuria,
938 4882 1199 4936 idolorum
1244 4883 1484 4947 servitus,
1536 4882 1808 4952 veneficia,

231 4967 544 5035 inimicitia),
597 4971 969 5034 contentiones,
1010 4971 1392 5037 (cntulationes,
1455 4973 1570 5037 ine,
1654 4974 1806 5036 τίεται,

231 5056 609 5125 dissensiones,
652 5061 894 5127 hwrcses,
921 5063 1150 5129 invidia',
1177 5063 1481 5127 homicidia,
1513 5062 1808 5128 ebrietates,

232 5151 654 5217 comessationes,
711 5162 759 5206 et
786 5151 865 5204 his
913 5151 1128 5205 similia.
1180 5149 1411 5205 Fructus
1461 5151 1597 5205 enim
1642 5149 1813 5219 Spiri-

231 5250 319 5294 tus
353 5254 426 5295 est
456 5243 707 5308 charitas,
735 5243 1007 5314 gaudium,
1046 5242 1440 5314 longanimitas,
1471 5242 1697 5305 bonitas,
1728 5242 1810 5296 be-

234 5332 488 5402 nignitas,
531 5335 895 5400 mansuetudo,
945 5335 1095 5403 ﬁdes,
1148 5335 1420 5399 modestia,
1461 5336 1805 5399 continentia,

234 5425 471 5489 castitas,
502 5432 557 5478 et
582 5426 666 5480 his
691 5426 904 5480 similia.
935 5425 995 5482 In
1019 5427 1103 5481 his
1138 5428 1336 5482 ctenim
1384 5426 1652 5482 fructibus
1679 5442 1809 5497 qua-

233 5512 303 5573 lis
330 5514 401 5568 sit
431 5516 797 5586 unusquisque
825 5516 1167 5587 cognoscitur
1196 5518 1376 5573 horno.

310 5608 565 5679 Nunquid
610 5610 857 5681 colligunt
908 5610 972 5664 de
1004 5611 1167 5680 spinis
1219 5626 1342 5663 uvas
1372 5621 1461 5664 aut
1498 5612 1562 5664 de
1599 5610 1806 5665 tribulis

233 5699 368 5775 ﬁcus
396 5700 422 5752 .’
456 5697 654 5769 Spinas
693 5717 815 5756 reor
841 5709 898 5756 et
928 5700 1157 5755 tribulos
1186 5701 1362 5755 srcculi
1386 5717 1566 5765 curas,
1596 5712 1650 5755 et
1675 5718 1809 5771 pnn-

238 5789 447 5844 ctioncs
490 5805 609 5853 CSSC
658 5792 931 5861 vitiorum,
958 5791 1025 5847 de
1067 5791 1261 5862 quibus
1309 5792 1553 5864 peccauti
1604 5792 1807 5849 homini

1906 3329 2064 3382 trabit
2096 3329 2147 3381 in
2178 3345 2391 3398 regnum
2441 3327 2706 3391 cwlorum,
2748 3328 2840 3382 sed
2869 3328 2959 3399 qui
2989 3328 3116 3397 facit
3169 3328 3487 3384 voluntatem

1902 3421 2069 3492 patris
2113 3420 2213 3473 mei
2236 3420 2326 3490 qui
2358 3420 2411 3473 in
2453 3419 2593 3473 caelis
2648 3429 2746 3484 est,
2774 3420 2883 3487 ipse
2931 3419 3166 3485 intrabit,
3194 3428 3300 3476 etc.
3336 3420 3491 3477 Sicut

1903 3527 2066 3581 supra
2105 3511 2313 3564 dixerat
2343 3526 2455 3575 eos,
2486 3510 2575 3579 qui
2627 3510 2891 3565 haberent
2925 3519 3132 3565 vestem
3158 3512 3282 3567 vita:
3308 3511 3484 3581 bonae,

1904 3619 2009 3657 non
2044 3601 2381 3673 recipiendos
2432 3609 2655 3671 propter
2708 3601 3015 3669 dogmatum
3050 3602 3368 3673 nequitiam,
3408 3603 3487 3660 ita

1903 3708 2049 3747 nunc
2079 3708 2109 3747 e
2144 3691 2419 3746 contrario
2454 3691 2669 3754 asserit,
2701 3708 2768 3746 ne
2799 3691 2886 3746 his
2915 3692 3131 3763 quidem
3184 3708 3489 3749 accommo-

1905 3782 2133 3836 dandam
2155 3780 2335 3846 lidem,
2357 3781 2448 3850 qui
2472 3795 2592 3834 cum
2606 3780 2841 3849 polleant
2870 3781 3178 3852 integritate
3209 3781 3355 3848 fidei,
3380 3790 3489 3838 tur.

1902 3873 2045 3943 piter
2073 3872 2275 3934 vivant,
2306 3880 2360 3925 ct
2398 3871 2657 3927 doctrin-.0
2709 3871 3077 3942 integritatem
3109 3872 3266 3927 malis
3308 3873 3488 3943 operi-

1905 3966 2005 4018 bus
2051 3964 2354 4026 tleetruant,
2385 3970 2673 4032 utrumque
2701 3980 2845 4017 ennn
2876 3964 2970 4018 Dei
3001 3966 3175 4020 servis
3228 3981 3487 4022 necessa-

1906 4057 2045 4111 rimn
2072 4066 2174 4117 est,
2230 4063 2372 4109 utet
2420 4070 2553 4124 opus
2603 4070 2872 4121 sermone,
2923 4064 2977 4110 et
3006 4071 3186 4110 sermo
3234 4057 3489 4125 operibus

1906 4149 2298 4219 comprobetur.
2332 4147 2467 4205 Iluic
2494 4148 2775 4202 sententia:
2802 4157 2981 4217 potest
3006 4149 3134 4204 illud
3163 4151 3332 4205 videri
3362 4166 3489 4206 con-

1907 4240 2135 4293 trarium
2163 4258 2174 4291 :
2216 4238 2382 4293 Nemo
2405 4248 2582 4308 potest
2609 4240 2789 4294 dicere
2822 4240 3082 4295 Dominus
3110 4240 3268 4296 Jesus
3296 4241 3401 4296 nisi
3433 4241 3488 4297 in

1909 4329 2113 4399 Spiritu
2152 4338 2357 4392 sancto,
2386 4329 2477 4383 sed
2524 4331 2714 4384 modus
2770 4339 2853 4385 est
2894 4330 3292 4400 Scripturarum
3341 4331 3488 4391 dicta

1909 4434 2005 4489 pro
2040 4416 2195 4471 iactis
2221 4419 2482 4488 accipere,
2518 4428 2574 4473 ut
2602 4420 2780 4474 statim
2813 4422 2864 4474 in
2894 4421 3347 4490 consequentibus
3394 4439 3490 4495 ap-

1834 4541 1886 4600 D
1913 4510 2190 4579 probatur,
2246 4508 2467 4564 refutari
2535 4525 2628 4565 eos
2686 4512 2778 4582 qui
2814 4511 3025 4581 jactant
3072 4515 3188 4569 sine
3232 4517 3489 4584 operibus

1912 4602 2191 4656 scientiam
2233 4601 2465 4664 Domini,
2498 4611 2552 4656 et
2577 4603 2801 4657 audiunt
2833 4621 2863 4657 a
2892 4604 3211 4662 Salvatore:
3244 4607 3489 4665 Recedite

1910 4709 1942 4744 a
1981 4708 2079 4755 me,
2110 4693 2337 4762 operarii
2384 4693 2698 4763 iniquitatis,
2740 4696 2911 4748 nescio
2936 4713 3021 4750 vos
3046 4697 3258 4768 (Matth.
3286 4700 3401 4769 vn),
3435 4710 3491 4756 et

1879 4780 1883 4784 ’
1910 4781 2199 4851 Apostolus
2229 4783 2279 4836 in
2312 4784 2456 4837 hunc
2502 4800 2717 4839 sensum
2756 4785 2994 4855 loquitur
3022 4806 3035 4841 :
3077 4787 3409 4859 Conﬁtentur
3434 4808 3490 4846 se

1910 4874 2083 4929 Deum
2109 4876 2262 4940 scire,
2292 4875 2443 4945 factis
2470 4887 2643 4930 autent
2674 4887 2881 4947 negant.

2091 4988 2510 5045 HERDOMADA
2565 4989 2615 5044 Χ
2647 4990 2823 5046 POST
2849 4992 3271 5051 PENTECOST.

1915 5094 2107 5135 LECTIO
2162 5096 2433 5136 Εριετοωε
2499 5096 2654 5136 BEATI
2700 5099 2853 5138 PAULI
2905 5101 3158 5142 APOS'I'OIJ
3196 5104 3267 5142 AD
3301 5104 3489 5145 (208111-

2440 5168 2595 5207 τιιιοδ
2622 5169 2662 5217 t,
2708 5170 2826 5209 ωε».
2862 5171 2915 5209 x.

1991 5259 2007 5290 ι
2053 5239 2168 5296 Non
2227 5242 2395 5297 simus
2441 5244 2883 5314 coneupiscentes
2938 5247 3220 5311 malorum,
3259 5248 3402 5303 sicut
3431 5257 3490 5306 et

1874 5362 1879 5369 -
1918 5353 1936 5386 ι
1982 5334 2057 5389 illi
2114 5335 2525 5405 concupierunt,
2582 5352 2759 5408 neque
2811 5337 3108 5392 idololatra:
3150 5336 3488 5407 eiﬁciamini,

1918 5442 1936 5476 ι
1984 5425 2124 5480 sicut
2147 5425 2362 5495 quidam
2395 5442 2461 5481 ex
2512 5425 2664 5497 ipsis,
2717 5427 3165 5496 quemadmodum
3222 5426 3486 5497 scriptum

1918 5535 1935 5567 ι
1979 5524 2062 5571 est
2092 5534 2103 5569 :
2139 5516 2290 5571 Sedit
2344 5516 2571 5587 populus
2602 5519 2933 5571 manducare
2975 5524 3031 5570 ct
3078 5516 3265 5571 bibere
3291 5525 3347 5571 et
3370 5532 3489 5573 sur-

1917 5626 1935 5658 ι
1976 5606 2456 5662 rexeruntluderc.
2484 5607 2668 5677 Neque
2724 5606 3054 5663 foruicemur
3096 5607 3239 5663 sicut
3265 5609 3486 5680 quidam

1917 5716 1935 5748 ‹
1980 5714 2044 5752 ex
2075 5698 2206 5767 ipsis
2254 5697 2502 5753 fornicati
2525 5706 2665 5760 sunt,
2694 5705 2752 5752 et
2802 5697 3115 5755 ceciderunt
3143 5716 3248 5756 una
3269 5701 3355 5757 die
3402 5701 3489 5758 τίσ-

1916 5810 1934 5843 ι
1977 5792 2108 5862 ginti
2146 5791 2247 5848 tria
2271 5791 2459 5847 millia.
2491 5790 2674 5860 Neque
2724 5798 2988 5847 tentcmus
3025 5791 3318 5862 Christum,
3347 5794 3492 5850 sicut
