4026 6462
564 355 610 416 ,ι
620 353 681 413 l5

1876 352 2008 410 SMA
2018 350 2223 409 ﬂAGDl
2258 349 2548 408 ABBATIS

3735 350 3835 411 ιη

584 487 603 521 ι
647 468 864 539 quidam
914 483 1103 525 eorum
1149 475 1511 535 tentaveruut,
1540 478 1595 524 et
1645 485 1676 524 a
1706 469 2159 540 serpentibuspe—
2184 473 2232 533 Α
2259 481 2361 521 mze
2410 466 2699 521 insidiosos
2764 465 2986 536 laqueos
3036 474 3423 536 perstruentes,
3483 466 3685 536 quibus
3737 483 3835 527 nos

582 577 601 609 ι
651 558 875 613 rierunt.
907 556 1091 628 Neque
1116 557 1584 612 murmuraveritis
1630 558 1770 613 sicut
1808 558 2024 629 quidam
2050 571 2146 610 eo—

581 665 601 700 ι
647 664 764 702 rum
815 654 1310 712 murmuraverunt,
1359 654 1413 700 et
1459 647 1742 716 perierunt
1792 648 1861 701 ab
1896 645 2149 702 extermi-

585 755 605 789 ‹
650 746 853 795 natore.
903 737 1028 791 Hmc
1053 744 1233 791 autem
1260 736 1444 791 omnia
1471 736 1525 790 in
1567 736 1743 808 ﬁgura
1769 737 2149 804 contingebant

582 846 606 883 ι
649 829 770 884 illis.
829 827 1042 898 Scripta
1104 836 1228 882 sunt
1282 834 1461 881 autem
1518 828 1588 883 ad
1626 828 2022 897 correptionem
2052 842 2149 881 no-

582 937 604 970 s
647 927 837 982 stram,
866 918 920 971 in
976 933 1112 987 quos
1157 916 1291 971 ﬁnes
1319 917 1637 972 saeculorum
1669 917 2016 971 devenerunt.
2048 914 2149 969 Ita-

583 1027 605 1062 ι
644 1024 748 1080 que
774 1009 865 1078 qui
894 1023 954 1063 se
980 1008 1257 1063 existimat
1294 1014 1459 1072 stare,
1495 1008 1676 1062 videat
1700 1022 1767 1061 ne
1792 1008 1968 1062 cadat.
2010 1005 2150 1061 Ten—

580 1118 603 1154 c
643 1101 777 1156 tatio
799 1115 893 1155 vos
933 1114 1041 1154 non
1096 1098 1462 1168 apprehendat
1506 1099 1609 1153 nisi
1648 1098 1900 1152 humana.
1949 1096 2149 1152 Fidelis

582 1210 603 1243 ι
647 1201 830 1246 autem
859 1190 1002 1245 Deus
1023 1196 1127 1255 est,
1150 1189 1240 1259 qui
1279 1204 1385 1243 non
1433 1189 1669 1258 patietur
1694 1203 1790 1242 vos
1838 1186 2034 1241 tentari
2059 1201 2149 1240 su-

583 1296 604 1333 s
644 1296 741 1351 pra
784 1279 839 1334 id
867 1281 1010 1349 quod
1064 1269 1313 1348 p‘otestis,
1369 1280 1462 1332 sed
1501 1277 1662 1332 faciet
1698 1292 1820 1331 cum
1853 1276 2149 1331 teutatione

584 1388 604 1422 ι
648 1370 810 1425 etiam
834 1378 1167 1440 proventum,
1193 1378 1253 1423 ut
1275 1369 1494 1439 possitis
1523 1369 1810 1424 sustinere.
1842 1387 1860 1421 ι

650 1462 776 1516 Non
817 1462 978 1516 simus
1029 1462 1445 1531 concupiscentes
1483 1458 1763 1523 malorum,
1815 1459 1949 1513 sicut
1980 1466 2028 1512 et
2068 1456 2148 1511 illi

508 1550 513 1555 ’
579 1553 966 1623 concupierunt.
1009 1551 1108 1624 (Ex
1151 1549 1400 1622 lsidoro.)
1435 1550 1493 1604 In
1529 1550 1686 1604 tertia
1733 1549 1942 1604 decima
1996 1564 2149 1605 mau-

580 1644 750 1708 sione,
790 1659 909 1714 quze
931 1652 1156 1700 vocatur
1199 1643 1444 1714 sepulcra
1471 1642 1937 1712 concupiscentia,
1985 1656 2150 1711 popu-

579 1732 661 1787 lus
692 1722 993 1788 fastidiens~
1022 1733 1301 1789 caelestem
1344 1748 1560 1803 panem,
1612 1747 1805 1787 carnes
1868 1730 2148 1802 Egyptias

2249 556 2518 612 senserint
2559 563 2848 628 aegrotare,
2901 565 2961 612 ut
2993 557 3145 613 verbi
3190 558 3381 629 gratia,
3432 571 3558 613 cum
3598 558 3835 617 viderint

2248 646 2597 702 rationabiles
2643 650 2837 701 animae
2867 655 3066 702 nostra:
3092 656 3275 717 partes
3319 662 3443 703 esse
3481 647 3707 704 vitiatas
3748 650 3834 706 illo

2248 752 2348 792 nos
2374 737 2563 792 ordine
2606 737 2855 807 decipere
2883 738 3195 792 moliantur.
3228 738 3335 794 Sed
3378 738 3616 795 Phinees
3662 755 3832 796 sacer-

2247 825 2346 880 dos
2391 826 2615 891 zelatus,
2647 834 2709 880 ut
2749 826 2845 881 Dei
2893 825 3131 882 furorem
3171 826 3432 897 placaret,
3468 828 3753 884 Zambrim
3781 842 3832 886 et

2247 921 2485 969 scortum
2514 913 2880 979 Madianitida,
2913 916 2966 969 in
2993 916 3226 986 pugione
3275 919 3571 981 transfixit,
3618 919 3828 987 signiﬁ-

2246 1017 2377 1057 cans
2399 1018 2499 1072 per
2544 1019 2764 1059 crucem
2814 1004 3045 1068 Domini,
3086 1022 3192 1061 non
3227 1006 3401 1061 solum
3444 1006 3827 1075 idololatriam,

2246 1090 2341 1148 sed
2368 1088 2530 1147 etiam
2570 1109 2786 1149 omnem
2832 1095 3013 1150 carnis
3037 1094 3308 1163 affectum,
3335 1098 3422 1153 vel
3449 1100 3830 1169 concupiscen-

2247 1179 2377 1235 tiam
2405 1182 2596 1251 perimi
2630 1182 2832 1247 smculi,
2861 1191 2916 1237 et
2941 1193 3068 1239 tunc
3090 1184 3299 1256 placari
3329 1186 3520 1254 Deum,
3561 1188 3699 1244 dum
3721 1204 3829 1245 car-

2247 1270 2332 1327 nis
2355 1273 2714 1343 exstinguitur
2740 1275 2948 1329 vitium.

2318 1382 2499 1453 Neque
2534 1393 2787 1440 tentemus
2832 1385 3120 1455 Christum,
3164 1390 3300 1444 sicut
3353 1391 3573 1461 quidam
3627 1409 3824 1455 eorum,

2248 1478 2352 1527 etc.
2409 1472 2523 1529 Hoc
2547 1483 2650 1541 est,
2674 1492 2774 1531 nec
2813 1477 2866 1530 in
2903 1479 3268 1536 tribulationis
3313 1497 3572 1551 pressura
3611 1485 3830 1539 mutetis

2247 1577 2391 1628 eum,
2415 1565 2506 1634 qui
2536 1580 2634 1621 vos
2663 1566 3102 1626 tribulationibus
3138 1572 3351 1642 probat.
3407 1572 3609 1628 Narrat
3639 1577 3830 1647 quippe

2248 1651 2384 1709 liber
2418 1654 2774 1712 Numerorum
2816 1659 2941 1728 quia
2990 1673 3281 1729 percussus
3315 1664 3370 1717 in
3394 1677 3580 1719 eremo
3608 1665 3829 1735 populus

2248 1740 2413 1798 lsrael
2460 1744 2671 1801 itineris
2714 1746 2859 1818 longi
2908 1764 2972 1804 ac
2999 1749 3202 1808 laboris
3239 1768 3408 1808 onere
3444 1758 3829 1821 murmuravit,

578 1820 922 1887 desideravit,
964 1822 1265 1891 multosque
1305 1821 1484 1876 subito
1534 1821 1743 1875 voravit
1789 1821 2149 1915 incendiume
2175 1813 2222 1873 B
2251 1832 2371 1889 ideo
2415 1835 2676 1892 Dominus
2729 1813 2939 1894 migeri,
2990 1840 3047 1895 in
3095 1840 3245 1895 illum
3271 1842 3470 1912 ίεηίιοε
3522 1813 3827 1915 serpentes:

577 1911 772 1982 quibus
793 1911 1101 1978 edocemur,
1145 1919 1204 1965 ut
1245 1912 1338 1981 qui
1359 1910 1766 1965 conversatione
1794 1908 2149 1983 relinquimus

578 2002 853 2067 saeculum,
886 2011 941 2057 et
985 2001 1271 2074 Egyptias
1313 2002 1470 2068 ollas,
1501 2002 1554 2057 id
1578 2009 1685 2067 est,
1722 2001 2023 2056 carnalium
2052 2002 2149 2057 de—

575 2090 897 2147 sideriorum
969 2092 1211 2149 fervores
1268 2093 1711 2166 contempsimus,
1780 2106 1887 2146 non
1949 2091 2181 2148 debere'

577 2196 915 2237 murmurare
958 2191 1146 2237 contra
1195 2183 1471 2239 caelestem
1520 2199 1735 2255 panem,
1763 2198 1866 2238 nec
1912 2183 2151 2240 virulen-

578 2270 683 2324 tias
706 2269 1105 2341 Aﬂgyptiorum,
1133 2273 1225 2343 qui
1268 2282 1395 2328 sunt
1419 2288 1735 2344 magnarum
1761 2274 2030 2338 carnium,
2053 2274 2148 2329 sed

577 2359 875 2429 simplicem
921 2359 1100 2416 cibum
1142 2377 1377 2428 mannze,
1421 2362 1474 2416 id
1526 2369 1608 2417 est
1650 2378 1841 2433 puram
1869 2362 2147 2418 caelestem

575 2451 742 2507 vitam
769 2466 1047 2521 quaerere;
1078 2455 1315 2524 alioquin
1343 2456 1387 2510 si
1418 2464 1539 2525 post
1588 2464 1900 2527 perceptam
1951 2453 2151 2526 angeli-

574 2556 697 2596 cam
722 2558 971 2597 mannam
989 2559 1108 2614 quae
1131 2554 1217 2601 est
1241 2547 1295 2601 in
1314 2547 1466 2602 caelis
1488 2548 1600 2602 vita
1620 2548 1733 2602 sive
1754 2547 2019 2613 doctrina,
2035 2562 2151 2599 rur—

575 2646 668 2686 sus
695 2646 887 2688 carnes
911 2633 1216 2706 Egyptias,
1264 2652 1383 2707 qua:
1420 2646 1544 2694 sunt
1589 2639 1834 2693 carnales
1867 2638 2029 2708 hujus
2051 2653 2149 2693 sae-

575 2720 682 2775 culi
725 2721 1027 2790 voluptates
1059 2732 1116 2779 et
1163 2726 1613 2797 concupiscentia:
1655 2727 2004 2797 pristinorum
2032 2743 2147 2784 mo-

577 2823 720 2873 rum,
747 2810 1076 2867 voluerimus
1120 2823 1394 2883 appetere,
1452 2816 1758 2871 vorabimus
1789 2832 2063 2883 nauseam,
2093 2827 2148 2873 et

575 2902 757 2957 statim
785 2902 996 2958 Domini
1042 2904 1164 2975 igne
1211 2908 1600 2977 torquebimur.
1655 2908 1991 2964 Desiderium
2021 2925 2149 2980 quo-

572 3006 680 3062 que
708 3001 951 3048 nostrum
992 2996 1219 3051 vertitur
1247 2997 1299 3051 in
1329 2999 1578 3063 tumulos,
1602 3007 1661 3054 ut
1690 3002 1860 3056 simus
1903 3002 2143 3072 sepulcra

573 3082 836 3149 dealbata,
861 3100 979 3155 quin
1022 3084 1153 3154 foris
1179 3097 1429 3157 apparent
1456 3088 1749 3145 hominibus
1774 3093 2031 3162 speciosa,
2060 3093 2143 3147 in-

2248 1922 2426 1995 Plagse
2441 1924 2603 1994 igitur
2627 1928 2956 1997 serpentium
2980 1929 3269 2000 ignitornm
3291 1947 3498 1988 venena
3527 1943 3662 1989 sunt
3687 1936 3833 1990 vitio-

2247 2029 2389 2079 rum,
2438 2030 2559 2085 qute
2601 2016 2838 2072 animam
2875 2034 3037 2090 quam
3078 2029 3306 2093 tangunt
3360 2023 3635 2092 spirituali
3667 2036 3831 2082 morte

2245 2106 2540 2177 perimunt,
2576 2115 2630 2163 et
2667 2107 2805 2164 bene
2887 2125 3237 2171 murmurans
3281 2121 3471 2167 contra
3543 2112 3829 2171 Dominum

2247 2193 2476 2264 populus
2537 2197 2868 2266 serpentium
2925 2199 3196 2255 morsibus
3251 2200 3625 2267 sternebatur,
3690 2212 3753 2256 ut
3773 2218 3829 2257 ex

2248 2285 2439 2339 ordine
2467 2284 2659 2356 ﬂagelli
2688 2288 2978 2344 exterioris
3018 2299 3353 2362 agnosceret,
3393 2302 3664 2362 quantum
3695 2294 3831 2351 intus

2246 2375 2544 2446 perniciem
2578 2380 2971 2435 uiurmurando
2997 2390 3294 2451 pateretur.
3328 2382 3495 2441 Recte
3515 2385 3729 2443 ctenim
3745 2402 3830 2456 per

2247 2475 2528 2536 serpentes
2557 2479 2801 2539 peccata,
2830 2488 2951 2542 qua:
2987 2474 3225 2533 animam
3253 2476 3421 2532 simul
3452 2486 3508 2533 et
3535 2493 3745 2551 corpus
3770 2482 3828 2537 ad

2248 2558 2525 2617 interitum
2553 2563 2800 2629 trahunt,
2826 2565 3220 2635 exprimuntur.

2319 2668 2502 2743 Neque
2526 2676 2998 2742 murmuraeeritis,
3054 2678 3189 2732 sicut
3227 2680 3440 2751 quidam
3471 2699 3655 2739 eorum
3686 2702 3829 2739 mars

2246 2773 2607 2831 muraverunt,
2634 2772 2739 2821 etc.
2796 2764 2954 2833 Quod
2971 2777 3152 2824 autem
3175 2768 3308 2826 dicit
3334 2773 3709 2842 perieruntab
3734 2791 3827 2830 ex-

2247 2854 2614 2920 terminatore,
2663 2864 2759 2912 aut
2788 2858 2856 2914 ab
2886 2859 3083 2933 angelo
3125 2862 3447 2935 intelligitur
3475 2868 3825 2937 percutienti;

2246 2951 2340 2997 aut
2360 2943 2468 3015 igni
2494 2945 2809 3003 devorante.

2316 3052 2446 3108 Haec
2465 3065 2639 3112 autem
2661 3059 2911 3115 omniain
2942 3062 3113 3133 ﬁgura
3143 3067 3507 3138 contingebant
3535 3069 3666 3136 illis,
3695 3073 3827 3127 scri-

573 3182 658 3227 tus
711 3151 884 3228 autem
942 3151 1096 3245 ple-na
1158 3151 1278 3231 sunt
1313 3177 1514 3233 ossibus
1555 3151 1879 3236 mortuorum
1926 3151 2141 3254 (Matth.
2172 3170 2216 3233 C
2246 3153 2335 3214 pm
2364 3155 2486 3254 33m:
2518 3158 2692 3254 aufem
2724 3151 2794 3205 ad
2829 3156 3205 3254 εῨπερίίίῖηθηί
3243 3170 3497 3216 ’⁸⁰⁸¹¹’⁰²⁷²’
3553 3162 3659 3233 (ΕΚ
3712 3164 3829 3219 Ρτῖ⁹

573 3262 753 3334 mu).

642 3354 823 3425 Neque
876 3355 1174 3413 idololatria
1241 3359 1568 3429 efficiamini,
1624 3363 1758 3418 sicut
1818 3364 2033 3436 quidam
2081 3382 2147 3419 ea;

567 3444 716 3515 ipsis,
754 3450 1212 3519 quemadmodum,
1257 3462 1363 3511 etc.
1418 3457 1539 3511 illos
1583 3459 1754 3529 tangit
1799 3459 1891 3528 qui
1921 3459 1975 3513 in
2004 3458 2146 3514 idolo

568 3538 997 3608 exsultabantur,
1053 3552 1303 3613 putantes
1345 3563 1404 3602 se
1444 3548 1710 3604 immunes
1740 3566 1772 3605 a
1814 3550 2063 3616 crimine,
2091 3558 2147 3606 et

567 3636 848 3695 comparat
893 3630 975 3685 eis
1019 3632 1112 3701 qui
1152 3634 1251 3690 sibi
1282 3636 1336 3690 in
1380 3652 1564 3693 eremo
1607 3639 1833 3696 vitulum
1874 3640 2138 3706 fecerunt,

567 3723 625 3769 et
661 3719 1018 3779 adoraverunt
1039 3724 1412 3795 ludentes,scd
1440 3731 1591 3785 multi
1620 3748 1687 3787 ex
1712 3733 1791 3788 eis
1833 3734 2143 3806 interempti

565 3807 845 3896 perierunt
873 3810 1068 3883 (Exod.
1094 3832 1266 3884 χχιιι,
1292 3819 1456 3876 Num.
1481 3822 1615 3892 xxi),
1638 3830 1697 3877 ut
1726 3824 2053 3896 intelligatur
2084 3826 2141 3881 in

567 3894 781 3952 illorum
811 3899 1087 3959 hominum
1115 3906 1528 3979 interemptione
1558 3912 1850 3983 signiﬁcari
1883 3894 2140 3971 vitiorum

565 4002 776 4044 necem.
829 3992 887 4048 in
910 3994 1039 4050 talia
1083 3999 1280 4068 quippe
1303 4000 1433 4054 vitia
1469 4002 1662 4058 saevire
1689 4019 1788 4059 nos
1810 4003 1965 4075 jubet
1992 4003 2139 4075 Apo-

563 4077 753 4145 stolus,
799 4096 921 4137 cum
949 4085 1115 4140 dicit:
1160 4086 1473 4157 Mortiﬁcate
1500 4091 1730 4147 membra
1773 4103 1941 4147 vestra
1981 4110 2139 4165 super

563 4177 777 4235 terram,
803 4172 1227 4244 fornicationem,
1254 4178 1663 4245 immunditiam,
1691 4181 1979 4250 luxuriam,
2013 4202 2135 4240 cou-

562 4261 932 4331 cupiscentiam
957 4265 1172 4335 malam,
1203 4278 1253 4324 et
1283 4271 1574 4338 avaritiam,
1604 4289 1724 4345 quae
1761 4283 1835 4329 est
1872 4273 2133 4330 idolorum

560 4352 781 4406 seruitus
806 4352 944 4424 (Col.
976 4355 1081 4427 ιιι).

635 4440 815 4513 Neque
848 4444 1187 4513 fornicemur,
1250 4450 1383 4505 sicut
1430 4453 1644 4522 quidam
1695 4469 1759 4507 ea:
1808 4455 1937 4524 ipsis
1965 4454 2133 4524 forni-

2249 3239 2410 3313 mas.)
2446 3240 2634 3298 Omnia
2664 3259 2785 3315 qua:
2834 3247 2915 3302 eis
2947 3250 3287 3321 contigerunt
3334 3256 3632 3311 secundum
3682 3256 3825 3317 facta

2248 3345 2345 3385 sua
2372 3342 2712 3403 receperunt,
2741 3337 2836 3392 sed
2862 3346 3041 3394 tamen
3069 3340 3189 3397 ideo
3216 3344 3416 3415 scripta
3461 3356 3609 3412 sunt,
3633 3364 3703 3403 ne
3731 3365 3826 3407 nos

2245 3429 2496 3491 putemus
2551 3426 2769 3496 impune
2815 3443 3062 3498 peccare.
3108 3431 3166 3487 Si
3192 3434 3338 3489 enim
3363 3437 3544 3494 adhuc
3585 3442 3824 3510 parvulis

2246 3519 2340 3565 aut
2366 3513 2587 3569 rudibus
2616 3532 2720 3570 non
2750 3518 3015 3586 pepercit,
3052 3531 3254 3591 quanlo
3297 3526 3469 3597 magis
3513 3527 3691 3593 nobis,
3732 3531 3824 3601 qui

2244 3595 2378 3667 legis
2426 3600 2815 3671 perfectionem
2864 3606 3181 3677 accipimus,
3219 3626 3326 3667 non
3362 3595 3583 3684 parcet,
3615 3618 3661 3672 si
3696 3595 3822 3675 talia

2242 3688 2533 3749 fecerimus
2549 3695 2562 3747 !

2318 3782 2427 3854 (Ea:
2456 3784 2705 3859 Hieron.)
2732 3788 2790 3843 in
2820 3799 2908 3844 tua
2932 3796 3200 3864 scriptura
3230 3811 3351 3867 qua:
3375 3796 3589 3855 Veteris
3635 3800 3821 3857 Testa-

2241 3874 2411 3929 menti
2448 3874 2645 3931 dicitur
2666 3877 2873 3934 Novum
2897 3880 3301 3940 Testamentum
3328 3885 3703 3945 absconditum
3739 3891 3820 3946 la-

2239 3971 2337 4031 tet,
2380 3972 2637 4036 tanquam
2680 3969 2736 4024 in
2766 3969 2883 4026 fece
2936 3975 3295 4043 corporalium
3332 3986 3815 4036 sacramentorum.

2239 4057 2592 4117 Circumcisio
2636 4063 2817 4119 carnis
2867 4064 3187 4137 intelligitur
3234 4069 3577 4126 circumcisio
3615 4073 3815 4129 cordis.

2238 4148 2519 4221 Templum
2547 4153 2862 4225 intelligitur
2898 4172 3094 4226 corpus
3136 4158 3366 4214 Domini.
3426 4159 3595 4216 Terra
3628 4179 3815 4234 repro—

2235 4241 2509 4298 missionis
2550 4244 2864 4315 intelligitur
2904 4263 3127 4319 regnum
3173 4250 3455 4306 caelorum.
3513 4252 3612 4308 Est
3662 4263 3817 4326 typus

2233 4332 2318 4390 vel
2347 4332 2514 4405 figura
2538 4337 2881 4406 praesentium
2910 4346 2965 4393 ct
2990 4342 3408 4408 praeteritorum,
3426 4353 3481 4399 et
3509 4342 3816 4404 futurarum

2235 4437 2417 4477 rerum
2470 4424 2794 4496 ignotarum.
2860 4427 3261 4486 Przcteritorum
3306 4442 3466 4505 typus
3515 4443 3603 4489 est
3661 4448 3809 4492 cate.

562 4531 666 4583 cati
692 4541 835 4597 sunt,
860 4542 964 4589 etc.
991 4534 1280 4593 Consilium
1312 4515 1508 4613 quippe
1528 4541 1752 4598 dederat
1779 4515 1995 4599 Balaam
2019 4548 2132 4618 regi
2159 4526 2210 4585 D
2237 4529 2594 4618 θυωῗξηπυω
2616 4515 2916 4618 h,um“ims’
2950 4526 3151 4618 typum
3173 4522 3314 4618 "‘3'"
3340 4533 3535 4618 .gefum
3583 4522 3718 4581 Adae
3751 4527 3814 4582 de

560 4617 774 4684 Balaac,
806 4630 865 4675 ut
906 4624 1158 4681 mulieres
1188 4627 1240 4683 in
1280 4631 1559 4685 meritorio
1602 4642 1846 4702 poneret,
1895 4642 1952 4689 et
2007 4617 2134 4692 ante

556 4708 750 4780 ianuas
797 4727 984 4770 eorum
1029 4733 1171 4786 aras,
1223 4729 1283 4776 ut
1325 4723 1606 4779 venientes
1632 4723 1727 4779 ﬁlii
1767 4725 1954 4793 Israel,
1983 4728 2134 4797 prius

559 4803 925 4862 sacriﬁcarent
952 4808 1131 4876 idolis,
1165 4821 1221 4867 et
1254 4813 1332 4868 sic
1383 4814 1793 4884 ingrederentur
1828 4820 1893 4874 ad
1942 4820 2134 4876 mulie-

559 4907 666 4957 res,
693 4897 833 4951 unde
859 4908 942 4954 est
965 4900 1261 4957 fornicatus
1288 4903 1454 4961 Israel
1480 4922 1601 4961 cum
1628 4907 1840 4966 ﬁliabus
1891 4912 2125 4969 Madian.

557 4979 665 5037 Sed
703 4985 831 5054 quid
856 4990 1101 5058 estquod
1141 4991 1242 5046 iste
1294 4992 1513 5050 Balaam
1541 4998 1792 5069 populum
1826 5002 1921 5057 Dei
1963 5017 2123 5072 posse

552 5072 729 5144 decipi
755 5086 904 5133 certa
934 5080 1142 5135 ratione
1197 5082 1417 5156 colligit,
1450 5086 1587 5144 dans
1620 5091 1933 5158 consilium,
1966 5101 2027 5148 ut
2054 5108 2122 5150 ex

550 5162 655 5257 illa
681 5174 854 5257 parte,
897 5183 1005 5239 qua
1037 5170 1299 5229 inﬁrmari
1346 5188 1570 5234 noverat
1616 5181 1752 5239 ﬁlios
1785 5183 1969 5250 Israel,
1999 5201 2123 5257 per-

552 5252 809 5312 niciosius
829 5256 911 5313 eis
961 5258 1137 5330 laquei
1180 5264 1546 5335 tenderentur,
1598 5287 1702 5326 non
1748 5252 2120 5333 dubitans—eos

549 5343 729 5401 oblata
755 5347 910 5418 copia
967 5349 1313 5423 feminarum,
1351 5356 1722 5417 fornicationis
1764 5364 1919 5419 ruina
1950 5368 2117 5435 proti-

550 5453 653 5493 nus
697 5443 1030 5516 collapsum
1081 5452 1207 5520 quia
1233 5455 1676 5524 concupiscibiles
1712 5458 1906 5513 anima:
1928 5474 2116 5516 eorum

550 5537 733 5602 partes
761 5534 965 5591 sciebat
988 5554 1109 5595 esse
1138 5544 1465 5613 corruptas?
1492 5545 1570 5599 lta
1592 5562 1721 5617 ergo
1768 5563 2119 5619 unumquem-

547 5633 654 5688 que
684 5631 925 5681 nostrum
966 5630 1219 5699 nequitia:
1248 5641 1461 5687 versuta
1502 5635 1855 5706 malignitate,
1903 5638 1956 5692 in
1987 5638 2115 5710 ﬁgu-

546 5725 606 5766 ra
638 5712 859 5773 Balaam
901 5728 1228 5795 pertentant,
1269 5725 1374 5781 illis
1384 5728 1664 5808 praecipue
1696 5730 1974 5788 aﬂ'cctibus
1999 5734 2115 5790 ani-

2230 4606 2482 4676 paradiso
2503 4608 2744 4677 expulso.
2802 4620 2858 4665 et
2884 4626 2951 4666 ex
2973 4614 3301 4669 conscientia
3329 4614 3651 4671 delictorum
3683 4619 3813 4673 divi-

2231 4714 2358 4753 num
2389 4701 2678 4756 metuentis
2707 4712 3004 4771 aspectum,
3053 4714 3273 4776 propter
3319 4709 3462 4777 quod
3498 4718 3554 4763 et
3586 4725 3686 4780 per
3714 4727 3808 4782 pu-

2228 4789 2427 4844 blicum
2456 4790 2725 4859 capitibus
2754 4794 2910 4849 tectis
2937 4795 3212 4851 incedunt.
3263 4797 3619 4853 Pra'sentium
3657 4809 3813 4870 typus

2228 4892 2313 4940 est
2346 4886 2512 4941 vestis
2536 4885 2740 4953 Aaron,
2772 4904 2893 4959 quae
2915 4890 3197 4946 duodecim
3225 4892 3458 4947 tribuum
3489 4895 3715 4949 nomina
3739 4895 3810 4949 la-

2227 4974 2444 5046 pidibus
2471 4975 2726 5045 insiguita
2743 4979 3008 5048 gestabat,
3038 4981 3331 5035 ostendens
3349 4997 3408 5035 se
3428 4994 3529 5051 pro
3557 4983 3808 5038 omnibus

2226 5063 2624 5132 quodammodo
2668 5065 2876 5134 populis
2904 5068 3227 5138 supplicare.
3301 5068 3633 5125 Futurorum
3654 5079 3808 5142 typus

2223 5161 2307 5209 est
2356 5154 2408 5209 in
2431 5154 2637 5211 duabus
2668 5155 2793 5211 ﬁliis
2830 5156 3002 5224 Isaac,
3031 5158 3083 5213 in
3113 5159 3310 5229 quibus
3332 5161 3437 5216 duo
3458 5159 3807 5217 Testamenta

2223 5250 2521 5298 monstrata
2549 5252 2696 5301 sunt.

2292 5351 2359 5406 In
2397 5369 2527 5421 quos
2576 5352 2708 5421 ﬁnes
2760 5355 3072 5411 srrculorum
3118 5356 3453 5413 devenerunt.
3512 5360 3569 5414 id
3617 5370 3723 5426 est,
3750 5361 3803 5417 in

2222 5457 2359 5512 quos
2405 5451 2513 5497 tota
2547 5442 2774 5512 justitize
2818 5444 3080 5516 perfectio
3126 5448 3290 5513 cadit,
3346 5450 3486 5504 sicut
3536 5452 3803 5521 scriptum

2221 5539 2304 5586 est
2328 5548 2340 5583 :
2373 5529 2524 5586 Finis
2552 5533 2689 5587 enim
2718 5532 2870 5605 legis,
2891 5533 3133 5591 Christus
3154 5538 3224 5591 ad
3238 5538 3501 5608 justitiam
3519 5540 3702 5612 (Rom.
3721 5542 3796 5614 ι).

2294 5643 2479 5715 Itaque
2496 5646 2587 5716 qui
2606 5662 2659 5700 se
2685 5647 2948 5702 existimat
2977 5656 3137 5715 stare,
3164 5648 3333 5704 videat
3363 5667 3425 5705 ne
3477 5652 3655 5706 cadat.
3695 5651 3797 5722 (Ex

2221 5735 2475 5808 Primas.)
2506 5736 2620 5794 Hoc
2640 5746 2743 5806 est,
2771 5752 2837 5792 ne
2865 5738 3017 5793 cadat
3041 5739 3097 5794 in
3118 5740 3499 5808 idololatriam,
3531 5742 3616 5797 vel
3639 5758 3795 5799 scan-
