4026 6456
227 346 330 404 ιη

1051 349 1568 406 COLLECTIONES
1605 350 1672 406 IN
1707 349 2087 407 EPISTOLAS
2123 351 2210 406 ET
2251 350 2660 422 EV’ANGELIA.

3360 348 3466 406 H8

226 463 410 518 dalum
440 459 690 526 fratrum,
719 471 938 532 propter
966 464 1069 518 hoc
1093 465 1264 532 ipsum
1283 464 1425 534 quod
1443 473 1587 519 stare
1609 465 1801 535 gloria-
1827 470 1877 528 Α
1901 474 2014 520 stro
2042 465 2282 521 facienda
2308 475 2390 520 est
2423 466 2476 520 in
2501 465 2680 536 aliquo
2732 464 2901 531 fraus,
2954 474 3015 520 ut
3041 465 3105 519 de
3139 464 3251 534 ipsa
3281 463 3468 520 fraude

228 567 338 620 tur,
366 557 511 611 cadit
539 556 683 610 enim
711 556 838 610 dum
861 557 1119 627 superbit.

307 645 542 700 fentatio
574 661 660 699 vos
699 661 803 699 non
836 647 1213 716 apprehendat,
1263 649 1646 703 nisi'humana.
1697 648 1805 704 Hu-

225 752 390 790 mana
429 733 652 789 tentatio
692 734 918 805 intelligi
968 744 1146 805 potest
1193 739 1370 792 civilis
1397 746 1472 802 et,
1506 746 1567 792 ut
1597 738 1800 793 dictum

221 835 331 891 est,
400 824 694 880 tolerabilis
755 825 994 880 afflictio.
1051 827 1204 882 Sicut
1229 829 1282 882 in
1320 830 1425 883 alio
1452 829 1571 884 loco
1619 831 1795 884 dicit:

229 916 537 969 Humanum
589 915 706 968 dico
757 925 964 985 propter
998 917 1353 984 inﬁrmitatem
1404 920 1580 972 carnis
1620 929 1800 972 vestra:

223 1003 402 1075 (Rom.
433 1003 529 1072 tv),
558 1003 612 1057 id
653 1011 757 1070 est,
795 1005 940 1074 quod
986 1003 1144 1060 facile
1172 1014 1228 1060 et
1278 1007 1476 1075 suscipi
1507 1015 1562 1061 et
1588 1005 1798 1075 impleri

220 1094 400 1163 possit
427 1106 552 1148 cum
604 1091 747 1146 bona
796 1093 1087 1148 voluntate.
1120 1095 1254 1161 Quis
1286 1095 1370 1150 vel
1415 1095 1520 1150 sibi
1566 1095 1650 1150 vel
1679 1095 1800 1150 aliis

221 1181 485 1247 consulit,
510 1182 557 1237 si
593 1181 806 1236 fallatur
834 1183 886 1236 in
918 1184 1097 1252 aliquo
1139 1201 1236 1254 per
1266 1185 1628 1255 ignorantiam
1671 1193 1800 1240 tem-

218 1271 512 1341 puralium,
544 1273 671 1341 quia
711 1281 768 1326 et
803 1272 906 1326 hoc
931 1274 1304 1342 temporaliter
1333 1275 1465 1345 agit,
1497 1282 1554 1328 et
1579 1274 1799 1328 modum

220 1363 417 1432 agendi
447 1377 550 1416 non
583 1369 729 1416 tenet
770 1377 931 1432 quem
973 1363 1240 1429 debebat;
1277 1365 1510 1419 humana
1548 1366 1796 1429 tentatio,

220 1452 339 1506 sive
397 1452 556 1507 irasci
619 1459 703 1507 est
736 1451 1062 1521 humanum,
1092 1451 1235 1508 iram
1289 1453 1552 1522 perficere
1607 1454 1797 1508 diabo-

220 1541 389 1595 licum
405 1543 428 1596 'l

294 1630 498 1686 Fidelis
534 1641 704 1685 autem
747 1631 886 1686 Deus
937 1639 1033 1698 est,
1065 1632 1155 1702 qui
1191 1649 1297 1688 non
1341 1634 1544 1704 patitur
1572 1651 1658 1689 vos
1686 1645 1798 1690 ten-

218 1723 329 1776 tari
349 1739 504 1793 super
531 1723 585 1776 id
613 1724 751 1793 quod
787 1724 1021 1794 potestis.
1072 1723 1174 1794 (Ex
1197 1724 1451 1798 August.)
1481 1727 1680 1783 Fidelis
1703 1729 1795 1798 qui

1903 554 2273 626 eleemosynas
2297 555 2578 619 faciamus,
2630 562 2724 608 aut
2743 570 2859 621 eos,
2888 571 2918 607 a
2951 554 3145 624 quibus
3182 553 3346 622 recipi
3378 569 3469 606 vo-

1901 641 2078 699 lumus
2122 645 2175 698 in
2225 643 2568 698 tabernacula
2617 652 2838 709 aeterna,
2893 653 3150 712 tanquam
3198 642 3469 699 debitores

1903 733 1997 788 Dei
2019 742 2074 786 et
2101 733 2311 787 Domini
2360 733 2529 787 nostri
2559 733 2636 787 fas
2675 741 2762 786 est
2809 733 3055 804 intelligi,
3107 748 3230 788 cum
3253 730 3383 801 justi
3415 742 3469 786 et

1901 823 2074 876 sancti
2113 823 2486 893 significentur
2514 824 2618 878 hoc
2659 823 2800 887 loco,
2867 824 2960 893 qui
3011 839 3104 878 eos
3127 824 3472 878 introducunt

1902 912 1955 965 in
1993 913 2336 967 tabernacula
2378 923 2602 978 reterna,
2633 914 2726 982 qui
2775 915 3190 970 necessitatibus
3218 916 3330 969 suis
3359 925 3469 969 ter-

1902 1016 2032 1056 rena
2077 1005 2218 1058 bona
2257 1003 2796 1068 communicaverint,
2825 1003 2919 1058 sed
2946 1004 3106 1058 etiam
3135 1020 3165 1058 e
3192 1005 3468 1059 contrario

1901 1093 2154 1149 dicuntur
2184 1095 2300 1149 ista:
2329 1095 2728 1158 similitudines,
2774 1107 2836 1148 ut
2866 1093 3246 1162 intelligamus,
3279 1095 3324 1149 si
3354 1094 3468 1148 lau-

1901 1184 2017 1238 dari
2064 1185 2238 1252 potuit
2293 1185 2383 1240 ille
2427 1200 2457 1238 a
2497 1185 2734 1248 dou'tino,
2787 1183 2872 1238 cui
2922 1183 3165 1238 fraudem
3212 1184 3467 1248 faciebat,

1899 1281 2101 1342 quanto
2127 1274 2350 1344 amplius
2375 1275 2624 1344 placeant
2666 1273 2890 1327 Domino
2917 1271 3026 1325 Deo
3055 1271 3146 1340 qui
3172 1274 3465 1327 secundmn

1899 1362 2014 1432 ejus
2038 1370 2362 1431 prazceptum
2395 1361 2482 1416 illa
2519 1377 2680 1431 opera
2711 1353 2934 1414 faciunt.
2993 1358 3168 1413 Villici
3207 1372 3337 1412 sane
3368 1374 3464 1413 vo-

1900 1453 2091 1508 cabulo
2123 1453 2378 1507 discimus
2400 1468 2493 1508 eos
2545 1453 2636 1522 qui
2663 1451 2921 1521 pecunias
2965 1449 3185 1512 habent,
3211 1463 3316 1502 non
3352 1447 3464 1516 jam

1903 1543 2082 1598 domui
2145 1559 2278 1606 suae,
2333 1543 2427 1598 sed
2478 1543 2665 1596 aliena:
2712 1541 2890 1611 potius
2951 1540 3030 1595 rei
3073 1540 3470 1609 dispensatores

1897 1646 2018 1686 esse
2046 1634 2333 1702 putandos,
2361 1632 2452 1700 qui
2506 1633 2551 1686 si
2596 1633 2751 1702 juxta
2799 1632 2958 1701 hujus
2997 1632 3137 1684 servi
3167 1630 3469 1701 exemplum

1899 1722 2082 1776 sedulo
2131 1722 2378 1776 finienda:
2409 1723 2747 1776 villicationis
2802 1737 2866 1775 ac
2915 1722 3140 1776 rationis
3188 1721 3470 1776 reddendae

215 1826 281 1866 se
308 1812 578 1882 pollicitus
629 1822 713 1868 est
767 1815 849 1869 sui
907 1814 1140 1870 nominis
1184 1831 1346 1872 causa
1390 1817 1793 1874 tribulationem
1825 1809 1870 1867 B
1900 1823 2111 1883 tempus
2142 1815 2505 1885 prmvidcrint,
2540 1815 2693 1869 facile
2724 1823 3061 1869 terrenorum
3113 1814 3470 1869 delectatione

217 1905 613 1960 sustinentibus
661 1906 994 1973 adfuturum,
1024 1915 1084 1962 ut
1130 1907 1259 1962 illud
1290 1927 1302 1961 :
1343 1908 1528 1964 Multae
1567 1909 1792 1964 tribula-

216 1995 388 2048 tiones
424 1996 664 2062 istorum,
717 2007 765 2052 ct
818 1997 883 2052 de
910 1999 992 2052 his
1044 1998 1280 2052 omnibus
1309 1999 1542 2054 liberavit
1572 2017 1659 2056 eos
1684 2001 1794 2055 Do-

215 2084 393 2140 minus
443 2085 614 2157 (Psal.
645 2088 863 2159 xxxiii).
912 2089 1029 2159 Ipse
1055 2105 1148 2144 vos
1179 2090 1337 2145 faciat
1366 2101 1510 2147 stare
1534 2092 1788 2160 firmiter,

214 2184 274 2230 et
302 2179 557 2234 virtutem
580 2180 782 2234 tribuet
824 2181 1112 2246 tolerandi,
1139 2182 1229 2251 qui
1264 2198 1359 2237 vos
1385 2184 1566 2238 docuit
1597 2199 1792 2255 rogare

211 2270 426 2338 dicens,
481 2273 559 2329 Ne
623 2274 846 2344 patiaris
907 2290 1005 2329 nos
1069 2275 1250 2330 induci
1321 2276 1372 2331 in
1439 2278 1792 2333 tentationem

207 2359 438 2434 (Matth.
466 2364 566 2435 vi).

285 2453 398 2508 Sed
453 2455 610 2524 faciet
665 2473 781 2509 cum
840 2458 1124 2512 tentatione
1165 2459 1324 2513 etiam
1379 2467 1684 2529 proventum
1736 2469 1791 2512 ut

205 2543 424 2612 possitis
475 2547 747 2598 sustinere.
802 2546 856 2600 ld
885 2557 986 2612 est,
1018 2565 1124 2602 non
1158 2549 1473 2619 ampliorem
1522 2549 1675 2604 vobis
1697 2550 1793 2604 tri—

208 2631 544 2687 bulationem
568 2637 752 2690 venire
776 2637 1031 2707 patietur,
1061 2655 1222 2708 quam
1254 2641 1523 2694 sustinere
1549 2641 1788 2710 possitis,

211 2723 308 2777 sed
337 2724 497 2778 faciet
525 2735 863 2794 proventum,
905 2727 959 2782 id
995 2737 1100 2793 est,
1137 2729 1264 2782 illud
1301 2731 1454 2783 vobis
1483 2728 1646 2784 faciet
1668 2746 1790 2800 pro.

211 2815 421 2881 venire,
454 2817 594 2885 quoi
625 2819 840 2888 possitis
880 2820 1168 2885 sustinere,
1206 2830 1299 2874 aut
1327 2821 1393 2875 de
1421 2821 1535 2890 ipsa
1565 2820 1788 2876 tribula-

212 2902 362 2960 tione
389 2905 598 2961 lucrum
627 2908 817 2962 animae
839 2909 1147 2979 acquirere.

596 3026 927 3066 εγΑΝϐειιωι
973 3028 1145 3076 LUC/Ei,
1176 3027 1294 3067 CAP.
1325 3028 1438 3066 XVI.

288 3117 309 3149 ι
355 3099 525 3155 Homo
556 3101 772 3170 quidam
799 3110 917 3156 erat
938 3102 1107 3166 dives,
1138 3102 1229 3170 qui
1269 3101 1502 3156 habebat
1523 3101 1784 3167 villicum,

217 3209 239 3250 t
277 3200 335 3246 et
372 3192 462 3246 hic
505 3191 810 3246 diffamatus
837 3200 921 3246 est
949 3192 1090 3260 apud
1128 3192 1298 3256 illum,
1346 3191 1498 3262 quasi
1529 3192 1789 3261 dissipas-

217 3300 236 3333 σ
281 3293 365 3337 set
391 3281 530 3337 bona
574 3283 758 3352 ipsius.
791 3281 857 3337 Et
884 3282 1097 3336 vocavit
1136 3282 1283 3336 illum
1314 3289 1368 3336 et
1398 3281 1476 3334 ait
1499 3280 1572 3334 illi
1602 3298 1615 3334 :
1646 3279 1787 3347 Quid

217 3391 235 3425 ι
283 3374 388 3428 hoc
421 3373 578 3428 audio
603 3373 664 3427 'Ie
693 3381 763 3434 te,
802 3373 964 3426 redde
987 3373 1250 3426 rationem
1280 3371 1630 3425 villicationis
1660 3381 1782 3436 tute,

216 3483 233 3514 ι
272 3463 387 3533 jam
408 3465 551 3519 enim
581 3480 688 3518 non
718 3463 922 3532 pote’ris
946 3463 1202 3516 villica‘re.
1235 3460 1328 3515 Ait
1358 3472 1541 3515 autern
1572 3460 1785 3515 villicus

217 3573 234 3605 ι
278 3555 424 3608 intra
474 3568 555 3609 se.
614 3553 752 3619 Quid
782 3551 1014 3608 faciam?
1053 3553 1178 3622 quia
1225 3550 1478 3605 dominus
1515 3564 1666 3606 meus
1691 3566 1787 3604 au-

218 3663 236 3696 ι
285 3644 447 3699 ferta
476 3660 560 3698 me
601 3643 1020 3698 villicationem:
1054 3642 1241 3698 fodere
1276 3658 1383 3696 non
1424 3641 1598 3706 valeo,
1630 3657 1783 3695 men-

216 3754 235 3786 ι
283 3735 467 3789 dicare
501 3734 779 3789 erubesco.
825 3732 952 3788 Scio
997 3731 1126 3801 quid
1150 3730 1366 3798 faciam,
1400 3740 1458 3785 ut
1483 3749 1606 3787 cum
1635 3747 1784 3786 amo-

216 3845 235 3876 s
281 3835 370 3880 tus
398 3825 552 3880 fuero
599 3840 629 3878 a
678 3824 1003 3879 villicatione
1047 3823 1313 3893 recipiant
1343 3838 1431 3876 me
1481 3823 1533 3876 in
1594 3823 1807 3898 domos

216 3935 235 3967 ι
279 3933 428 3972 suas.
461 3915 786 3971 Convocatis
824 3914 1006 3983 itaque
1051 3913 1278 3984 singulis
1322 3913 1656 3968 debitoribus
1691 3915 1785 3969 do-

215 4027 235 4060 s
279 4007 412 4064 mini
449 4009 531 4062 sui
558 4005 775 4061 dicebat
798 4005 1010 4074 primo:
1044 4003 1314 4070 Quantum
1341 4005 1506 4060 debes
1565 4005 1784 4061 domino

215 4119 236 4152 ι
278 4101 444 4155 meo?
470 4099 650 4153 Atille
677 4097 847 4152 dixit:
875 4096 1103 4151 Centum
1149 4097 1311 4151 cados
1353 4097 1477 4151 olei.
1535 4097 1784 4167 Dixitque

118 4208 123 4212 '
215 4213 234 4246 ε
279 4193 401 4247 illi:
439 4192 638 4261 Accipe
687 4191 994 4245 cautionem
1023 4198 1188 4254 tuam,
1239 4199 1295 4244 et
1324 4191 1448 4244 sede
1495 4190 1626 4254 cito,
1650 4192 1784 4246 seri-

215 4303 235 4336 s
278 4282 769 4353 bequinquaginta.
803 4280 1002 4335 Deinde
1031 4279 1136 4333 alio
1159 4279 1296 4333 dixit
1329 4297 1342 4331 :
1375 4279 1453 4332 Tu
1476 4294 1785 4349 veroquan—

214 4397 234 4429 ι
282 4386 396 4431 tum
425 4374 632 4429 debes?
662 4373 764 4439 Qui
804 4372 881 4425 ait
923 4389 936 4424 :
989 4369 1216 4424 Centum
1259 4384 1417 4424 eoros
1471 4370 1656 4424 tritici.
1695 4370 1785 4424 Ait

214 4489 237 4522 ι
282 4469 361 4524 illi
388 4483 404 4522 :
434 4467 635 4536 Accipe
658 4465 865 4518 litteras
915 4471 1034 4517 tuas
1063 4469 1120 4516 et
1164 4461 1342 4516 scribe
1388 4461 1684 4531 octoginta.
1718 4463 1784 4515 Et

213 4581 236 4614 ι
283 4559 526 4616 laudavit
565 4557 816 4612 dominus
858 4554 1095 4609 villicum
1143 4553 1464 4622 iniquitatis,
1501 4553 1626 4621 quia
1659 4569 1785 4622 pru-

213 4671 235 4704 ι
282 4653 476 4706 denter
501 4649 738 4711 fecisset,
766 4646 892 4716 quia
925 4644 1017 4698 ﬁlii
1060 4642 1220 4712 hujus
1261 4644 1443 4698 sazculi
1469 4643 1786 4713 prudentio-

213 4761 236 4794 s
281 4757 368 4796 res
421 4739 544 4794 filiis
588 4737 722 4791 lucis
769 4737 821 4790 in
856 4734 1210 4804 generatione
1251 4748 1349 4787 sua
1400 4742 1547 4788 sunt.
1598 4734 1666 4788 Et
1689 4750 1788 4804 ego

213 4850 234 4882 ι
281 4831 402 4885 dico
453 4827 649 4881 vobis:
682 4823 864 4878 Facite
922 4823 1073 4877 vobis
1126 4822 1332 4877 amicos
1361 4822 1428 4877 de
1485 4839 1790 4878 mammona

213 4940 235 4972 ς
281 4918 604 4988 iniquitatis,
665 4924 725 4969 ut
759 4929 882 4969 cum
933 4912 1261 4978 defeceritis,
1312 4913 1576 4982 recipiant
1614 4930 1708 4970 vos
1731 4914 1786 4968 in

214 5033 234 5066 s
281 5020 484 5068 aeterna
511 5005 879 5063 tabernacula.
915 5025 934 5058 ι

283 5101 456 5156 Homo
482 5099 698 5170 quidam
743 5106 855 5150 erat
882 5096 1044 5160 dives,
1072 5097 1163 5167 qui
1209 5097 1430 5151 habebat
1479 5098 1710 5152 villicum
1736 5109 1786 5154 et

205 5193 294 5247 hic
327 5191 634 5258 diffamatus
660 5196 734 5240 est
769 5184 910 5255 apud
945 5184 1114 5250 illum,
1146 5187 1298 5256 quasi
1320 5186 1620 5256 dissipasset
1650 5188 1785 5241 bona

205 5283 397 5354 ipsius,
430 5290 474 5334 et
500 5279 694 5334 vocavit
717 5277 888 5343 illum,
937 5287 985 5331 et
1006 5278 1080 5330 ait
1109 5276 1187 5330 illi
1210 5295 1222 5330 :
1254 5277 1394 5343 Quid
1414 5277 1511 5330 hoc
1541 5278 1700 5332 audio
1720 5279 1785 5332 de

205 5385 260 5429 te
282 5373 308 5427 7
333 5363 490 5426 redde
511 5369 762 5423 rationem
789 5367 1116 5422 villicationis
1137 5375 1261 5430 tute,
1277 5367 1394 5436 jam
1415 5367 1550 5421 enim
1575 5385 1676 5422 non
1695 5386 1786 5440 po-

205 5465 337 5518 teris
370 5462 621 5516 villicare.
651 5459 750 5530 (Ex
779 5455 1029 5528 August.)
1056 5455 1112 5510 In
1139 5456 1318 5511 villico
1343 5457 1468 5522 hoc,
1500 5473 1658 5528 quem
1693 5460 1788 5514 do-

205 5553 391 5610 minus
420 5553 674 5623 ejiciebat
701 5551 770 5605 de
795 5549 1056 5612 villicatu,
1105 5557 1162 5602 et
1202 5547 1443 5602 laudavit
1464 5564 1609 5613 eum,
1643 5551 1786 5619 quod

206 5646 268 5702 in
307 5645 546 5699 futurum
595 5641 698 5698 sibi
745 5638 1102 5710 prospexerit,
1153 5651 1258 5692 non
1308 5638 1488 5693 omnia
1529 5639 1788 5695 debemus

208 5739 280 5793 ad
314 5737 634 5793 imitandum
685 5747 919 5791 sumere.
971 5729 1088 5786 Non
1131 5726 1276 5783 enim
1313 5736 1407 5783 aut
1446 5727 1666 5786 domino
1693 5745 1789 5786 no-

1901 1905 2060 1960 simul
2087 1914 2141 1960 et
2169 1905 2455 1960 dilectione
2483 1907 2692 1972 nudati,
2733 1909 2852 1976 plus
2882 1906 2984 1960 sibi
3027 1906 3093 1960 de
3123 1906 3311 1960 amicis
3336 1921 3468 1961 con-

1900 1999 2176 2068 quirendis
2207 1999 2260 2053 in
2290 1997 2470 2054 futuro
2520 2015 2681 2068 quam
2713 1999 2914 2053 div‘tiis
2952 1998 3002 2052 in
3033 1999 3283 2068 prtescnti
3315 1997 3465 2053 colli-

1899 2092 2088 2162 gendis
2111 2092 2418 2162 prospicere
2459 2092 2741 2146 curabunt.

1967 2182 2053 2235 Ait
2078 2193 2251 2236 autem
2273 2181 2474 2236 villicus
2503 2183 2642 2235 intra
2664 2197 2751 2234 se:
2784 2179 2922 2246 Quid
2945 2179 3179 2250 factam!
3205 2178 3327 2247 quia
3358 2177 3468 2230 Do-

1897 2273 2070 2326 minus
2128 2289 2270 2326 meus
2311 2272 2485 2342 aufert
2521 2289 2553 2324 a
2588 2289 2668 2325 me
2700 2271 3063 2324 villicationem
3095 2286 3112 2323 :
3146 2269 3322 2338 fodere
3365 2285 3466 2321 non

1898 2363 2062 2417 valeo.
2113 2363 2303 2416 Ablata
2331 2364 2529 2433 quippe
2556 2363 2906 2427 villicatione,
2942 2360 3128 2416 fodere
3174 2375 3278 2414 non
3325 2358 3468 2412 vale-

1898 2471 2039 2522 mus,
2071 2455 2196 2525 quia
2227 2455 2375 2510 tinita
2405 2455 2504 2508 hac
2540 2456 2650 2509 vita
2683 2454 2735 2507 in
2762 2469 2867 2522 qua
2908 2463 3021 2508 tum
3069 2453 3192 2507 licet
3231 2452 3466 2521 eperari,

1897 2563 2237 2618 nequaquam
2276 2547 2415 2602 ultra
2453 2548 2590 2601 hene
2638 2546 3068 2601 conversationis
3120 2544 3354 2599 fructum
3401 2544 3465 2596 li-

1895 2654 2033 2709 gone
2057 2639 2263 2692 devota:
2285 2637 2717 2707 compunetionis
2746 2635 2870 2690 licet
2897 2635 3187 2704 inquirere.

1968 2729 2269 2782 Mendicare
2316 2728 2580 2793 erubesco,
2635 2737 2740 2782 etc.
2798 2727 3103 2782 Mendicare
3138 2725 3468 2781 confusionis

1893 2831 1997 2888 est,
2029 2823 2119 2878 illo
2165 2822 2371 2878 scilicet
2414 2822 2648 2892 pessimo
2703 2835 2901 2891 genere
2953 2819 3310 2884 mendicandi,
3363 2834 3470 2887 quo

1891 2914 2128 2986 virgines
2157 2913 2261 2968 illae
2282 2912 2442 2966 fatua:
2491 2911 2826 2967 mendicasse
2850 2908 3176 2974 referuntur,
3215 2925 3334 2977 qum
3388 2909 3471 2962 in-

1896 3015 2120 3077 gruente
2147 3013 2385 3074 tempore
2402 3003 2732 3073 nuptiarum,
2747 3002 2866 3057 oleo
2886 3002 3143 3055 virtutum
3162 3000 3463 3065 deficiente,

1894 3097 2227 3167 sapienti-bus
2249 3096 2497 3152 dixerunt
2523 3113 2536 3149 :
2571 3095 2702 3149 Date
2727 3095 2872 3148 nobis
2901 3094 2966 3148 de
2988 3093 3099 3147 oleo
3133 3105 3318 3159 vestro,
3344 3094 3470 3165 quia

1891 3187 2164 3258 lampades
2193 3198 2384 3243 nostra?
2407 3189 2785 3257 exstinguntur
2811 3185 3023 3258 (Matth.
3050 3186 3198 3257 xxv),
3227 3195 3282 3241 et
3328 3187 3471 3256 quod

1890 3277 2145 3335 Salomon
2173 3281 2249 3335 ait
2274 3299 2285 3333 :
2327 3278 2552 3350 Propter
2571 3280 2740 3350 frigus
2765 3281 2910 3349 piger
2938 3296 3092 3332 arare
3112 3278 3298 3343 uoluit,
3329 3297 3470 3333 mett-

1887 3371 2078 3424 dicabit
2101 3387 2221 3441 ergo
2245 3380 2445 3436 testate,
2469 3380 2517 3424 et
2540 3387 2644 3424 non
2677 3370 2888 3424 dabitur
2906 3370 2973 3423 ei.

1955 3461 2260 3518 Convocatis
2287 3464 2462 3534 itaque
2508 3461 2730 3532 singulis
2759 3461 3075 3514 debitoribus
3118 3460 3316 3515 domini
3359 3464 3464 3524 sui,

1885 3555 2276 3626 dicebatprimo
2303 3569 2321 3607 :
2349 3555 2616 3621 Quantum
2645 3554 2796 3609 debes
2839 3554 3049 3609 domino
3089 3555 3241 3608 meo?
3285 3565 3338 3608 at
3378 3556 3468 3609 ille

1884 3643 2018 3697 dixit
2047 3658 2065 3694 :
2090 3643 2308 3698 Centum
2333 3644 2492 3698 cados
2515 3643 2643 3707 olei;
2661 3645 2892 3714 dixitque
2913 3643 2991 3696 illi
3016 3657 3034 3695 .'
3057 3645 3244 3714 Accipe
3264 3646 3466 3698 cautio-

1886 3750 1999 3786 nem
2027 3742 2194 3798 tuam,
2222 3743 2269 3788 ct
2307 3735 2427 3788 sede
2475 3735 2599 3799 cito,
2625 3734 2790 3787 scribe
2833 3734 3232 3805 quinquaginta.
3270 3734 3468 3790 Deinde

1885 3825 1992 3878 alio
2023 3825 2154 3880 dixit
2180 3843 2199 3880 :
2227 3825 2305 3879 Tu
2333 3843 2450 3880 vero
2470 3836 2724 3896 quantum
2769 3825 2966 3880 debes?
3007 3827 3096 3898 qui
3145 3827 3239 3891 ait,
3263 3837 3468 3881 centum

1885 3933 2033 3972 coras
2074 3919 2271 3984 tritici;
2303 3919 2376 3972 ait
2407 3919 2485 3972 illi
2508 3933 2526 3971 :
2550 3920 2736 3990 Accipe
2760 3919 2959 3974 litteras
2980 3930 3118 3986 tuas,
3140 3923 3306 3975 scribe
3331 3931 3469 3975 octo-

1885 4008 2049 4078 ginta.
2092 4007 2268 4064 Cadus
2311 4009 2500 4064 Graece
2553 4013 2810 4080 amphora
2848 4021 2952 4076 est,
2989 4013 3272 4068 continens
3303 4029 3469 4067 urnas

1887 4109 2017 4154 tres.
2088 4098 2259 4154 Corus
2331 4114 2462 4154 vero
2527 4101 2738 4155 modios
2795 4101 3014 4171 triginta
3073 4100 3464 4170 complectitur.

1887 4190 2040 4257 Quod
2085 4200 2268 4246 autem
2317 4192 2382 4245 de
2429 4201 2648 4246 centum
2700 4193 2849 4247 cadis
2903 4191 3025 4257 olei,
3075 4193 3465 4262 quinquaginta

1887 4283 2051 4337 scribi
2084 4281 2209 4336 fecit
2245 4298 2276 4336 a
2316 4283 2578 4346 debitore,
2611 4291 2667 4336 et
2718 4283 2784 4338 de
2824 4290 3041 4337 centum
3091 4283 3264 4337 coris‘
3295 4284 3463 4339 tritici

1885 4375 2180 4446 octoginta,
2220 4375 2286 4429 ad
2340 4375 2474 4430 nihil
2506 4376 2650 4430 aliud
2676 4376 2854 4431 valere
2887 4377 3126 4430 arbitror
3162 4377 3262 4432 nisi
3295 4387 3352 4432 ut
3400 4394 3465 4433 ea

1809 4501 1862 4560 Β
1887 4481 2006 4536 qua:
2031 4466 2278 4520 similiter
2299 4466 2352 4520 in
2381 4467 2690 4522 sacerdotes
2713 4475 2874 4537 atque
2904 4468 2958 4521 in
3007 4467 3222 4522 Levitas
3250 4466 3466 4523 Iudaeus

1887 4558 2115 4628 quisque
2143 4565 2418 4627 operatur,
2455 4557 2508 4611 in
2535 4557 2735 4612 Christi
2769 4557 2995 4612 ecclesia
3036 4558 3270 4612 abundet
3307 4559 3465 4628 justi-

1889 4649 1963 4702 tia
1999 4649 2114 4718 ejus
2144 4662 2305 4716 super
2357 4646 2668 4702 Scribarum
2720 4657 2776 4702 et
2810 4647 3221 4711 Pharisaeorum,
3255 4656 3314 4702 ut
3341 4663 3463 4703 cum

1889 4738 1995 4793 illis
2047 4735 2287 4792 decimas
2320 4738 2528 4800 darent,
2561 4738 2650 4791 isti
2701 4737 2953 4792 dimidias
2979 4739 3125 4804 dent,
3171 4741 3310 4794 sicut
3355 4755 3462 4794 non

1890 4828 1957 4883 de
1988 4827 2272 4893 fructibus,
2298 4829 2394 4883 sed
2429 4829 2496 4882 de
2530 4828 2661 4897 ipsis
2690 4830 2802 4884 suis
2829 4829 2986 4885 bonis
3031 4830 3157 4886 fecit
3183 4831 3458 4886 Zaclueus.

1891 4919 2000 4974 Aut
2020 4928 2168 4974 certe
2195 4919 2434 4989 duplices
2460 4919 2714 4985 decimas,
2747 4928 2840 4974 aut
2865 4921 2999 4976 duas
3021 4921 3258 4976 decimas
3286 4921 3464 4976 dando

1891 5022 2108 5080 superet
2137 5011 2400 5080 impendia
2426 5009 2750 5066 Judmorum.
2784 5011 2897 5067 Nisi
2922 5012 3062 5068 forte
3104 5014 3226 5082 quis
3258 5013 3452 5081 simpliv

1892 5102 2028 5156 citer
2049 5099 2419 5170 accipiendum
2442 5109 2612 5170 putet,
2634 5102 2777 5171 quod
2804 5104 2981 5158 omnis
2999 5105 3090 5172 qui
3114 5104 3461 5174 indigentiam

1891 5194 2175 5266 cujuslibet
2220 5196 2472 5265 pauperis
2513 5205 2838 5256 sanctorum.
2871 5196 2955 5252 vel
3003 5212 3069 5251 ex
3116 5195 3334 5252 dimidia
3376 5195 3460 5248 vel

1890 5295 2038 5340 certe
2059 5301 2126 5340 ex
2156 5285 2343 5353 quinta
2367 5293 2538 5352 parte,
2573 5294 2831 5355 quantum
2863 5287 3050 5356 viginti
3087 5285 3168 5339 vel
3197 5285 3462 5353 quinqua-

1886 5375 2034 5444 ginta
2063 5373 2130 5428 ad
2152 5382 2365 5428 centum
2397 5384 2540 5438 sunt,
2574 5375 2924 5433 alleviaverit.
2950 5383 3098 5430 certa
3120 5390 3231 5429 sua:
3257 5373 3462 5429 miseri-

1887 5462 2085 5518 cordiae
2113 5462 2184 5518 sit
2221 5463 2470 5519 mercede
2497 5464 2794 5520 donandus.

1961 5552 2028 5608 Et
2057 5551 2289 5607 laudavit
2320 5553 2565 5609 dominus
2604 5554 2831 5609 villicum
2848 5553 3158 5624 iniquitatis,
3183 5555 3307 5625 quia
3335 5571 3461 5626 pru-

1888 5641 2070 5697 denter
2113 5641 2336 5710 fecisset,
2376 5643 2501 5714 quia
2552 5641 2650 5711 ﬁlii
2678 5642 2836 5712 hujus
2881 5641 3059 5696 strculi
3099 5644 3460 5712 prudentiores

1888 5732 2014 5802 ﬁliis
2055 5731 2187 5789 lucis
2233 5733 2289 5787 in
2325 5731 2656 5804 generatione
2676 5749 2772 5788 sua
2799 5742 2936 5787 sunt.
2971 5731 3205 5790 Audiam
3247 5736 3460 5806 sapien-
