4026 6480
534 367 646 425 419

1839 364 2184 424 SMARAGDI
2221 363 2508 422 ABBATIS

3687 372 3810 429 4211

534 491 616 537 tes
645 479 804 552 hujus
823 481 1026 548 smculi,
1057 489 1117 537 ut
1143 445 1364 537 stultam
1393 481 1712 552 sapientiam
1751 481 2026 546 deserere,
2053 477 2114 535 et
2136 487 2188 548 Α
2211 479 2490 550 percipite.
2522 477 2628 550 (Ex
2678 476 2851 550 Orig.)
2891 477 3058 534 Prout
3091 478 3452 545 ducebamini,
3483 493 3516 534 a
3559 494 3670 550 quo
3713 481 3808 537 vel

533 571 837 640 sapientem
892 573 984 626 Dei
1041 572 1328 630 stultitiam
1380 571 1585 644 queant
1639 572 1880 637 discere,
1927 571 2114 641 quanti

533 675 724 716 eorum
779 661 1040 732 sapientia
1065 661 1246 716 divina
1299 662 1524 731 aequitas
1561 644 1930 724 aestimaverit,
1979 673 2117 728 quos

535 766 646 806 non
673 763 799 805 vere
816 751 1129 822 prudentes,
1155 753 1249 806 sed
1275 751 1326 806 in
1354 746 1704 822 generatione
1739 764 1836 802 sua
1877 749 2118 818 pruden-

537 849 620 896 tes
647 855 768 896 esse
789 850 1196 896 commemorat.
1222 838 1383 894 Juxta
1407 841 1510 895 hoc
1539 841 1686 910 quod
1705 838 1833 894 alibi
1877 837 2113 893 dicitur:

543 933 638 988 Va:
682 935 773 1004 qui
822 934 1078 1004 sapientes
1127 934 1249 988 estis
1295 932 1350 986 in
1393 932 1559 986 oculis
1609 933 1811 996 vestris,
1850 939 1900 984 et
1941 946 2120 985 coram

535 1023 912 1094 vobismetipsis
935 1023 1236 1094 prudentes.
1256 1013 1365 1078 Nec
1391 1038 1498 1076 non
1529 1031 1583 1078 et
1608 1027 1878 1076 amatores
1903 1029 2120 1076 aeternae

533 1115 660 1168 vitae
688 1114 830 1170 ﬁlios
851 1113 988 1170 lucis
1011 1114 1350 1184 appellando,
1377 1129 1486 1168 non
1503 1113 1643 1168 aliud
1669 1129 1764 1168 eos
1786 1113 1876 1184 qui
1901 1113 2117 1182 sapien-

536 1211 618 1258 tes
646 1212 792 1270 sunt,
826 1211 886 1258 ut
923 1203 1124 1259 faciant
1172 1205 1338 1270 mala,
1373 1205 1510 1260 bene
1560 1212 1741 1258 autem
1791 1202 1974 1259 facere
2019 1217 2118 1258 ne-

533 1293 796 1360 scierunt,
833 1310 995 1364 quam
1025 1294 1162 1371 ﬁlios
1208 1294 1388 1364 arguit
1433 1309 1552 1350 esse
1581 1295 1946 1349 tenebrarum.
1997 1292 2118 1348 Filii

534 1391 717 1438 autem
747 1385 883 1440 lucis
908 1393 962 1440 et
993 1384 1087 1438 ﬁlii
1121 1383 1280 1454 hujus
1323 1385 1504 1441 surculi
1541 1393 1820 1450 vocantur,
1851 1385 2121 1455 quomodo

536 1479 632 1534 ﬁlii
655 1477 804 1550 regni
827 1486 880 1532 et
917 1475 1008 1530 ﬁlii
1035 1477 1376 1548 perditionis,
1405 1475 1560 1546 cujus
1586 1477 1731 1532 enim
1758 1476 1870 1548 agit
1891 1476 2122 1547 quisque

533 1583 722 1640 opera,
753 1566 869 1636 ejus
911 1567 1320 1638 cognominatur
1343 1575 1398 1622 et
1428 1567 1587 1622 illius.

611 1659 676 1714 Et
699 1675 791 1729 ego
817 1657 956 1713 vobis
979 1657 1116 1723 dico,
1155 1657 1314 1726 facite
1342 1658 1482 1711 vobis
1507 1657 1703 1711 amicos
1729 1657 1793 1710 de
1821 1671 2120 1710 mammona

531 1750 844 1821 iniquitatis,
877 1758 934 1803 ut
953 1765 1070 1803 cum
1099 1748 1410 1818 defeceritis,
1439 1749 1688 1818 recipiant
1719 1764 1804 1802 vos
1824 1747 1878 1800 in
1925 1756 2121 1802 wterua

2217 590 2248 628 a
2279 573 2512 643 quibus?
2554 585 2586 627 a
2631 573 2908 643 spiritibus
2942 585 3135 643 nempe
3163 571 3410 643 malignis
3453 571 3808 629 ducebamiui

2217 664 2284 718 ad
2307 678 2470 732 opera
2496 659 2866 732 peccatorum.
3422 739 3426 740 ί
3575 733 3582 740 ι

2290 751 2418 806 Ideo
2455 761 2633 806 notum
2664 751 2804 805 vobis
2831 751 2989 821 facio,
3011 753 3148 820 quod
3181 767 3330 805 nemo
3373 739 3427 804 in
3457 739 3650 820 spiritu
3700 752 3808 808 Dei

2219 838 2452 910 loquens,
2499 841 2650 904 dicit,
2700 848 2806 895 etc.
2855 839 2956 906 Qui
2995 838 3437 906 anathematiza‘t,
3468 841 3656 907 idest,
3705 844 3802 912 qui

2219 943 2342 984 eum
2371 931 2602 1000 quadam
2627 931 2980 986 detestatione
3009 931 3240 1002 abnegat
3278 931 3566 986 Dominum
3589 931 3804 997 Iesum,

2220 1035 2328 1075 non
2360 1021 2522 1075 habet
2554 1021 2801 1091 spiritum
2824 1030 3091 1083 sanctum,
3123 1028 3177 1074 et
3199 1021 3287 1089 qui
3318 1021 3490 1075 credit
3513 1020 3570 1074 in
3621 1021 3808 1076 Domi-

2221 1128 2348 1167 num
2369 1107 2571 1177 Iesum,
2590 1113 2839 1182 spiritum
2855 1120 3102 1167 satnctum
3116 1111 3297 1178 habet,
3321 1121 3376 1166 et
3393 1114 3522 1184 quia
3549 1113 3806 1184 legimus,

2222 1203 2324 1272 Qui
2355 1205 2521 1258 ﬁlium
2561 1219 2666 1258 non
2697 1205 2860 1258 habet
2901 1219 3001 1258 nec
3044 1211 3254 1274 patrem
3289 1205 3477 1270 habet,
3505 1221 3808 1276 agnoscere

2221 1309 2289 1350 ex
2320 1295 2422 1348 hoc
2466 1294 2776 1348 testimonio
2821 1308 3129 1362 possumus,
3179 1293 3321 1364 quod
3374 1294 3468 1362 qui
3523 1295 3808 1350 Christum

2222 1401 2329 1441 non
2350 1385 2542 1451 credit,
2571 1400 2671 1440 nec
2701 1385 2948 1456 spiritum
2977 1394 3223 1441 sanctum
3263 1386 3466 1441 habere
3495 1388 3808 1443 credendus

2223 1483 2324 1541 est,
2353 1476 2491 1531 sicut
2512 1475 2738 1548 legimus
2771 1477 2836 1530 ad
2861 1475 3133 1531 Romanos
3159 1493 3173 1530 :
3207 1473 3268 1530 Si
3289 1477 3406 1547 quis
3429 1485 3610 1530 autem
3644 1479 3804 1548 spiri-

2225 1577 2334 1622 tum
2358 1565 2554 1622 Christi
2579 1585 2682 1621 non
2711 1567 2888 1632 habet,
2927 1567 3010 1620 hic
3041 1585 3144 1621 non
3171 1577 3248 1621 est
3287 1567 3402 1636 ejus
3433 1565 3620 1638 (Rom.
3665 1568 3803 1637 vm).

2225 1659 2504 1726 Quomodo
2557 1673 2686 1728 ergo
2733 1658 3009 1729 operarios
3039 1658 3338 1726 iniquitatis
3385 1659 3655 1712 Dominus
3703 1676 3808 1712 non

2226 1751 2523 1820 cognoscit,
2547 1749 2710 1803 etiam
2752 1749 2799 1803 si
2821 1750 3048 1804 virtutes
3071 1749 3180 1804 sint
3207 1750 3438 1820 operati,
3467 1749 3545 1804 ita
3566 1757 3624 1805 et
3667 1750 3811 1806 Deus

532 1839 890 1896 tabernacui‘a.
941 1839 1242 1893 Mammona
1301 1837 1630 1908 iniquitatis,
1663 1838 1731 1892 ab
1760 1837 1863 1892 hoc
1889 1835 2120 1906 appellat
2146 1851 2194 1912 Β
2221 1840 2376 1895 malis
2401 1840 2655 1910 operibus
2681 1840 2992 1910 denegatur.

532 1935 693 1991 istam
718 1933 1022 2004 pecuniam,
1053 1945 1214 2002 quam
1251 1931 1588 2001 possidemus
1620 1929 1686 1983 ad
1715 1938 1958 1998 tempus,
1990 1929 2118 1998 quia

535 2041 847 2082 mammona
876 2025 1077 2080 divitia:
1105 2025 1554 2093 interpretantur.
1586 2020 1695 2076 Nec
1717 2030 1840 2075 sunt
1869 2020 1986 2075 ista:
2033 2020 2119 2076 di-

531 2119 678 2174 vitiae
704 2119 808 2173 nisi
833 2117 1054 2187 iniquis,
1091 2116 1182 2186 qui
1215 2115 1269 2170 in
1294 2115 1373 2169 eis
1397 2113 1732 2170 constituunt
1768 2127 1918 2182 spem
1959 2119 2122 2182 atque

533 2209 748 2278 copiam
769 2208 1120 2263 beatitudinis
1145 2221 1275 2261 sum.
1292 2204 1335 2260 Α
1362 2205 1526 2275 justis
1553 2219 1682 2258 vero
1708 2219 1830 2258 cum
1857 2205 1972 2258 haec
1993 2218 2118 2272 pos-

537 2299 803 2364 sidentur,
831 2307 916 2353 est
942 2298 1158 2368 quidem
1189 2297 1294 2352 ista
1321 2296 1578 2367 pecunia,
1614 2295 1707 2348 sed
1733 2309 1840 2349 non
1869 2301 1997 2348 sunt
2017 2291 2127 2347 illis-

535 2389 738 2445 divitiae
763 2389 864 2444 nisi
910 2388 1157 2443 caelestes
1199 2394 1253 2444 et
1283 2385 1612 2458 spirituales,
1636 2385 1830 2456 quibus
1875 2385 2121 2452 indigen—

538 2482 667 2537 tiam
693 2495 845 2535 suam
869 2479 1224 2550 spiritualiter
1255 2478 1582 2548 supplentes,
1623 2477 1852 2532 exclusa
1883 2481 2124 2546 egestate

535 2571 788 2638 miseriae,
813 2570 1163 2626 beatitudinis
1199 2571 1352 2640 copia
1403 2569 1736 2624 ditabnntur.
1771 2569 1827 2624 Si
1857 2575 2036 2624 autem
2066 2568 2123 2622 hi

535 2663 629 2733 qui
653 2661 894 2732 prmbeut
927 2661 1329 2730 eleemosynam
1355 2659 1422 2714 de
1457 2659 1643 2728 iniquo
1673 2674 1994 2713 mammonae
2041 2657 2122 2712 fa-

535 2753 691 2808 ciunt
716 2751 818 2808 sibi
840 2751 1063 2816 amicos,
1081 2766 1111 2806 a
1135 2751 1330 2820 quibus
1361 2750 1412 2804 in
1435 2757 1638 2804 :eterna
1667 2749 2016 2804 tabernacula
2040 2764 2125 2804 re—

538 2841 833 2912 cipiantur,
856 2850 1058 2912 quanto
1086 2841 1256 2912 magis
1294 2840 1368 2904 hi,
1399 2841 1490 2910 qui
1525 2840 1837 2909 spirituales
1893 2841 2126 2912 largiun—

541 2943 629 2990 tur
649 2933 854 3004 epulas,
883 2934 974 3003 qui
1029 2935 1156 2988 dant
1208 2933 1412 2988 cibaria
1473 2933 1752 2989 conservis
1791 2933 1846 2988 in
1887 2943 2124 3004 tempore

537 3043 658 3094 suo,
716 3027 1022 3084 certissima
1071 3027 1270 3083 debent
1321 3042 1418 3098 Spe
1465 3042 1690 3082 summa:
1751 3027 2122 3084 retributionis

541 3120 705 3193 erigi.

687 3227 1109 3296 llEBDOMADA
1137 3228 1208 3284 Χῐ
1231 3227 1406 3286 POST
1440 3223 1959 3284 PENTECOSTEN.

543 3342 737 3384 ιεατιο
779 3340 1052 3381 Εριδτοιιε
1102 3337 1260 3378 ΒΕΑἸΊ
1314 3339 1470 3378 PAULI
1523 3337 1778 3376 APOSTOLI
1833 3336 1900 3375 AD
1943 3334 2128 3374 CORN-

1073 3408 1254 3460 'l'lllOS,
1288 3410 1330 3458 ι,
1362 3410 1481 3448 car.
1513 3407 1612 3448 xu.

619 3503 637 3537 ι
685 3467 846 3541 Scitis
873 3483 1128 3553 quoniam
1171 3498 1292 3538 cum
1323 3490 1512 3560 gentes
1539 3479 1734 3536 essetis
1784 3478 1849 3534 ad
1906 3477 2129 3533 simula-

548 3594 570 3628 (
612 3591 707 3632 cra
761 3583 909 3630 muta
957 3582 1119 3644 prout
1168 3573 1508 3628 ducebamini
1538 3579 1748 3626 euntes.
1786 3570 1916 3624 [leo
1940 3578 2125 3623 notum

549 3683 570 3716 ι
616 3665 770 3719 vobis
823 3664 988 3726 facio,
1013 3662 1157 3731 quod
1213 3676 1372 3715 nemo
1403 3661 1456 3714 in
1496 3659 1688 3729 spiritu
1738 3659 1832 3714 Dei
1879 3659 2124 3727 loquens,

551 3771 570 3805 (
615 3753 750 3809 dicit
798 3753 1085 3807 anathema
1137 3748 1345 3805 Iesum.
1395 3749 1462 3804 Et
1507 3763 1669 3804 nemo
1711 3755 1890 3818 potest
1947 3748 2128 3802 dicere

552 3861 571 3894 (
619 3842 878 3898 Dominus
906 3839 1085 3906 Iesus,
1111 3840 1218 3894 nisi
1245 3840 1299 3896 in
1353 3840 1543 3910 spiritu
1571 3849 1780 3894 sancto.
1826 3838 2128 3894 Divisiones

551 3952 572 3986 ι
618 3950 747 3989 vero
772 3934 1066 4005 gratiarum
1092 3941 1240 3999 sunt,
1283 3931 1423 3987 idem
1473 3937 1654 3986 autem
1682 3930 1924 4000 spiritus,
1949 3939 2004 3984 et
2047 3931 2130 3984 di-

551 4047 572 4080 (
616 4027 852 4084 visiones
876 4027 1333 4081 ministrationum
1363 4033 1512 4088 sunt,
1553 4023 1697 4080 idem
1739 4032 1918 4078 autem
1949 4023 2130 4078 Domi-

553 4139 574 4172 (
621 4135 724 4174 nus
778 4126 834 4174 et
883 4118 1178 4174 divisiones
1208 4117 1584 4188 operationum
1619 4125 1764 4180 sunt,
1813 4117 1954 4171 idem
1997 4130 2130 4171 vero

551 4227 572 4262 (
619 4210 780 4276 Deus,
811 4209 1174 4280 quioperatur
1193 4207 1373 4262 omnia
1405 4207 1458 4260 in
1501 4205 1774 4262 omnibus.
1823 4205 2130 4275 Unicuique

553 4319 572 4352 ι
620 4308 800 4355 autem
847 4301 1006 4354 datur
1051 4296 1422 4353 manifestatio
1452 4297 1672 4367 spiritus
1699 4297 1768 4351 ad
1815 4295 2124 4350 utilitatem.

553 4407 574 4441 ι
618 4389 724 4443 Alii
749 4389 966 4460 quidem
1005 4404 1105 4458 per
1127 4387 1377 4458 spiritum
1405 4387 1568 4440 datur
1595 4397 1774 4440 sermo
1825 4386 2134 4455 sapientiae,

557 4499 578 4533 (
625 4480 716 4535 alii
746 4488 924 4534 autem
947 4495 1128 4534 sermo
1151 4478 1391 4532 scientire
1417 4477 1712 4535 secundum
1741 4479 1990 4532 eumdem
2016 4479 2129 4547 spi-

555 4589 576 4624 (
623 4571 814 4636 ritum,
845 4568 1000 4624 alteri
1057 4567 1190 4622 ﬁdes
1237 4567 1293 4620 in
1317 4567 1509 4621 eodem
1555 4566 1768 4636 spiritu.
1808 4565 1898 4620 alii
1955 4568 2126 4638 gratia
2155 4553 2204 4612 Ε

556 4677 577 4710 ε
621 4659 914 4715 sanitatum
956 4657 1012 4712 in
1053 4671 1162 4711 uno
1189 4657 1407 4726 spiritu,
1439 4656 1526 4710 alii
1567 4657 1810 4727 Operatio
1839 4659 2124 4725 virtutum,

555 4767 576 4800 ι
619 4748 713 4803 alii
738 4745 1039 4818 prophetia,
1070 4745 1160 4800 alii
1192 4745 1449 4800 discretio
1471 4745 1783 4815 spirituum,
1819 4746 1908 4800 alii
1931 4762 2130 4816 genera

558 4859 577 4892 ι
621 4839 971 4909 linguarum,
1031 4835 1122 4889 alii
1174 4835 1556 4904 interpretatio
1612 4850 1942 4892 sermonum.
2005 4837 2130 4893 Haec

559 4949 578 4984 ι
614 4939 794 4987 autem
831 4929 1011 4984 omnia
1040 4935 1296 5000 operatur
1319 4945 1460 4984 linus
1511 4938 1674 4998 atque
1711 4931 1852 4986 idem
1884 4931 2130 5001 spiritus,

557 5042 580 5078 (
623 5025 869 5082 dividens
893 5023 1119 5096 singulis
1148 5033 1306 5094 prout
1329 5025 1462 5079 vult.
1512 5045 1531 5078 ι

628 5115 790 5170 Scitis
814 5116 1064 5185 quoniam
1085 5131 1199 5169 cum
1221 5124 1393 5185 gentes
1419 5116 1618 5179 essetis,
1651 5123 1756 5170 etc.
1789 5112 1890 5170 llic
1944 5131 2135 5172 sensus

551 5207 785 5266 dicentis
831 5210 937 5264 hoc
981 5223 1172 5279 parum
1223 5208 1405 5264 verbis
1447 5209 1662 5264 videtur
1717 5208 1974 5280 aperire:
2011 5221 2144 5264 cun.-

553 5309 745 5375 gentes
796 5301 991 5356 essetis
1041 5313 1072 5354 a
1125 5301 1294 5370 magis
1348 5299 1430 5354 vel
1467 5300 1535 5354 ab
1575 5299 1916 5370 aruspicibus
1964 5299 2136 5354 iclolo«~

555 5405 676 5448 rum
698 5391 1061 5447 obedientiam
1087 5390 1442 5460 przestabatis,
1473 5389 1562 5459 qui
1596 5407 1691 5445 vos
1732 5391 1798 5445 ad
1847 5391 2136 5446 simulacra

556 5494 706 5539 muta
733 5491 789 5538 et
811 5492 1025 5538 mortua
1063 5480 1444 5552 perducebant.
1474 5479 1627 5534 Nunc
1649 5495 1798 5546 vero,
1831 5481 1958 5550 quia
2011 5480 2138 5534 relie

559 5573 718 5643 gione
747 5579 1019 5642 suscepta,
1045 5569 1346 5641 capacioris
1368 5583 1528 5625 sensu
1562 5585 1684 5626 esse
1709 5571 1932 5634 debetis,
1961 5570 2136 5624 liben-

557 5663 668 5716 tius
693 5662 1022 5732 acquiescite
1046 5660 1230 5726 saluti,
1253 5669 1309 5715 et
1331 5661 1632 5730 promptius
1659 5660 1875 5715 obedite
1898 5660 2135 5725 veritati,

557 5761 612 5808 et
641 5753 784 5824 quod
811 5753 865 5807 in
887 5751 1134 5807 notitiam
1166 5759 1400 5806 vestram
1436 5751 1669 5820 depono,
1707 5758 1912 5806 attenta
1959 5760 2140 5807 mente

2290 1931 2358 1984 Et
2387 1947 2536 1985 nemo
2557 1939 2725 2000 potest
2751 1930 2925 1984 dicere
2957 1930 3217 1984 Dominus
3265 1928 3446 1996 Iesus,
3494 1932 3600 1986 nisi
3625 1935 3682 1986 in
3707 1935 3810 2003 spi-

2220 2025 2326 2077 ritu
2347 2032 2548 2078 sancto.
2575 2022 2690 2078 lloc
2737 2031 2854 2090 est,
2885 2023 3002 2078 sine
3035 2039 3198 2079 causa
3247 2022 3448 2078 fatetur
3479 2023 3679 2094 aliquis
3709 2023 3811 2079 Do.

2220 2113 2427 2167 minum
2464 2111 2668 2180 Iesum,
2713 2113 2806 2184 qui
2838 2128 2944 2168 non
2974 2114 3182 2190 integre
3225 2115 3399 2170 credit
3445 2115 3503 2170 in
3550 2115 3807 2186 spiritum

2221 2215 2467 2263 sanctum
2495 2247 2509 2273 ,
2562 2205 2644 2260 vel
2684 2206 2802 2261 sine
2845 2221 3006 2262 causa
3062 2222 3185 2261 eum
3245 2208 3428 2262 verbis
3479 2207 3806 2271 conﬁtetur,

2221 2297 2314 2368 qui
2335 2295 2493 2352 factis
2518 2305 2696 2368 negat.
2726 2297 2895 2354 Docet
2932 2299 3000 2353 ad
3041 2297 3369 2364 Corinthios,
3418 2299 3526 2354 nisi
3578 2299 3634 2354 in
3686 2301 3806 2370 δρία

2223 2389 2330 2444 ritu
2359 2397 2571 2468 sancto,
2610 2390 2660 2445 id
2689 2399 2798 2457 est,
2827 2391 2882 2446 in
2925 2391 3084 2447 bonis
3112 2394 3366 2462 operibus
3418 2405 3809 2450 conversantes

2221 2479 2510 2536 Dominum
2559 2479 2744 2536 Iesum
2791 2482 2994 2550 dicant,
3044 2482 3203 2538 aliter
3252 2484 3332 2540 eis
3382 2487 3645 2556 prodesse
3700 2502 3810 2540 non

2221 2585 2404 2642 posse.

2294 2661 2583 2718 Divisiones
2614 2665 2904 2734 gratiarum
2927 2674 3067 2731 sunt,
3093 2673 3196 2720 etc.
3229 2665 3341 2722 Hoc
3361 2675 3467 2732 est,
3500 2684 3608 2723 non
3632 2669 3811 2724 solum

2224 2753 2362 2808 dona
2379 2753 2702 2825 linguarum,
2721 2755 2813 2810 sed
2841 2756 3176 2811 diversorum
3196 2757 3584 2812 charismatum
3607 2774 3812 2830 genera

2227 2843 2611 2913 dispensantur
2647 2861 2679 2899 a
2711 2845 2976 2911 Domino;
3010 2846 3098 2901 hic
3128 2848 3242 2902 vult
3269 2849 3557 2904 ostendere
3602 2852 3808 2922 gratias

2225 2931 2447 3003 spiritus
2467 2934 2641 2988 sancti
2671 2933 2872 2989 divisas
2896 2949 3036 3001 esse,
3076 2951 3184 2990 non
3217 2937 3412 3007 ipsum.

2295 3024 2364 3078 Et
2391 3024 2669 3080 divisiones
2691 3028 3132 3082 ministratidnum
3156 3039 3300 3095 sunt,
3342 3039 3447 3084 etc.
3475 3029 3684 3096 Quibus
3721 3047 3814 3088 ec-

2227 3115 2528 3171 clesiastica
2555 3117 2852 3173 ministeria
2874 3119 3266 3175 distribuuntur
3284 3131 3340 3174 ct
3357 3119 3554 3186 oﬁicia,
3568 3137 3688 3192 quae
3708 3125 3814 3180 mi-

2156 3195 2200 3259 C
2233 3207 2452 3262 eisteria
2470 3207 2524 3262 in
2538 3210 3116 3280 sequentibus,spiritu
3145 3213 3422 3277 sancto,id
3445 3223 3546 3278 est,
3571 3215 3682 3268 Deo
3698 3215 3814 3271 ᾰίεο

2228 3312 2480 3368 ponente,
2517 3302 2766 3356 ordinata
2821 3313 3209 3359 commemorat
3260 3304 3488 3359 dicens:
3533 3305 3812 3372 Quosdam

2227 3393 2440 3461 quidem
2467 3394 2646 3462 posuit
2670 3394 2721 3447 in
2755 3393 3049 3448 Ecclesiam
3075 3396 3306 3464 primum
3337 3396 3631 3465 apostolos,
3661 3398 3814 3452 dein-

2227 3482 2294 3541 de
2321 3484 2628 3553 prophetas,
2659 3493 2766 3539 etc.
2807 3483 3044 3540 Dicendo
3074 3486 3240 3551 enim,
3266 3487 3402 3541 idem
3431 3497 3613 3542 autem
3659 3487 3815 3557 spitio

2229 3580 2338 3636 tus,
2370 3573 2511 3626 idem
2541 3588 2667 3628 vero
2692 3573 2854 3640 Deus,
2885 3577 3122 3631 ostendit
3154 3591 3212 3631 se
3240 3577 3458 3631 omnino
3485 3575 3556 3631 de
3584 3576 3813 3648 spiritus

2230 3663 2399 3718 sancti
2427 3663 2706 3718 divinitate
2734 3665 3023 3721 disserere.

2300 3753 2371 3808 Et
2389 3754 2670 3809 divisiones
2698 3757 3056 3828 operationum
3081 3765 3221 3811 sunt.
3269 3752 3324 3812 Id
3351 3766 3435 3812 est
3479 3759 3682 3829 quibus
3731 3760 3813 3816 (ii-

2229 3859 2398 3898 versae
2443 3844 2672 3900 virtutes
2709 3845 3092 3914 operabantur,
3139 3847 3242 3902 hoc
3282 3855 3365 3902 est
3403 3847 3604 3912 dicere,
3667 3849 3813 3904 idem

2230 3935 2450 4004 spiritus
2474 3946 2692 3990 sanctus
2719 3935 2808 4004 qui
2832 3944 3087 4005 operatur
3108 3937 3286 3990 omnia
3315 3937 3429 3992 haec
3458 3937 3511 3990 in
3535 3939 3812 4004 omnibus,

2231 4024 2282 4078 id
2305 4033 2388 4078 est
2413 4025 2660 4080 ﬁdelibus
2689 4032 2850 4095 atque
2877 4025 3240 4080 credentibus.

2302 4112 2594 4188 Unicuique
2641 4118 2802 4172 datur
2845 4117 3239 4194 manifestatio,
3293 4125 3397 4172 etc.
3447 4117 3814 4174 Manifestatio

2232 4207 2472 4278 spiritus,
2502 4207 2554 4260 id
2579 4215 2684 4272 est,
2713 4215 2771 4262 ut
2795 4207 3168 4263 manifestetur
3208 4207 3353 4262 illum
3382 4208 3638 4278 spiritum
3693 4225 3814 4264 san-

2232 4307 2378 4354 ctum
2397 4299 2673 4369 accepisse
2697 4299 2766 4354 ad
2807 4299 3096 4354 utilitatem
3127 4299 3464 4368 salutemque
3489 4298 3810 4354 multorum.

2232 4393 2348 4448 Non
2375 4393 2520 4447 enim
2540 4409 2642 4463 pro
2667 4409 2764 4448 sua
2792 4400 3020 4457 tantum,
3079 4391 3173 4448 sed
3218 4408 3316 4463 pro
3367 4391 3611 4446 ﬁdelium
3647 4407 3812 4447 causa

2233 4484 2527 4555 gratiarum
2551 4485 2866 4539 muneribus
2895 4483 3308 4553 locupletantur.
3348 4481 3475 4537 Sive
3513 4483 3584 4538 ad
3611 4483 3816 4538 utilita-

2235 4585 2340 4628 tem
2369 4574 2788 4640 incredulornm,
2836 4583 2898 4628 ut
2941 4574 3185 4639 credant,
3229 4580 3372 4629 etut
3400 4573 3691 4628 credentes
3725 4572 3814 4627 tiro

2233 4671 2468 4717 mentur.
2495 4663 2623 4718 Sive
2655 4661 3022 4718 manifestatio
3051 4661 3296 4732 spiritus,
3320 4677 3388 4718 eo
3415 4663 3560 4731 quod
3597 4676 3700 4733 per
3719 4662 3815 4716 do-

2233 4753 2463 4809 ctrinam
2529 4754 2826 4824 Spiritalem
2889 4753 3181 4822 unicuique
3239 4753 3585 4808 manifestam
3651 4752 3814 4808 faciat

2234 4841 2621 4896 conscientiam
2653 4857 2826 4905 suam,
2865 4841 3006 4896 sicut
3062 4842 3114 4895 in
3152 4841 3614 4911 consequentibus
3657 4841 3810 4903 dicit,

2235 4931 2360 5000 quia
2388 4947 2484 5001 per
2503 4932 2874 5002 propheticum
2926 4932 3334 5002 castigationem
3375 4931 3590 4987 occulta
3632 4931 3816 4988 cordis

2237 5021 2354 5089 ejus
2402 5019 2688 5076 manifesta
2724 5021 2878 5075 ﬁunt.
2931 5021 3030 5076 Vel
3067 5021 3210 5090 quod
3239 5022 3433 5092 spiritu
3475 5021 3817 5078 illuminant!

2237 5127 2428 5168 sensus
2460 5113 2736 5167 hominum
2764 5114 3027 5182 spirituali
3067 5114 3393 5169 discretione
3417 5122 3734 5184 cognoscat.

2309 5201 2415 5258 Alii
2433 5203 2643 5275 quidem
2681 5219 2772 5272 per
2798 5205 3038 5274 spiritum
3079 5215 3315 5258 sanctum
3346 5204 3508 5258 datur
3535 5221 3708 5259 sermo
3730 5221 3816 5258 sa-

2238 5293 2466 5363 pientiae.
2508 5290 2621 5346 Hoc
2648 5301 2747 5346 est.
2778 5300 2836 5344 ut
2863 5292 3135 5361 sapienter
3155 5301 3210 5347 et
3229 5301 3370 5362 apte,
3395 5300 3450 5347 et
3478 5293 3815 5348 rationabili-

2241 5392 2324 5438 ter
2351 5385 2526 5454 possit
2571 5384 2840 5438 disserere
2869 5391 2923 5438 et
2953 5385 3168 5451 docere,
3198 5387 3340 5454 quod
3363 5385 3555 5456 gratiae
3584 5385 3818 5455 inspira-

2238 5477 2388 5531 tione
2408 5477 2672 5546 percepit.

2322 5567 2428 5622 ΑΙἰὶ
2488 5569 2698 5639 quidem
2746 5585 2916 5623 sermo
2964 5569 3215 5625 scicntia.
3275 5569 3511 5625 Scientia
3570 5577 3679 5632 est,
3729 5575 3820 5622 aut

2238 5659 2454 5730 aperire
2487 5659 2766 5731 mysteria,
2795 5669 2888 5714 aut
2919 5661 3078 5727 scire,
3127 5670 3222 5718 aut
3267 5677 3492 5718 narrare
3516 5660 3818 5727 auctet-ita,

2245 5761 2338 5807 aut
2351 5751 2542 5824 judicii
2565 5751 2744 5807 futura
2769 5754 3082 5821 praedicere.
