4026 6462
219 353 325 409 ἀει

1034 354 1548 411 COLLECTIONES
1585 352 1652 409 lN
1695 352 2069 410 EPISTOLAS
2107 353 2195 409 ET
2237 354 2649 412 EV'ANGELIA.

3389 357 3484 413 £22

294 465 466 523 Alteri
483 465 615 536 fides
636 465 690 521 in
712 464 889 522 eodem
935 466 1148 536 spiritu.
1182 466 1280 521 llic
1334 466 1466 521 tiles
1515 465 1801 535 dupliciter
1828 466 1875 527 Α
1902 464 2258 534 prospiceret,
2300 465 2353 519 in
2385 465 2472 519 die
2492 481 2607 529 sua.
2630 480 2751 536 qua:
2787 466 2855 522 ad
2899 481 3085 538 pacem
3117 468 3165 525 ei
3210 483 3330 524 esse
3380 484 3480 540 po—

216 555 565 628 intelligitur,
594 571 702 611 non
733 556 904 611 solum
930 570 1049 626 qua:
1078 556 1373 611 trinitatem
1407 555 1591 625 capaci
1640 556 1802 610 corde

212 648 509 721 percipiat,
546 647 641 701 sed
674 661 794 716 quae
815 645 1025 701 ardenti
1052 646 1385 716 perfectione
1410 646 1561 716 signa
1586 652 1641 700 et
1674 659 1803 714 pro-

214 740 366 811 digia
392 738 565 809 possit
591 738 825 809 operari,
848 738 913 793 de
945 753 1050 807 qua
1100 738 1361 794 Dominus
1406 738 1460 792 in
1508 737 1801 808 Evangelia

212 830 355 885 dicit
384 843 400 883 :
438 826 500 884 Si
522 828 807 883 habueritis
828 827 987 896 [idem
1018 828 1152 881 sicut
1174 844 1396 899 granum
1421 826 1640 898 sinapis,
1662 827 1803 880 dice-

211 919 288 973 tis
317 919 440 973 ltuic
464 918 649 984 monti,
680 925 735 972 et
768 916 867 972 rel.
914 916 1065 989 (Luc.
1104 917 1260 989 xvn).

287 1008 401 1063 Alii
423 1008 595 1079 gratia
615 1008 946 1062 curationum
990 1008 1048 1063 in
1095 1024 1199 1062 uno
1226 1007 1435 1080 spiritu.
1474 1007 1533 1063 Id
1575 1016 1677 1075 est,
1706 1021 1804 1079 per

209 1114 386 1168 quam
410 1096 641 1153 infirmis
667 1097 913 1153 conferat
935 1098 1243 1152 sanitatem.

289 1188 400 1243 Alii
420 1190 650 1261 operatio
676 1189 949 1243 virtutum.
968 1187 1074 1243 Per
1098 1204 1262 1259 quam
1288 1189 1593 1245 illuminare
1607 1204 1798 1255 cureos,

210 1279 474 1336 obsessos
496 1279 794 1345 absolvere,
828 1287 1072 1336 mortuos
1105 1280 1283 1337 valeat
1304 1282 1589 1337 suscitare.

290 1370 401 1425 Alii
442 1371 735 1441 prophetia.
780 1370 884 1425 Per
933 1386 1099 1441 quam
1148 1370 1374 1427 moralia
1412 1372 1569 1427 docet
1600 1369 1685 1425 vel
1731 1368 1800 1425 de

209 1462 592 1519 retributionis
614 1462 701 1518 die
726 1472 819 1518 aut
856 1463 1180 1519 mentuenda
1206 1474 1301 1518 aut
1344 1463 1609 1534 speranda
1665 1477 1803 1533 prte-

212 1552 390 1607 dicat.

291 1641 402 1695 Alii
422 1642 667 1696 discretio
694 1642 992 1713 spirituum.
1019 1642 1075 1697 Id
1105 1650 1205 1706 est,
1233 1650 1293 1696 ut
1315 1643 1492 1714 qualis
1520 1645 1802 1714 unusquis-

211 1747 330 1802 que
355 1732 575 1801 spiritus
594 1733 795 1799 veniat,
823 1733 908 1788 vel
934 1732 1063 1802 quid
1106 1749 1172 1787 ex
1197 1733 1329 1799 Deo,
1357 1735 1484 1805 quid
1512 1752 1579 1790 ex
1609 1737 1801 1791 adver-

1904 563 2083 608 terant
2112 555 2367 610 habebat.
2399 555 2551 610 Nunc
2572 565 2750 611 autem
2772 559 3085 614 abscondita
3109 566 3235 614 sunt
3257 559 3326 614 ab
3349 574 3478 615 ocu-

1901 644 1967 700 lis
1996 646 2120 699 tuis.
2156 644 2213 699 Si
2249 645 2394 699 enim
2425 661 2455 699 a
2484 646 2665 701 cordis
2704 652 2821 715 ejus
2846 648 3016 704 oculis
3064 649 3204 703 mala
3233 664 3351 719 qum
3381 651 3482 705 im-

1901 735 2170 789 minerent
2198 735 2512 791 abscondita
2535 750 2642 791 non
2665 744 2866 802 essent,
2895 737 3017 793 laeta
3041 739 3096 793 in
3122 739 3480 808 prtesentibus

1900 828 2176 897 prosperis
2203 843 2310 882 non
2351 827 2561 883 fuisset.

1973 915 2111 982 Quia
2130 916 2333 971 venient
2360 917 2470 971 dies
2497 918 2641 982 inte,
2680 925 2729 971 et
2766 917 3159 975 circumdabant
3188 930 3236 975 te
3258 920 3480 989 inimici,

1900 1013 2007 1062 etc.
2035 1007 2163 1062 Haec
2185 1008 2369 1062 omnia
2395 1024 2425 1062 a
2453 1008 2781 1078 Vespasiano
2825 1017 2882 1063 et
2926 1009 3048 1064 Tito
3097 1011 3256 1076 faeta,
3304 1013 3483 1070 nullus

1902 1097 1994 1166 qui
2043 1097 2329 1152 historiam
2372 1098 2669 1153 eversionis
2715 1096 2955 1167 ejusdem
3008 1100 3248 1156 civitatis
3305 1103 3480 1173 legit,

1901 1188 2133 1259 ignorat.

1968 1278 2038 1333 Et
2078 1296 2183 1333 non
2203 1278 2493 1352 relinquent
2535 1282 2593 1336 in
2638 1291 2688 1336 te
2716 1280 2962 1354 lapidem.
3012 1289 3116 1337 etc.
3148 1282 3273 1339 Hice
3315 1285 3483 1340 etiam

1899 1369 2014 1441 ipsa
2062 1370 2177 1439 jam
2202 1370 2444 1440 ejusdem
2486 1374 2723 1454 pivitatis
2776 1373 3179 1443 transmigratio
3227 1382 3477 1440 testatur,

1898 1460 1992 1530 qui
2024 1460 2149 1515 dum
2180 1477 2323 1516 nunc
2352 1462 2406 1515 in
2431 1477 2497 1517 eo
2520 1463 2639 1518 loco
2668 1471 2980 1518 constructa
3014 1472 3119 1529 est,
3174 1464 3263 1519 ubi
3326 1473 3483 1518 extra

1896 1557 2112 1620 portam
2146 1550 2324 1605 fuerat
2347 1552 2599 1607 dominus
2639 1553 2953 1618 crucifixus,
2984 1554 3133 1622 prior
3165 1553 3253 1608 illa
3290 1553 3484 1608 Hieru-

1899 1641 2089 1707 salem,
2150 1651 2209 1696 ut
2238 1644 2455 1708 dicitur,
2487 1642 2726 1699 funditus
2768 1652 2854 1699 est
2901 1660 3113 1709 eversa,
3154 1645 3239 1700 cui
3279 1660 3347 1699 ex
3376 1659 3480 1714 qua

1898 1732 2056 1803 culpa
2119 1734 2418 1789 eversionis
2483 1750 2594 1789 sua:
2641 1749 2801 1805 petua
2854 1734 3019 1791 fuerit
3068 1736 3216 1791 illata
3261 1734 3485 1805 subjun-

211 1823 367 1878 sario
394 1824 446 1878 in
468 1824 745 1879 hominum
771 1825 982 1880 actione
1003 1832 1270 1892 versetur,
1311 1825 1562 1896 prudenti
1588 1827 1798 1883 exami-
1826 1811 1874 1872 Β
1901 1823 2067 1895 gitur.

212 1916 441 1971 natione
467 1916 740 1970 discutiat.

288 2006 396 2060 Alii
425 2007 782 2079 interpretatio
836 2024 1157 2063 sermonum.
1208 2007 1266 2061 ld
1312 2014 1414 2071 est,
1453 2005 1578 2077 quia
1635 2005 1800 2062 altius

215 2096 565 2166 interpretari
604 2105 836 2167 poterat,
865 2112 985 2167 qua:
1031 2097 1322 2168 peregrino
1365 2110 1620 2153 sermone
1661 2096 1800 2153 alius

215 2188 557 2259 loquebatur.

288 2277 420 2332 Htrc
448 2264 622 2332 omnia
648 2286 895 2349 operatur
935 2295 1094 2343 unus,
1123 2285 1230 2332 etc.
1292 2277 1394 2332 Hic
1444 2276 1691 2332 ostendit
1739 2292 1802 2333 se

213 2370 468 2440 superius
493 2377 663 2424 totum
690 2369 756 2424 de
780 2369 950 2424 sancti
974 2369 1195 2438 spiritus
1239 2368 1559 2423 disseruisse
1584 2368 1801 2422 virtuti-

211 2461 343 2527 bus,
367 2472 423 2515 et
444 2461 617 2531 ipsum
650 2458 765 2531 jugi
812 2474 1061 2515 sermone
1101 2458 1273 2514 Deum
1327 2474 1386 2515 se
1412 2466 1468 2514 et
1512 2458 1798 2514 Dominum

210 2553 565 2624 praedicasse.

286 2641 539 2696 Diridens
576 2639 799 2713 singulis
849 2650 1006 2712 prout
1050 2640 1177 2695 vult.
1225 2639 1481 2695 Dividens
1518 2654 1626 2694 non
1684 2640 1801 2709 ipse

216 2734 440 2799 divisus,
473 2733 767 2788 divisiones
800 2747 931 2788 vero
959 2731 1117 2787 dicta:
1163 2741 1311 2797 sunt,
1358 2733 1500 2786 sicut
1528 2731 1800 2786 membro-

217 2840 340 2879 rum
366 2824 420 2878 in
447 2837 694 2894 corpore,
748 2823 871 2892 quia
927 2838 1034 2877 non
1085 2821 1225 2877 idem
1254 2822 1437 2877 valent
1463 2836 1625 2877 aures
1653 2821 1798 2889 quod

215 2914 382 2981 oculi,
432 2922 596 2984 atque
645 2914 719 2968 ita
767 2914 1008 2969 membra
1073 2922 1268 2968 caetera
1328 2912 1559 2968 diversis
1606 2910 1796 2967 olliciis

215 3015 379 3075 atque
415 3004 759 3061 concorditer
783 3006 1091 3060 distributa.
1123 3004 1255 3071 Quae
1298 3011 1501 3068 tamen,
1530 3018 1652 3058 cum
1676 3002 1795 3057 sani

215 3113 427 3163 sumus,
468 3113 576 3152 una
614 3112 765 3168 atque
814 3098 1048 3162 diversa,
1099 3112 1200 3151 nec
1229 3096 1355 3151 alibi
1389 3095 1612 3165 majore,
1664 3094 1793 3150 alibi

1973 1916 2056 1970 Eo
2080 1917 2219 1989 quod
2244 1932 2347 1971 non
2369 1918 2688 1987 cognoveris,
2715 1926 2822 1973 etc.
2845 1916 3072 1972 Creator
3117 1917 3314 1988 quippe
3362 1932 3480 1972 om-

1900 2006 2051 2061 nium
2095 2023 2190 2078 per
2218 2008 2606 2063 incarnationis
2636 2024 2747 2063 sure
2780 2008 3101 2079 mysterium
3144 2010 3285 2063 hanc
3345 2008 3479 2062 visi-

1901 2105 2019 2153 tare
2041 2098 2290 2168 dignatus
2336 2106 2438 2163 est,
2478 2099 2572 2153 sed
2601 2098 2717 2169 ipsa
2766 2098 2978 2153 timoris
3004 2106 3060 2152 et
3086 2097 3289 2152 amoris
3336 2097 3479 2152 illius

1902 2189 2189 2244 recordata
2216 2203 2324 2243 non
2345 2197 2446 2243 est.
2824 2202 2827 2205 '

1972 2279 2041 2334 Et
2061 2280 2322 2350 ingressus
2342 2279 2613 2350 templum.
2626 2288 2732 2336 etc.
2748 2279 2851 2347 Qui
2874 2280 3020 2335 enim
3033 2277 3274 2333 narravit
3298 2276 3478 2331 futura

1901 2369 2046 2424 mala
2096 2376 2343 2431 ventura,
2377 2377 2432 2422 et
2474 2369 2721 2437 protinus
2772 2368 3028 2438 templ-um
3072 2369 3348 2438 ingressus
3376 2378 3480 2429 est,

1898 2468 1962 2517 ut
1987 2460 2055 2516 de
2101 2459 2193 2514 illo
2222 2458 2517 2513 vendentes
2571 2467 2626 2513 et
2671 2469 2913 2514 ementes
2964 2456 3200 2526 ejiceret,
3238 2455 3484 2527 profecto

1899 2549 2153 2615 innotuit,
2192 2548 2319 2619 quia
2346 2548 2500 2602 ruina
2531 2548 2974 2618 populi'maxime
2993 2563 3060 2602 ex
3087 2547 3243 2617 culpa
3293 2561 3480 2601 sacer-

1901 2640 2087 2695 dotum
2117 2638 2239 2693 fuit.
2268 2638 2470 2694 Domus
2482 2654 2611 2709 ergo
2632 2640 2896 2694 orationis
2925 2639 3183 2710 spelunca
3203 2637 3477 2692 latronum

1898 2732 2040 2786 facta
2072 2730 2267 2796 fuerat,
2285 2733 2379 2801 qui
2402 2732 2470 2786 ad
2494 2734 2597 2787 hoc
2620 2732 2673 2786 in
2699 2731 2898 2802 templo
2917 2731 3173 2786 assistere
3194 2735 3477 2789 noverant,

1897 2829 1959 2875 ut
1991 2828 2087 2875 aut
2132 2835 2238 2875 non
2270 2821 2461 2876 dantes
2506 2834 2732 2875 munera
2780 2822 3091 2886 studerent,
3123 2816 3482 2889 corporaliter

1897 2910 2173 2980 persequi,
2204 2919 2298 2965 aut
2326 2911 2516 2967 dantes
2554 2910 2909 2981 spiritualiter
2934 2924 3152 2965 necare.

1977 3000 2171 3056 Videas
2198 3003 2337 3056 enim
2374 3003 2665 3067 civitatem,
2706 3010 2812 3057 etc.
2844 3002 2958 3057 Hoc
3002 3001 3171 3058 semel
3209 3001 3320 3072 egit
3356 3015 3480 3057 cum

1901 3092 2198 3161 perituram
2262 3093 2536 3148 civitatem
2589 3107 2710 3149 esse
2743 3092 3030 3147 nuntiavit.
3079 3091 3194 3147 lloc
3242 3091 3483 3161 quotidie

214 3189 445 3255 minore,
463 3190 555 3244 sed
582 3205 705 3245 cum
730 3190 1019 3244 sintunum
1036 3204 1250 3259 corpus,
1269 3188 1540 3243 communi
1557 3195 1612 3242 et
1633 3186 1792 3257 parili
1821 3162 1866 3224 (ἶ
1898 3184 2205 3253 redemptor
2229 3192 2413 3240 noster
2438 3201 2536 3255 per
2569 3185 2770 3242 electos
2799 3200 2925 3241 suos
2949 3200 3109 3255 agere
3140 3200 3245 3239 non
3274 3194 3477 3250 cessat,

215 3281 390 3337 salute
434 3281 795 3353 congaudent.

590 3390 926 3431 EVANGELlUH
951 3388 1122 3440 LUC/ﬁ,
1150 3388 1267 3428 CAP.
1293 3387 1406 3427 XIX.

297 3491 317 3525 ι
358 3473 491 3529 Cum
525 3473 987 3544 appropinquaret
1015 3470 1173 3525 Jesus
1194 3466 1556 3533 liiemsalem,
1608 3467 1798 3521 videns

220 3583 240 3615 ι
288 3564 591 3638 civitatem,
648 3562 793 3617 flevit
845 3577 1007 3631 super
1061 3560 1206 3616 illam
1254 3560 1442 3615 dicens
1499 3575 1513 3612 :
1568 3556 1704 3624 Quia
1749 3555 1797 3612 si

219 3673 239 3707 ι
286 3656 629 3725 cognovisses
653 3663 709 3707 et
731 3662 807 3720 tu,
836 3660 891 3708 et
910 3654 1127 3722 quidem
1157 3652 1211 3707 in
1249 3651 1352 3705 hac
1380 3651 1467 3705 die
1516 3656 1627 3715 tua,
1677 3663 1797 3718 qua:

219 3765 240 3797 ς
287 3746 354 3801 ad
378 3762 567 3816 pacem
594 3745 712 3808 tibi,
759 3759 905 3799 nunc
957 3751 1138 3798 autem
1185 3742 1497 3797 abscondita
1554 3748 1681 3795 sunt
1727 3741 1795 3796 ab

217 3852 237 3887 ι
283 3834 458 3889 oculis
481 3834 607 3897 tuis,
635 3834 760 3903 quia
791 3833 1010 3888 venient
1036 3833 1151 3887 dies
1176 3832 1229 3887 in
1261 3840 1334 3899 te,
1392 3838 1448 3885 et
1491 3830 1796 3885 circumda-

219 3943 239 3976 α
284 3926 420 3993 bunt
460 3932 513 3979 te
553 3924 759 3979 inimici
791 3924 868 3978 tui
893 3922 1053 3990 vallo,
1081 3931 1135 3978 et
1186 3921 1600 3977 circumdabunt
1647 3929 1697 3976 te
1742 3927 1796 3975 et

215 4036 237 4068 ι
281 4015 711 4088 coangustabunt
732 4023 783 4071 te
811 4016 1071 4085 undique,
1101 4024 1157 4069 et
1183 4015 1254 4069 ad
1300 4022 1502 4069 terram
1549 4021 1795 4083 proster-

218 4125 239 4159 ι
284 4115 416 4161 nent
453 4115 525 4172 te,
555 4114 611 4161 et
644 4106 780 4161 filios
806 4114 927 4161 tuos
955 4107 1125 4176 quiin
1164 4115 1219 4160 te
1268 4114 1413 4159 sunt.
1457 4104 1523 4158 Et
1553 4120 1659 4159 non
1703 4118 1792 4158 re-

214 4216 239 4253 s
280 4199 527 4269 linquent
555 4200 611 4254 in
665 4208 717 4255 te
749 4198 982 4270 lapidem
1027 4213 1189 4267 super
1236 4195 1492 4266 lapidem,
1542 4210 1607 4249 eo
1652 4193 1795 4263 quod

215 4310 240 4347 ι
285 4308 393 4347 non
420 4293 736 4362 cognoveris
766 4300 975 4361 tempus
996 4288 1321 4343 visitationis
1350 4295 1475 4341 tuae.
1501 4286 1567 4341 Et
1586 4286 1795 4354 ingres-

217 4402 239 4438 ι
282 4400 374 4441 sus
403 4384 459 4438 in
489 4383 769 4453 templum,
809 4383 974 4452 coepit
1025 4381 1225 4450 ejicere
1261 4377 1555 4433 vendentes
1602 4376 1657 4429 in
1704 4374 1794 4428 illo

216 4493 237 4527 ι
283 4484 340 4531 et
362 4481 623 4540 ementes,
654 4474 839 4529 dicens
865 4472 971 4528 illis
1010 4489 1024 4525 :
1058 4471 1330 4540 Scriptum
1374 4475 1479 4533 est,
1521 4466 1646 4537 quia
1700 4467 1795 4521 do-

217 4584 238 4618 ‹
286 4580 408 4619 mus
428 4578 546 4619 mea
577 4564 769 4619 domus
791 4562 1054 4618 orationis
1098 4570 1215 4625 est;
1253 4576 1349 4615 vos
1376 4569 1556 4613 autem
1579 4557 1791 4612 fecistis

217 4678 236 4709 ς
284 4657 430 4711 illam
467 4656 777 4726 speluncam
832 4655 1123 4710 latronum.
1157 4653 1224 4707 Et
1259 4661 1375 4707 erat
1412 4651 1611 4705 docens
1653 4664 1787 4719 quo-

218 4769 237 4802 s
286 4750 413 4805 tidic
456 4751 509 4805 in
548 4749 766 4821 templo.
806 4770 824 4803 ι

298 4841 432 4896 Cum
484 4844 919 4913 appropinquaret
970 4838 1127 4894 Iesus
1177 4836 1557 4904 Hierusalem,
1614 4838 1788 4893 ridens

212 4934 495 4999 civitatem,
518 4934 656 5004 flevit
672 4948 828 5003 super
853 4930 1019 4984 illam.
1048 4930 1149 5002 (lix
1178 4929 1362 5000 Beda.)
1388 4928 1559 4982 Flevit
1584 4928 1785 4983 ctenim

210 5023 334 5095 pius
357 5023 664 5093 redemptor
688 5021 1093 5077 subversionem
1122 5019 1337 5089 perfida:
1363 5019 1624 5083 civitatis,
1670 5034 1792 5088 qua:

213 5129 246 5169 a
301 5114 627 5185 Vespasiano
676 5120 731 5168 et
783 5111 906 5168 Tito
959 5109 1217 5167 Romanis
1261 5108 1596 5180 principibus
1646 5108 1790 5164 facta

211 5211 297 5258 est
329 5202 401 5257 ei.

282 5294 498 5361 Dicens,
527 5293 650 5365 quia
673 5293 719 5347 si
747 5291 1068 5363 cognorisses
1100 5299 1149 5345 et
1190 5298 1268 5343 tu.
1322 5287 1564 5344 Subaudi
1609 5287 1786 5355 ﬂeres,

210 5403 335 5459 qua:
351 5387 529 5453 modo,
545 5386 670 5456 quia
697 5384 873 5440 nescis
893 5383 1036 5455 quod
1056 5381 1319 5448 imminet,
1333 5380 1595 5435 exsultas.
1614 5380 1787 5436 Ruina

218 5479 371 5533 enim
394 5494 512 5548 qum
558 5478 632 5533 illi
653 5476 986 5542 imminebat,
1031 5476 1145 5545 ipsa
1192 5475 1295 5529 sibi
1331 5475 1546 5540 civitas,
1593 5474 1648 5529 id
1687 5482 1790 5541 est,

217 5568 340 5639 ipsa
375 5568 524 5639 plebs
562 5566 799 5623 civitatis
845 5565 1148 5636 ignorabat.

286 5658 355 5712 Et
394 5659 604 5730 quidem
640 5657 692 5712 in
717 5658 815 5711 hac
854 5656 961 5721 die,
1013 5671 1130 5727 qua:
1159 5654 1228 5709 ad
1265 5670 1442 5725 pacem
1481 5653 1593 5708 tibi.
1656 5651 1790 5707 Cum

215 5748 362 5803 enim
393 5749 572 5805 carnis
598 5764 655 5805 se
678 5748 1038 5819 voluptatibus
1066 5748 1237 5815 daret,
1265 5754 1491 5803 ventura
1516 5744 1653 5799 mala
1684 5759 1792 5800 non

1896 3289 2018 3328 cum
2045 3274 2307 3344 quosdam
2337 3292 2404 3330 ex
2448 3276 2589 3331 bona
2617 3278 2725 3331 vita
2755 3277 2824 3331 ad
2852 3291 3034 3331 mores
3066 3275 3327 3345 reprobos
3352 3290 3479 3344 pcr-

1894 3362 2109 3418 venisse
2160 3364 2486 3418 considerat.
2541 3363 2757 3434 Plangit
2810 3380 2905 3419 eos
2945 3363 3039 3434 qui
3094 3364 3344 3419 nesciunt
3378 3378 3480 3417 cur

1894 3452 2236 3524 plangantur,
2270 3454 2379 3525 qui,
2424 3452 2580 3522 juxta
2631 3453 2937 3509 Salomonis
2982 3454 3170 3519 verba,
3222 3453 3478 3510 lwtantur

1895 3558 2013 3598 cum
2030 3544 2168 3598 male
2186 3543 2402 3613 fecerint
2427 3554 2474 3598 et
2499 3544 2761 3600 exsultant
2785 3546 2840 3599 in
2860 3545 3012 3601 rebus
3032 3546 3269 3632 pessimis
3293 3543 3477 3617 (Prov.

1896 3633 1980 3707 ιι).
2019 3634 2121 3702 Qui
2166 3636 2211 3691 si
2257 3636 2664 3691 damnationem
2715 3651 2889 3702 suam,
2938 3652 3058 3708 quae
3106 3637 3187 3692 eis
3234 3636 3479 3691 imminet

1895 3725 2273 3795 agnovissent,
2325 3726 2642 3796 semetipsos
2690 3740 2815 3779 cum
2869 3725 3125 3798 lacrymis
3172 3725 3470 3782 electorum

1893 3815 2182 3887 plangeren
2193 3823 2231 3871 t.

1964 3907 2034 3962 Et
2055 3910 2266 3980 quidem
2290 3910 2346 3964 in
2375 3910 2474 3964 hac
2495 3908 2581 3963 die
2603 3918 2720 3976 tua,
2741 3926 2858 3981 qua:
2877 3910 2946 3964 ad
2970 3927 3150 3982 pacem
3168 3911 3281 3965 tibi.
3308 3909 3474 3966 Suam

1893 3998 1982 4055 hic
2007 4001 2147 4055 diem
2173 4001 2338 4055 habet
2361 4001 2539 4055 anima
2562 4017 2843 4071 perversa,
2866 4018 2987 4072 qua:
3015 4002 3331 4057 transitorio
3351 4018 3476 4074 gau-

1895 4091 1984 4145 det
2010 4091 2064 4145 in
2088 4099 2350 4160 tempore,
2383 4092 2471 4146 cui
2509 4107 2573 4146 ca
2624 4107 2744 4160 quae
2786 4091 2983 4146 adsunt
3012 4093 3080 4146 ad
3109 4106 3298 4161 pacem
3327 4100 3471 4145 sunt.

1895 4181 2032 4249 Quia
2062 4181 2189 4236 dum
2216 4197 2283 4237 ex
2326 4182 2487 4236 rebus
2516 4181 2905 4252 temporalibus
2938 4182 3174 4244 hctatur,
3203 4181 3330 4235 dum
3370 4180 3471 4235 ho-

1894 4271 2118 4324 noribus
2141 4270 2433 4334 extollitur,
2459 4271 2587 4324 dum
2632 4271 2687 4325 in
2734 4270 2915 4325 carnis
2946 4268 3221 4339 voluptate
3248 4268 3473 4326 resolvi-

1896 4367 2017 4423 tur,‘
2045 4358 2172 4412 dum
2220 4359 2364 4414 nulla
2396 4368 2635 4415 venturae
2664 4374 2837 4431 poena:
2884 4359 3173 4416 formidine
3216 4369 3473 4429 terretur,

1895 4463 2079 4519 pacem
2103 4450 2266 4506 habet
2293 4450 2349 4504 in
2374 4451 2461 4505 die
2480 4466 2596 4515 sua,
2620 4467 2740 4521 qua:
2767 4466 2947 4521 gravas
2979 4450 3338 4506 damnationis
3364 4466 3473 4507 sua:

1894 4538 2207 4595 scandalum
2236 4540 2289 4593 in
2314 4540 2400 4595 die
2422 4540 2638 4595 habebit
2661 4540 2856 4596 aliena.
2888 4539 2966 4596 lbi
2992 4541 3139 4596 cnim
3190 4539 3469 4613 aﬂligenda

1889 4643 1992 4701 est,
2023 4635 2113 4690 ubi
2134 4634 2267 4705 justi
2298 4634 2642 4690 ltetabuntur.

1963 4746 2121 4801 Nunc
2145 4757 2319 4801 autem
2356 4748 2661 4801 abscondita
2693 4755 2814 4801 sunt
2861 4747 2925 4801 ab
2953 4747 3117 4803 oculis
3170 4744 3303 4805 tuis.‘
3344 4749 3473 4805 Per-

1890 4854 2045 4894 versa
2076 4840 2273 4910 quippe
2319 4840 2497 4893 anima
2535 4841 2699 4894 rebus
2759 4840 3117 4910 praesentibus
3167 4842 3365 4906 dedita,
3415 4842 3469 4897 in

1893 4928 2125 4982 terrenis
2161 4927 2520 4997 voluptatibus
2564 4927 2824 4993 resoluta,
2858 4929 3143 4985 abscondit
3170 4931 3270 4987 sibi
3327 4932 3469 4987 mala

1893 5022 2191 5090 sequentia,
2235 5021 2359 5089 quia
2390 5019 2687 5090 prmvidcre
2717 5020 2895 5075 futura
2928 5020 3142 5092 refugit,
3180 5038 3301 5093 qum
3332 5040 3471 5093 pra:-

1895 5121 2103 5167 sentem
2140 5111 2380 5165 lanitium
2420 5110 2757 5179 perturbent,
2801 5110 2930 5165 dum
2957 5127 3076 5183 qua:
3102 5112 3156 5166 in
3186 5112 3468 5184 praesentis

1892 5203 2016 5257 vita:
2060 5202 2414 5256 oblectatione
2475 5202 2696 5266 deserit,
2742 5202 2870 5273 quid
2895 5203 3039 5258 aliud
3069 5219 3230 5273 quam
3269 5203 3468 5259 clausis

1891 5293 2063 5348 oculis
2082 5292 2148 5347 ad
2173 5292 2348 5362 ignem
2375 5293 2539 5347 vadit.
3442 5306 3447 5311 ‘

1964 5386 2103 5451 Quid
2127 5386 2327 5441 venient
2366 5385 2476 5440 dies
2500 5386 2554 5440 in
2583 5394 2654 5452 te,
2683 5396 2733 5441 et
2758 5386 3154 5441 ctrcumdabunt
3193 5393 3241 5439 te
3266 5385 3468 5444 inimici

1891 5475 1969 5529 tui
1997 5474 2156 5529 vallo.
2188 5473 2288 5541 Qui
2317 5489 2554 5545 unquam
2582 5477 2979 5543 sunthumanm
3007 5474 3204 5529 anima:
3231 5474 3465 5543 majores

1892 5565 2096 5621 inimici
2117 5578 2303 5633 'quam
2338 5565 2554 5635 maligni
2607 5565 2850 5635 spiritus,
2892 5564 2982 5633 qui
3010 5563 3150 5618 hanc
3181 5578 3209 5618 a
3238 5580 3465 5635 corpore

1892 5662 2179 5709 exeuntem
2222 5654 2491 5719 obsident,
2517 5668 2678 5722 quam
2715 5652 2767 5704 in
2809 5651 2992 5706 carnis
3020 5666 3205 5708 amore
3229 5655 3460 5724 positam

1892 5743 2220 5815 deceptoriis
2250 5727 2699 5800 delectationibus
2740 5739 2940 5810 fovent,
2973 5754 3135 5811 quam
3171 5742 3314 5800 vallo
3356 5742 3464 5798 cir-
