4026 6460
563 337 669 395 423

1845 324 2195 384 SMARAGDI
2232 322 2521 381 ABBATIS

3717 319 3824 376 ω

565 457 836 514 cumuant,
878 446 971 518 qui
1012 452 1137 500 ante
1174 444 1371 499 mentis
1396 443 1514 514 ejus
1539 411 1736 515 :oculos
1756 440 1994 495 reductis
2024 438 2129 493 ini-
2158 439 2211 500 Λ
2237 436 2289 490 in
2316 450 2409 490 eos
2431 435 2524 505 qui
2545 434 2597 489 in
2626 434 2771 490 nullo
2794 435 2869 491 rei
2894 443 3037 501 sunt,
3052 433 3289 490 lusionis
3310 428 3537 506 'gladios
3559 434 3818 507 deﬁgunt.

563 539 859 610 quitatihus
877 551 1009 607 quas
1034 533 1388 605 perpetravit,
1426 533 1566 587 hanc
1588 531 1654 585 ad
1680 530 1997 585 societatem
2025 543 2137 582 sua:

564 627 925 686 damnationis
957 625 1230 679 trahentes
1279 629 1574 677 coarctant.

634 714 1042 774 Circumdabunt
1069 722 1118 766 te
1151 721 1200 766 et
1245 710 1655 781 coangustabunt
1682 717 1731 763 te
1755 706 2003 779 undique.
2027 704 2145 761 Ma-_

562 809 696 883 ligni
743 807 939 878 quippe
994 803 1218 875 spiritus
1265 803 1503 871 undique
1556 800 1789 857 animam
1825 804 2135 869 angustant,

563 898 776 970 quando
819 898 868 951 ei
898 909 1004 950 non
1049 894 1220 949 solum
1246 893 1449 962 operis,
1480 891 1577 946 sed
1619 891 1786 967 etiam
1828 887 2134 951 locutionis,

563 996 726 1058 atque
752 987 973 1055 insuper
1010 982 1354 1054 cogitationis
1399 980 1714 1050 iniquitates
1758 978 2044 1048 replicant,
2079 983 2141 1031 ut

562 1095 683 1150 qua:
702 1079 855 1150 prius
876 1093 935 1132 se
958 1090 1056 1146 per
1078 1073 1247 1130 multa
1268 1072 1513 1128 dilatavit
1537 1072 1590 1125 in
1614 1070 1844 1135 scelere,
1862 1069 1932 1123 ad
1958 1077 2139 1125 exue.

560 1187 709 1229 mum
738 1170 805 1225 de
830 1168 1081 1223 omnibus
1108 1173 1427 1237 angustetur
1453 1164 1510 1219 in
1538 1163 1911 1218 retributione.

634 1264 704 1318 Et
731 1263 802 1317 ad
839 1272 1032 1316 terram
1066 1268 1395 1315 consternent
1432 1268 1502 1323 te,
1557 1266 1606 1311 et
1632 1256 1770 1326 ﬁlios
1793 1265 1911 1310 tuos
1947 1253 2037 1326 qui
2082 1254 2138 1309 in

561 1363 612 1408 te
637 1362 776 1407 sunt.
808 1351 960 1406 Tunc
984 1351 1162 1407 anima
1186 1365 1283 1421 per
1315 1350 1694 1420 cogitationem
1723 1357 1909 1403 reatus
1936 1347 2019 1403 sui
2069 1347 2138 1402 ad

563 1452 763 1497 terram
804 1441 1187 1505 consternitur,
1237 1455 1362 1495 cum
1408 1454 1534 1493 caro
1560 1455 1723 1509 quam
1759 1439 1928 1493 vitam
1979 1452 2135 1493 suam

561 1530 809 1595 credidit,
838 1530 1013 1583 redire
1039 1529 1108 1584 ad
1131 1528 1409 1600 pulverem
1435 1536 1675 1600 urgetur.
1706 1528 1858 1583 Tunc
1884 1528 1940 1582 in
1991 1542 2139 1583 mor-

562 1628 672 1676 tem
700 1619 811 1675 .ﬁlii
867 1620 1010 1675 illius
1060 1621 1282 1687 cadunt,
1330 1635 1454 1676 cum
1517 1620 1869 1691 cogitationes
1916 1619 2134 1685 illicitae,

560 1712 861 1785 quae-modo
884 1729 951 1768 ex
974 1714 1065 1768 illa
1089 1713 1376 1784 prodeunt,
1407 1713 1461 1767 in
1495 1720 1738 1768 extrema
1763 1712 1886 1766 vitae
1932 1711 2136 1766 ultione

561 1807 894 1877 dissipantur
917 1826 930 1861 :
970 1802 1121 1861 Sicut
1143 1805 1402 1875 scriptum
1425 1813 1509 1860 est
1533 1823 1545 1858 :
1578 1803 1645 1857 In
1670 1802 1764 1857 illa
1787 1803 1872 1857 die
1893 1803 2136 1874 peribunt
2164 1799 2214 1862 B

561 1916 739 1954 omnes
784 1898 1123 1969 cogitationes
1168 1912 1348 1952 eorum
1378 1894 1551 1967 (Psal.
1579 1892 1759 1966 θην).
1790 1893 1919 1962 Quae
1938 1893 2146 1949 scilicet

561 1989 710 2043 dura:
737 1988 1093 2059 cogitationes
1120 1985 1344 2057 intelligi
1374 1984 1537 2040 etiam
1561 2000 1660 2056 per
1683 1984 1950 2056 lapideam
1973 1984 2142 2056 signi-

561 2076 866 2132 ﬂcationem
907 2076 1110 2131 valent.

630 2166 699 2219 Et
737 2182 842 2220 non
899 2164 1187 2236 relinquent
1217 2165 1271 2218 in
1319 2171 1368 2218 te
1414 2163 1643 2235 lapidem
1684 2180 1842 2235 super
1887 2163 2137 2235 lapidem.

558 2252 819 2309 Perversa
872 2253 1073 2308 etenim
1121 2267 1276 2307 mens
1326 2268 1451 2307 cum
1498 2267 1764 2321 perversa:
1806 2242 2137 2323 cogitationi

562 2347 739 2401 adhuc
760 2345 1152 2416 pervcrsiorem
1171 2344 1377 2414 adjicit,
1406 2346 1536 2416 quid
1556 2345 1699 2400 aliud
1720 2360 1880 2414 quam
1907 2343 2140 2415 lapidem

559 2449 722 2505 super
745 2434 976 2505 lapidem
1004 2435 1156 2505 ponit
1185 2448 1200 2488 :
1237 2436 1332 2490 sed
1353 2435 1404 2490 in
1429 2437 1702 2490 destructa
1730 2435 1952 2491 civitate
1977 2447 2140 2503 super

560 2526 790 2598 lapidem
841 2525 978 2596 lapis
1031 2540 1138 2581 non
1168 2525 1526 2595 relinquetur,
1574 2526 1702 2595 quia
1731 2540 1853 2580 cum
1882 2525 1949 2579 ad
1977 2524 2140 2579 ultio-

558 2632 682 2672 nem
708 2631 861 2672 suam
884 2617 1063 2670 anima
1092 2616 1327 2680 ducitur,
1343 2616 1521 2672 omnis
1546 2616 1614 2671 ab
1640 2615 1729 2671 illa
1752 2615 2139 2685 cogitationum

560 2721 780 2761 suarum
800 2704 1133 2760 constructio
1160 2703 1475 2774 dissipatur.

627 2794 708 2847 Eo
747 2793 890 2864 quod
928 2809 1030 2847 non
1061 2794 1359 2863 cognoveris
1395 2800 1596 2862 tempus
1645 2791 1959 2849 uisitationis
2008 2800 2132 2849 tute.

559 2884 790 2939 Pravam
828 2897 1097 2953 quamque
1130 2883 1364 2937 animam
1411 2882 1753 2952 omnipotens
1797 2882 1940 2937 Deus
1965 2882 2141 2938 modis

2240 526 2390 581 Mens
2427 526 2572 581 enim
2603 525 2866 593 ﬁdelium,
2907 542 3012 582 non
3047 524 3160 596 jam
3187 526 3381 585 domus
3410 527 3699 594 orationis,
3728 531 3822 586 sed

2238 613 2493 681 spelunca
2541 612 2771 669 latronis
2800 622 2904 680 est,
2936 614 3154 684 quando
3180 613 3367 669 relicta
3413 614 3725 671 innocentia
3768 627 3821 673 et

2237 702 2584 772 simplicitate
2627 703 2954 770 sanctitatis,
3002 703 3133 759 illud
3181 714 3412 760 conatur
3444 719 3627 777 agere,
3684 709 3822 764 unde

2237 793 2415 849 valeat
2426 794 2688 864 proximis
2713 810 2945 859 nocere;
2964 795 3057 851 sed
3072 796 3199 866 quia
3220 808 3409 852 contra
3431 813 3692 869 perversa
3713 801 3824 857 haec

2237 885 2416 939 omnia
2446 886 2626 941 verbis
2658 887 3015 957 redemptoris
3039 888 3211 942 nostri
3240 904 3339 958 per
3384 904 3572 945 sacras
3601 893 3825 963 paginas

2239 973 2609 1030 indesinenter
2656 976 2995 1044 instruimur,
3053 993 3198 1034 nunc
3234 996 3406 1051 usque
3449 982 3555 1039 hoc
3613 986 3821 1056 agitur,

2237 1067 2382 1138 quod
2419 1066 2625 1123 factum
2648 1067 2817 1125 fuisse
2844 1070 3164 1133 perhibetur
3195 1087 3318 1127 cum
3346 1072 3538 1130 dicitur
3572 1090 3589 1131 :

2307 1157 2380 1212 Et
2398 1168 2510 1213 erat
2530 1159 2719 1215 docens
2736 1161 2967 1231 quotidie
2991 1161 3046 1216 in
3065 1162 3274 1234 templo.
3289 1163 3423 1219 Cum
3447 1168 3596 1222 enim
3618 1181 3822 1229 mentes

2239 1248 2473 1305 ﬁdelium
2504 1251 2571 1305 ad
2596 1251 2836 1308 cavenda
2867 1253 3008 1308 mala
3040 1255 3310 1311 subtiliter
3327 1259 3526 1325 erudit,
3580 1265 3824 1331 quotidie

2242 1339 2439 1395 veritas
2464 1340 2519 1393 in
2571 1341 2770 1411 templo
2817 1342 2997 1409 docet,
3046 1345 3141 1400 sed
3171 1353 3300 1401 tunc
3345 1348 3598 1404 veritatis
3642 1355 3822 1409 verbis

2237 1433 2505 1489 veraciter
2522 1434 2798 1501 docemur,
2827 1436 2873 1490 si
2898 1445 3144 1493 extrema
3177 1440 3320 1494 mala
3344 1451 3529 1497 nostra
3559 1443 3823 1501 formido-

2236 1519 2349 1576 lose
2370 1528 2424 1577 et
2452 1523 2818 1578 indesinenter
2841 1526 3159 1596 aspicimus,
3179 1526 3333 1596 juxta
3355 1531 3485 1586 illud
3516 1551 3529 1586 :
3564 1534 3635 1588 In
3650 1538 3821 1590 οιιιιιὶο

2238 1611 2333 1667 bus
2356 1614 2595 1684 operibus
2618 1616 2723 1669 tuis
2752 1632 3044 1673 memorare
3070 1620 3349 1675 novissima
3372 1633 3483 1691 tua,
3513 1636 3563 1680 et
3587 1626 3644 1680 in
3676 1639 3823 1682 teter-

2237 1720 2364 1758 num
2389 1722 2493 1760 non
2518 1706 2776 1776 peccabis.

2440 1837 2511 1892 IN
2546 1837 2799 1895 NATALI
2836 1837 3128 1899 SANCTJE
3166 1842 3615 1905 FELICITATIS.

2527 1965 2721 2007 ιεετιο
2745 1967 3178 2023 PBOVERBIOBUM,
3204 1972 3397 2013 CAPIT}:
3423 1976 3548 2016 υιτ.

2316 2081 2336 2115 t
2377 2061 2658 2120 Mulierem
2683 2062 2882 2121 fortem
2910 2068 3035 2138 quis
3085 2068 3370 2128 inveniet?
3410 2074 3604 2144 procul
3657 2086 3719 2133 et
3766 2080 3828 2135 de

2247 2172 2267 2208 ι
2312 2155 2516 2212 ultimis
2561 2156 2758 2214 ﬁnibus
2776 2160 3010 2229 pretium
3046 2162 3182 2229 ejus.
3231 2162 3466 2220 Conﬁdit
3517 2168 3571 2222 in
3619 2184 3684 2223 ea
3735 2187 3828 2226 cor

2246 2262 2266 2297 s
2309 2244 2415 2300 viri
2440 2245 2544 2312 sui,
2575 2254 2630 2301 et
2657 2248 2842 2319 spoliis
2868 2265 2975 2306 non
2994 2251 3269 2324 indigebit.
3300 2253 3512 2312 Reddet
3539 2259 3590 2313 ei
3620 2260 3821 2317 bonum

2246 2352 2265 2386 ‹
2310 2343 2366 2390 et
2388 2351 2495 2390 non
2525 2337 2750 2406 malum,
2776 2341 3029 2397 omnibus
3048 2343 3237 2399 diebus
3257 2345 3381 2400 vita:
3402 2362 3531 2403 suae.
3557 2349 3825 2418 Quaesivit

2246 2441 2265 2476 ι
2316 2424 2496 2480 lanam
2521 2434 2578 2481 et
2606 2426 2798 2496 linum,
2827 2437 2883 2486 et
2906 2441 3130 2502 operata
3157 2442 3240 2490 cst
3274 2437 3506 2494 consilio
3552 2456 3817 2498 manuum

2245 2532 2265 2566 ι
2311 2531 2552 2583 suarum,
2581 2517 2724 2574 facta
2745 2529 2832 2577 est
2852 2523 3008 2592 quasi
3046 2525 3199 2581 navis
3232 2526 3536 2596 institoris,
3563 2531 3633 2588 de
3660 2533 3820 2606 longe

2245 2620 2266 2656 s
2305 2614 2531 2675 portans
2564 2621 2759 2678 panem
2783 2625 2958 2666 suum.
2983 2612 3053 2668 Et
3076 2614 3143 2670 de
3169 2626 3330 2673 nocte
3356 2621 3619 2687 surrexit,
3644 2623 3821 2679 dedit-

2243 2711 2262 2746 ι
2309 2711 2414 2765 que
2432 2699 2680 2769 'praedam
2720 2701 3034 2760 domesticis
3077 2706 3210 2774 suis,
3258 2717 3315 2763 et
3366 2711 3572 2766 cibaria
3606 2716 3821 2772 ancillis

2244 2804 2264 2839 ι
2309 2788 2442 2843 suis.
2488 2788 2860 2846 Consideravit
2887 2809 3079 2865 agrum
3105 2805 3162 2852 et
3187 2799 3320 2854 emit
3344 2815 3471 2856 eum
3495 2843 3513 2868 ,
3546 2804 3615 2859 de
3639 2804 3820 2861 fructu

2245 2897 2265 2931 ι
2309 2894 2566 2934 manuum
2602 2896 2826 2938 suarum
2854 2884 3123 2955 plantavit
3155 2888 3393 2946 vineam.
3432 2891 3688 2950 Accinxit
3706 2896 3823 2952 for-

557 2975 742 3031 multis
762 2974 986 3030 visitare
1010 2974 1311 3029 consuevit.
1342 2972 1478 3027 Nam
1519 2974 1736 3029 assidue
1781 2973 1925 3028 hanc
1955 2974 2142 3029 visitat
2246 2987 2266 3022 t
2314 2970 2547 3026 titudine
2606 2972 2820 3030 lumbos
2874 2991 3000 3032 suos
3027 3017 3043 3044 ,
3093 2986 3153 3034 et
3205 2980 3480 3037 roboravit
3537 2985 3825 3042 brachium

559 3073 850 3138 pnecepto,
884 3065 1172 3135 aliquando
1195 3073 1375 3121 autem
1422 3064 1651 3137 ﬂagello,
1698 3065 1986 3136 aliquando
2007 3080 2137 3121 vero

2250 3079 2271 3114 ι
2316 3078 2494 3118 suum.
2519 3062 2768 3120 Gustavit
2803 3074 2859 3121 et
2890 3068 3046 3134 vidit,
3086 3070 3211 3139 quia
3247 3071 3386 3128 bona
3417 3082 3502 3129 est
3529 3078 3827 3147 negotiatio

561 3157 845 3223 miraculo,
872 3167 930 3211 ut
960 3166 1016 3211 et
1044 3171 1168 3217 vera
1198 3172 1318 3227 qum
1345 3157 1622 3213 nesciebat
1643 3159 1848 3225 audiat,
1880 3166 1937 3213 et
1960 3167 2138 3214 tamen
2166 3152 2211 3216 C
2248 3171 2268 3205 ί
2313 3152 2452 3223 eius:
2478 3171 2586 3212 n00
2620 3158 2993 3230 θκδιίηευθιυι*
3016 3161 3069 3215 in
3097 3171 3256 3218 noete
3285 3163 3506 3221 lucerna
3537 3165 3678 3236 ejus.
3706 3167 3823 3223 Ma—

559 3248 737 3303 adhuc
783 3247 1102 3320 superhiens
1150 3254 1313 3318 atque
1363 3256 1747 3315 contemnens,
1814 3257 1909 3305 aut
1954 3249 2138 3306 dolore

557 3347 878 3410 compuncta
932 3339 1135 3403 redeat,
1188 3346 1281 3392 aut
1327 3338 1605 3395 beneﬁciis
1646 3341 1889 3406 devicta,
1932 3341 2134 3396 malum

558 3428 703 3498 quod
722 3426 845 3483 fecit
873 3426 1178 3482 erubescat.
1211 3426 1317 3482 Sed
1342 3428 1469 3498 quia
1492 3430 1817 3486 visitationis
1844 3446 1955 3486 sum
1999 3439 2139 3486 tem-

559 3533 661 3588 pus
687 3517 909 3573 minime
930 3516 1224 3586 cognoscit,
1253 3517 1356 3573 illis
1385 3519 1437 3573 in
1485 3527 1727 3575 extremo
1757 3522 1879 3575 vita:
1904 3521 2138 3576 inimicis

559 3606 812 3677 traditur,
857 3621 979 3661 cum
1004 3606 1201 3674 quibus
1228 3607 1282 3661 in
1321 3617 1526 3664 (sterno
1542 3608 1749 3679 judicio
1773 3612 2136 3668 damnationis

559 3703 833 3767 perpetua:
860 3694 1122 3749 societate
1160 3697 1459 3770 colligatur.

629 3785 700 3839 Et
716 3786 979 3856 ingressus
1005 3786 1253 3859 templum
1294 3791 1442 3860 coepit
1470 3789 1657 3859 ejicere
1703 3790 1996 3853 uendentes,
2026 3799 2132 3846 etc.

563 3875 715 3932 Sicut
738 3878 993 3949 templum
1023 3879 1120 3935 Dei
1149 3882 1203 3936 in
1233 3881 1453 3938 civitate
1480 3891 1585 3947 est,
1617 3883 1690 3936 ita
1718 3883 1772 3937 in
1801 3884 1956 3953 plebe
1992 3884 2134 3940 ﬁdeli

559 3967 669 4022 vita
697 3968 1087 4040 religiosorum,
1119 3983 1173 4027 et
1216 3988 1358 4043 saepe
1398 3973 1638 4027 nonnulli
1672 3974 1950 4045 religionis
1978 3975 2133 4031 habi-

559 4069 669 4114 tum
694 4071 931 4128 sumunt,
962 4065 1055 4119 sed
1082 4065 1207 4119 dum
1235 4080 1512 4120 sacrorum
1541 4051 1992 4122 ordinumlocum
2012 4082 2136 4137 per-

556 4152 782 4223 cipiunt,
809 4162 1013 4210 sanctze
1056 4156 1332 4227 religionis
1382 4155 1611 4211 cilicium
1645 4158 1699 4211 in
1746 4160 2132 4214 commercium

557 4250 787 4296 terrena:
808 4245 1185 4313 negotiationis
1208 4246 1448 4302 tralmnt.
1491 4248 1798 4303 Vendentes
1828 4249 2026 4319 quippe
2078 4250 2132 4304 in

556 4335 757 4403 templo
780 4344 926 4400 sunt,
952 4337 1042 4406 qui
1087 4339 1208 4403 hoc,
1235 4340 1377 4409 quod
1424 4340 1745 4411 quibusdam
1769 4339 1892 4408 jure
1919 4355 2135 4409 compe-

554 4424 642 4489 tit,
666 4423 734 4477 ad
755 4425 1036 4493 praemium
1064 4427 1383 4498 largiuntur.
1410 4429 1684 4486 Justitiam
1708 4431 1851 4484 enim
1876 4430 2128 4496 vendere,

2246 3263 2265 3297 ι
2309 3261 2437 3300 num
2476 3262 2632 3301 suam
2679 3249 2827 3304 misit
2862 3250 2929 3304 ad
2990 3248 3172 3317 fortia,
3203 3260 3260 3307 et
3292 3252 3445 3324 digiti
3475 3253 3595 3325 ejus
3628 3272 3822 3327 πβρι-ει

2244 3352 2262 3387 ι
2307 3336 2611 3392 henderunt
2636 3337 2835 3392 fusum.
2884 3338 3101 3395 Manum
3146 3357 3302 3397 suam
3343 3349 3553 3416 aperuit
3577 3347 3825 3418 inepi,et

2242 3446 2262 3480 ι
2300 3427 2507 3498 palmas
2533 3445 2660 3485 suas
2693 3431 2938 3486 extendit
2962 3431 3027 3487 ad
3063 3449 3378 3506 pauperem.
3434 3435 3553 3492 Non
3603 3440 3822 3495 timebit

2241 3537 2261 3570 ε
2307 3521 2487 3575 domui
2511 3536 2622 3575 sua:
2647 3536 2675 3575 a
2703 3520 2993 3592 lrigoribus
3017 3524 3189 3590 nivis,
3220 3540 3410 3582 omnes
3454 3529 3601 3583 enim
3634 3530 3823 3588 dome-

2241 3628 2260 3661 ‹
2304 3612 2424 3667 stici
2477 3599 2594 3682 ejus
2648 3615 2831 3669 vestiti
2874 3621 3002 3670 sunt
3054 3610 3378 3687 duplicibus.
3435 3616 3814 3693 Stragulatam

2240 3719 2261 3753 ι
2304 3711 2506 3757 vestem
2534 3702 2661 3758 fecit
2693 3704 2818 3772 sibi,
2851 3704 3047 3779 hyssus
3083 3716 3139 3762 et
3164 3723 3399 3779 purpura
3432 3707 3823 3769 vestimentum

2240 3812 2259 3845 ι
2306 3792 2442 3862 ejus.
2483 3794 2690 3852 Nobilis
2740 3797 2794 3851 in
2852 3800 3026 3869 portis
3064 3801 3149 3855 vir
3175 3801 3292 3870 ejus
3322 3844 3338 3869 ,
3371 3804 3589 3874 quando
3617 3807 3827 3862 sederit

2240 3902 2258 3935 ι
2300 3900 2423 3939 cum
2460 3874 3010 3944 senatoribus'terrte.
3042 3888 3336 3945 Sindonem
3363 3891 3495 3947 fecit
3527 3901 3585 3949 et
3633 3896 3825 3951 vendi-

2240 3994 2259 4027 ι
2301 3976 2394 4040 dit,
2435 3985 2491 4031 et
2514 3978 2789 4048 cingulum
2818 3980 3044 4036 tradidit
3074 3982 3405 4040 Chananteo.
3435 3984 3825 4043 Consideravit

2239 4084 2257 4118 ‹
2302 4068 2523 4122 semitas
2555 4069 2750 4124 domus
2776 4085 2904 4134 suae,
2936 4079 2991 4126 et
3033 4086 3229 4142 panem
3269 4074 3443 4131 otiosa
3480 4092 3592 4132 non
3641 4094 3823 4134 come-

2237 4176 2259 4208 ‹
2302 4159 2396 4213 dit.
2450 4158 2525 4214 Os
2571 4174 2730 4215 suum
2776 4162 2987 4231 aperuit
3045 4164 3344 4234 sapientia,
3378 4174 3435 4222 et
3468 4166 3553 4222 lex
3587 4169 3823 4227 clemen-

2238 4265 2257 4299 ‹
2304 4248 2671 4321 ῑίέιξίηιὶιιειιεί
2723 4248 2879 4319 ejus,
2918 4250 3176 4309 fortitudo
3208 4264 3265 4311 et
3312 4256 3477 4314 decor
3532 4259 3820 4317 indumeno

2238 4357 2257 4390 ι
2304 4347 2416 4394 tum
2452 4339 2588 4409 ejus,
2625 4350 2681 4397 et
2710 4342 2906 4399 ridebit
2952 4344 3005 4399 in
3043 4346 3130 4401 die
3176 4348 3495 4404 novissimo.
3546 4349 3816 4407 Surrexeo

2240 4448 2258 4481 ι
2305 4440 2428 4486 runt
2470 4432 2564 4488 ﬁlii
2590 4434 2728 4504 ejus,
2756 4443 2811 4491 et
2837 4435 3207 4494 beatissimam
3242 4441 3701 4510 praedicavean
3742 4445 3820 4498 vir

554 4519 664 4576 est,
702 4491 839 4567 hanc
889 4528 986 4582 pro
1014 4491 1219 4584 przetnii
1266 4520 1578 4590 acceptione
1616 4534 1866 4583 servare;
1891 4491 2130 4576 ementes
2154 4491 2208 4551 D
2242 4539 2260 4572 ι
2306 4520 2422 4590 ejus
2448 4532 2501 4578 et
2521 4491 2760 4580 laudavit
2789 4542 2932 4581 eam.
2972 4528 3151 4585 Multae
3184 4491 3307 4587 ﬁlia:
3348 4491 3818 4603 congregaverant

556 4617 689 4657 vero
718 4603 771 4657 in
802 4605 1019 4676 templo,
1051 4616 1176 4662 sunt
1197 4610 1286 4679 qui
1332 4610 1459 4665 dum
1493 4612 1595 4665 hoc
1617 4610 1923 4681 persolvere
1950 4614 2131 4682 proxi-

546 4705 647 4757 mo
673 4691 815 4761 quod
835 4694 1041 4764 justum
1065 4705 1150 4750 est
1179 4699 1386 4762 nolunt,
1424 4699 1659 4769 dumque
1710 4715 1823 4754 rem
1863 4699 1987 4770 jure
2030 4703 2127 4757 de-

555 4783 725 4838 bitam
768 4784 946 4842 facere
1000 4796 1370 4856 contemnunt,
1426 4790 1551 4846 dato
1606 4793 1849 4863 patronis
1904 4795 2128 4863 prmio

555 4881 743 4928 emunt
761 4884 1061 4945 peccatum.

624 4962 824 5019 Domus
852 4983 965 5020 mea
994 4966 1180 5021 domus
1209 4970 1461 5025 orationis
1493 4981 1589 5037 est,
1620 4989 1706 5030 vos
1727 4983 1903 5030 autem
1934 4975 2132 5047 fecistis

553 5053 703 5109 illam
725 5055 1043 5127 speluncam,
1069 5068 1174 5112 etc.
1207 5058 1342 5127 Quia
1369 5060 1495 5117 dum
1534 5080 1642 5121 non
1682 5083 1959 5138 nunquam
2000 5086 2128 5141 per-

552 5147 698 5202 versi
742 5147 994 5213 homines
1024 5148 1201 5205 locum
1232 5153 1505 5225 religionis
1546 5165 1754 5226 tenent,
1785 5161 1858 5216 ibi
1908 5163 2130 5222 malitiae

553 5252 668 5294 suae
705 5238 896 5309 gladiis
944 5241 1218 5325 occid-unt,
1248 5246 1343 5301 ubi
1381 5247 1657 5305 viviﬁcare
1695 5254 1973 5322 proximos
1998 5271 2127 5312 ora-

554 5329 719 5386 tionis
738 5346 849 5387 sua:
861 5331 1250 5392 intercessione
1270 5338 1589 5397 debuerunt.
1615 5342 1896 5415 Templum
1910 5363 2127 5418 quoque

553 5428 610 5474 et
631 5422 818 5477 domus
866 5423 960 5479 Dei
982 5433 1069 5480 est
1096 5425 1212 5497 ipsa
1242 5442 1395 5483 mens
1423 5440 1583 5500 atque
1635 5434 1965 5491 conscientia
1992 5437 2126 5493 ﬁde-

554 5507 705 5576 lium,
752 5528 871 5582 qua:
898 5514 941 5569 si
969 5517 1185 5585 quando
1216 5518 1270 5572 in
1318 5518 1536 5575 lzesione
1582 5524 1814 5591 proximi
1842 5541 2096 5595 perversa

552 5600 903 5670 cogitationes
929 5606 1154 5674 profert,
1183 5609 1338 5676 quasi
1369 5608 1422 5664 in
1451 5609 1704 5678 spelunca
1729 5611 1966 5670 latrones
1993 5616 2125 5672 resi-

551 5692 699 5760 dent,
729 5704 782 5752 et
821 5697 1139 5767 simpliciter
1167 5701 1476 5773 gradientes
1511 5703 1857 5772 interﬁciunt,
1904 5711 2120 5779 quando

2242 4630 2260 4664 ι
2306 4615 2545 4681 divitias,
2586 4624 2643 4670 tu
2681 4632 3031 4689 supergressa
3069 4637 3128 4677 es
3147 4624 3453 4680 universas.
3476 4625 3663 4681 Fallax
3695 4643 3817 4700 grs-

2240 4722 2258 4755 ι
2305 4707 2377 4760 tia
2408 4716 2462 4761 et
2486 4723 2626 4763 vana
2661 4718 2745 4764 est
2775 4710 3141 4780 pulchritudo,
3173 4715 3370 4770 mulier
3408 4717 3607 4773 timens
3642 4718 3812 4775 Deum

2239 4813 2258 4846 ι
2302 4797 2416 4866 ipsa
2444 4797 2769 4854 laudabitur.
2823 4801 2957 4857 Date
2980 4803 3031 4858 ei
3067 4804 3135 4860 de
3188 4804 3365 4862 fructu
3397 4823 3659 4865 manuum
3690 4828 3811 4867 sua-

2238 4906 2257 4938 ι
2304 4900 2446 4953 rum,
2474 4898 2530 4944 et
2554 4889 2772 4947 laudent
2796 4908 2916 4948 eam
2942 4894 2995 4950 in
3016 4898 3190 4966 portis
3224 4913 3388 4969 opera
3418 4900 3556 4969 cjus.
3609 4924 3628 4956 ι

2302 4976 2579 5032 Mulierem
2607 4979 2933 5057 fortemlquis
2956 4985 3198 5041 inveniet.
3245 4987 3347 5061 (Ex
3384 4990 3578 5063 Beda.)
3621 4992 3811 5051 Mulier

2230 5066 2385 5145 fortis
2413 5069 2639 5126 ecclesia
2685 5074 2950 5146 cathjoliéa
2994 5086 3254 5143 vocatur,
3284 5095 3445 5150 quam
3483 5074 3727 5142 Joannes
3754 5089 3809 5142 in

2227 5160 2549 5234 Apocalypsi
2580 5165 2830 5221 amictam
2860 5184 2982 5223 cum
3027 5171 3168 5237 sole,
3205 5171 3255 5227 id
3300 5182 3384 5228 est
3406 5222 3418 5239 ,
3466 5174 3697 5234 Christo
3729 5179 3809 5234 vi-

2227 5253 2370 5308 disse
2398 5255 2732 5324 perhibetur.
2766 5257 2896 5325 Qua:
2922 5261 3229 5332 spirituales
3266 5265 3377 5320 Deo
3401 5265 3541 5322 ﬁlios
3569 5284 3640 5323 ex
3668 5286 3805 5340 aqua

2231 5355 2286 5401 et
2310 5347 2503 5417 spiritu
2528 5359 2715 5406 sancto
2743 5367 3001 5423 generare
3023 5370 3130 5411 non
3166 5366 3364 5423 cessat,
3401 5375 3522 5429 quae
3549 5361 3677 5418 ideo
3705 5362 3807 5418 for-

2234 5441 2301 5495 tis
2325 5447 2567 5507 vocatur,
2606 5443 2733 5511 quia
2755 5452 2948 5499 cuncta
2973 5446 3155 5502 saeculi
3176 5448 3402 5504 adversa
3426 5449 3587 5505 simul
3614 5462 3669 5507 et
3689 5468 3806 5523 pro-

2230 5544 2386 5599 spera
2439 5545 2540 5599 pro
2597 5531 2903 5590 Conditoris
2948 5535 3033 5590 sui
3090 5536 3195 5592 ﬁde
3247 5540 3576 5607 contemnit;
3640 5558 3803 5614 quam

2229 5619 2344 5688 ipse
2376 5620 2432 5674 in
2466 5635 2630 5675 carne
2656 5635 2923 5691 apparens
2949 5624 3218 5680 inﬁrmam
3259 5627 3502 5694 invenit,
3534 5631 3634 5687 sed
3681 5634 3803 5688 visi-

2228 5711 2434 5769 latione
2458 5724 2553 5767 sua
2582 5709 2773 5767 fortem
2810 5714 3060 5772 reddidit.
3118 5715 3316 5777 Videas
3363 5735 3491 5790 ergo
3541 5721 3800 5781 Salomon
