4026 6466
273 399 384 457 425

1087 390 1604 470 COLLECTIONES
1638 412 1706 470 lN
1746 412 2126 472 EPISTOLAS
2165 413 2254 470 ET
2290 415 2701 477 EVANGELIA.

3401 383 3539 478 'tso

270 527 444 604 genus
480 511 774 570 humanum
799 513 983 572 multis
1018 516 1352 589 implicatum
1388 524 1696 594 erroribus,
1729 525 1846 580 ait:
1877 536 1932 597 Α
1955 536 2100 582 tuam
2139 543 2202 582 ne
2233 528 2550 600 despexeris,
2597 539 2702 586 etc.
2747 528 2906 604 (Isai.
2949 531 3128 604 ινιιι.)
3168 532 3236 589 Et
3284 532 3400 590 haec
3429 549 3536 590 non

269 601 553 658 Mulierem
582 604 769 680 {artem
793 609 910 679 quis
936 608 1204 666 inveniet?
1241 629 1306 670 ac
1335 614 1381 670 si
1407 615 1612 672 diceret
1655 633 1669 671 :
1723 617 1856 686 Quis

265 697 584 772 patriarcha
632 708 726 756 aut
756 703 1020 773 propheta
1044 745 1062 773 ,
1110 705 1197 762 vel
1235 707 1360 778 quis
1390 709 1516 765 talis
1567 717 1662 765 aut
1691 717 1858 766 tantae

264 790 491 848 virtutis
509 792 595 849 vel
622 795 803 850 meriti
828 812 950 853 esse
975 805 1186 870 potest,
1214 801 1308 872 qui
1337 802 1405 858 de
1439 810 1520 859 tot
1562 803 1857 860 incredulis

264 883 460 938 mundi
485 885 795 942 nationibus
830 902 994 944 unam
1041 889 1146 946 sibi
1199 890 1499 951 electorum
1551 894 1852 952 Ecclesiam

265 982 582 1047 congreget,
615 992 780 1048 quam
808 993 905 1035 sua
935 970 1114 1052 gratia
1139 980 1336 1040 fortem
1357 993 1414 1041 et
1437 984 1856 1058 insuperabilem

262 1067 688 1146 adversantibus
709 1072 919 1130 cunctis
960 1073 1200 1132 efﬁciat?
1226 1077 1650 1155 subintelligitur
1674 1081 1856 1140 nullus

261 1159 376 1216 nisi
405 1159 680 1218 Christus.

338 1246 562 1304 Procul.
595 1250 814 1319 Procul,
845 1271 945 1326 pro
969 1263 1117 1314 statu
1144 1261 1329 1330 posuit
1353 1265 1637 1334 temporis,
1673 1264 1730 1322 id
1748 1273 1851 1331 est,

262 1356 297 1396 a
327 1341 520 1398 diebus
557 1341 864 1404 Salomonis
884 1365 1060 1422 usque
1087 1352 1152 1408 ad
1174 1364 1391 1424 partum
1415 1357 1663 1429 virginis.

335 1436 408 1491 Et
437 1437 502 1492 de
529 1437 729 1495 ultimis
749 1442 944 1510 ﬁnibus
970 1446 1195 1516 pretium
1224 1448 1360 1519 ejus.
1382 1450 1461 1505 De
1503 1449 1708 1507 ultimis
1735 1450 1859 1507 fini-

261 1527 370 1584 bus
409 1528 558 1595 dicit,
593 1533 720 1602 quia
763 1551 797 1588 a
848 1553 1056 1592 summo
1089 1539 1218 1596 etelo
1255 1542 1483 1613 egressio
1524 1543 1638 1614 ejus
1679 1541 1853 1617 (Psal.

235 1619 448 1693 'xvm),
487 1621 615 1692 quia
663 1625 1013 1697 semetipsum
1063 1631 1299 1700 pretium
1343 1633 1729 1705 redemptionis
1757 1650 1858 1705 pro

260 1713 442 1770 salute
475 1723 661 1772 nostra
713 1717 908 1774 obtulit
962 1719 1134 1778 Patri.
1192 1722 1347 1780 Unde
1379 1723 1670 1796 Apostolus
1723 1728 1801 1782 ait
1839 1744 1853 1783 :

262 1806 373 1874 Qui
401 1807 583 1864 dilexit
618 1826 733 1876 nos,
793 1821 843 1867 et
875 1813 1107 1869 tradidit
1169 1817 1504 1889 semetipsum
1557 1821 1668 1890 pro‘
1708 1820 1856 1875 nobis

1960 633 2312 689 supervacue,
2346 620 2442 676 sed
2465 635 2590 677 cum
2627 621 2854 678 consilio
2891 631 3166 695 operatur,
3221 632 3284 680 ut
3306 625 3377 680 ab
3420 626 3538 696 ipso

1957 709 2073 765 viro
2100 724 2201 766 suo
2229 709 2448 765 domino
2485 709 2669 766 audiat
2686 709 2960 781 injudicio
2995 731 3008 768 :
3055 712 3256 780 Venite,
3282 713 3539 769 benedicti

1955 802 2122 872 patris
2147 803 2272 870 mei,
2297 803 2544 875 percipite
2580 819 2797 876 regnum
2826 806 2964 876 quod
2999 806 3143 862 vobis
3171 815 3417 878 paratum
3461 815 3541 863 est

1957 894 2022 948 ab
2064 895 2264 964 origine
2297 894 2503 962 mundi,
2527 896 2651 968 quia
2694 895 2866 952 nudus
2907 897 2984 966 fui
3019 907 3066 952 et
3095 899 3368 971 operuistis
3413 915 3496 954 me
3519 938 3536 966 ,

1955 995 2062 1041 etc.
2127 985 2342 1059 (Matth.
2392 988 2544 1059 xxv).
2601 987 2826 1060 Mystice
2872 997 3052 1046 autem
3099 991 3153 1045 in
3209 990 3366 1059 lana,
3409 991 3540 1063 quia

1957 1091 2098 1132 unus
2171 1087 2255 1132 est
2320 1079 2536 1136 habitus
2584 1079 2804 1150 pietatis
2859 1088 2915 1136 et
2964 1081 3327 1151 simplicitatis
3352 1125 3368 1150 ,
3420 1097 3543 1154 qua:

1957 1167 2014 1223 in
2070 1168 2335 1241 proximis
2387 1170 2750 1242 impendimus
2801 1186 2969 1245 opera
3032 1173 3404 1248 designantur.
3481 1175 3542 1232 1n

1955 1261 2068 1318 lino
2104 1278 2236 1320 vero
2279 1263 2562 1336 castigatio
2594 1263 2680 1322 vel
2708 1265 3058 1324 mortiﬁcatio
3107 1268 3290 1323 carnis
3342 1276 3544 1325 nostrae

1958 1355 2272 1413 intimatur.

2029 1449 2201 1505 Facta
2238 1458 2317 1507 est
2343 1453 2496 1525 quasi
2523 1456 2673 1510 navis
2718 1455 3011 1520 institoris,
3050 1454 3118 1509 de
3164 1453 3318 1526 longe
3365 1462 3544 1525 portat

1955 1558 2144 1613 panem
2169 1559 2342 1597 suum.
2367 1543 2676 1600 lnstitorem
2712 1546 3106 1618 negotiatorem
3135 1545 3289 1611 dicit,
3321 1545 3412 1615 qui
3443 1560 3544 1615 pro

1957 1645 2024 1687 eo
2070 1632 2150 1688 sic
2187 1641 2415 1690 vocatur
2468 1637 2538 1691 ab
2582 1636 2820 1707 antiquis
2849 1677 2864 1704 ,
2924 1637 3053 1708 quia
3087 1636 3143 1692 in
3199 1637 3546 1707 requirendis

1957 1724 2485 1798 multiplicandisque
2511 1729 2805 1786 mercibus
2834 1729 3053 1786 sedulus
3094 1729 3331 1786 insistat.
3371 1729 3542 1786 Facta

1957 1825 2195 1891 estergo
2229 1821 2408 1876 anima
2437 1830 2624 1878 sancta
2646 1861 2662 1890 ,
2702 1822 2862 1894 quasi
2899 1823 3056 1879 navis
3085 1823 3354 1879 institoris
3375 1863 3391 1890 ,
3424 1838 3546 1894 quae

261 1900 482 1974 (Ephes.
509 1901 583 1976 v).
599 1904 772 1961 Aliter
790 1906 1026 1977 pretium
1048 1916 1252 1965 sanctae
1272 1908 1534 1966 Ecclesiae
1559 1911 1746 1982 procul
1765 1928 1856 1982 po-
1882 1909 1932 1972 B
1960 1909 2157 1966 transit
2179 1909 2246 1967 de
2271 1911 2543 1968 desiderio
2572 1911 2767 1970 ﬂuctus
2809 1914 2995 1970 saeculi
3039 1915 3323 1985 praesentis
3347 1955 3364 1982 ,
3423 1915 3542 1970 sola

259 1994 431 2050 situm
458 2004 543 2052 est
562 2037 576 2064 ,
617 1997 744 2069 quia
772 1998 1079 2058 incarnatio
1104 2002 1269 2058 Verbi
1291 2003 1386 2060 Dei
1418 2010 1475 2059 et
1511 2005 1856 2063 conversatio

258 2082 381 2155 ejus
401 2086 546 2144 inter
566 2089 834 2158 homines,
857 2100 913 2148 et
931 2093 1117 2162 passio
1133 2101 1190 2149 et
1209 2095 1539 2152 resurrectio
1557 2093 1679 2166 ejus
1697 2096 1857 2171 longe

258 2187 350 2236 est
377 2195 409 2236 a
435 2190 625 2238 nostra
651 2182 966 2240 conditione
986 2184 1246 2241 discreta.

333 2271 564 2343 Conﬁdit
601 2275 659 2331 in
685 2292 748 2331 ea
778 2293 870 2330 cor
889 2277 987 2332 viri
1012 2279 1116 2332 sui.
1142 2277 1335 2334 Virum
1357 2288 1559 2336 sanctae
1585 2280 1854 2347 ecclesiae,

257 2357 356 2435 qui
375 2364 544 2420 etiam
560 2373 617 2421 et
631 2366 869 2436 pretium
882 2365 1000 2434 ejus
1027 2366 1144 2422 ﬁeri
1168 2367 1424 2437 dignatus
1448 2378 1552 2437 est,
1577 2370 1856 2427 dominum

257 2454 417 2511 dicit.
448 2455 603 2511 Sicut
627 2455 774 2512 enim
803 2456 852 2512 is
878 2457 972 2527 qui
987 2455 1185 2514 fortem
1217 2457 1542 2532 ﬁdelemque
1567 2471 1622 2516 et
1647 2470 1857 2518 castam

256 2545 431 2602 habet
452 2547 760 2620 coniugem,
808 2547 1037 2604 conﬁdit
1059 2549 1116 2604 in
1172 2563 1257 2616 ea,
1310 2551 1439 2622 quia
1483 2551 1620 2607 nihil
1665 2561 1857 2609 contra

260 2655 419 2696 suam
489 2641 822 2697 voluntatem
897 2641 1200 2698 adulterina
1281 2643 1473 2700 saltem
1528 2645 1856 2717 cogitatione

259 2735 436 2808 possit
460 2736 866 2802 contaminare,
919 2737 1018 2793 sed
1061 2751 1416 2809 quoscunque
1446 2736 1592 2793 valet
1635 2738 1856 2794 assidua

262 2827 505 2884 amicitia
534 2829 604 2884 ad
651 2845 810 2885 suum
841 2829 1019 2884 virum
1073 2837 1392 2885 convertere
1419 2829 1727 2898 desiderat,
1776 2830 1857 2887 sic

263 2922 578 2993 redemptor
614 2931 800 2979 noster
820 2921 878 2978 in
897 2921 999 2978 sibi
1028 2920 1320 2991 conjuncta
1354 2921 1576 2978 conﬁdit
1601 2920 1852 2978 ecclesia.

261 3012 425 3069 Novit
455 3015 603 3070 enim
638 3013 894 3085 spiritum
920 3013 1110 3086 gratia:
1153 3020 1209 3070 et
1232 3012 1492 3070 virtutem
1548 3013 1850 3080 charitatis,

262 3125 426 3182 quam
455 3110 573 3184 ejus
597 3112 918 3184 praecordiis
939 3109 1158 3168 infudit.
1196 3109 1321 3166 Ideo
1348 3125 1457 3165 non
1479 3108 1690 3165 dubitat
1709 3124 1854 3176 eam,

259 3219 372 3262 non
399 3205 574 3261 solum
614 3219 646 3260 a
683 3220 796 3262 suae
841 3204 970 3261 ﬁdei
1015 3204 1328 3278 integritate
1369 3217 1532 3276 posse
1556 3203 1854 3275 corrumpi,

1957 2017 2076 2073 qua:
2106 2002 2162 2058 in
2185 2003 2341 2060 ctelis
2379 2005 2631 2077 accipere
2676 2014 2862 2078 sperat
2892 2015 3098 2063 interna
3126 2006 3321 2078 gaudia
3370 2008 3544 2063 medi-

1956 2101 2120 2161 tatur,
2151 2103 2206 2150 et
2231 2111 2330 2167 pro
2357 2096 2443 2154 his
2465 2097 2829 2169 adipiscendis
2853 2099 3109 2171 quicquid
3155 2099 3296 2156 valet
3330 2099 3542 2156 instan-

1957 2190 2042 2238 ter
2066 2185 2217 2256 agit,
2257 2195 2316 2241 et
2341 2187 2570 2245 adversa
2604 2189 2787 2244 omnia
2843 2187 3064 2246 fortiter
3099 2205 3360 2262 superare
3413 2205 3544 2246 con-

1957 2276 2150 2332 tendit.
2183 2277 2260 2335 De
2293 2295 2402 2349 qua
2432 2289 2582 2337 recte
2609 2282 2814 2350 subdit,
2855 2283 2924 2338 de
2952 2282 3110 2356 longe
3137 2291 3321 2354 portat
3347 2297 3546 2355 panem

1958 2382 2117 2423 suum
2143 2409 2157 2434 ,
2196 2369 2322 2440 quia
2359 2371 2414 2425 in
2459 2373 2672 2428 cunctis
2707 2387 2829 2444 quae
2855 2374 3226 2446 temporaliter
3249 2377 3387 2432 bene
3411 2376 3544 2447 agit,

1957 2467 2220 2516 aeternam
2253 2460 2590 2518 solummodo
2651 2463 3063 2520 retributionem
3119 2473 3443 2536 exspectat,
3483 2475 3546 2522 et

1957 2551 2079 2623 ejus
2124 2552 2230 2608 vivi
2268 2553 2430 2623 panis
2463 2553 2810 2610 saturitatem
2851 2555 3158 2624 desiderat,
3212 2558 3306 2628 qui
3359 2557 3496 2614 dixit
3529 2575 3543 2612 :

1955 2641 2072 2714 Ego
2109 2661 2228 2700 sum
2269 2645 2422 2716 panis
2446 2646 2590 2700 vivus
2616 2647 2706 2717 qui
2735 2646 2799 2701 de
2820 2645 2945 2701 caelo
2970 2647 3212 2702 descendi
3236 2646 3400 2720 (Joan
3445 2646 3545 2720 vi),

1955 2745 2012 2791 et
2059 2736 2152 2806 qui
2200 2736 2315 2792 suis
2345 2736 2684 2792 auditoribus
2711 2737 2800 2808 pie
2837 2737 3126 2808 promittit,
3174 2737 3404 2795 dicens:
3450 2737 3547 2794 Ve-
3598 2759 3603 2764 ·

1956 2827 2063 2882 nite
2081 2827 2151 2880 ad
2181 2843 2285 2893 me,
2314 2843 2492 2883 omnes
2513 2828 2603 2900 qui
2623 2826 2873 2884 laboratis
2893 2839 2940 2885 et
2973 2829 3175 2886 onerati
3201 2831 3350 2898 estis,
3376 2840 3423 2886 et
3452 2847 3546 2902 ego

1957 2918 2192 2989 reﬁciam
2227 2937 2314 2976 vos
2351 2920 2569 2994 (Matth.
2594 2921 2696 2996 ιι).

2026 3012 2099 3068 Et
2121 3014 2186 3070 de
2211 3023 2360 3070 nocte
2385 3017 2616 3073 surrexit
2640 3057 2655 3084 ,
2707 3017 2950 3092 deditque
2973 3018 3210 3090 praedam
3241 3018 3541 3074 domesticis

1954 3107 2090 3174 suis,
2117 3118 2165 3163 et
2192 3109 2392 3165 cibaria
2432 3110 2640 3166 ancillis
2677 3111 2807 3167 suis.
2840 3111 3006 3180 Quasi
3034 3113 3178 3170 enim
3206 3122 3366 3170 nocte
3389 3112 3542 3182 quie-

1957 3202 2099 3268 scit,
2129 3219 2253 3258 cum
2296 3203 2495 3274 aliquis
2534 3195 2776 3261 ﬁdelium
2824 3205 3141 3262 intermissa
3175 3204 3545 3262 sollicitudine

260 3297 356 3354 sed
381 3305 437 3354 et
458 3305 871 3369 perseveranter
889 3297 1160 3366 insistere,
1190 3307 1250 3354 ut
1269 3295 1458 3369 plures
1488 3296 1559 3353 ad
1605 3293 1852 3366 ejusdem
1879 3281 1926 3346 C
1955 3303 2180 3350 externa
2211 3295 2430 3352 sibimet
2458 3311 2654 3354 vacare
2683 3297 3038 3368 spiritualiter
3076 3297 3271 3369 incipit
3294 3337 3310 3364 ,
3357 3305 3412 3352 et
3460 3295 3549 3352 vel

261 3388 388 3445 ﬁdei
414 3396 710 3462 congreget
731 3389 1020 3445 unitatem.

333 3482 405 3537 Et
429 3482 611 3554 spoliis
661 3500 768 3539 non
818 3481 1088 3554 indigebit.
1144 3481 1354 3553 Spoliat
1389 3482 1536 3538 enim
1579 3480 1855 3538 diabolum

258 3574 492 3632 ecclesia
512 3616 529 3643 ,
555 3591 680 3631 cum
698 3590 798 3648 per
827 3574 1217 3646 praedicatores
1241 3589 1368 3630 suos
1389 3615 1404 3642 ,
1435 3587 1531 3630 eos
1573 3589 1710 3645 quos
1736 3574 1854 3645 ipse

260 3670 554 3741 deceperat
579 3669 648 3724 ad
672 3669 920 3726 veritatis
952 3668 1059 3724 iter
1086 3676 1328 3735 revocat,
1355 3676 1410 3723 et
1431 3683 1708 3738 nunquam
1737 3667 1853 3723 dia-

260 3759 440 3818 bolica
461 3759 652 3817 fraude
676 3760 929 3831 deceptas
955 3759 1188 3815 liberare
1208 3759 1422 3814 animas
1443 3769 1640 3815 cessat.
1669 3758 1853 3813 Donec

259 3850 531 3922 completo
549 3851 738 3906 mundi
764 3865 930 3906 cursu
949 3864 1169 3905 suorum
1195 3848 1464 3920 praeﬁnita
1479 3847 1854 3920 compleantur

259 3957 477 4001 summa
508 3942 900 3998 membrorum.

331 4033 529 4090 Reddet
554 4035 602 4113 ei
642 4035 835 4090 bonum
881 4043 928 4090 et
969 4052 1075 4090 non
1109 4033 1330 4089 malum.
1395 4033 1595 4089 Reddit
1646 4033 1846 4106 quippe

258 4128 514 4197 ecclesia,
544 4129 660 4186 sive
682 4144 1024 4200 unaquaeque
1049 4129 1252 4196 anima,
1267 4127 1486 4183 Christo
1505 4128 1708 4184 bonum
1727 4143 1853 4182 cum

259 4223 532 4296 perceptis
576 4222 644 4278 ab
669 4237 735 4280 eo
777 4223 906 4278 vitae
935 4222 1270 4290 muneribus,
1311 4229 1460 4277 recte
1506 4221 1738 4277 vivendo
1769 4237 1855 4277 re-

261 4317 510 4388 spondet,
537 4333 662 4373 cum
688 4333 754 4374 ea
779 4331 899 4389 quae
934 4315 1052 4386 ipsa
1115 4315 1258 4371 scire
1292 4313 1379 4370 vel
1431 4312 1613 4369 facere
1669 4315 1738 4370 ab
1763 4313 1854 4370 illo

258 4405 444 4476 adjuta
483 4407 695 4478 potuit,
738 4407 904 4463 etiam
945 4405 1072 4462 aliis
1091 4405 1348 4461 intimare
1373 4403 1592 4476 satagit.
1654 4403 1698 4460 E
1725 4420 1857 4461 con-

263 4503 435 4559 trario
471 4511 632 4572 sunt,
665 4503 758 4573 qui
793 4518 825 4556 a
853 4501 1084 4557 Domino
1130 4498 1370 4571 acceptis
1407 4497 1566 4555 bonis
1594 4497 1736 4553 mala
1769 4515 1854 4555 re-

259 4597 522 4672 pendunt,
553 4597 609 4653 id
632 4605 738 4665 est,
790 4595 876 4650 vel
906 4595 1028 4651 ﬁdei
1073 4593 1334 4666 mysteria
1357 4632 1375 4660 ,
1433 4605 1555 4663 qua:
1597 4607 1856 4665 percepe-

261 4655 414 4756 runt,
471 4655 736 4746 haeretica,
791 4686 907 4744 fece
955 4655 1212 4742 foedan'do
1237 4726 1252 4751 ,
1319 4655 1406 4740 vel
1451 4655 1630 4740 ﬁdem
1686 4655 1851 4756 quam
1877 4655 1933 4718 D

259 4782 600 4855 professione
638 4788 858 4839 servant
893 4779 1076 4850 pravis
1109 4777 1366 4849 operibus
1398 4776 1848 4848 blasphemando,

260 4875 349 4929 vel
408 4890 589 4932 mores
651 4875 824 4932 bonos
885 4887 984 4944 per
1055 4869 1325 4942 colloquia
1394 4868 1538 4925 mala
1609 4882 1853 4926 corrum-

260 4969 462 5040 pendo.

337 5060 594 5117 Omnibus
619 5060 800 5116 diebus
829 5060 947 5117 vitte
970 5078 1103 5118 sum.
1147 5060 1413 5118 Omnibus
1453 5059 1646 5117 diebus
1674 5059 1853 5117 reddit

261 5155 496 5210 Domino
521 5155 724 5210 bonum
750 5193 767 5219 ,
808 5167 902 5223 qui
940 5169 998 5209 in
1036 5153 1122 5208 his
1147 5169 1269 5223 quae
1306 5153 1445 5209 bene
1486 5152 1707 5208 inchoat
1757 5169 1851 5208 us-

260 5263 370 5321 que
406 5250 474 5304 ad
508 5248 669 5304 ﬁnem
722 5247 848 5302 vilze
874 5247 1162 5317 praesentis
1207 5245 1500 5319 persistere
1543 5250 1716 5300 curat.
1754 5241 1855 5301 Cui

260 5341 441 5398 simile
477 5349 561 5396 est
588 5339 718 5394 illud
746 5339 1129 5411 Evangelicum
1162 5357 1175 5395 :
1217 5338 1520 5394 Serviamus
1543 5335 1622 5391 illi
1650 5336 1707 5391 in
1732 5353 1856 5392 san-

262 5436 444 5491 ctitate
478 5442 526 5488 et
551 5433 771 5505 justitia
810 5449 990 5490 coram
1014 5435 1128 5506 ipso
1176 5432 1416 5488 omnibus
1444 5430 1629 5486 diebus
1657 5431 1851 5487 nostris

261 5526 422 5600 (Luc.
453 5525 533 5601 x).

338 5620 591 5690 Quasioit
614 5618 796 5676 lanam
825 5629 875 5677 et
920 5618 1108 5687 linum,
1151 5628 1200 5678 et
1230 5624 1443 5691 operata
1485 5628 1585 5685 est,
1630 5616 1850 5674 consilio

258 5728 519 5771 manuum
558 5729 799 5768 suarum.
834 5711 960 5768 [late
991 5719 1048 5767 ct
1069 5711 1366 5768 secundum
1394 5711 1630 5766 litteram
1662 5717 1852 5766 sancta

260 5806 495 5865 ecclesia
532 5806 824 5861 observare
854 5805 1177 5870 consuevit,
1203 5803 1359 5876 juxta
1411 5803 1543 5859 illud
1577 5801 1853 5874 propheti-

260 5917 390 5960 cum
438 5918 451 5956 :
525 5898 659 5955 Cum
706 5898 896 5954 videris
933 5897 1134 5953 nudum
1170 5897 1314 5970 operi
1337 5913 1456 5952 eum
1483 5937 1498 5965 ,
1543 5905 1590 5951 et
1639 5911 1850 5952 carnem

592 5996 871 6058 Parum.
915 5993 1047 6060 Cll.

1954 3387 2279 3445 lectionibus
2313 3390 2506 3455 sacris,
2543 3391 2882 3446 orationibus
2917 3390 3140 3455 sanctis,
3175 3389 3263 3446 vel
3285 3387 3548 3462 lacrymis

1956 3483 2208 3549 secretis,
2232 3483 2537 3540 exercendo
2573 3498 2632 3539 se
2665 3498 2863 3539 curare
2890 3498 2998 3539 non
3023 3489 3220 3538 cessat.
3252 3480 3392 3538 Nam
3412 3495 3548 3536 'con-

1953 3574 2129 3646 surgit
2152 3574 2221 3630 de
2251 3583 2412 3631 nocte
2433 3615 2448 3642 ,
2483 3589 2608 3630 cum
2647 3577 2716 3632 ad
2763 3575 3028 3647 agendam
3071 3575 3238 3630 etiam
3263 3573 3544 3646 proximo—

1955 3685 2078 3725 rum
2107 3684 2295 3726 curam
2348 3684 2408 3726 se
2437 3669 2668 3726 sollicite
2732 3669 2968 3742 accingit
3023 3677 3185 3739 atque
3246 3666 3542 3740 componit.

1953 3761 2057 3816 Dat
2094 3775 2330 3832 namque
2362 3762 2604 3833 prmdam
2651 3761 2986 3828 domesticis,
3017 3775 3143 3816 cum
3170 3773 3266 3816 eos
3307 3774 3446 3830 quos
3476 3758 3545 3813 ab

1955 3855 2176 3925 antiquo
2239 3855 2400 3911 hoste
2456 3853 2704 3910 docendo
2769 3853 2987 3924 eripere
3029 3852 3240 3925 potuit,
3295 3849 3546 3907 societati

1953 3947 2170 4002 illorum
2214 3947 2308 4018 qui
2346 3947 2401 4002 in
2451 3946 2560 4002 ﬁde
2613 3952 3010 4018 praecesserunt
3067 3943 3400 4002 reconcilient.
3443 3943 3550 3997 Dat

1954 4037 2165 4092 ancillis
2199 4037 2403 4093 cibaria
2429 4077 2444 4099 ,
2478 4052 2604 4092 cum
2639 4035 2874 4092 humiles
2911 4051 3009 4091 sua
3050 4035 3204 4106 jussa
3234 4041 3543 4099 servantes,

1953 4144 2021 4185 ne
2037 4129 2092 4183 in
2109 4129 2290 4186 labore
2313 4129 2633 4194 lassescant,
2660 4142 2908 4199 supernae
2928 4127 3195 4184 mercedis
3215 4138 3545 4183 commemo-

1956 4220 2169 4276 ratione
2191 4218 2388 4276 reﬁcit.

2027 4313 2390 4370 Consideravit
2419 4329 2606 4384 agrum
2631 4321 2680 4368 et
2706 4315 2829 4368 emit
2858 4328 2998 4368 eum.
3035 4311 3244 4384 Agrum
3265 4311 3397 4368 dicit
3418 4325 3542 4382 pos-

1956 4406 2256 4464 sessionem
2293 4420 2543 4479 supernae
2591 4405 2947 4473 baereditatis,
2999 4405 3143 4462 unde
3197 4403 3364 4461 Iacob
3417 4406 3538 4460 ait°

1956 4503 2094 4559 Ecce
2124 4503 2256 4558 odor
2283 4501 2383 4573 ﬁlii
2428 4503 2531 4559 mei
2555 4543 2570 4569 ,
2601 4502 2736 4558 sicut
2767 4501 2902 4557 odor
2951 4501 3067 4573 agri
3100 4497 3242 4572 pleni
3268 4501 3355 4554 cui
3393 4499 3548 4556 bene-

1957 4599 2092 4653 dixit
2104 4597 2365 4655 Dominus
2392 4594 2546 4670 (Gen.
2576 4595 2772 4670 xxvn.)
2796 4596 2969 4664 Quem
2984 4594 3351 4650 consideravit
3377 4593 3548 4650 eccle

1958 4694 2069 4758 sia,
2099 4692 2214 4748 sive
2251 4690 2424 4748 electa
2450 4692 2652 4758 anima,
2681 4699 2736 4746 et
2757 4689 2908 4755 emit,
2935 4689 3061 4760 quia
3089 4688 3330 4745 studiose
3358 4688 3548 4744 didicit

1959 4801 2080 4858 quae
2109 4793 2236 4844 sunt
2263 4785 2459 4857 gaudia
2486 4785 2613 4840 vita:
2639 4785 2896 4856 perennis
2921 4823 2937 4849 ,
2977 4791 3032 4838 et
3078 4800 3178 4855 pro
3207 4798 3396 4840 eorum
3423 4797 3546 4855 per-

1959 4880 2207 4950 ceptione
2245 4877 2500 4950 quicquid
2525 4879 2706 4948 potuit
2731 4876 3016 4932 laboravit.
3047 4875 3252 4934 Aliter:
3285 4876 3544 4934 Conside-

1958 4971 2104 5026 ravit
2127 4985 2316 5043 agrum
2337 4969 2422 5035 ,id
2450 4977 2554 5034 est,
2578 4969 2767 5026 orbem
2792 4969 3124 5036 universum,
3157 4977 3213 5025 et
3241 4970 3372 5026 emit
3396 4984 3541 5034 eum,

1956 5080 2082 5120 cum
2134 5063 2318 5119 missis
2382 5063 2698 5120 doctoribus
2762 5061 3024 5119 talentum
3073 5062 3226 5119 verbi
3281 5063 3541 5129 contulit,

1956 5165 2017 5211 ut
2054 5156 2340 5212 credentes
2401 5153 2718 5212 felicissimo
2782 5153 2989 5212 Christi
3034 5154 3365 5227 mancipatui
3409 5154 3543 5210 sub-

1959 5249 2132 5306 deret.

2029 5343 2108 5398 De
2167 5341 2345 5413 fructu
2392 5359 2646 5398 manuum
2715 5358 2938 5398 suarum
2991 5339 3248 5412 plantavit
3314 5339 3540 5396 vineam.

1957 5432 2228 5492 Plantavit
2254 5430 2435 5490 autem
2454 5434 2672 5491 vineam
2695 5450 2819 5490 cum
2842 5434 2898 5489 in
2917 5447 3049 5505 agro
3073 5430 3260 5486 mundi
3285 5431 3351 5487 de
3388 5431 3546 5488 novis

1960 5527 2299 5583 credentium
2336 5525 2552 5598 populis
2586 5525 2717 5582 fecit
2770 5524 3077 5590 ecclesiam,
3127 5531 3185 5580 et
3214 5537 3338 5580 eam
3381 5522 3543 5595 plane

1959 5619 2298 5691 Evangelicze
2322 5618 2572 5674 veritatis
2597 5617 2939 5673 institutione
2961 5615 3218 5672 ﬁrmavit.
3260 5615 3435 5685 Quam
3463 5619 3545 5674 vi-

1960 5730 2118 5770 neam
2158 5714 2226 5769 de
2253 5711 2434 5770 fructu
2483 5727 2744 5768 manuum
2798 5725 3020 5766 suarum
3066 5709 3364 5782 plantavit,
3415 5711 3544 5779 quia

1960 5822 2066 5862 non
2096 5805 2270 5862 solum
2299 5805 2466 5860 verbo
2495 5803 2758 5874 apostoli,
2812 5801 3289 5875 apostolorumque
3330 5815 3548 5857 succes-

1960 5895 2145 5973 soresf,
2174 5898 2268 5954 sed
2293 5905 2349 5953 et
2374 5894 2638 5952 miraculo
2663 5902 2718 5951 et
2746 5895 2900 5953 bona:
2937 5895 3268 5966 operationis
3296 5892 3546 5952 doctrina

3033 5985 3108 6050 1b.
