4026 6484
540 408 645 467 427

1837 398 2189 462 SMARAGDI
2227 402 2519 461 ABBATIS

3691 396 3795 460 ωε

536 523 818 580 credentes
843 520 1117 584 instruxit,
1156 519 1250 574 sed
1272 524 1519 588 ctus'que
1553 518 1732 582 hodie,
1760 525 1819 573 et
1842 530 2014 589 usque
2042 518 2113 574 ad
2138 522 2192 583 Α
2290 517 2507 574 lanam
2533 532 2715 583 suam,
2747 521 2855 573 etc.
2889 512 3017 572 ﬂxec
3041 514 3109 572 de
3143 515 3401 586 operibus
3423 514 3797 589 eleemosyna-

536 620 700 681 ﬁnem
774 619 957 678 steculi
1015 625 1203 675 sancta
1264 616 1496 674 ecclesia
1563 615 1792 673 sollicite
1848 616 2116 687 perquirit

537 730 674 790 quos
722 712 791 770 ad
815 706 992 767 'iidem
1028 714 1345 766 convertere
1383 705 1593 780 possit;
1655 717 1711 764 et
1763 720 2114 780 quoscunque

537 810 736 869 dociles
789 800 1100 872 invenerit,
1130 800 1233 860 hos
1282 812 1408 858 nata
1450 802 1680 882 pecunia
1709 802 1859 857 verbi
1893 802 1949 856 in
1999 816 2113 857 ser-

537 903 728 958 Vitium
761 896 963 956 Christi
1007 896 1172 962 emit,
1221 904 1384 966 atque
1409 896 1463 950 in
1511 895 1593 950 eis
1647 894 1859 949 vineam
1909 893 2114 949 Christi

535 993 782 1066 plantare
806 1032 821 1057 ,
858 990 944 1046 Vel
976 987 1158 1061 potius
1191 1001 1284 1044 eos
1311 988 1527 1043 vineam
1579 985 1781 1044 Christi
1810 985 1990 1043 facere
2027 1001 2113 1043 sa-

536 1082 845 1230 “item:
876 1171 1221 1243 fortitudine,
1266 1176 1373 1227 etc.
1423 1168 1674 1226 Acci‘nxit
1714 1182 1846 1241 ergo
1884 1168 2115 1225 ecclesia

535 1258 752 1323 lumbos
793 1276 922 1321 suos
979 1263 1338 1327 fortitudine,
1398 1270 1521 1318 cum
1563 1264 1923 1334 supernorum
1971 1263 2115 1319 desi-

535 1359 702 1416 deriis
753 1358 998 1423 intenta,
1060 1356 1370 1413 carnalibus
1419 1356 1690 1413 illecebris
1759 1356 2115 1413 succumbere

535 1446 801 1523 despexit.
842 1444 1135 1505 Roboravit
1192 1447 1475 1504 brachium
1530 1460 1687 1504 suum
1714 1490 1727 1515 ,
1769 1450 1893 1505 cum
1941 1464 2001 1505 se
2046 1449 2116 1505 ad

536 1538 745 1615 agenda
770 1543 1030 1597 virtutum
1078 1556 1240 1611 opera
1274 1543 1620 1612 prseparavit.
1651 1541 1719 1596 Et
1760 1543 1894 1597 bene
1936 1543 2116 1613 primo

491 1656 499 1669 ι
534 1632 748 1689 lumbos
802 1630 1120 1689 fortitudine
1177 1633 1489 1703 accingere,
1553 1638 1617 1687 ac
1654 1633 1993 1702 postmodum
2028 1646 2116 1685 ro—

535 1724 731 1781 borare
792 1723 1079 1781 brachium
1138 1726 1375 1787 dicitur,
1455 1724 1579 1794 quia
1640 1724 1897 1778 nimirum
1971 1723 2116 1778 actio

534 1814 661 1871 boni
693 1816 884 1887 operis
933 1815 1283 1887 acceptabilis
1307 1815 1563 1871 Decesse
1609 1816 1832 1870 minime
1877 1814 2038 1880 valet,
2066 1813 2114 1868 si
2196 1860 2201 1863 _

2217 627 2339 667 rum
2365 627 2484 682 quae
2505 611 2832 683 generaliter
2846 611 2982 668 ﬁunt
3006 611 3065 666 in
3090 624 3366 683 pauperes
3392 612 3567 682 accipi
3593 622 3791 682 potest.

2217 702 2324 760 Sed
2361 705 2554 761 melius
2580 706 2647 761 de
2674 700 2841 760 verbo
2868 704 2965 760 Del
2982 746 2996 771 ,
3023 705 3168 775 quod
3202 706 3577 761 indumentum
3605 705 3796 761 salutis

2215 794 2498 850 animabus
2521 794 2735 851 confert
2751 836 2767 861 ,
2789 794 3129 865 intelligitur.
3154 794 3386 866 Aperuit
3403 793 3651 850 ecclesia
3683 809 3797 851 ma.

2215 874 2344 941 num
2404 887 2574 958 inopi,
2612 901 2737 943 cum
2790 887 3049 957 mysteria
3100 887 3229 943 ﬁdei
3273 888 3654 960 ignorantibus
3700 902 3798 960 per

2216 978 2493 1049 operarios
2516 979 2762 1034 veritatis
2780 978 3062 1034 rorelavit.
3084 979 3297 1037 Palmas
3318 980 3570 1035 extendit
3582 982 3651 1034 ad
3670 992 3800 1051 per

2213 1083 2420 1141 pereat,
2458 1084 2585 1127 cum
2605 1069 2714 1128 late
2743 1070 3010 1143 longque
3038 1074 3429 1145 praedicatores
3456 1083 3682 1130 aeterna:
3710 1082 3799 1130 sa-

2214 1160 2343 1218 lutis
2366 1163 2422 1217 in
2442 1172 2632 1235 gentes
2661 1165 2939 1236 dispersit.

2287 1255 2411 1310 Non
2440 1257 2655 1323 timebit,
2694 1268 2797 1314 etc.
2822 1259 3051 1333 Frigora
3076 1261 3220 1317 nivis
3251 1262 3416 1317 corda
3436 1267 3568 1317 sunt
3614 1270 3799 1333 repro-

2215 1348 2406 1403 borum
2427 1348 2666 1420 perﬁdiae
2695 1364 2807 1407 sum
2828 1367 3059 1424 corpore
3082 1355 3315 1426 rigentia
3333 1398 3349 1424 ,
3394 1354 3596 1426 quibus
3626 1350 3801 1411 abun-

2216 1440 2310 1495 dat
2337 1440 2596 1510 iniquitas
2617 1481 2633 1509 ,
2687 1451 2743 1498 et
2777 1444 3089 1517 refrigescit
3118 1448 3381 1505 Charitas.
3436 1449 3553 1506 Non
3583 1452 3801 1509 timebit

2216 1546 2346 1603 ergo
2365 1533 2597 1589 ecclesia
2629 1535 2813 1591 domui
2839 1552 2951 1593 sua:
2977 1554 3009 1592 a
3032 1536 3329 1608 frigoribus
3353 1539 3520 1608 nivis,
3546 1544 3676 1613 quia
3709 1545 3804 1601 do-

2216 1625 2364 1679 mino
2385 1624 2674 1695 pollicente
2700 1629 2899 1694 credit,
2944 1630 3074 1698 quia
3106 1639 3274 1701 parte
3301 1630 3499 1702 inferni
3526 1644 3637 1688 non
3662 1640 3803 1704 prcr-

2215 1715 2456 1771 valebunt
2478 1718 2724 1774 adversus
2749 1733 2866 1773 eam
2896 1718 3112 1791 (Matth.
3141 1719 3239 1793 vi).

2288 1806 2480 1863 Omnes
2508 1811 2648 1863 enim
2682 1811 2959 1865 domestici
2984 1812 3103 1882 ejus
3139 1814 3310 1867 vestiti
3352 1815 3673 1886 duplicibus.
3708 1814 3806 1875 γε.

533 1922 643 1966 non
666 1908 808 1964 ﬁnxa
830 1908 1055 1965 luxuriat
1076 1909 1199 1979 quis
1227 1909 1378 1980 prius
1406 1918 1436 1962 a
1470 1922 1632 1962 carne
1666 1906 1827 1964 simul
1850 1914 1906 1962 et
1932 1912 2114 1961 mente
2139 1894 2188 1954 B
2216 1900 2327 1956 stiti
2349 1902 2615 1971 sapientia
2628 1901 2697 1957 ad
2732 1903 3070 1974 repellendas
3092 1906 3472 1962 btet-uicorum
3498 1909 3798 1967 doctrinas.

534 2002 844 2073 restringat.

602 2094 845 2152 Gustavt't
872 2096 997 2167 quia
1034 2095 1172 2147 bona
1193 2102 1269 2147 est
1291 2092 1573 2163 negotiatio
1623 2090 1757 2160 ejus.
1806 2088 2112 2162 Negotiatio

532 2186 652 2257 eius
675 2188 791 2256 agri
818 2186 1013 2256 utique
1047 2184 1320 2256 signiﬁcat
1347 2182 1514 2248 illius,
1548 2184 1615 2238 de
1648 2190 1757 2253 quo
1785 2194 1947 2252 supra
1980 2182 2057 2235 ait
2089 2198 2106 2234 τ

532 2276 895 2335 Consideravit
925 2292 1115 2349 agrum
1137 2286 1183 2330 et
1207 2277 1331 2330 emit
1360 2286 1477 2330 eum
1522 2273 1706 2347 (Prov.
1737 2274 1881 2345 ult.).
1915 2272 2113 2328 Gusta‘

532 2371 609 2427 vit
653 2371 824 2443 igitur
850 2369 1079 2426 ecclesia
1111 2369 1226 2425 sive
1265 2368 1444 2423 anima
1481 2376 1668 2425 sancta
1696 2368 1886 2422 intimo
1913 2368 2110 2422 mentis

531 2462 821 2530 desiderio,
850 2471 905 2518 et
928 2461 1181 2535 cognovit
1202 2462 1330 2533 quia
1360 2462 1502 2516 bona
1544 2469 1627 2516 est
1662 2461 1961 2531 negotiatio
1986 2460 2110 2515 vitae

529 2550 1032 2619 immarcescibilis,
1077 2566 1241 2624 quam
1284 2552 1490 2608 relictis
1527 2553 1800 2608 Hiccebris
1840 2560 2111 2622 tempora-

525 2646 671 2703 libus
694 2656 901 2703 interna
932 2654 1173 2701 mercata
1208 2648 1292 2700 est
1322 2644 1376 2699 in
1403 2642 1575 2701 ctelis.

607 2738 731 2794 Non
765 2740 1100 2810 extinguetur
1126 2740 1184 2792 in
1213 2746 1360 2792 nocte
1388 2737 1622 2793 lacerna.
1648 2737 1847 2793 Eorum
1875 2750 2110 2808 namque

524 2826 752 2887 lucerna
770 2839 933 2884 nocte
958 2830 1314 2900 extinguitur,
1364 2829 1459 2899 qui
1487 2829 1631 2885 sicut
1676 2828 1938 2886 Dominus
1979 2830 2055 2885 ait
2089 2848 2103 2884 :

530 2923 612 2979 Ad
641 2932 842 2994 tempus
865 2921 1103 2987 credunt,
1135 2931 1183 2975 et
1207 2921 1276 2975 ad
1302 2932 1503 2993 tempus
1520 2924 1820 2979 tentationis
1842 2924 2103 2979 recedunt.

530 3011 639 3069 Sed
674 3019 732 3068 et
753 3010 966 3068 illorum
987 3020 1147 3068 nocte
1170 3010 1349 3068 media
1378 3014 1725 3086 extinguetur
1750 3015 1990 3083 lucerna,
2013 3018 2107 3089 qui

529 3104 779 3160 veniente
800 3101 1004 3171 judice,
1034 3103 1211 3159 oleum
1233 3104 1520 3161 claritatis
1539 3106 1594 3160 in
1618 3106 1764 3162 vasis
1779 3109 2107 3178 prtecordio-

528 3206 651 3250 rum
687 3183 911 3252 suorum
942 3210 1052 3251 non
1097 3195 1397 3252 habebunt.
1430 3195 1649 3252 Sanctae
1683 3212 1814 3253 vero
1861 3199 2106 3256 ecclesiae

2213 1991 2404 2049 Vestiti
2456 1996 2724 2066 sapientia
2776 1998 2847 2051 ad
2879 1995 3210 2065 (tolerandas
3235 2015 3531 2071 pravorum
3560 2003 3802 2059 hostium

2210 2100 2439 2156 pugnas.
2471 2086 2602 2142 Sive
2628 2088 2802 2143 induti
2828 2098 2956 2150 sunt
2987 2089 3274 2148 domestici
3303 2092 3550 2148 ecclesia:
3592 2095 3803 2165 (triplici

2211 2188 2385 2243 veste,
2421 2195 2531 2233 una
2557 2180 2759 2249 operis,
2792 2180 2961 2237 altera
2986 2184 3204 2250 mentis,
3232 2183 3288 2239 id
3314 2193 3423 2251 est,
3446 2184 3569 2240 ﬁdei
3596 2193 3654 2240 et
3676 2199 3808 2256 ope-

2212 2268 2437 2349 rationis
2464 2258 2498 2336 ,’
2519 2278 2576 2325 et
2625 2274 2985 2329 sacramentis
3031 2276 3285 2331 videlicet
3319 2277 3405 2332 sui
3435 2278 3805 2349 redemptoris

2212 2348 2438 2427 imbuti,
2477 2369 2534 2416 et
2560 2362 2837 2419 informati
2858 2366 3144 2437 exemplis,
3175 2368 3260 2423 vel
3282 2377 3433 2424 certe
3457 2366 3645 2425 vestiti
3669 2378 3805 2426 sunt

2211 2451 2516 2521 duplicibus
2532 2493 2548 2519 ,
2570 2453 2698 2523 quia
2725 2456 3147 2525 promissionem
3178 2457 3386 2513 habent
3412 2458 3539 2513 vita
3556 2472 3802 2529 presen-

2211 2545 2284 2600 tis
2300 2556 2355 2601 et
2374 2545 2589 2601 futura
2608 2547 2761 2604 Nunc
2778 2548 2832 2603 in
2845 2551 3284 2622 peregrinatione
3298 2552 3582 2622 temporali
3604 2552 3800 2621 adjuu',

2209 2646 2343 2693 tunc
2370 2640 2426 2694 in
2451 2642 2630 2711 patria
2655 2651 2949 2712 perpetua,
3005 2642 3099 2701 ubi
3132 2658 3356 2716 semper
3394 2645 3585 2702 felices
3612 2647 3804 2703 vivant

2209 2731 2387 2800 gratia
2420 2733 2601 2787 divina
2630 2732 2870 2790 allevati.

2281 2822 2648 2895 Stragulatam
2704 2837 2894 2883 restent
2928 2829 3051 2899 fecit
3105 2829 3223 2884 sibi.
3282 2828 3594 2900 Stragulata
3623 2832 3801 2888 vestis

2209 2927 2331 2984 qua
2353 2915 2600 2971 variante
2623 2924 2840 2973 textura
2862 2917 3002 2974 solet
3028 2918 3345 2976 ﬁrmissima
3374 2920 3596 2987 conﬁci,
3633 2919 3801 2978 fortia

2208 3007 2455 3064 ecclesias
2479 3022 2647 3079 opera
2672 3019 2731 3065 et
2757 3009 2974 3066 diversa
2996 3011 3257 3067 virtutum
3279 3020 3607 3069 ornamenta
3625 3012 3800 3081 signi-

2207 3096 2355 3154 ﬁcat.
2384 3099 2462 3155 De
2481 3101 2681 3170 quibus
2703 3100 2991 3158 Psalmista
3055 3104 3113 3161 in
3158 3103 3377 3161 laudem
3402 3105 3607 3163 summi
3654 3107 3804 3177 regis

2208 3191 2410 3247 cecinit
2427 3193 2615 3250 dicens
2638 3212 2653 3248 :
2688 3194 2868 3251 Astitit
2894 3213 3076 3267 regina
3102 3213 3139 3251 α
3170 3197 3373 3253 dextris
3399 3199 3505 3253 tuis
3531 3199 3587 3254 its
3608 3200 3802 3255 vestita

528 3286 750 3344 lucerna
771 3298 878 3343 non
904 3287 1241 3358 extinguitur
1263 3289 1317 3343 in
1338 3298 1518 3357 nocte,
1540 3291 1668 3360 quia
1691 3305 1816 3346 cum
1838 3306 1871 3346 a
1891 3294 2108 3364 negotio

2218 3283 2485 3351 deaurato,
2510 3287 2905 3343 circummicta
2933 3266 3185 3345 uarietate
3207 3288 3386 3362 (Pssl.
3412 3289 3590 3363 Iuv).

531 3380 784 3453 quiescit,
814 3382 1014 3438 actioni
1034 3389 1195 3437 vacat
1212 3382 1436 3439 liberius
1446 3383 1587 3441 lucis
1610 3397 1860 3456 superna:
1872 3395 2110 3443 contem-

529 3475 806 3546 plationis.

606 3564 825 3621 Manum
850 3580 1002 3620 suam
1029 3569 1169 3622 misit
1195 3570 1263 3623 ad
1292 3568 1472 3639 fortia.
1498 3570 1684 3624 Fortia
1714 3571 1849 3626 dicit
1866 3571 2109 3643 perfecta

531 3660 587 3715 in
614 3656 814 3714 Christi
863 3658 1130 3715 charitate
1178 3675 1344 3730 opera
1364 3703 1378 3728 ,
1427 3670 1487 3716 ut
1536 3663 1651 3733 ipse
1696 3662 1955 3719 Dominus
1983 3665 2101 3720 ait:

534 3749 748 3823 Diligite
792 3750 1032 3807 inimicos
1055 3761 1275 3818 vestros,
1324 3753 1608 3823 benefacite
1640 3755 1723 3809 his
1748 3756 1838 3826 qui
1884 3756 2109 3812 oderunt

532 3859 641 3911 vos,
680 3853 731 3900 et
760 3854 906 3900 orate
954 3860 1048 3918 pro
1086 3846 1529 3902 calumniantibus
1579 3856 1628 3902 et
1684 3851 2107 3921 persequentibus

533 3950 618 3990 vos
658 3935 875 4010 (Matth.
899 3935 975 4011 v).
1015 3937 1084 3993 Et
1106 3937 1240 3994 illud
1265 3955 1277 3991 :
1319 3937 1377 3993 Si
1405 3939 1481 3994 vis
1512 3939 1776 4010 perfectus
1801 3956 1932 4008 esse,
1955 3929 2104 4009 vade,

534 4027 693 4082 vende
727 4028 903 4084 omnia
945 4042 1062 4100 quae
1101 4028 1289 4095 habes,
1331 4039 1379 4084 et
1419 4031 1488 4085 da
1529 4032 1845 4103 pauperibus
1882 4031 2104 4106 (Matth.

534 4131 623 4172 nx
642 4116 680 4191 ).
742 4116 880 4173 Nam
907 4130 962 4174 et
992 4118 1064 4175 de
1096 4118 1214 4188 ejus
1252 4120 1569 4179 fortitudine
1603 4121 1730 4177 alibi
1780 4121 1912 4177 dicit
1959 4140 1971 4176 :
2006 4121 2109 4176 Re-

532 4224 691 4277 gnum
719 4207 965 4263 caelorum
992 4209 1095 4263 vim
1124 4210 1325 4279 patitur
1344 4249 1359 4275 ,
1402 4219 1450 4265 et
1477 4210 1688 4266 violenti
1736 4212 1947 4282 rapiunt
1972 4211 2109 4265 illud

533 4295 763 4367 (Matth.
794 4296 894 4371 ιι).

604 4386 676 4440 Et
723 4387 875 4458 digiti
920 4390 1039 4459 ejus
1085 4390 1535 4460 apprehenderunt
1574 4393 1771 4463 fusum.
1800 4392 1993 4449 Solent
2030 4393 2110 4449 fe-

532 4478 693 4533 mina:
711 4485 902 4534 nentes
931 4477 1110 4534 lusum
1136 4479 1194 4533 in
1215 4482 1460 4547 dextera,
1489 4482 1665 4559 colum
1692 4490 1878 4539 tenere
1898 4485 1955 4539 in
1978 4483 2110 4539 sini-

534 4575 666 4623 stra.
693 4566 751 4622 in
794 4566 915 4623 colo
966 4569 1112 4623 enim
1162 4568 1286 4624 lana
1338 4571 1574 4625 involuta
1603 4579 1707 4638 est,
1743 4587 1863 4643 qum
1890 4572 1982 4628 illo
2009 4573 2109 4627 du-

2280 3375 2480 3446 Byssus
2526 3385 2575 3432 et
2630 3395 2866 3449 purpura
2919 3379 3279 3435 indumentum
3313 3379 3454 3448 ejus.
3496 3379 3706 3452 Byssus
3735 3381 3801 3439 il

2207 3470 2459 3527 castitate
2489 3485 2636 3541 parm
2656 3473 3089 3529 conversationis
3111 3511 3127 3540 ,
3168 3489 3412 3545 purpura
3445 3474 3501 3529 in
3529 3472 3800 3531 ell'usieue

2206 3563 2434 3632 pretiosi
2477 3563 2775 3634 sanguinis.
2818 3561 2959 3621 Hine
2996 3564 3145 3620 enim
3170 3564 3394 3635 pulchre
3416 3563 3629 3621 dictum
3658 3575 3801 3621 ests

2206 3656 2454 3729 patribus
2476 3696 2492 3723 ,
2529 3656 2660 3727 quia
2722 3664 2908 3711 sancta
2959 3657 3193 3713 ecclesia
3227 3657 3524 3713 electorum
3572 3656 3800 3715 ﬂoribus

2207 3760 2445 3807 vernans
2474 3751 2529 3805 iu
2574 3765 2711 3821 pace
2764 3751 2930 3806 habet
2961 3750 3104 3817 lilia,
3146 3752 3203 3807 in
3250 3750 3393 3807 bello
3417 3765 3600 3806 rosas.
3628 3750 3800 3823 Bysao

2204 3854 2339 3913 ergo
2368 3841 2607 3897 induitur
2651 3841 2883 3898 ecclesia
2902 3882 2916 3909 ,
2954 3857 3080 3899 cum
3108 3844 3383 3915 castigant
3426 3858 3667 3915 corpora
3695 3859 3795 3899 sua

2209 3932 2388 3997 electi,
2414 3940 2469 3985 et
2502 3932 2750 3986 servituti
2778 3932 3092 4003 subjiciunt,
3122 3950 3361 4006 purpura
3388 3950 3514 3992 cum
3542 3936 3799 3992 eamde-

2206 4024 2600 4080 continentiam
2624 4038 2735 4080 non
2768 4026 2841 4081 ob
2865 4026 3108 4083 favorem
3135 4027 3316 4098 vulgi,
3348 4029 3444 4084 sed
3472 4043 3576 4099 pro
3608 4029 3796 4099 acqui-

2204 4117 2378 4171 renda
2400 4110 2735 4172 beatitudine
2767 4117 2922 4189 regni
2948 4118 3204 4188 perennis
3229 4126 3509 4175 exercent.
3778 4188 3783 4191 _

2282 4209 2488 4264 Nobilis
2518 4212 2575 4265 in
2592 4212 2760 4281 portis
2784 4212 2864 4265 vir
2886 4211 3023 4282 ejus.
3065 4211 3161 4269 Vir
3186 4220 3389 4269 sancta
3430 4211 3689 4271 ecclesia
3713 4211 3797 4269 vel

2207 4298 2581 4371 cujuscunque
2606 4301 2803 4357 animm
2848 4301 3024 4359 ﬁdelis
3058 4301 3320 4359 Dominus
3349 4312 3464 4370 est,
3506 4304 3605 4373 qui
3647 4306 3798 4362 vide-

2206 4390 2369 4446 batur
2407 4392 2686 4463 ignobilis,
2728 4408 2856 4449 cum
2908 4402 3039 4450 ante
3065 4394 3303 4451 tribunal
3336 4396 3590 4465 praesidis
3618 4409 3799 4454 staret

2203 4484 2549 4555 iudicandus,
2579 4498 2703 4543 cum
2759 4486 2984 4559 probra,
3020 4486 3249 4561 ﬂagella,
3300 4499 3493 4559 sputa,
3545 4507 3795 4559 erucas.

2211 4584 2554 4645 mortemque
2599 4577 2919 4648 susciperet,
2975 4580 3070 4634 sed
3110 4579 3312 4635 nobilis
3356 4581 3646 4651 apparebit
3670 4598 3796 4640 cum

531 4656 702 4712 cenda
720 4698 738 4724 ,
772 4657 953 4712 uendo
980 4657 1180 4714 transit
1198 4658 1253 4714 in
1281 4657 1483 4716 fusum.
1526 4661 1726 4718 Dextra
1749 4624 1939 4718 1vitam
1985 4679 2108 4734 per—
2131 4624 2186 4689 D
2210 4624 2779 4738 veneritjitdieamrus
2803 4624 2992 4724 orbem
3013 4670 3070 4726 in
3105 4624 3467 4740 aequitatis?th
3484 4687 3681 4728 omnes
3701 4686 3797 4728 an-

528 4756 749 4814 petuam
776 4789 793 4817 ,
828 4749 963 4805 lzeva
990 4751 1279 4822 praesentia
1310 4753 1406 4808 Dei
1465 4754 1606 4809 dona
1653 4755 1959 4827 signiﬁcat,
2005 4759 2108 4813 hoc
2151 4800 2160 4807 .

534 4849 618 4897 est
638 4879 657 4908 ,
697 4839 1029 4911 opulentiam
1054 4856 1239 4898 rerum
1267 4883 1282 4909 ,
1320 4858 1509 4915 pacem
1557 4853 1857 4917 temporum
1884 4887 1899 4914 ,
1936 4848 2110 4919 sospi-

531 4943 701 4990 tatem
753 4949 1042 5006 corporum
1070 4975 1085 5003 ,
1125 4937 1408 4993 scientiam
1436 4938 1852 5009 scripturarum.
1883 4938 2008 4996 Haec
2052 4949 2108 4997 et

530 5031 731 5116 similia
757 5031 902 5088 bona
935 5047 1059 5089 cum
1108 5033 1220 5089 Deo
1246 5034 1515 5105 largiente
1566 5036 1915 5105 percipimus,
1949 5036 2104 5105 quasi

528 5124 711 5181 lanam
738 5126 863 5191 colo
884 5126 1182 5183 involutam
1216 5126 1271 5182 in
1297 5125 1430 5181 lmva
1456 5133 1751 5196 gestamus.
1778 5125 1851 5181 At
1884 5142 2009 5182 cum
2036 5141 2099 5182 ea
2159 5180 2165 5189 ,

525 5230 628 5288 pro
649 5230 834 5273 amore
854 5215 1156 5273 ctelestium
1186 5228 1443 5271 exercere
1466 5214 1772 5284 incipimus,
1791 5212 1902 5281 jam
1925 5213 2103 5270 lanam

525 5310 654 5382 agni
678 5309 1014 5366 immaculati
1051 5310 1117 5365 de
1153 5308 1272 5364 colo
1319 5308 1375 5361 in
1404 5306 1607 5373 fusum,
1647 5307 1700 5361 id
1738 5315 1843 5374 est,
1872 5306 1940 5363 de
1968 5308 2102 5365 larva

526 5402 584 5456 in
613 5400 864 5457 dextram
886 5398 1207 5468 trajieimus,
1236 5398 1365 5468 quia
1396 5397 1464 5452 dc
1484 5397 1642 5453 donis
1678 5398 1855 5453 nostri
1888 5400 2102 5457 redem-

526 5490 724 5560 ptoris,
752 5492 818 5548 de
843 5489 1104 5559 exemplis
1128 5502 1355 5558 operum
1379 5485 1521 5558 ejus,
1572 5488 1765 5544 stolam
1807 5490 1962 5545 nobis
1990 5489 2103 5559 glo-

526 5581 623 5637 ria:
662 5581 903 5639 celestis
927 5596 995 5636 ac
1019 5587 1225 5635 vestem
1248 5579 1531 5635 charitatis
1553 5586 1607 5634 et
1637 5580 1931 5649 nuptialem
1970 5578 2104 5636 laci-

525 5687 670 5729 mus.
699 5671 868 5745 Digiti
895 5684 1131 5742 namque
1154 5669 1355 5741 quibus
1372 5670 1778 5740 apprehendere
1803 5669 1984 5727 fusum
2019 5672 2100 5729 di-

524 5766 692 5834 citur,
716 5765 891 5836 ipsam
916 5763 1275 5822 intentionem
1292 5762 1639 5822 discretionis
1668 5779 1834 5821 ouam
1872 5765 2099 5837 quisque

522 5865 782 5925 quem
807 5856 1108 5914 insinuant.

2204 4758 2309 4831 geli
2332 4774 2457 4815 cum
2482 4773 2569 4825 eo,
2593 4767 2648 4814 et
2663 4766 2792 4816 tunc
2812 4760 3290 4832 oongregabuntur
3304 4768 3433 4825 ante
3453 4774 3584 4817 eum
3603 4775 3798 4819 omnes

2203 4856 2395 4921 gentes
2420 4849 2575 4919 (Luc.
2606 4849 2744 4923 xxxi)

2280 4936 2505 5003 Quando
2532 4940 2723 4995 sederit
2755 4957 2874 4995 cum
2910 4938 3239 4996 senatoribus
3268 4925 3442 4997 teirm.
3490 4941 3614 5013 Ipse
3646 4943 3796 5000 enim

2204 5029 2298 5100 qui
2325 5046 2469 5086 nunc
2505 5033 2934 5089 contemnendus
2960 5041 3181 5104 putatur
3214 5048 3249 5088 a
3294 5032 3481 5089 multis
3510 5074 3525 5100 ,
3564 5035 3796 5106 paganis

2207 5118 2488 5187 videlicet,
2515 5118 2740 5189 Judmis,
2791 5122 3085 5188 haereticis,
3137 5123 3251 5179 sive
3286 5137 3455 5193 prave
3480 5123 3796 5179 viventibus

2207 5211 2563 5279 Christianis,
2595 5213 2688 5273 ubi
2736 5213 2921 5269 saeculi
2958 5213 3082 5268 ﬁnis
3124 5210 3359 5268 adiuerit
3385 5254 3402 5281 ,
3453 5212 3545 5269 ubi
3577 5213 3795 5285 ingrcs-

2208 5320 2327 5365 sum
2353 5308 2545 5377 patrias
2577 5307 2815 5362 caelestis
2858 5307 3150 5377 aperuerit,
3182 5307 3371 5364 electis
3398 5309 3615 5364 cunctis
3638 5316 3798 5380 pate-

2206 5398 2308 5465 bit,
2342 5400 2536 5456 nobilis
2564 5408 2622 5455 et
2668 5400 2916 5457 sublimis
2944 5441 2960 5468 ,
3025 5400 3220 5457 sedens
3259 5414 3387 5457 cum
3441 5400 3797 5456 senatoribus

2209 5498 2370 5546 terrae
2388 5532 2403 5556 ,
2436 5491 2543 5546 illis
2577 5490 2865 5555 videlicet,
2899 5484 3092 5561 quibus
3121 5491 3238 5561 ipse
3261 5480 3535 5560 promittit
3553 5491 3741 5565 dicens
3771 5507 3791 5545 :

2205 5581 2371 5637 Amen
2396 5582 2512 5637 dico
2544 5582 2703 5650 vobis,
2732 5583 2855 5656 quia
2884 5599 2974 5639 vos
2997 5584 3085 5656 qui
3104 5584 3268 5639 secuti
3288 5584 3412 5639 estis
3434 5600 3537 5651 me,
3564 5576 3623 5637 in
3648 5597 3799 5654 rege-

2205 5674 2496 5739 neratione,
2511 5691 2629 5731 cunt
2655 5674 2846 5730 sederit
2862 5674 3009 5746 ﬁlius
3024 5664 3249 5731 hominis
3274 5672 3327 5728 in
3350 5675 3470 5729 sede
3494 5670 3795 5747 majestats's

2201 5788 2336 5837 suar,
2358 5770 2599 5827 sedebitis
2623 5781 2669 5825 et
2695 5788 2784 5826 vos
2814 5788 2972 5843 super
3004 5770 3149 5826 sedes
3176 5769 3452 5855 duodecim
3475 5768 3793 5842 judico-tes

2201 5856 2474 5918 duodecim
2497 5861 2662 5918 tribus
2687 5860 2857 5917 Israel
2875 5861 3091 5936 (Matth.
3119 5862 3255 5935 xu).
