4026 6462
227 419 335 477 439

1035 423 1549 482 COLLECTIONES
1586 423 1654 479 IN
1689 425 2066 482 EPISTOLAS
2106 425 2194 480 ET
2234 419 2644 482 EVANGELIA.

3379 420 3482 474 £30

301 531 590 589 Sindonem
617 533 738 604 fecit
758 542 808 588 et
831 533 1084 589 vendidit.
1122 535 1183 589 In
1205 536 1375 591 linteo
1417 534 1660 591 sindonis
1685 535 1814 589 sub-
1839 535 1892 594 Α
1916 540 2099 600 caret,
2141 531 2294 601 cujus
2323 531 2628 601 exemplum
2659 530 2962 604 clementiae
2982 531 3052 584 ab
3083 530 3200 599 ipso
3254 528 3348 584 Dei
3406 546 3492 581 sa-

230 625 344 682 tilis
390 625 618 680 intextio
645 625 890 695 signatur
929 635 1131 682 sanctas
1158 627 1590 697 praedicationis,
1621 627 1676 680 in
1706 642 1812 696 qua

229 716 472 774 molliter
501 716 834 786 quiescitur,
887 719 1014 788 quia
1048 734 1203 773 mens
1237 719 1292 773 in
1325 717 1416 773 illa
1447 719 1684 773 fidelium
1716 731 1812 787 Spe

230 823 468 880 superna
495 807 789 865 relevetur.
842 809 996 866 Unde
1040 819 1094 865 et
1144 809 1306 866 Petro
1337 809 1592 864 animalia
1625 809 1678 863 in
1713 807 1812 862 lin-

227 910 320 960 teo
351 903 792 958 demonstrantur
833 893 970 974 (Act.
1005 900 1083 972 x),
1143 902 1268 971 quia
1321 911 1664 972 peccatorum
1698 897 1815 952 ani-

229 1011 334 1050 mae
360 994 784 1049 misericorditer
813 1006 1138 1066 aggregawe,
1172 997 1226 1048 in
1250 992 1446 1050 blanda
1480 993 1604 1048 lidei
1632 992 1815 1063 quiete

230 1086 604 1142 continentur.
637 1084 790 1140 Hanc
834 1100 962 1155 ergo
993 1085 1280 1140 sindonem
1313 1083 1545 1140 ecclesia
1585 1081 1715 1139 fecit
1761 1090 1816 1138 et

227 1177 492 1243 vendidit,
530 1177 657 1247 quia
694 1177 883 1242 (idem,
919 1193 1081 1247 quam
1113 1175 1387 1232 credendo
1412 1183 1697 1242 texuerat,
1736 1173 1815 1229 lo-

230 1270 446 1340 quendo
478 1269 645 1335 dedit,
675 1277 730 1325 et
758 1270 825 1324 ab
849 1268 1153 1325 inﬁdelibus
1185 1269 1352 1324 vitam
1399 1277 1562 1324 rectae
1590 1281 1816 1323 conver-

231 1359 460 1415 sationis
491 1361 716 1429 accepit.

309 1449 372 1503 Et
401 1447 668 1519 cingulum
723 1450 941 1504 tradidit
983 1449 1307 1505 Chanamvo.
1359 1447 1666 1505 Chananmo
1701 1449 1816 1502 cin-

233 1542 418 1614 gulum
451 1541 671 1596 tradidit
720 1541 946 1597 ecclesia
969 1583 984 1608 ,
1025 1542 1148 1612 quia
1184 1557 1282 1612 per
1319 1540 1562 1612 vigorem
1594 1539 1815 1594 demon-

234 1642 423 1691 stratae
461 1631 690 1702 justitiaa
747 1633 890 1688 ﬂuxa
945 1650 1109 1704 opera
1165 1633 1480 1705 gentilitatis
1539 1632 1810 1704 astringit.

239 1723 311 1782 Ut
333 1725 436 1779 hoc
459 1723 602 1794 quod
635 1723 799 1779 verbo
853 1724 1167 1794 prmcipitur
1198 1765 1213 1789 ,
1252 1722 1484 1777 vivendo
1523 1731 1771 1776 teneatur
1796 1762 1812 1788 ,

233 1824 298 1870 ut
336 1815 466 1870 illud
504 1833 516 1869 :
552 1813 670 1870 Sint
708 1813 871 1868 lumbi
907 1815 1059 1868 vestri
1085 1814 1375 1884 prtecincti,
1404 1822 1450 1866 et
1477 1812 1706 1866 lucerna:
1727 1828 1815 1865 ar-

1913 624 2115 694 pientia
2145 623 2371 679 Domino
2401 631 2455 678 et
2493 621 2762 677 salvatore
2788 629 2975 676 nostro
3013 619 3300 676 manifeste
3353 636 3488 690 prae—

1912 715 2125 783 cipitur,
2153 729 2275 769 cum
2304 711 2486 770 oblata
2515 713 2565 768 ei
2619 712 2921 782 peccatrice
2950 711 3175 768 muliere
3204 729 3216 764 τ
3252 710 3315 767 Si
3345 713 3484 782 quis,

1911 806 2106 877 inquit,
2137 807 2247 860 sine
2267 814 2476 877 peccato
2499 815 2595 871 est,
2628 806 2829 876 primus
2853 806 2910 859 in
2932 804 3079 859 illam
3104 804 3332 877 lapidem
3359 804 3485 860 mit-

1914 905 1991 951 tat
2026 897 2205 969 (Joan.
2235 896 2363 967 vin)
2387 937 2400 960 ,
2463 905 2518 952 et
2567 895 2650 952 sic
2677 911 2796 949 eam
2833 911 2863 949 a
2917 896 3144 951 crimine
3169 937 3184 962 ,
3224 894 3366 967 quod
3395 911 3490 968 pa-

1915 998 2116 1056 tratur,
2141 990 2239 1044 sub
2262 990 2569 1044 conditione
2588 985 2820 1058 amplius
2841 1000 2946 1042 non
2966 987 3246 1057 peccandi,
3269 1003 3489 1044 misera-

1915 1088 2004 1135 tus
2024 1078 2272 1135 absolvit.

1987 1173 2347 1229 Consideravit
2373 1173 2584 1226 semitas
2607 1171 2798 1226 domus
2823 1187 2966 1236 suis,
3017 1180 3065 1225 et
3105 1187 3293 1242 panem
3321 1173 3490 1227 otiosa

1917 1281 2022 1321 non
2078 1264 2318 1319 comedit.
2381 1263 2566 1319 Otiosa
2616 1278 2810 1334 panem
2871 1277 2978 1317 non
3028 1264 3302 1331 comedit,
3362 1264 3492 1335 quia

1914 1353 2020 1413 hoc
2055 1357 2199 1428 quod
2230 1359 2297 1412 de
2348 1371 2504 1412 sacro
2532 1354 2747 1426 eloquio
2787 1352 3132 1426 intelligendo
3164 1355 3490 1425 perceperit,

1916 1459 2042 1506 ante
2063 1451 2254 1504 aeterni
2275 1449 2474 1519 judicis
2494 1449 2682 1504 oculos
2705 1449 3011 1504 exhibendo
3035 1449 3290 1520 operibus
3317 1459 3495 1506 osten-

1916 1541 2014 1598 dit.
2043 1541 2176 1597 ltem
2206 1542 2398 1597 domus
2425 1540 2670 1597 mulieris
2701 1539 2877 1606 fortis,
2905 1539 3168 1596 habitatio
3198 1547 3284 1595 est
3308 1541 3496 1612 patria:

1915 1631 2157 1688 cmlestis
2191 1650 2204 1686 :
2236 1631 2444 1688 semitm
2482 1631 2672 1686 domus
2711 1631 2857 1687 illius
2909 1640 3176 1702 praecepta
3226 1630 3452 1700 iustitia:
3481 1676 3496 1700 ,

1915 1725 2113 1795 quibus
2174 1724 2243 1779 ad
2291 1731 2549 1780 aeternam
2603 1722 2727 1777 vitae
2779 1722 3116 1778 mansionem
3159 1723 3496 1794 pervcnitur.

1915 1816 2066 1884 Quas
2109 1815 2356 1886 profecto
2385 1814 2612 1870 semitas
2655 1814 2835 1868 anima
2857 1813 2997 1868 bene
3019 1813 3344 1878 considerat,
3376 1828 3499 1868 cum

233 1913 415 1968 dentes
442 1911 731 1984 (Luc.xrr).
781 1913 924 1967 Bene
945 1912 1145 1966 etenim
1171 1909 1688 1978 nomine‘Cbanaan,
1721 1906 1815 1977 qui
1843 1921 1892 1981 Β
1917 1915 1976 1962 et
2000 1907 2287 1979 diligenter
2333 1906 2529 1975 quibus
2568 1905 2780 1961 actibus
2829 1906 2896 1960 ad
2941 1918 3176 1975 superna
3217 1905 3503 1974 pervenire

233 2002 372 2057 etin
401 1999 680 2072 gentilium
719 2011 802 2056 est
830 2001 1027 2072 pepulo
1065 2008 1386 2072 procreatus
1409 2041 1424 2066 ,
1474 2007 1528 2053 et
1554 1999 1820 2067 interpre-
1921 1999 2117 2054 debeat
2143 1998 2384 2069 inspicit,
2424 2008 2481 2053 et
2509 2013 2631 2068 qua:
2660 1997 2866 2068 agenda
2895 1997 3105 2061 didicit,
3134 1996 3318 2051 sedula
3347 2009 3507 2052 exer-

237 2099 384 2147 tatur
411 2102 794 2152 commutatus.
832 2109 1094 2148 conversa
1125 2093 1193 2152 ad
1225 2093 1385 2146 ﬁdem
1427 2090 1702 2160 gentilitas
1732 2089 1820 2145 de-
1917 2107 2046 2148 cere
2093 2107 2202 2146 non
2259 2092 2491 2146 desinat.
2558 2090 2761 2146 Panem
2805 2105 3021 2160 quoque
3055 2092 3232 2147 otiosa
3269 2107 3378 2147 non
3417 2107 3509 2148 co-

235 2182 504 2254 signatur.
540 2185 670 2253 Quae
707 2185 1026 2240 felicissima
1063 2184 1540 2240 commutationea
1573 2181 1722 2236 vitiis
1752 2183 1822 2237 ad
1923 2184 2128 2250 medit,
2166 2199 2288 2238 eum
2350 2181 2677 2238 sacrificium
2730 2183 2987 2239 dominici
3045 2184 3288 2254 corporis
3335 2183 3511 2255 perci-

238 2275 492 2342 virtutes,
524 2292 555 2330 a
581 2275 796 2330 diabolo
828 2275 1243 2346 transmigravit
1305 2273 1373 2328 ad
1424 2272 1731 2337 Christum,
1768 2279 1824 2325 et
1921 2277 2113 2346 piens,
2155 2276 2336 2332 studet
2366 2277 2569 2330 imitari
2601 2286 2721 2331 actu
2749 2318 2761 2340 ,
2805 2276 2950 2347 quod
2982 2277 3039 2331 in
3083 2276 3388 2332 ministerio
3409 2291 3507 2334 ce-

235 2365 523 2436 impletum
549 2377 635 2423 est
665 2365 793 2422 illud
821 2363 1135 2422 vaticinium
1173 2365 1365 2437 psalmi
1393 2385 1406 2419 :
1436 2363 1597 2430 Audi,
1616 2363 1754 2432 ﬁlia,
1777 2371 1825 2418 et
1925 2369 2103 2423 lebrat
2124 2411 2138 2435 ,
2171 2369 2402 2423 multum
2429 2369 2661 2423 sollicita
2683 2409 2697 2434 ,
2734 2384 2803 2423 ne
2823 2368 3041 2438 indigne
3065 2383 3260 2439 panem
3295 2367 3510 2422 Domini
3587 2365 3592 2370 ’

235 2457 377 2523 vide,
407 2469 455 2510 et
496 2457 690 2511 inclina
738 2473 918 2510 aurem
971 2466 1190 2510 tuamet
1243 2455 1540 2510 obliviscere
1576 2453 1827 2526 populum
1921 2459 2262 2515 comedenda
2333 2468 2390 2515 et
2452 2459 2677 2514 calicem
2753 2457 2986 2513 bibendo
3016 2497 3032 2524 ,
3087 2459 3348 2529 judicium
3403 2459 3511 2514 sibi

236 2557 412 2613 tuum,
446 2547 500 2602 id
526 2558 626 2614 est,
652 2548 784 2602 vitia
819 2558 875 2604 et
915 2556 1142 2619 peccata
1170 2589 1185 2613 ,
1216 2555 1264 2602 et
1294 2547 1511 2601 domum
1549 2546 1719 2617 patris
1746 2545 1823 2598 tui

239 2636 416 2713 (Psal.
471 2640 640 2711 κων),
679 2641 732 2694 id
758 2648 863 2705 est,
905 2639 1080 2695 hostis
1114 2631 1363 2710 antiqui,
1415 2644 1472 2692 et
1516 2636 1596 2693 sic
1628 2653 1827 2692 concu-

239 2729 416 2802 piscet
438 2728 689 2785 Christus
717 2745 813 2785 rex
841 2731 1093 2786 decorem
1123 2739 1297 2785 tuum.

315 2821 596 2877 Fortitudo
623 2832 670 2876 et
700 2821 856 2877 decor
888 2823 1252 2878 indumentum
1279 2824 1418 2894 ejus.
1447 2821 1732 2877 Fortitudo
1757 2822 1827 2877 ad

242 2912 577 2970 tolerandam
611 2928 990 2984 perversorum
1053 2912 1479 2983 improbitatem.
1554 2909 1730 2966 Decor
1757 2912 1825 2966 ad

243 3005 604 3059 exercendam
631 3005 892 3058 virtutum
923 3003 1179 3075 gratiam.
1211 3002 1518 3066 Fortitudo,
1551 3002 1680 3072 quia
1704 3015 1828 3072 per-

244 3097 581 3152 secutionem
613 3097 819 3166 patitur
864 3104 1089 3168 propter
1125 3095 1415 3165 justitiam.
1475 3095 1650 3149 Decor
1702 3094 1827 3162 quia

243 3186 806 3260 operaturjustitiam.
841 3187 1085 3244 Similem
1121 3189 1250 3244 huic
1303 3187 1630 3244 sententiam
1679 3185 1830 3240 Psal-

1929 2554 2222 2608 manducet
2262 2559 2316 2608 et
2344 2552 2495 2607 bibat
2543 2551 2594 2624 (ι
2617 2551 2740 2606 Cor.
2769 2551 2832 2624 r).
2901 2549 3008 2607 Sed
3038 2560 3096 2606 ut
3129 2551 3385 2622 patiendo
3411 2567 3512 2624 pro

1929 2646 2168 2712 Christo,
2208 2645 2476 2718 laerymas
2498 2645 2795 2710 fundendo,
2841 2644 2999 2699 bonis
3053 2659 3270 2714 quoque
3299 2645 3510 2702 actibus

1927 2738 2254 2802 insistendo,
2283 2737 2594 2807 passionum
2613 2734 2861 2806 exempla
2887 2735 3060 2805 ipsius
3075 2743 3340 2804 quantum
3370 2735 3514 2793 valet

1927 2837 2206 2900 sequatur.
2265 2827 2454 2884 Potest
2481 2835 2536 2883 et
2563 2827 2881 2898 simpliciter
2918 2828 3113 2898 accipi,
3151 2828 3280 2898 quia
3309 2839 3512 2898 panem

1927 2923 2105 2977 otiosa
2135 2937 2242 2976 non
2272 2921 2508 2976 comedit
2559 2920 2754 2975 mulier
2799 2919 2977 2985 fortis,
3005 2917 3164 2988 juxta
3215 2919 3346 2975 illud
3370 2920 3514 2992 Apo-

1927 3014 2095 3069 stoli:
2129 3011 2234 3078 Qui
2260 3028 2365 3066 non
2395 3020 2664 3078 operatur,
2703 3027 2794 3065 nec
2828 3010 3107 3066 manducet
3154 3011 3240 3080 (H
3278 3009 3512 3068 Thessal.

1930 3110 2041 3184 ιιι),
2069 3119 2122 3165 et
2144 3110 2258 3179 ipse
2284 3110 2350 3164 de
2378 3124 2436 3163 se
2471 3128 2484 3162 :
2547 3105 2810 3173 Quoniam
2832 3106 2901 3160 ad
2927 3123 2990 3161 ea
3009 3147 3024 3172 ,
3069 3122 3189 3178 quis
3217 3107 3346 3162 mihi
3387 3123 3516 3179 opus

1931 3212 2105 3269 erant,
2133 3213 2180 3258 et
2203 3203 2284 3258 his
2339 3205 2428 3276 qui
2477 3220 2681 3259 mecum
2716 3213 2835 3259 sunt
2863 3205 3292 3258 ministraverunt
3327 3219 3517 3259 manus

243 3279 409 3334 mis“!
446 3279 513 3335 de
548 3280 774 3336 Domino
801 3280 981 3351 P050“
1007 3279 1226 3345 dicens:
1265 3277 1521 3332 θοηιίηυε
1566 3277 1823 3369 Tel/"fill":
1853 3289 1898 3351 C
1931 3298 2049 3352 ista:
2079 3296 2217 3369 (Act.
2247 3299 2364 3368 xx).
2410 3296 2564 3352 Unde
2609 3297 2803 3352 merito
2848 3295 3186 3352 luxuriantes
3213 3296 3404 3355 viduas
3426 3313 3519 3352 ar-

247 3371 486 3426 decorem
514 3373 684 3427 induit
709 3388 727 3425 :
750 3374 919 3427 induit
955 3372 1214 3426 Dominus
1262 3371 1619 3442 fortitudinem
1651 3367 1822 3442 (Psal.

242 3461 401 3535 xcrr).
453 3462 590 3519 Cum
617 3465 762 3519 enim
789 3463 1112 3534 praedicaret
1163 3462 1424 3518 Dominus
1475 3461 1828 3532 Evangelium

242 3555 434 3626 rcgni,
463 3555 582 3610 aliis
607 3554 877 3625 placebat,
910 3554 1033 3610 aliis
1075 3554 1426 3625 displicebat;
1458 3551 1550 3607 alii
1591 3553 1726 3608 bene
1757 3552 1832 3606 lo-

247 3646 574 3718 quebantur,
598 3645 688 3700 alii
709 3645 1089 3711 detrahebant,
1114 3644 1448 3712 lacerabant,
1483 3643 1826 3710 mordebant,

247 3739 714 3794 conviciabantur.
743 3738 826 3793 Ad
861 3754 954 3795 eos
980 3753 1126 3811 ergo,
1155 3739 1349 3808 quibus
1373 3737 1639 3809 placebat,
1668 3737 1815 3793 deeo

244 3846 363 3887 rem
391 3831 585 3886 induit.
623 3833 705 3886 Ad
735 3847 830 3890 eos
852 3847 980 3904 ergo
1017 3833 1214 3901 quibus
1241 3829 1592 3902 displicebat,
1617 3829 1830 3886 fortitu-

245 3923 450 3978 dinem.
476 3923 692 3978 lmitare
715 3939 844 3996 ergo
872 3932 930 3978 tu
953 3924 1228 3980 dominum
1251 3963 1267 3988 ,
1296 3933 1357 3976 ut
1384 3923 1563 3992 possis
1587 3937 1708 3977 esse
1735 3937 1831 3976 ve-

246 4014 350 4069 stis
405 4013 596 4084 ipsius,
654 4022 772 4070 esto
823 4031 948 4071 cum
1006 4016 1200 4070 decore
1235 4014 1304 4068 ad
1337 4029 1431 4068 eos
1478 4015 1672 4082 quibus
1718 4012 1833 4084 pla-

246 4110 377 4157 cent
413 4102 552 4157 bona
588 4117 754 4174 opera
788 4111 915 4169 tua,
957 4111 1074 4158 esto
1108 4101 1266 4158 fortis
1311 4100 1599 4156 adversum
1649 4101 1831 4155 detra-

247 4205 454 4253 ctores.

326 4291 394 4345 Et
417 4290 604 4345 ridebit
631 4291 690 4345 in
716 4291 800 4344 die
821 4290 1121 4345 novissimo.
1154 4288 1390 4352 Ridebit,
1415 4288 1472 4342 id
1496 4297 1604 4352 est,
1630 4287 1830 4358 gaude-

131 4456 146 4469 .
241 4382 331 4440 bit
358 4385 414 4438 in
453 4385 808 4439 retributione
845 4385 997 4454 regni
1049 4383 1320 4448 ctelestis,
1357 4395 1477 4453 qua:
1529 4381 1745 4435 dolebat
1775 4381 1830 4434 in

245 4477 552 4534 certamine
591 4478 716 4532 vita:
757 4477 1064 4546 praesentis.
1122 4474 1236 4530 Mos
1287 4474 1492 4530 etenim
1547 4473 1831 4542 scriptum

249 4578 358 4633 est,
385 4583 484 4638 pro
513 4568 708 4640 gaudio
729 4570 900 4624 risum
927 4583 1148 4638 ponere.
1187 4566 1339 4622 Sicut
1364 4577 1419 4621 et
1436 4566 1694 4620 Dominus
1713 4565 1787 4619 ait
1814 4585 1826 4619 :

249 4657 404 4712 Beati
435 4658 523 4727 qui
580 4673 718 4712 nunc
761 4659 894 4729 ﬂetis
919 4697 935 4723 ,
985 4659 1107 4729 quia
1136 4657 1369 4711 ridebitis
1423 4656 1575 4728 (Luc.
1611 4657 1706 4730 vt).
1761 4658 1831 4712 Et
1858 4655 1911 4715 D

251 4749 446 4804 beatus
469 4749 570 4804 Job
596 4770 609 4804 :
649 4749 725 4804 Os
752 4760 924 4804 autem
951 4750 1217 4804 veracium
1258 4747 1538 4818 replebitur
1558 4749 1669 4802 nisu

329 4860 402 4916 Os
440 4878 593 4916 suum
643 4861 846 4932 aperuit
903 4861 1190 4931 sapientitr.
1241 4860 1324 4916 Ad
1369 4861 1472 4916 hoc
1521 4868 1732 4914 tantum
1763 4861 1836 4915 lo-

252 4967 449 5026 quens,
486 4968 549 5008 os
583 4953 820 5023 aperuit,
850 4960 910 5005 ut
940 4952 1256 5022 sapientiam
1300 4953 1518 5007 doceret
1546 4994 1559 5016 ,
1592 4950 1746 5020 juxta
1777 4952 1837 5006 il-

251 5039 345 5096 lud
373 5041 614 5111 Apostoli
645 5058 660 5095 ε
701 5041 883 5095 Omnis
909 5057 1078 5096 sermo
1107 5041 1275 5095 malus
1315 5057 1379 5095 ex
1408 5057 1496 5095 ore
1533 5055 1702 5095 veszro
1729 5058 1832 5096 non

249 5134 525 5204 procedat,
555 5131 646 5187 sed
668 5133 712 5187 si
733 5134 848 5204 quis
877 5133 1040 5186 bonus
1069 5134 1138 5187 ad
1166 5133 1570 5202 rrdiﬁcationem
1601 5133 1745 5203 ﬁdei,
1771 5143 1833 5186 ut

253 5225 340 5278 det
379 5225 605 5295 gratiam
643 5225 976 5278 audientibus
1035 5223 1253 5296 (Ephes.
1283 5223 1392 5296 tv),
1440 5222 1526 5278 vel
1573 5234 1720 5278 certe
1773 5239 1836 5279 os

254 5313 439 5370 cordis
467 5315 678 5386 aperuit
699 5316 766 5370 ad
801 5315 1115 5370 discendam
1142 5315 1210 5368 ab
1237 5315 1357 5384 ipsa
1399 5314 1667 5384 sapientia
1698 5315 1836 5368 inte-

251 5408 376 5465 rius
414 5411 730 5476 veritatem,
771 5423 934 5479 quam
964 5407 1099 5464 alios
1144 5409 1291 5464 foras
1319 5408 1580 5472 doceret,
1616 5408 1835 5479 utrique

253 5510 442 5558 autem
463 5502 670 5567 sensui,
690 5503 815 5573 quia
844 5509 1134 5571 utrumque
1154 5500 1285 5555 facit
1314 5500 1561 5566 ecchsia,
1585 5500 1840 5555 convenit

255 5601 382 5665 apte
417 5594 563 5664 quod
594 5596 839 5664 sequitur
873 5613 885 5648 :

330 5687 403 5740 Et
438 5686 524 5740 lex
553 5686 838 5742 clementiae
863 5687 919 5741 in
947 5685 1127 5757 lingua
1147 5686 1283 5756 ejus.
1310 5683 1422 5740 Lex
1445 5685 1698 5740 videlicet
1725 5684 1835 5750 illa,

256 5793 378 5849 qua:
405 5795 514 5835 non
542 5779 723 5834 statim
751 5794 902 5835 more
932 5777 1066 5850 legis
1087 5775 1338 5833 Mosaicae
1363 5786 1653 5847 peccantes
1677 5779 1837 5848 puni-

253 5878 364 5937 ret,
395 5872 490 5927 sed
512 5871 938 5928 misericorditer
959 5871 1026 5927 ad
1051 5869 1384 5941 paenitentia
1407 5869 1643 5925 remedia
1676 5886 1832 5926 revo-

1935 3404 2109 3461 guens
2129 3389 2372 3461 adiungit
2405 3408 2418 3444 :
2449 3389 2625 3445 Simul
2651 3398 2827 3444 autem
2871 3400 2921 3444 et
2967 3391 3146 3444 otiosa:
3174 3389 3383 3444 discunt
3407 3389 3518 3444 cir-

1935 3485 2133 3538 cumire
2160 3483 2362 3548 domos,
2397 3501 2501 3538 non
2529 3481 2703 3538 solum
2731 3483 2946 3550 otiosw,
3002 3482 3094 3538 sed
3121 3493 3168 3539 et
3210 3482 3442 3540 verbosa
3465 3489 3518 3539 et

1886 3625 1896 3632 .
1935 3575 2158 3630 curiosis
2189 3574 2241 3646 (Ι
2268 3573 2401 3629 Tim.
2429 3574 2507 3646 ν).

2007 3665 2361 3722 Surrexerunt
2383 3666 2482 3736 ﬁlii
2506 3667 2619 3737 ejus
2638 3676 2686 3721 et
2712 3667 3060 3723 beatissimam
3084 3668 3520 3738 priedicaverunt.

1933 3757 2089 3826 Quod
2129 3758 2371 3813 futurum
2413 3773 2512 3829 pro
2535 3767 2687 3813 certo
2716 3767 2960 3824 noverat,
2993 3773 3143 3814 more
3180 3757 3519 3830 prophetico,

1935 3850 2089 3920 quasi
2115 3848 2229 3918 jam
2261 3847 2461 3904 factum
2497 3849 2662 3904 refert
2696 3869 2708 3902 :
2744 3849 2980 3921 Surgent
3016 3851 3161 3904 enim
3200 3847 3296 3904 lilii
3335 3848 3524 3906 Eccle—

1935 3943 2054 4007 δίκη,
2086 3941 2355 4006 videlicet,
2381 3955 2571 3995 omnes
2596 3941 2756 3996 electi
2799 3943 2853 3996 in
2880 3943 3180 3997 novissimo
3206 3941 3389 3997 carnis
3415 3941 3520 3996 im-

1935 4033 2268 4087 mortalitate
2297 4031 2504 4097 donati,
2533 4040 2588 4087 et
2615 4040 2746 4094 tunc
2789 4041 3021 4087 matrem
3052 4047 3225 4098 suam,
3271 4039 3391 4104 Quae
3427 4047 3524 4089 eos

1936 4140 2005 4179 ex
2035 4141 2174 4194 aqua
2199 4132 2253 4178 et
2296 4125 2490 4194 spiritu
2535 4133 2724 4181 sancto
2749 4125 2860 4180 Deo
2900 4126 3104 4194 genuit,
3153 4124 3523 4181 beatissimam

1934 4217 2252 4286 prmdicant,
2301 4232 2420 4288 qua:
2464 4233 2608 4271 nunc
2653 4219 2720 4272 ab
2760 4215 3086 4284 inﬁdelibus,
3130 4219 3284 4287 quasi
3322 4218 3523 4274 misera

1937 4309 2324 4372 contemnitur,
2358 4318 2413 4362 et
2445 4324 2505 4363 re
2533 4325 2659 4364 vera
2682 4351 2696 4376 ,
2727 4311 2866 4365 sicut
2895 4309 3187 4380 Apostolus
3221 4311 3297 4366 ait
3325 4329 3339 4366 :
3380 4310 3443 4367 Si
3469 4312 3524 4366 in

1937 4401 2036 4454 hac
2067 4403 2166 4455 vita
2210 4410 2412 4455 tantum
2453 4413 2716 4474 sperantes
2748 4421 2926 4458 sumus
2958 4406 3012 4459 in
3041 4402 3270 4472 Christo,
3300 4407 3522 4461 misera-

1939 4493 2145 4548 biliores
2175 4511 2356 4550 sumus
2383 4495 2620 4550 omnibus
2659 4497 2952 4550 hominibus
2991 4496 3042 4568 (Ι
3071 4494 3195 4552 Cor.
3228 4497 3341 4569 xv).
3385 4497 3524 4566 Quia

1937 4599 2068 4639 vero
2094 4601 2192 4655 pro
2216 4586 2322 4640 vita
2351 4585 2455 4640 alia
2479 4587 2534 4640 in
2561 4588 2814 4656 przesenti
2845 4588 3159 4655 militamus,
3184 4590 3378 4646 merito
3401 4603 3524 4646 cum

1941 4679 2256 4749 apparuerit
2293 4680 2420 4748 quid
2465 4680 2691 4746 erimus,
2735 4689 2964 4734 matrem
3007 4691 3248 4735 nostram
3293 4695 3414 4752 quae
3459 4696 3526 4736 ex

1943 4771 2196 4824 omnibus
2213 4769 2375 4840 justis
2402 4771 2651 4837 collecta,
2682 4787 2786 4826 una
2807 4771 3010 4828 Christi
3035 4773 3302 4839 columba,
3328 4789 3526 4844 sponsa

1941 4871 1998 4916 et
2027 4862 2197 4916 amica
2226 4871 2467 4929 vocatur,
2492 4863 2860 4918 beatissimam
2881 4865 3314 4934 prtcdicabimus.
3342 4864 3526 4921 Potest

1942 4962 1997 5009 et
2025 4955 2128 5009 hoc
2151 4956 2292 5024 quod
2326 4957 2454 5013 dicit
2484 4975 2497 5010 :
2531 4955 2896 5011 Surrexcrunt
2920 4957 3013 5011 lilii
3036 4957 3172 5028 ejus,
3199 4968 3256 5014 et
3279 4959 3528 5015 beatissi—

1942 5059 2087 5099 mam
2115 5047 2578 5115 praedicaverunt,
2618 5047 2782 5100 etiam
2821 5048 2876 5102 in
2918 5048 3020 5104 hoc
3055 5056 3301 5120 tempore
3329 5066 3525 5106 conve-

1939 5138 2157 5192 nienter
2201 5139 2404 5208 accipi,
2456 5151 2580 5193 cum
2623 5139 2850 5208 quilibet
2900 5138 3138 5194 ﬁdelium
3193 5139 3525 5195 transcensis

1945 5229 2129 5283 seculi
2154 5227 2411 5283 aerumnis
2441 5229 2508 5282 ad
2531 5228 2774 5284 caelestia
2805 5244 2970 5300 regna
3001 5231 3388 5300 perducuntur.
3427 5228 3526 5284 Se-

1943 5320 2071 5375 dere
2107 5335 2338 5390 namque
2377 5321 2444 5375 ad
2490 5320 2940 5387 humiliationern,
2979 5323 3264 5391 aliquoties
3306 5336 3526 5392 surgere

1943 5413 2012 5466 ad
2050 5411 2276 5483 gloriam
2315 5413 2566 5482 pertinet.
2611 5413 2852 5485 Surgunt
2875 5427 3006 5482 ergo
3035 5413 3128 5464 lilii
3166 5412 3440 5478 Ecclesiae,
3473 5422 3528 5468 et

1942 5503 2311 5558 beatissimam
2337 5520 2456 5559 eam
2498 5506 2814 5576 praedicant,
2858 5519 2980 5557 cum
3017 5503 3327 5560 ccelestibus
3371 5505 3528 5561 bonis

1940 5598 2232 5663 sublimati,
2277 5607 2477 5670 quanta
2519 5601 2590 5656 sit
2631 5599 2773 5653 illius
2816 5597 3005 5666 patriae
3049 5598 3346 5664 beatitudo,
3373 5601 3527 5671 cujus

1939 5691 2233 5761 participes
2265 5707 2386 5748 esse
2429 5697 2743 5746 meruerunt
2785 5688 3072 5758 aspiciunt,
3095 5698 3152 5744 et
3177 5690 3317 5746 hanc
3345 5692 3525 5747 debita

1941 5781 2248 5840 laudatione
2277 5785 2332 5839 in
2359 5785 2534 5840 divina
2565 5784 2768 5837 visione
2789 5781 3180 5838 concelebrant.
3386 5849 3392 5856 ι

2022 5871 2117 5926 Vir
2163 5874 2277 5944 ejus
2324 5885 2369 5929 et
2417 5872 2652 5927 laudabit
2692 5887 2826 5925 eam.
2877 5870 3138 5928 Lauvlabit
3184 5891 3304 5929 eam
3350 5884 3404 5930 et
3445 5875 3528 5927 vir
