4026 6468
547 465 648 524 451

1832 461 1968 518 SMA
1976 460 2110 515 RAC
2121 459 2195 516 Dl
2231 454 2525 514 ABBATIS

3729 447 3835 508 432

551 583 721 655 ipsius
749 581 1060 645 cum-bona,
1086 593 1208 649 quae
1235 579 1427 650 ipsein
1449 579 1704 650 praesenti
1726 577 1926 633 saeculo
1948 578 2131 638 donat,
2162 573 2217 634 A
2238 568 2800 643 posttriturationem,
2817 564 3161 622 amictionem
3179 561 3544 627 terrestrium,
3577 562 3647 618 ad
3674 562 3837 620 coale-

549 677 608 733 in
637 675 821 731 futuro
845 673 1235 738 remunerabit,
1259 671 1446 729 dicens
1468 674 1525 728 in
1547 671 1752 743 judicio
1777 688 1791 726 :
1827 671 2027 738 Venite,
2057 671 2142 724 be-

548 767 744 824 nedicti
772 767 940 837 patris
967 767 1090 832 mei,
1122 765 1370 838 percipite
1406 781 1639 836 regnum,
1670 764 1809 834 quod
1838 763 1979 817 vobis
2005 778 2143 834 pra:—

547 869 793 933 paratum
840 867 915 914 est
963 859 1028 912 ab
1066 861 1266 930 origine
1308 859 1489 913 mundi
1524 871 1542 910 :
1573 859 1698 930 quia
1736 857 1928 912 esurivi
1962 865 2010 911 et
2049 858 2142 911 de-

548 951 700 1006 distis
726 949 852 1004 mihi
882 949 1226 1017 manducare,
1251 957 1357 1006 etc.
1391 950 1607 1021 (Matth.
1637 949 1748 1020 xv).
1783 949 1899 1019 lpse
1921 948 2138 1019 quidem

543 1043 800 1115 primitiae
823 1042 1228 1108 dormientium,
1265 1044 1570 1098 resurrexit
1600 1057 1631 1096 a
1664 1043 1913 1107 mortuis,
1950 1042 2044 1096 sed
2076 1041 2136 1123 in

547 1133 635 1188 die
666 1132 858 1202 judicii
896 1133 1240 1189 manifestius
1271 1134 1544 1199 omnibus,
1570 1149 1705 1204 quos
1741 1150 1838 1189 sua
1871 1132 2027 1188 laude
2064 1131 2140 1187 di-

544 1238 680 1294 gnos
694 1221 1041 1292 iudicaverit,
1067 1233 1268 1296 quanta
1291 1225 1363 1280 sit
1380 1226 1428 1292 ej
1434 1225 1764 1280 usdem-sute
1787 1224 2140 1280 resurrectio-

542 1316 630 1370 nis
671 1315 842 1388 gloria
874 1317 1287 1371 demonstrabit.
1332 1315 1540 1383 Quibus
1574 1324 1757 1372 autem
1797 1316 1979 1372 verbis
2015 1331 2137 1372 eam

541 1405 725 1460 laudet
746 1414 1141 1476 consequenter
1159 1407 1484 1462 ostenditur.

619 1497 806 1552 Multa:
833 1497 960 1566 ﬁlice
989 1509 1431 1570 congregaverant
1457 1499 1690 1568 divitias,
1719 1510 1775 1554 tu
1802 1518 2138 1572 supergressa

542 1607 595 1644 es
622 1591 912 1645 universas.
940 1589 1134 1647 Multas
1154 1592 1294 1646 ﬁlias
1315 1592 1585 1649 Ecclesias
1605 1594 1736 1650 dicit
1755 1595 2136 1653 haereticorum

543 1691 599 1737 et
629 1682 897 1738 malorum
919 1684 1107 1744 turbas
1129 1683 1553 1752 Catholicorum,
1577 1702 1696 1755 quae
1716 1686 1839 1742 ﬁlim
1859 1689 2134 1756 dicuntur,

543 1773 629 1829 vel
647 1772 874 1841 Christi,
899 1776 984 1830 vel
1007 1775 1289 1843 Ecclesite,
1312 1779 1438 1847 quia
1460 1779 1625 1834 etiam
1657 1781 1789 1852 ipsa:
1824 1790 1949 1836 sunt
1969 1783 2136 1838 domi-

542 1869 680 1926 nicis
711 1878 915 1925 renatae
945 1871 1322 1936 sacramentis,
1347 1882 1402 1927 et
1423 1873 1490 1927 ad
1509 1874 1855 1945 adoptionem
1875 1874 2129 1944 ﬁliorum,

540 1977 703 2032 quam
737 1978 846 2020 non
875 1962 1152 2018 custodire
1190 1948 1572 2035 perceperunt.
1615 1966 1769 2023 Unde
1803 1975 1860 2022 et
1896 1966 2132 2026 Joannes

538 2055 616 2110 ait
667 2069 683 2109 :
739 2054 820 2111 De
870 2055 1018 2111 nobis
1065 2058 1340 2124 exierunt,
1387 2058 1476 2112 sed
1526 2075 1631 2114 non
1676 2068 1828 2114 erant
1875 2077 1941 2115 ea:
1985 2061 2132 2117 nobis

473 2197 475 2199 .
539 2142 592 2215 (Ι
627 2143 790 2200 Joan.
821 2144 916 2218 11).;
957 2161 1078 2217 quae
1113 2157 1578 2219 congregaverunt
1613 2148 1847 2216 divitias,
1882 2150 2134 2208 videlicet

536 2239 802 2294 bonorum
844 2254 1092 2309 operum,
1135 2243 1434 2308 orationes,
1467 2241 1699 2314 jejunia,
1735 2243 2127 2316 eleemosynas,

537 2329 910 2398 atilictionem,
963 2341 1020 2388 et
1063 2335 1444 2391 castimoniam
1486 2336 1690 2402 carnis,
1740 2338 2129 2394 continentiam

533 2419 753 2495 linguae,
780 2423 1189 2481 meditationem
1217 2427 1639 2496 scripturarum,
1670 2434 1776 2482 etc.
1809 2427 2128 2497 Hujusmodi

534 2530 656 2586 qua:
681 2531 824 2572 vera:
855 2524 981 2573 sunt
1008 2518 1231 2576 divitiae.
1264 2519 1487 2590 spiritus
1509 2520 1602 2574 ubi
1629 2535 1764 2590 pura
1793 2521 1991 2576 mentis
2016 2522 2129 2576 sin-

533 2609 761 2664 ceritate
791 2619 1073 2679 geruntur.
1110 2611 1212 2667 Ubi
1243 2618 1423 2666 autem
1465 2611 1581 2666 sine
1617 2613 1723 2668 fide
1761 2629 1881 2684 quae
1919 2630 2019 2684 per
2047 2615 2127 2669 di-

533 2701 818 2757 lectionem
840 2713 1098 2772 operatur
1118 2703 1274 2768 ﬁunt,
1292 2705 1425 2758 nihil
1449 2705 1734 2778 agentibus
1754 2716 1998 2776 prosunt.
2019 2707 2126 2764 Sed

532 2799 588 2847 et
615 2791 720 2846 illae
749 2791 873 2847 ﬁliae
904 2792 1105 2848 frustra
1133 2803 1535 2864 congregarunt
1559 2796 1775 2852 divitias
1795 2839 1808 2863 ,
1838 2799 1904 2854 de
1929 2799 2126 2869 quibus

531 2883 793 2939 Dominus
821 2883 941 2938 ait:
976 2884 1132 2938 Multi
1173 2885 1345 2940 dicent
1387 2887 1515 2942 mihi
1554 2886 1648 2942 illa
1687 2889 1772 2944 die
1813 2905 1831 2942 :
1875 2890 2123 2963 Domine,

529 2975 775 3043 Domine,
804 2993 973 3055 nonne
1002 2977 1057 3031 in
1089 2979 1296 3032 nomine
1319 2987 1409 3034 tuo
1435 2981 1855 3050 praphetavimus
1876 2993 1924 3038 et
1951 2986 2007 3039 in
2032 2996 2123 3040 tuo

532 3069 742 3124 nomine
769 3069 1032 3124 dtemonia
1069 3070 1338 3140 ejecimus,
1377 3079 1425 3125 et
1455 3074 1510 3126 in
1542 3081 1632 3127 tuo
1667 3075 1873 3129 nomine
1910 3077 2123 3133 virtutes

529 3159 724 3214 multas
748 3159 986 3230 fecimus,
1011 3170 1061 3214 et
1086 3169 1209 3215 tunc
1239 3161 1522 3231 confitebor
1544 3162 1670 3230 illis,
1698 3167 1822 3236 quia
1855 3184 2122 3239 nunquam

529 3250 647 3304 novi
673 3266 781 3304 vos.
815 3250 921 3305 Sed
941 3266 1132 3306 omnes
1160 3251 1461 3308 istiusmodi
1487 3251 1624 3309 ﬁlias
1664 3254 1907 3313 Ecclesia
1930 3259 2120 3316 catho-

2159 1942 2208 2004 B

2244 665 2346 720 stis
2372 663 2523 735 regni
2547 660 2742 734 gaudia
2767 659 3216 723 introducant,~ac
3241 657 3364 711 vitm
3390 655 3718 711 immortalis
3736 655 3838 712 sibi

2243 756 2449 813 sociam
2470 761 2777 828 aggregent,
2803 751 2958 822 juxta
2981 749 3108 806 illud
3131 748 3516 820 Evangelicum
3540 762 3555 801 :
3582 747 3840 802 Triticum

2244 856 2423 903 autem
2476 852 2783 916 congregate
2811 845 2868 898 in
2914 844 3159 898 horreum
3211 857 3385 897 meum
3432 839 3654 914 (Matth.
3693 839 3838 912 xui).

2241 938 2398 1005 Date,
2423 937 2616 1008 inquit,
2641 937 2688 990 ei
2718 935 2783 990 de
2815 936 2992 1005 fructu
3013 950 3266 989 manuum
3297 949 3538 1000 suarum,
3559 931 3691 1003 quia
3722 931 3838 986 fru—

2242 1039 2391 1086 ctum
2429 1029 2654 1100 spiritus
2693 1025 2840 1083 ferre
2887 1026 3099 1082 curavit
3133 1025 3456 1081 charitatem
3479 1065 3492 1091 ,
3545 1024 3836 1096 gaudium,

2241 1136 2450 1192 pacem,
2480 1119 2890 1190 benignitatem,
2921 1117 3247 1181 bonitatem,
3273 1116 3594 1172 modestiam
3612 1157 3626 1180 ,
3663 1116 3841 1171 conti—

2241 1208 2502 1271 nentiam,
2534 1206 2713 1271 ﬁdem,
2742 1205 3080 1276 patientiam.
3109 1204 3216 1259 Pro
3245 1204 3350 1258 hoc
3376 1203 3452 1258 illi
3482 1202 3727 1258 debitam
3756 1219 3842 1258 re-

2238 1298 2459 1368 pendite
2481 1297 2805 1352 mercedem.
2831 1296 2899 1350 Et
2924 1295 3143 1351 laudent
3165 1311 3286 1350 eam
3307 1296 3362 1350 in
3387 1295 3581 1365 portis,
3608 1295 3714 1351 hoc
3735 1306 3837 1362 est,

2239 1388 2298 1443 in
2318 1387 2544 1458 judicio,
2572 1387 2685 1444 sive
2706 1387 2764 1441 in
2789 1386 3035 1457 ingressu
3057 1385 3246 1456 patriae
3266 1384 3504 1442 ctelestis
3527 1403 3638 1442 non
3667 1387 3842 1443 homi-

2240 1496 2370 1536 num
2407 1479 2621 1535 favores
2661 1479 3007 1550 supervacui,
3034 1477 3130 1534 sed
3153 1493 3321 1548 opera
3362 1479 3477 1548 ipsa
3518 1494 3641 1549 quae
3684 1479 3837 1548 fecit,

2238 1573 2604 1640 examinante,
2636 1571 2920 1642 probante,
2950 1571 3092 1626 hanc
3129 1578 3530 1638 remunerante,
3564 1571 3660 1627 illo
3683 1572 3841 1642 cujus

2239 1668 2356 1724 haec
2380 1669 2615 1724 donante
2640 1667 2814 1738 gratia
2841 1665 3087 1737 perfecit,
3117 1682 3147 1720 a
3174 1681 3282 1736 quo
3303 1674 3366 1720 ut
3390 1666 3596 1721 laudari
3628 1682 3841 1722 merea-

2237 1775 2362 1814 mur
2388 1760 2444 1814 in
2465 1759 2649 1815 futuro
2670 1761 2932 1816 concedat
2958 1760 3071 1831 ipse
3091 1757 3358 1829 propitius
3379 1773 3480 1814 nos
3505 1774 3634 1814 eum
3659 1758 3841 1832 dignis

2237 1852 2297 1908 in
2323 1852 2582 1924 przesenti
2605 1853 2718 1907 vita
2748 1852 3056 1908 collaudare
3084 1851 3339 1907 servitiis.
3371 1850 3568 1907 Amen.

2547 1961 2886 2002 EVANGELIUM
2927 1959 3217 2009 ΜΔΤἸἬΕΙ,
3257 1959 3376 1998 CAP.
3420 1959 3518 1999 XII.

2313 2056 2333 2091 ι
2367 2036 2648 2108 Loquente
2673 2052 2739 2093 eo
2765 2037 2833 2092 ad
2861 2036 3070 2092 turbas.
3111 2034 3254 2090 Ecce
3285 2042 3462 2089 mater
3491 2035 3609 2106 ejus
3641 2045 3696 2091 et
3727 2038 3838 2093 fra-

2241 2147 2260 2182 ι
2296 2138 2410 2186 tres
2454 2130 2675 2184 stabant
2717 2128 2853 2184 foris
2883 2135 3189 2199 qumrentes
3226 2126 3373 2198 loqui
3409 2128 3460 2182 ei
3497 2145 3509 2180 :
3552 2128 3701 2184 Dixit
3743 2146 3840 2186 au-

2240 2241 2259 2276 t
2296 2232 2406 2280 tem
2437 2225 2489 2280 ei
2521 2223 2740 2294 quidam
2775 2240 2787 2277 :
2818 2222 2959 2278 Ecce
2984 2229 3162 2278 mater
3193 2229 3285 2276 tua
3326 2229 3384 2275 et
3416 2219 3614 2276 fratres
3646 2225 3722 2278 tui
3759 2223 3839 2280 fo-

2238 2332 2258 2366 t
2294 2315 2382 2393 ris.
2416 2323 2566 2370 stant
2592 2321 2900 2385 quaerentes
2926 2322 3000 2369 te.
3038 2314 3106 2368 Et
3128 2313 3243 2385 ipse
3269 2313 3604 2382 respondens
3631 2314 3839 2388 dicenti

2237 2423 2256 2458 ε
2291 2407 2396 2462 sibi
2435 2406 2512 2461 ait
2543 2425 2556 2461 :
2593 2405 2724 2474 Quae
2759 2413 3048 2472 estmatcr
3078 2420 3221 2472 mea,
3255 2411 3312 2460 et
3347 2405 3443 2474 qui
3471 2413 3596 2460 sunt
3634 2406 3838 2463 fratres

2236 2517 2255 2552 ‹
2291 2500 2419 2555 mei.
2445 2499 2514 2555 Et
2535 2500 2837 2556 extendens
2859 2515 3079 2554 manum
3108 2499 3164 2554 in
3185 2498 3481 2570 discipulos
3502 2514 3630 2556 suos
3658 2502 3832 2557 dixit:

2238 2609 2256 2645 ι
2291 2591 2433 2656 Ecce
2475 2602 2654 2649 mater
2691 2607 2812 2648 mea
2851 2602 2907 2648 et
2944 2591 3142 2648 fratres
3189 2591 3298 2646 mei
3330 2609 3343 2646 :
3387 2593 3698 2664 quicunque
3753 2595 3832 2650 fe-

2237 2702 2256 2736 ί
2293 2686 2430 2742 cerit
2469 2685 2806 2741 voluntatem
2848 2684 3024 2756 patris
3074 2685 3212 2751 mei,
3256 2684 3349 2755 qui
3399 2686 3454 2740 in
3505 2685 3658 2742 caelis
3707 2697 3834 2752 est,

2235 2796 2255 2830 ι
2292 2778 2408 2849 ipse
2431 2793 2586 2834 meus
2613 2777 2806 2844 frater,
2837 2793 2994 2834 soror
3020 2786 3077 2850 et
3104 2787 3282 2832 mater
3310 2786 3414 2833 est.
3451 2798 3470 2831 ι

2301 2871 2567 2945 Loquente
2590 2871 2723 2927 Iesu
2747 2872 2816 2926 ad
2847 2874 3050 2938 turbas,
3084 2880 3132 2926 et
3167 2889 3282 2926 ecce
3306 2881 3476 2926 mater
3500 2872 3614 2943 ejus
3643 2891 3687 2928 et
3718 2876 3834 2943 fra-

2229 2973 2334 3019 tres
2356 2963 2566 3018 stabant
2594 2963 2724 3033 foris
2747 2973 3037 3035 quierentes
3063 2961 3204 3034 loqui
3230 2963 3296 3017 ei.
3324 2963 3425 3036 (Ex
3449 2961 3698 3036 Hieron.)
3728 2964 3834 3020 Oc-

2231 3065 2460 3127 cupatus
2477 3063 2598 3112 erat
2618 3056 2880 3112 Dominus
2904 3057 2957 3112 in
2981 3071 3146 3126 opere
3173 3057 3464 3123 sermonis,
3492 3056 3548 3110 in
3577 3058 3830 3113 doctrina

2227 3147 2582 3218 populorum,
2623 3148 2679 3202 in
2714 3147 2887 3203 oﬂicio
2921 3147 3270 3218 prmdicandi.
3314 3147 3422 3219 (Ex
3450 3147 3645 3221 Beda.)
3685 3149 3831 3206 Sane

2228 3239 2374 3311 quod
2417 3238 2683 3295 Dominus
2724 3241 2790 3295 ad
2844 3248 3075 3295 matrem
3132 3239 3441 3312 fratresque
3497 3249 3720 3312 rogatus
3763 3243 3831 3298 ab

524 3340 628 3397 lica
669 3343 1101 3413 supergreditur,
1139 3359 1258 3413 qua,
1288 3345 1393 3400 ﬁde
1432 3353 1581 3401 casta
1600 3354 1658 3402 ει
1693 3362 1857 3418 opere
1882 3352 2124 3420 perfecta
2151 3317 2197 3383 C
2229 3329 2404 3387 otiicio
2442 3331 2594 3387 verbi
2625 3330 2996 3387 dissimulatur
3025 3330 3240 3402 egredi,
3285 3346 3393 3386 non
3435 3342 3704 3388 maternae
3737 3348 3827 3390 re-

525 3432 884 3504 redemptoris
911 3435 994 3489 sui
1024 3435 1256 3506 vestigia
1286 3444 1544 3492 sectatur.

596 3525 796 3582 Fallax
838 3537 914 3581 est
955 3529 1150 3598 gratia,
1195 3538 1299 3584 etc.
1353 3529 1540 3585 Fallax
1578 3541 1662 3588 est
1709 3537 1882 3605 gratia
1926 3539 2117 3606 laudis,

526 3635 690 3688 quam
717 3618 786 3673 ab
806 3619 1024 3674 homine
1052 3619 1283 3690 accepit.
1314 3618 1464 3675 Vana
1489 3622 1832 3692 pulchritudo
1855 3631 2122 3687 castitatis

523 3709 610 3765 vel
631 3709 959 3780 operationis
981 3709 1156 3775 bonae,
1186 3726 1350 3782 quam
1377 3712 1630 3768 omnibus
1653 3715 1907 3774 ostendat
1936 3721 2119 3777 anima

525 3818 646 3872 qua:
675 3802 870 3859 timore
897 3810 1047 3858 caret
1073 3804 1277 3861 divino.

596 3893 792 3950 Mulier
829 3895 1014 3952 timens
1057 3896 1225 3951 Deum
1268 3898 1382 3969 ipsa
1421 3899 1746 3956 laudabitur.
1783 3903 1877 3959 illa
1912 3907 2113 3976 anima,

524 3986 676 4057 cujus
695 3989 1026 4045 conscientia
1055 3990 1267 4046 sincera
1291 3999 1394 4058 est,
1417 4007 1547 4049 vera
1567 4002 1650 4049 est
1674 4003 1728 4050 ct
1747 3995 1906 4052 laude
1928 3999 2114 4070 digna,

521 4083 649 4153 quia
679 4082 931 4138 timorem
957 4082 1054 4138 Dei
1078 4083 1133 4138 in
1155 4085 1407 4142 omnibus
1426 4098 1625 4143 servat.
1654 4089 1840 4146 Timor
1861 4101 1947 4148 est
1968 4095 2114 4150 enim

518 4175 847 4246 principium
895 4184 1216 4232 cunctarum
1272 4187 1564 4250 custosque
1618 4182 1879 4237 virtutum
1906 4226 1920 4249 ,
1967 4185 2115 4240 Scri-

517 4274 679 4337 ptura
719 4268 930 4323 dicente
968 4283 983 4321 :
1028 4266 1208 4322 Timor
1242 4269 1456 4324 Domini
1493 4271 1806 4343 principium
1845 4275 2114 4345 sapientiw

521 4352 704 4427 (Prov.
737 4356 799 4428 1).
840 4357 910 4412 Et
947 4358 1146 4412 iterum
1176 4378 1189 4414 :
1225 4361 1328 4426 Qui
1359 4361 1503 4415 timet
1533 4361 1701 4416 Deum
1730 4365 1859 4419 nihil
1901 4367 2113 4438 negligit

520 4446 720 4520 (Eccle.
753 4449 886 4520 vn);
919 4448 1047 4505 hinc
1071 4458 1156 4503 est
1180 4450 1354 4517 enim,
1387 4452 1531 4520 quod
1565 4453 1685 4508 ideo
1714 4455 1905 4511 beatus
1928 4455 2029 4512 Job
2057 4467 2113 4514 et

517 4539 574 4594 in
597 4540 960 4610 prosperitate
989 4541 1282 4596 virtutibus
1308 4542 1808 4614 incomparabiliter
1833 4547 2034 4616 ﬂoruit,
2055 4561 2113 4606 et

517 4630 574 4685 in
600 4630 1022 4687 adversitatibus
1049 4631 1433 4702 insuperabilis
1461 4635 1604 4690 hosti
1626 4639 1942 4706 permansit.
1971 4640 2107 4708 Quia

517 4729 786 4785 veraciter
822 4729 1005 4785 dicere
1037 4730 1234 4799 potuit,
1279 4747 1479 4801 semper
1511 4733 1649 4786 enim
1673 4737 1825 4805 quasi
1855 4745 2107 4794 tumentes

515 4837 673 4892 super
698 4837 778 4875 me
803 4822 994 4891 ﬂuctus
1021 4821 1173 4875 timui
1203 4821 1371 4876 Deum
1401 4831 1451 4877 et
1473 4824 1677 4894 pondus
1700 4827 1814 4896 ejus
1840 4828 1977 4897 ferre
2002 4846 2108 4885 non

515 4916 659 4985 potui
683 4913 828 4987 (Iob.
858 4914 962 4986 ut).
1006 4915 1196 4970 Fallax
1221 4923 1304 4971 est
1328 4932 1459 4988 ergo
1493 4919 1870 4975 simulatorem
1905 4924 2102 4993 gratia,

515 5025 687 5065 vanus
726 5009 892 5068 decor
924 5014 1105 5084 operis
1143 5014 1454 5070 stultorum.
1494 5015 1735 5071 Ecclesia
1777 5025 1954 5072 autem
1984 5034 2104 5088 qua:

513 5105 569 5161 in
614 5105 813 5160 timore
845 5105 1112 5164 incolatus
1153 5108 1236 5164 sui
1279 5117 1522 5178 tempore
1555 5118 1930 5178 conservatur,
1963 5127 2101 5182 quo-

511 5195 664 5250 niam
698 5195 949 5254 ardentes
978 5199 1239 5254 virtutum
1278 5198 1554 5269 lampadas
1582 5199 1818 5256 venienti
1858 5203 1926 5256 ad
1958 5200 2103 5269 judi-

512 5289 660 5346 cium
685 5304 788 5346 suo
820 5303 1017 5361 sponso
1057 5288 1269 5353 offeret,
1287 5289 1410 5358 jure
1435 5306 1466 5344 a
1487 5291 1597 5346 Deo
1621 5291 1860 5358 laudata,
1877 5294 2101 5363 januam

511 5399 637 5440 cum
664 5399 733 5441 eo
762 5383 913 5456 regni
941 5382 1178 5440 cmlestis
1208 5382 1450 5440 intrabit.
1493 5383 1735 5451 Qualiter
1762 5392 1945 5440 autem
1979 5400 2102 5442 eam

511 5475 716 5542 laudet,
750 5474 1018 5531 terminali
1053 5490 1212 5530 versu
1240 5475 1485 5532 docetur.

579 5567 718 5622 Date
745 5569 793 5622 ei
817 5568 880 5623 de
913 5567 1089 5637 fructu
1116 5583 1366 5622 manuum
1400 5584 1642 5635 suarum,
1671 5577 1720 5623 et
1743 5568 1958 5624 laudent
1986 5586 2102 5624 eam

509 5661 566 5714 in
588 5659 754 5731 portis
775 5675 933 5731 opera
961 5659 1095 5729 ejus.
1126 5658 1254 5715 Haec
1288 5667 1415 5714 sunt
1444 5660 1589 5713 enim
1617 5661 1784 5714 verba
1809 5660 1910 5714 viri
1938 5659 2100 5726 illius,

509 5751 576 5806 de
602 5767 711 5823 quo
741 5750 945 5807 dictum
985 5759 1070 5806 est
1114 5766 1126 5804 :
1181 5750 1277 5806 Vir
1309 5751 1424 5820 eius
1463 5750 1701 5806 laudabit
1725 5767 1864 5816 eam,
1906 5752 1960 5807 id
1995 5758 2102 5818 est,

510 5842 725 5897 Domini
750 5850 804 5896 et
831 5841 1128 5897 Salvatoris
1153 5843 1348 5910 nostri,
1383 5845 1475 5914 qui
1504 5843 1709 5914 angelis
1747 5843 1798 5897 in
1826 5844 1933 5898 ﬁne
1963 5859 2104 5914 prte-

510 5943 767 6005 cepturus
797 5943 900 5998 est,
931 5943 989 5988 ut
1013 5933 1309 5990 Ecclesiam
1325 5945 1448 6006 post
1466 5935 1625 6008 hujus
1654 5937 1774 5991 vit-.e
1803 5943 2099 6004 certamen,

2133 4680 2188 4740 D

2225 3423 2367 3479 futat
2404 3423 2667 3494 obsequia
2703 3424 2944 3493 pietatis,
2985 3422 3138 3492 cujus
3173 3431 3506 3495 przeceptum
3542 3434 3627 3479 est
3665 3443 3677 3478 :
3715 3423 3828 3480 Hc-

2225 3535 2355 3572 nora
2381 3527 2581 3588 patrem
2617 3527 2766 3571 tuum
2792 3526 2842 3571 et
2870 3526 3092 3571 matrem
3123 3515 3322 3590 (Exod.
3359 3516 3476 3587 xx),
3509 3515 3608 3572 sed
3643 3525 3825 3588 pater-

2223 3613 2309 3668 nis
2359 3626 2418 3667 se
2464 3611 2741 3683 mysteriis
2785 3611 3042 3682 amplius,
3099 3626 3262 3680 quam
3309 3610 3575 3665 maternis
3624 3610 3825 3666 debere

2221 3686 2494 3762 monstrat
2513 3705 2816 3774 affectibus,
2840 3705 2982 3761 idem
3003 3705 3162 3760 nobis
3190 3704 3462 3775 exemplo,
3485 3705 3634 3775 quod
3656 3706 3822 3761 verbo

2223 3799 2614 3856 commendans
2641 3815 2766 3855 cum
2792 3799 2870 3854 ait
2897 3816 2910 3852 :
2943 3798 3046 3864 Qui
3079 3807 3223 3852 amat
3250 3809 3454 3869 patrem
3479 3808 3572 3852 aut
3598 3810 3820 3853 matrem

2219 3893 2500 3964 plusquam
2524 3909 2630 3960 me,
2657 3910 2761 3947 non
2789 3901 2864 3947 est
2894 3908 2974 3946 me
3000 3891 3189 3962 dignus
3222 3891 3439 3963 (Matth.
3477 3892 3557 3963 Σ).
3591 3891 3820 3963 Mystice

2221 3997 2405 4040 autem
2450 3994 2658 4051 mater,
2709 3993 2762 4041 et
2807 3983 3002 4038 fratres
3051 3983 3179 4039 Jesu
3229 3998 3502 4054 synagoga
3549 3999 3618 4038 ex
3670 3982 3819 4054 cujus

2220 4077 2406 4147 carne;
2432 4086 2515 4132 est
2564 4079 2742 4135 editus
2793 4089 2849 4134 et
2883 4077 3113 4150 pOpulus
3171 4074 3516 4143 Judccorum,
3559 4079 3655 4148 qui
3711 4079 3816 4134 sal-

2216 4178 2408 4227 vatore
2456 4171 2605 4228 intus
2646 4172 2876 4227 docente
2925 4172 3208 4226 venientes
3257 4170 3466 4226 intrare
3515 4184 3811 4241 nequeunt.

2217 4261 2383 4333 Cujus
2410 4263 2731 4334 spiritaliter
2759 4263 3058 4348 intelligere
3092 4263 3235 4319 dicta
3268 4261 3572 4336 negligunt,
3605 4280 3813 4335 praeoc-

2215 4371 2423 4426 cupans
2449 4357 2593 4412 enim
2621 4357 2738 4428 ejus
2762 4357 3064 4427 ingreditur
3095 4357 3344 4424 domum,
3377 4357 3506 4427 quia
3533 4356 3811 4416 dill'erentc

2214 4448 2400 4506 Judzea
2451 4450 2730 4521 gentilitas
2773 4449 3034 4505 conﬂuxit
3083 4453 3152 4508 ad
3195 4451 3495 4519 Christum,
3551 4464 3718 4520 atoue
3755 4457 3808 4512 in

2214 4549 2416 4598 aeterna
2465 4542 2592 4598 vitae
2643 4543 2902 4614 mysteria
2953 4552 3160 4614 quanto
3214 4543 3321 4599 ﬁde
3371 4542 3627 4612 vicinior,
3661 4557 3807 4604 tanto

2214 4641 2395 4689 mente
2421 4633 2670 4704 capacior
2697 4635 2898 4701 hausit,
2924 4619 3081 4703 juxta
3104 4636 3248 4706 quod
3271 4634 3523 4694 Psalmus
3552 4639 3629 4694 ait
3660 4658 3675 4694 :
3707 4643 3803 4696 Ac-

2213 4729 2378 4784 cedite
2401 4729 2470 4784 ad
2495 4747 2612 4784 eum
2636 4740 2684 4784 et
2711 4731 3089 4786 illuminamini
3115 4729 3287 4805 (I’sat.
3317 4735 3535 4802 x-xxm).

2282 4820 2432 4876 Dixit
2464 4831 2638 4877 autem
2662 4825 2710 4878 ci
2739 4824 2972 4895 quidam.
3005 4824 3109 4898 (Ex
3139 4823 3387 4900 Hieron.)
3419 4827 3650 4884 Videtur
3678 4829 3801 4885 mihi

2208 4913 2314 4968 iste
2348 4914 2441 4983 qui
2481 4915 2718 4982 nuntiat,
2768 4932 2877 4972 non
2938 4916 3163 4972 tortuitu
3213 4927 3283 4982 et,
3312 4918 3638 4990 simpliciter
3675 4939 3800 4976 nun-

2210 5005 2370 5072 tiare,
2413 5007 2510 5063 sed
2553 5007 2777 5064 insidias
2825 5009 3065 5077 tendere,
3107 5019 3292 5066 utrum
3334 5011 3609 5083 spirituali
3654 5015 3796 5086 operi

2209 5113 2435 5155 carnem
2467 5109 2524 5156 et
2569 5101 2888 5172 sanguinem
2933 5100 3208 5174 przeferat.
3245 5102 3400 5160 Unde
3442 5113 3497 5160 et
3542 5105 3798 5162 Dominus

2215 5208 2324 5249 non
2348 5209 2457 5264 quo
2497 5203 2730 5249 matrem
2770 5204 2993 5268 negaret
3040 5204 3097 5252 et
3124 5195 3327 5253 fratres
3377 5197 3533 5254 exire
3560 5210 3797 5256 contem-

2212 5286 2343 5356 psit,
2373 5287 2467 5342 sed
2504 5301 2612 5356 quo
2650 5290 2999 5358 responderet
3025 5289 3328 5356 insidianti,
3357 5291 3659 5347 extendens
3689 5307 3795 5346 ma-

2212 5391 2343 5432 num
2373 5376 2429 5432 in
2449 5377 2740 5448 discipulos
2764 5379 2843 5434 ait
2865 5397 2877 5432 :
2903 5379 3039 5434 Ecce
3058 5390 3227 5435 mater
3245 5397 3360 5435 mea
3386 5389 3437 5435 et
3461 5380 3656 5450 fratres
3677 5383 3793 5447 mei,

2211 5469 2305 5525 isti
2333 5478 2461 5526 sunt
2493 5479 2671 5526 mater
2704 5488 2846 5540 mea,
2876 5475 2968 5544 qui
2996 5491 3082 5529 me
3109 5475 3350 5544 quotidie
3379 5475 3432 5529 in
3460 5476 3793 5532 credentium

2208 5560 2407 5619 animis
2442 5572 2734 5635 generant,
2774 5565 2864 5622 isti
2900 5575 3029 5622 sunt
3059 5566 3259 5626 fratres
3293 5569 3421 5637 mei,
3460 5570 3554 5638 qui
3591 5569 3792 5626 faciunt

2206 5667 2372 5724 opera
2398 5655 2574 5726 patris
2600 5655 2726 5711 mei.

2277 5746 2346 5799 Et
2385 5763 2500 5801 ecce
2539 5757 2708 5801 mater
2741 5757 2864 5815 tua,
2908 5760 2956 5804 et
2985 5750 3178 5821 fratres
3216 5753 3292 5807 tui
3322 5752 3454 5823 foris
3483 5762 3621 5809 stant
3653 5771 3791 5823 qutt-

2209 5849 2377 5894 rentes
2410 5850 2477 5894 te.
2527 5840 2814 5910 Apostolos
2841 5845 3148 5914 cognationi
3178 5849 3442 5917 prmtulit,
3475 5858 3536 5904 ut
3587 5856 3641 5904 et
3700 5860 3788 5903 nos

2207 5931 2263 5984 in
2303 5931 2702 6002 comparatione
2737 5933 3042 5998 dilectionis
3079 5942 3227 5994 carni
3260 5941 3506 6010 spiritum
3526 5938 3785 6010 pmfcm‘
