4026 6456
290 405 401 464 458

1111 391 1636 453 COLLECTIONES
1676 391 1742 448 IN
1785 385 2169 446 EPISTOLAS
2205 383 2292 440 ET
2330 385 2748 445 EVANGELIA.

3471 387 3575 442 154

293 533 438 580 mus.
477 515 699 573 Fratres
735 511 1089 571 consobrinos
1131 509 1420 565 salvatoris
1459 507 1664 564 sororis
1699 501 1882 560 Maria:
1907 505 1959 565 Α
2058 500 2406 568 Qua'ratione
2427 501 2819 572 prwdicaverim
2850 503 3010 559 vobis.
3038 502 3117 556 Ac
3138 503 3182 558 si
3209 501 3434 568 diceret,
3460 509 3574 558 tota

291 615 497 674 liberos
540 612 888 682 intelligimus
944 614 1253 664 materterae
1295 605 1509 660 Domini
1536 645 1551 669 ,
1597 615 1718 672 quae
1764 615 1885 656 esse

291 711 510 768 dicatur
545 713 720 761 mater
760 701 948 759 Jacobi
984 699 1235 765 minoris,
1267 706 1324 753 et
1359 696 1580 766 Joseph,
1622 703 1675 750 et
1708 692 1881 760 Judaa,

291 817 428 874 quos
462 801 518 856 in
547 799 654 854 alio
685 794 964 868 Evangelii
1000 792 1120 849 loco
1162 789 1362 846 fratres
1406 788 1621 845 Domini
1655 788 1884 858 legimus

291 893 616 967 appellatos.

363 983 476 1058 (Ea:
513 983 704 1055 Beda.)
749 980 907 1038 Foris
943 977 1089 1036 enim
1129 984 1334 1033 stantes
1371 974 1560 1030 volunt
1597 973 1885 1029 Dominum

290 1079 480 1136 videre
502 1074 718 1148 cognati
748 1073 941 1145 ipsius,
970 1085 1096 1127 cum
1124 1065 1293 1124 Judmi
1323 1065 1659 1139 spiritualem
1683 1065 1738 1120 in
1768 1064 1888 1134 lege

291 1189 403 1230 non
426 1177 732 1243 quaerentes
752 1166 1104 1230 intellectum,
1134 1178 1252 1219 sese
1278 1163 1346 1218 ad
1370 1161 1671 1217 custodiam
1695 1160 1887 1213 litterae

292 1269 429 1325 foris
459 1267 700 1322 fixerunt
719 1305 732 1331 ,
776 1272 832 1320 et
859 1261 1014 1335 quasi
1040 1259 1317 1316 Christum
1344 1256 1526 1327 potius
1550 1255 1619 1310 ad
1647 1252 1887 1308 carnalia

293 1360 538 1419 docenda
561 1365 762 1429 cogunt
786 1356 958 1422 exire,
981 1368 1147 1425 quam
1172 1366 1232 1407 se
1258 1351 1327 1404 ad
1351 1347 1608 1405 discenda
1635 1346 1890 1416 spiritua-

293 1453 366 1509 lia
394 1450 742 1508 consentiunt
769 1446 998 1519 ingredi.

362 1547 431 1601 At
476 1547 586 1615 ipse
637 1542 954 1614 respondens
982 1538 1176 1594 dicenti
1212 1537 1310 1592 sibi
1346 1537 1420 1590 ait
1448 1549 1465 1588 :
1499 1533 1632 1600 Quae
1665 1537 1741 1587 est
1771 1546 1888 1584 ma-

295 1648 376 1693 ter
397 1643 614 1703 mea,-et
640 1635 730 1707 qui
757 1641 901 1697 sunt,
926 1640 1031 1686 etc.
1065 1629 1168 1703 (Ex
1201 1627 1390 1700 Greg.)
1418 1626 1552 1682 Cum
1591 1625 1639 1679 is
1673 1623 1765 1693 qui
1793 1635 1890 1676 vo-

295 1730 561 1784 luntatem
590 1727 686 1782 Dei
712 1725 904 1782 fecerit
935 1738 1089 1780 soror
1115 1731 1171 1778 et
1208 1721 1381 1777 frater
1420 1717 1636 1774 Domini
1665 1716 1885 1779 dicitur,

294 1829 518 1894 propter
557 1827 848 1890 utrumque
889 1833 1098 1881 sexum,
1141 1815 1233 1886 qui
1277 1814 1346 1868 ad
1387 1813 1550 1868 ﬁdem
1589 1810 1885 1881 colligitur,

294 1915 495 1968 mirum
521 1927 628 1968 non
653 1920 755 1967 est.
790 1910 1094 1964 Mirandum
1129 1922 1258 1962 vero
1284 1907 1437 1960 valde
1464 1915 1577 1970 est,
1617 1903 1887 1975 quomodo

295 1982 460 2062 etiam
487 2013 661 2061 mater
688 2003 903 2059 Domini
943 2004 1175 2067 dicatur,
1213 1999 1397 2055 ﬁdeles
1425 1998 1625 2053 etenim
1655 1998 1888 2066 discipu-

294 2096 379 2153 los
422 2095 622 2151 fratres
651 2110 850 2149 vocare
879 2094 1132 2163 dignatus
1163 2099 1264 2158 est,
1303 2081 1488 2145 dicens
1518 2109 1531 2145 :
1566 2089 1649 2144 Ite
1676 2098 1723 2143 et
1755 2105 1889 2142 nun-

296 2189 425 2241 tiate
459 2185 711 2256 fratribus
737 2186 884 2239 meis.
917 2182 1020 2249 Qui
1057 2197 1187 2252 ergo
1216 2179 1386 2235 frater
1420 2180 1636 2235 Domini
1670 2179 1790 2234 ﬁeri
1821 2179 1890 2233 ad

296 2279 461 2336 ﬁdem
485 2279 752 2334 veniendo
774 2275 1032 2348 potuerit,
1060 2271 1408 2344 querendum
1439 2279 1522 2328 est
1546 2273 1710 2326 etiam
1757 2284 1892 2340 quo-

296 2373 462 2429 modo
484 2380 662 2427 mater
687 2386 810 2426 esse
838 2370 1029 2440 possit.
1060 2367 1167 2423 Sed
1196 2367 1477 2422 sciendum
1503 2374 1608 2430 est,
1643 2365 1770 2431 quia
1797 2363 1891 2433 qui

298 2461 431 2518 Iesu
463 2462 634 2517 frater
675 2469 731 2516 et
775 2475 930 2516 soror
970 2473 1090 2514 esse
1119 2456 1410 2523 credendo,
1451 2465 1625 2511 mater
1662 2454 1894 2510 efﬁcitur

299 2553 668 2624 praedicando,
697 2552 852 2622 quasi
881 2551 1026 2606 enim
1047 2550 1191 2621 parit
1213 2548 1525 2613 Dominum,
1551 2562 1711 2617 quem
1741 2545 1891 2602 cordi

301 2643 574 2697 audientis
599 2642 876 2706 infuderit,
903 2650 958 2696 et
979 2648 1153 2695 mater
1179 2640 1298 2710 ejus
1318 2638 1568 2703 efficitur,
1589 2638 1632 2691 si
1657 2653 1754 2708 per
1775 2636 1893 2706 ejus

302 2748 490 2790 vocem
522 2748 674 2787 amor
709 2732 921 2787 Domini
954 2731 1007 2785 in
1037 2730 1272 2800 proximi
1303 2737 1482 2784 mente
1511 2736 1816 2799 generatur.

483 2886 906 2944 IEBDOMADA
943 2885 1037 2943 XII
1075 2885 1251 2944 POST
1289 2883 1711 2941 PENTECOST.

305 3019 498 3062 LECTIO
521 3019 792 3062 EPISTOLJE
819 3020 978 3061 ΒΕΑΤῙ
1002 3019 1158 3060 PAULI
1185 3017 1440 3059 APOSTOLI
1463 3019 1530 3058 AD
1550 3016 1886 3069 CORINTHIOS,

943 3093 982 3142 ι,
1007 3091 1125 3131 car.
1156 3090 1246 3129 xv.

383 3208 403 3242 ‹
435 3189 634 3246 Notum
661 3190 814 3248 vobis
844 3189 984 3246 facio
1013 3189 1360 3262 Evangelium
1382 3230 1396 3255 ,
1429 3189 1573 3259 quod
1599 3187 1890 3261 praedicavi

312 3300 333 3334 σ
367 3284 543 3349 vobis,
568 3284 711 3354 quod
732 3291 786 3339 et
811 3283 1120 3355 accepistis,
1148 3285 1202 3338 in
1225 3299 1333 3355 quo
1353 3291 1409 3338 et
1429 3284 1604 3350 statis,
1628 3297 1727 3352 per
1745 3281 1890 3352 quod

313 3392 333 3424 ι
368 3381 425 3428 et
452 3375 756 3430 salvamini.
799 3374 915 3442 Qua
947 3376 1157 3430 ratione
1181 3375 1592 3444 praedicaverim
1629 3373 1801 3440 vobis,
1842 3373 1890 3430 si

309 3483 332 3518 ι
351 3452 586 3532 tenetis,
613 3466 719 3521 nisi
747 3465 950 3522 frustra
977 3465 1304 3522 credidistis.
1333 3465 1551 3521 Tradidi
1572 3464 1715 3522 enim
1737 3464 1892 3522 vobis

310 3573 333 3609 ι
365 3555 422 3612 in
447 3557 660 3628 primis,
692 3557 836 3629 quod
864 3565 920 3612 et
947 3559 1148 3628 accepi,
1180 3557 1434 3628 quoniam
1464 3557 1712 3613 Christus
1739 3571 1889 3613 mor-

308 3666 333 3701 ι
364 3656 492 3704 tuus
517 3657 600 3704 est
624 3663 723 3719 pro
747 3651 987 3720 peccatis
1013 3649 1216 3706 nostris
1241 3649 1534 3704 secundum
1557 3647 1890 3720 Scripturas,

309 3757 334 3794 ι
365 3748 422 3796 et
451 3741 578 3812 quia
617 3741 854 3812 sepultus
881 3750 994 3808 est,
1027 3751 1084 3798 et
1109 3744 1237 3813 quia
1273 3742 1574 3798 resurrexit
1614 3742 1775 3797 tertia
1805 3742 1894 3798 die

308 3851 334 3887 ι
368 3835 665 3890 secundum
695 3833 1024 3905 Scripturas,
1069 3843 1125 3891 et
1150 3836 1277 3906 quia
1303 3835 1452 3890 visus
1492 3843 1577 3890 est
1615 3834 1810 3905 Cephea
1839 3842 1894 3890 et

308 3937 338 3967 ο
365 3935 491 3998 post
541 3927 657 3982 haec
701 3927 972 3983 undecim.
1026 3927 1228 3983 Deinde
1277 3927 1425 3983 visus
1470 3933 1552 3982 est
1605 3925 1891 3997 plusquam

311 4035 334 4069 ¢
371 4018 678 4088 quingentis
713 4017 974 4075 fratribus
1015 4019 1212 4085 simul,
1245 4035 1312 4074 ex
1350 4019 1546 4089 quibus
1584 4019 1741 4074 multi
1776 4035 1892 4074 ma—

311 4127 334 4161 ε
371 4119 501 4166 nent
548 4125 719 4181 usque
773 4112 979 4177 adhuc,
1030 4110 1249 4181 quidam
1305 4120 1483 4168 autem
1533 4112 1889 4170 dormierunt.

313 4223 334 4256 ‹
371 4203 574 4259 Deinde
615 4203 762 4257 visus
796 4209 881 4258 est
918 4201 1139 4268 Iacobo,
1178 4203 1370 4258 deinde
1407 4203 1679 4274 Apostolis
1718 4205 1892 4260 omni-

313 4314 334 4347 ι
374 4294 494 4350 bus.
526 4293 827 4349 Novissime
853 4301 1032 4349 autem
1057 4292 1299 4347 omnium
1317 4333 1332 4358 ,
1361 4300 1618 4364 tanquam
1646 4295 1894 4352 abortivo

313 4405 334 4437 ‹
371 4386 520 4442 visus
546 4393 631 4440 est
658 4392 713 4440 et
741 4384 893 4439 mihi.
925 4385 1038 4455 Ego
1061 4384 1206 4439 enim
1239 4399 1357 4438 sum
1385 4385 1642 4440 minimus
1666 4386 1896 4458 Aposto-

311 4498 334 4532 ι
373 4479 569 4546 lorum,
602 4480 693 4549 qui
719 4496 828 4535 non
853 4495 970 4536 sum
995 4480 1188 4551 dignus
1213 4480 1397 4534 vocari
1419 4479 1730 4550 Apostolus,
1762 4498 1893 4553 quo—

1914 1873 1963 1934 Β

1987 596 2129 651 ratio
2154 596 2562 666 praedicationis
2603 605 2802 653 nostra:
2842 597 2958 652 haec
2987 605 3092 662 est,
3133 605 3194 650 ut
3225 597 3581 652 resurrectio-

1987 705 2112 746 nem
2137 689 2396 755 credatis,
2430 689 2536 744 boc
2569 697 2674 755 est,
2710 689 2994 760 prwmium
3024 687 3264 744 omnium
3298 689 3387 758 qui
3418 688 3580 745 Chri-

1989 791 2131 837 stum
2158 781 2526 837 crediderunt.
2569 779 2828 851 Alioquin
2857 778 3158 851 superﬂuus
3187 787 3272 834 est
3292 780 3468 835 omnis
3499 779 3582 834 la-

1987 877 2088 932 bor
2133 877 2466 948 jejuniorum
2510 884 2566 932 et
2601 875 2840 931 omnium
2897 875 3308 932 tribulationum
3347 889 3486 946 quas
3522 875 3581 930 in

1990 969 2093 1025 hac
2119 971 2232 1024 vita
2259 985 2360 1039 pro
2389 968 2610 1025 Christo
2636 967 2906 1038 patimini.

2063 1061 2124 1117 Si
2166 1063 2369 1128 tenetis,
2401 1063 2502 1117 nisi
2527 1063 2724 1133 frustra
2753 1061 3067 1118 credidistis.
3093 1063 3152 1118 Id
3175 1071 3278 1128 est,
3303 1060 3408 1118 nisi
3433 1060 3586 1120 obliti

1989 1155 2142 1222 estis,
2169 1157 2255 1212 vel
2283 1164 2431 1212 certe
2459 1157 2506 1212 si
2535 1156 2660 1212 ﬁdei
2689 1164 2884 1212 vestra:
2935 1156 3020 1212 vel
3064 1156 3267 1211 laboris
3299 1157 3585 1227 praemium

1990 1251 2320 1321 resurgendo
2348 1265 2457 1305 non
2489 1250 2743 1320 speratis,
2768 1265 2909 1306 vane
2935 1249 3176 1305 creditis.

2064 1340 2283 1394 Tradidi
2308 1342 2445 1394 enim
2474 1341 2616 1396 vobis
2653 1343 2708 1395 in
2738 1341 2941 1412 primis.
2973 1339 3031 1395 Id
3067 1347 3173 1407 est,
3202 1354 3268 1394 ev
3303 1354 3410 1408 quo
3435 1337 3590 1394 vobis

1990 1435 2045 1488 in
2081 1433 2383 1503 primordio
2421 1434 2749 1504 praedicavi,
2803 1433 3003 1489 tradidi
3049 1433 3370 1505 mysterium
3413 1445 3592 1487 resur-

1989 1525 2269 1592 rectionis,
2289 1525 2435 1596 quod
2455 1525 2579 1582 fidei
2601 1533 2802 1581 nostra:
2821 1532 3038 1581 constat
3059 1539 3210 1592 esse,
3223 1524 3308 1580 vel
3326 1524 3583 1594 primum.

2063 1618 2216 1684 Quod
2244 1628 2290 1674 et
2319 1619 2514 1688 accepi.
2543 1620 2806 1688 Accipere
2833 1634 2893 1674 se
2918 1618 3074 1684 dixit,
3104 1618 3218 1674 sive
3246 1633 3277 1672 a
3307 1616 3445 1688 lege,
3475 1617 3590 1672 sive

1992 1725 2022 1765 a
2048 1711 2371 1774 senioribus,
2408 1711 2522 1765 sive
2551 1711 2618 1765 ab
2649 1711 2766 1781 ipso
2793 1710 3023 1765 Domino
3049 1726 3149 1780 per
3176 1709 3589 1766 revelationem.

2064 1802 2328 1868 Quoniam
2366 1799 2607 1857 Christus
2637 1811 2875 1857 mortuus
2905 1810 2980 1857 est
3009 1819 3102 1873 pro
3140 1802 3366 1873 peccatis
3397 1801 3591 1856 nostris

1990 1893 2276 1948 secundum
2313 1894 2623 1963 scripturas.
2657 1892 2729 1948 Ut
2769 1892 2976 1963 majore
3003 1893 3179 1963 possit
3220 1893 3411 1947 beatus
3445 1891 3591 1962 Apo-

1990 1987 2159 2041 stolus
2188 1986 2512 2040 auctoritate
2557 1985 2796 2052 ﬁrmare,
2847 1985 2993 2056 quod
3034 1985 3398 2055 praedicabat,
3445 1987 3591 2041 hunc

1990 2095 2108 2135 esse
2161 2078 2438 2134 Christum
2490 2078 2818 2134 salvatorem
2875 2079 3103 2144 mundi,
3159 2078 3291 2134 dicit
3343 2093 3358 2132 :
3419 2077 3588 2144 Quem

1992 2170 2200 2242 Moyses
2237 2181 2284 2224 et
2325 2170 2588 2241 propheta:
2626 2171 3093 2238 annuntiaverunt,
3136 2169 3258 2226 ideo
3299 2177 3355 2223 et
3395 2183 3591 2223 secun-

1993 2261 2120 2315 dum
2162 2260 2461 2330 scripturas
2497 2262 2818 2331 prmdictum
2855 2275 2975 2316 esse
3013 2275 3136 2316 eum
3172 2266 3588 2325 commemorat,

1994 2359 2053 2406 ut
2085 2350 2234 2417 ﬂlud,
2268 2349 2420 2406 Sicut
2463 2352 2580 2407 ovis
2607 2354 2676 2407 ad
2711 2353 3042 2408 occisionem
3073 2353 3306 2419 ducitur,
3341 2361 3397 2408 et
3433 2353 3590 2423 quasi

1995 2457 2167 2513 agnus
2190 2456 2374 2497 coram
2404 2443 2661 2498 tondente
2686 2459 2745 2498 se
2775 2444 3126 2511 obmutescit,
3164 2453 3221 2499 et
3248 2443 3377 2498 illud
3406 2462 3420 2500 :
3459 2442 3592 2496 Tra-

1995 2533 2137 2588 ditus
2163 2542 2260 2598 est,
2284 2543 2496 2604 propter
2522 2534 2823 2604 iniquitates
2856 2543 3084 2600 nostras,
3107 2542 3155 2588 et
3187 2533 3345 2587 livore
3366 2533 3479 2603 ejus
3506 2550 3594 2587 sa-

1996 2626 2109 2680 nati
2142 2642 2324 2680 sumus
2367 2624 2502 2698 (Isa.
2549 2626 2694 2698 LIII),
2729 2634 2784 2681 et
2825 2626 2996 2682 multa
3045 2625 3148 2681 alia
3188 2626 3243 2680 in
3283 2624 3482 2680 divinis
3523 2627 3591 2679 de

1994 2720 2247 2791 passione
2277 2719 2396 2790 ejus
2423 2719 2670 2775 invenies
2697 2719 3004 2792 scripturis.

2064 2810 2134 2865 Et
2162 2811 2288 2881 quia
2317 2810 2549 2882 sepultus
2573 2819 2668 2866 est.
2707 2811 2778 2868 Ut
2805 2811 2937 2866 illud
2963 2810 3118 2866 Isaiae
3149 2829 3162 2865 :
3195 2811 3263 2866 Et
3287 2809 3436 2867 dabit
3484 2810 3590 2865 im-

1991 2905 2114 2977 pios
2140 2919 2241 2976 pro
2279 2903 2563 2976 sepultura
2601 2912 2658 2959 et
2703 2904 2900 2961 divites
2937 2920 3037 2976 pro
3076 2913 3252 2961 morte
3297 2919 3414 2960 sua.
3456 2904 3589 2960 Item

1993 2997 2112 3068 ipse
2138 3016 2150 3052 :
2190 2995 2483 3068 Sepultura
2511 2995 2628 3066 ejus
2660 2997 2875 3053 sublata
2901 3006 2987 3053 est
3008 2997 3076 3056 de
3102 2998 3281 3054 medio

2063 3090 2135 3145 Et
2170 3092 2296 3164 quia
2333 3092 2616 3147 resurrexit
2655 3094 2810 3148 tertia
2848 3094 2932 3148 die
2965 3095 3254 3149 secundum
3281 3095 3590 3166 scripturas.

1995 3181 2175 3240 Habes
2194 3185 2264 3252 ,in
2295 3184 2453 3250 Osca,
2493 3167 2790 3254 Viviﬁcabit
2826 3201 2920 3239 nos
2946 3194 3062 3255 post
3089 3185 3221 3240 duos
3249 3185 3380 3252 dies,
3418 3187 3474 3240 in
3506 3187 3594 3241 die

1995 3279 2151 3332 tertia
2199 3278 2475 3335 suscitabit
2525 3294 2642 3345 nos,
2687 3286 2734 3332 et
2782 3278 3005 3332 vivemus
3052 3278 3108 3331 in
3155 3286 3430 3348 conspectu
3476 3277 3594 3346 ejus

1995 3370 2189 3444 (Oscae,
2221 3372 2318 3444 νι).

2064 3461 2138 3517 Et
2162 3463 2286 3536 quia
2312 3463 2452 3518 visus
2479 3472 2553 3519 est
2576 3463 2784 3536 Cap/iw.
2814 3463 2872 3519 ld
2900 3470 2983 3520 est
3007 3462 3190 3530 Petro,
3212 3463 3426 3536 Cepbas
3446 3464 3593 3520 enim

1997 3552 2197 3626 Syrum
2221 3568 2417 3610 nomen
2447 3564 2566 3622 est;
2598 3555 2852 3626 apparuit
2876 3555 3062 3621 Petro,
3093 3555 3233 3611 sicut
3266 3555 3321 3609 in
3349 3554 3594 3624 Evange-

1994 3647 2070 3703 lio
2096 3648 2354 3719 scriptum
2387 3656 2491 3715 est,
2523 3649 2653 3719 quia
2683 3650 2927 3720 apparuit
2955 3648 3180 3705 Simoni.

2065 3760 2137 3815 Et
2161 3769 2278 3833 post
2300 3762 2413 3816 [nec
2437 3761 2698 3816 undecim.
2723 3760 2952 3828 Quando
2977 3760 3045 3816 ad
3069 3775 3164 3816 eos
3184 3761 3370 3832 januis
3393 3760 3594 3817 clausis

1996 3854 2251 3920 intravit,
2280 3854 2385 3909 hoc
2411 3853 2864 3925 intelligendum,
2900 3859 3028 3924 quia
3066 3853 3121 3907 in
3159 3853 3451 3924 Evangelio
3481 3869 3590 3910 non

1995 3961 2187 4002 omnes
2225 3946 2438 4017 scriptae
2475 3954 2604 4001 sunt
2643 3946 2918 4012 visiones,
2962 3946 3056 4002 sed
3101 3953 3310 4001 tantum
3358 3961 3479 4017 quae
3523 3945 3592 4003 ad

1997 4037 2335 4093 audientium
2365 4035 2678 4092 sufficerent
2707 4037 2890 4092 ﬁdem.

2067 4127 2272 4183 Deinde
2300 4131 2441 4183 visus
2470 4139 2547 4183 est
2581 4128 2861 4201 plusquam
2894 4129 3186 4199 quingentis
3227 4128 3481 4199 fratribus
3520 4129 3594 4184 si-

1996 4220 2138 4288 mul,»
2161 4237 2226 4276 ea:
2253 4221 2462 4292 quibus,
2491 4230 2595 4278 etc.
2631 4221 2702 4277 Ut
2741 4220 2887 4275 enim
2913 4219 3087 4290 major
3114 4220 3248 4276 ﬁdes
3296 4221 3593 4277 haberetur

1997 4312 2403 4368 multitudinem
2441 4313 2664 4369 testium
2709 4313 3064 4384 interposuit,
3095 4327 3163 4368 ex
3201 4313 3396 4384 quibus
3435 4314 3593 4370 multi

1997 4404 2181 4460 vivere
2222 4404 2476 4459 dicuntur
2515 4404 2610 4475 qui
2644 4407 2853 4476 possint
2896 4405 3211 4476 interrogati
3247 4405 3432 4463 dicere
3469 4421 3592 4476 qua:

2001 4497 2275 4563 viderunt,
2297 4497 2450 4552 multi
2477 4512 2605 4553 vero
2625 4497 2738 4567 jam
2766 4497 3005 4553 dormire
3029 4497 3287 4554 dicuntur
3310 4499 3366 4554 in
3391 4510 3590 4556 morte.

314 4591 332 4623 ι
373 4573 519 4627 niam
542 4580 861 4643 persecutus
885 4587 1002 4627 sum
1030 4571 1328 4627 Ecclesiam
1355 4571 1471 4626 Dei.
1499 4571 1685 4628 Gratia
1711 4582 1892 4631 autem

2071 4589 2271 4644 Deinde
2311 4591 2450 4645 visus
2480 4600 2555 4646 est
2596 4589 2816 4645 Jacobo.
2862 4588 3062 4646 Iacobo
3089 4590 3298 4661 Alphwi
3340 4607 3590 4648 seorsum

315 4681 334 4715 ε
374 4662 471 4718 Dei
498 4679 615 4718 sum
640 4663 693 4718 id
723 4663 866 4735 quod
895 4678 1033 4730 sum,
1061 4669 1116 4718 et
1156 4661 1330 4730 gratia
1360 4661 1474 4731 ejus
1502 4663 1557 4717 in
1595 4680 1683 4719 me
1725 4681 1894 4722 vacua

315 4773 335 4806 ι
373 4771 482 4812 non
509 4755 627 4813 fuit.
663 4779 683 4813 ι

382 4851 584 4907 Natum
609 4855 746 4908 enim
785 4856 926 4910 vobis
954 4856 1092 4927 facio
1117 4857 1480 4932 Evangelium,
1509 4868 1613 4919 etc.
1650 4860 1750 4934 (Ex
1778 4861 1897 4917 Pri-

310 4942 476 5015 mas.)
505 4943 606 4999 llic
629 4947 994 5016 praetermisso
1018 4951 1206 5006 ordine
1231 4953 1578 5022 praedicandi,
1606 4955 1673 5009 ad
1702 4954 1900 5010 doctri-

310 5049 440 5089 nam
467 5049 525 5088 se
556 5036 784 5092 contulit
809 5041 1244 5108 resurrectionis,
1273 5058 1339 5098 eo
1361 5044 1502 5113 quod
1528 5045 1770 5101 nonnulli
1794 5045 1896 5103 Co-

308 5125 638 5184 rinthiorum
665 5129 730 5184 de
755 5133 1152 5188 resurrectione
1179 5134 1506 5191 dubitarent.

385 5217 538 5283 Quod
557 5227 606 5273 et
627 5222 914 5292 accepistis.
937 5222 996 5278 Id
1017 5231 1121 5291 est,
1147 5226 1290 5295 quod
1308 5234 1588 5296 acceptum
1609 5227 1892 5294 habuistis,

311 5316 370 5365 et
396 5309 514 5364 haac
537 5308 688 5375 dicit,
717 5325 785 5366 ne
811 5311 886 5367 illi
911 5313 1016 5368 hoc
1037 5329 1144 5369 non
1172 5315 1465 5372 credidisse
1492 5318 1821 5373 viderentur.

385 5399 454 5453 In
477 5416 580 5472 quo
603 5410 652 5456 et
676 5405 848 5457 statis.
880 5404 938 5460 ld
967 5414 1069 5474 est,
1101 5407 1156 5462 in
1182 5409 1337 5465 bonis
1364 5411 1618 5480 operibus
1648 5426 1896 5482 perseve-

312 5498 518 5558 rantes,
545 5493 600 5547 in
624 5493 778 5563 cujus
797 5495 1039 5550 doctrina
1067 5499 1134 5553 ad
1159 5500 1399 5555 cmlestia
1429 5502 1560 5557 estis
1584 5505 1770 5557 erecti.

385 5584 493 5639 Per
518 5587 655 5657 quod
679 5597 725 5642 et
752 5589 1046 5645 salvamini.
1076 5590 1132 5645 Id
1161 5601 1267 5658 est,
1293 5608 1392 5664 per
1420 5594 1575 5665 cujus
1597 5596 1898 5653 doctrinam

315 5675 544 5732 salutem
581 5679 811 5749 speratis
835 5681 1138 5736 animarum
1170 5692 1225 5738 et
1252 5699 1283 5738 a
1312 5684 1540 5741 diversis
1569 5686 1898 5743 inﬁrmitati-

315 5767 420 5824 bus
463 5783 771 5839 corporum,
816 5772 941 5840 quia
989 5774 1104 5829 sine
1151 5773 1256 5831 ﬁde
1303 5778 1717 5835 resurrectionis
1759 5781 1902 5850 perit

317 5860 628 5917 omnimodo
657 5857 781 5931 spes
807 5863 1016 5919 salutis.

1998 4684 2280 4754 apparuit;
2312 4681 2494 4736 ferunt
2517 4682 2661 4737 enim
2685 4683 2830 4752 quod
2859 4682 2974 4752 ipse
2995 4681 3162 4738 Jacob
3188 4683 3396 4755 Alphaei
3425 4693 3592 4741 testa-

1998 4783 2084 4829 tus
2111 4781 2195 4829 est
2224 4774 2280 4828 in
2321 4786 2476 4827 coena
2506 4773 2750 4839 Domini,
2794 4773 2980 4829 dicens
3035 4792 3048 4830 :
3083 4774 3208 4829 Non
3237 4792 3292 4831 se
3327 4792 3591 4834 comessa-

1997 4882 2115 4920 rum
2138 4881 2348 4937 panem,
2374 4882 2537 4936 usque
2565 4865 2690 4922 dum
2718 4866 2911 4921 videret
2940 4865 3206 4922 Christum
3234 4879 3585 4941 resurgentem

1997 4975 2032 5012 α
2055 4957 2294 5012 mortuis.

2071 5049 2273 5106 Deinde
2296 5050 2547 5122 apostolis
2575 5051 2836 5107 omnibus.
2863 5051 3017 5108 Multi
3041 5052 3131 5108 hic
3167 5053 3438 5123 apostolos
3467 5053 3588 5108 illos

2001 5155 2190 5196 omnes
2233 5143 2595 5214 septuaginta,
2641 5158 2778 5214 quos
2824 5143 3083 5201 Dominus
3129 5145 3277 5201 misit
3319 5145 3476 5200 binos
3519 5146 3587 5201 ad

2001 5234 2421 5303 praedicandum,
2452 5235 2679 5306 intelligi
2704 5235 2910 5290 volunt.

2074 5326 2368 5382 Novissime
2388 5337 2560 5383 autem
2583 5330 2839 5396 omnium,
2866 5337 2971 5385 etc.
2997 5329 3160 5385 Visus
3185 5335 3270 5383 est
3290 5326 3366 5381 illi
3390 5329 3445 5384 in
3471 5330 3581 5395 via,

2002 5419 2218 5490 quando
2261 5419 2354 5473 lux
2403 5418 2760 5477 circumfulsit
2793 5435 2935 5483 eum,
2985 5421 3100 5475 sive
3134 5421 3189 5474 in
3220 5420 3420 5490 templo
3467 5423 3585 5478 haec

2003 5510 2122 5564 ideo
2146 5509 2297 5575 dicit,
2325 5524 2391 5565 ne
2411 5517 2668 5582 putarent
2696 5525 2819 5565 eum
2850 5509 3032 5566 audita
3057 5510 3235 5580 potius
3281 5527 3445 5582 quam
3461 5514 3582 5569 visa

2003 5615 2256 5666 narrare;
2287 5609 2534 5672 tanquam
2561 5600 2788 5655 abortivo
2821 5598 2971 5666 dicit,
3001 5601 3129 5669 quia
3162 5610 3246 5657 est
3284 5601 3581 5676 Synagogaa

2003 5699 2248 5746 mortuus
2289 5699 2344 5746 et
2389 5699 2546 5746 natus
2592 5690 2847 5745 Ecclesia:
2893 5698 3152 5762 tanquam
3201 5693 3468 5761 abortivo,
3513 5694 3584 5751 de

2003 5781 2156 5851 cujus
2184 5782 2297 5836 vita
2324 5782 2502 5837 fuerat
2527 5770 2892 5853 deSperatum,
2927 5782 3033 5838 nisi
3071 5798 3168 5856 per
3206 5786 3440 5857 gratiam
3478 5786 3586 5841 Do-

2004 5873 2134 5927 mini
2172 5873 2438 5928 violenter
2475 5872 2664 5928 fuisset
2700 5879 2965 5930 attractus
2995 5874 3050 5948 (I
3088 5874 3210 5931 Cor.
3244 5876 3358 5949 xv).
3400 5877 3583 5933 Attra-
