4026 6494
444 429 550 487 435

1750 408 2028 466 SMARAG
2039 407 2100 462 Dl
2134 408 2429 466 ABBATIS

3596 408 3707 477 βο

445 558 568 606 ctus
590 552 773 602 autem
801 536 1271 615 praedicationibus
1294 552 1401 592 non
1425 536 1651 592 catenis.
1687 531 1756 588 Et
1781 546 1879 604 pro
1912 534 2025 587 stu—
2049 526 2103 587 Α
2128 535 2234 593 tur,
2251 529 2375 597 quia
2395 534 2706 585 sanctorum
2725 528 2869 585 actio
2887 528 2957 584 ab
2973 525 3119 584 omni
3140 530 3296 597 parte
3314 526 3709 601 circumspecta

430 644 576 711 pore
603 632 862 693 novitatis
897 633 954 687 in
994 629 1138 684 vitiis
1178 630 1270 699 qui
1298 633 1436 692 erat,
1471 626 1528 681 in
1562 625 1697 695 legis
1725 621 2027 678 eruditione

442 727 738 802 perlectus.
772 721 902 781 Sive
928 721 1049 777 ideo
1070 719 1369 785 abortivus,
1399 718 1524 788 quia
1550 722 1726 771 mater
1758 723 2025 785 synagoga

444 835 570 878 eum
602 818 744 876 male
763 819 1080 884 conceptum
1106 809 1589 882 imperfectumque
1612 806 1841 878 peperit.

518 910 633 982 Ego
658 908 794 964 enim
820 921 937 961 sum
964 904 1210 958 minimus
1234 898 1607 977 apostolorum:
1639 897 1766 952 llaec
1790 896 1934 951 enim
1959 892 2027 948 de

446 1015 506 1056 se
532 1005 753 1070 propter
778 995 1137 1051 humilitatem
1163 991 1312 1057 dicit,
1343 998 1601 1046 caeterum
1622 996 1743 1044 erat
1771 987 2029 1041 minimus

386 1158 387 1161 η
444 1086 689 1160 tempore
723 1101 832 1143 non
870 1084 1074 1143 labore.
1116 1082 1253 1138 Nam
1293 1082 1420 1137 alibi
1459 1080 1574 1135 sit:
1614 1077 1748 1133 Plus
1789 1076 2026 1132 omnibus

445 1183 701 1240 laboravi.

519 1274 660 1343 Quia
686 1291 788 1329 non
810 1289 928 1328 sum
953 1272 1145 1342 dignus
1171 1267 1350 1325 uocari
1385 1264 1677 1339 apostolus,
1710 1269 1816 1319 etc.
1850 1261 2031 1330 Quare

447 1381 554 1422 non
583 1367 654 1421 sit
675 1365 869 1435 dignus
897 1365 1011 1433 ipse
1037 1375 1311 1433 exponens
1337 1360 1413 1414 ait
1441 1375 1454 1412 :
1488 1356 1751 1424 Quoniam
1777 1367 2031 1423 persecu-

448 1464 538 1511 tus
559 1470 682 1509 sum
704 1454 995 1509 Ecclesium
1020 1452 1136 1507 Dei.
1158 1452 1324 1506 Docet
1337 1464 1438 1504 nos
1456 1446 1703 1516 exemplo
1723 1459 1841 1510 suo,
1862 1443 2030 1497 etiam

449 1544 496 1600 si
522 1544 591 1599 ad
616 1558 858 1614 praesens
897 1543 1242 1614 proﬁciamus
1278 1539 1477 1595 deﬂere
1510 1537 1807 1608 praeterita,
1839 1534 2033 1589 melius

448 1641 534 1691 est
569 1635 717 1690 enim
748 1634 971 1689 dimissa
1000 1632 1275 1689 recordari
1306 1637 1554 1700 peccata,
1588 1641 1751 1698 qitam
1787 1621 2030 1679 oblivisci

449 1727 761 1782 commissa.
788 1725 1058 1795 Scriptum
1072 1725 1313 1781 esteuim
1338 1741 1352 1778 :
1377 1720 1508 1787 Fili,
1539 1719 1781 1791 peccasti,
1807 1734 1869 1771 ne
1892 1716 2033 1786 adjio

450 1819 562 1875 cias
582 1818 793 1879 iterum,
816 1816 906 1872 sed
930 1826 977 1871 et
998 1817 1064 1871 de
1080 1815 1362 1888 prateritis
1384 1814 1663 1884 deprecare
1683 1808 1872 1881 (Eccli.
1889 1806 2025 1878 ut).

2127 627 2212 675 est
2242 619 2381 675 bona
2402 618 2831 677 desiderabiliter
2858 619 3170 691 providens,
3193 618 3336 675 mala
3358 618 3589 676 solerter
3615 636 3714 677 ca-

2127 725 2278 767 vens.
2304 710 2411 768 Sed
2432 727 2533 768 nos
2554 727 2697 782 saepe
2718 713 2843 767 dum
2864 712 2986 768 aliis
3008 712 3169 768 rebus
3188 713 3535 780 intendimus,
3557 712 3621 769 πε
3646 723 3717 770 nt

2128 803 2233 857 alia
2255 794 2607 875 negligemus,
2639 811 2696 858 et
2734 802 2823 858 ubi
2863 803 3204 875 negligimus,
3228 803 3303 858 ibi
3340 803 3718 875 proculdubio

2127 893 2343 949 oculum
2369 910 2475 949 non
2499 895 2783 950 habemus.
2808 893 2946 948 Nam
2969 909 3097 949 ecce
3119 893 3426 949 Pharisocus
3457 894 3527 949 ad
3554 895 3717 952 exhi-

2125 992 2359 1047 bendam
2398 991 2812 1055 abstinentiam,
2850 990 2916 1045 ad
2960 987 3373 1059 impendendam
3404 990 3718 1045 misericor-

2129 1083 2272 1139 diam
2295 1125 2310 1151 ,
2347 1092 2402 1140 et
2438 1083 2752 1139 referendas
2787 1083 2899 1138 Deo
2936 1083 3139 1154 gratias
3171 1082 3387 1137 oculum
3423 1081 3713 1149 habuerat,

2130 1177 2225 1232 sed
2260 1176 2329 1231 ad
2364 1176 2685 1232 humilitatis
2720 1176 3023 1231 custodiam
3061 1190 3169 1230 non
3206 1175 3461 1241 habebat,
3493 1184 3549 1231 et
3582 1176 3720 1247 quid

2128 1271 2368 1340 prodest,
2402 1271 2545 1340 quod
2572 1278 2762 1325 contra
2797 1270 3035 1326 hostium
3074 1269 3298 1325 insidias
3331 1282 3470 1341 pene
3499 1278 3614 1325 tota
3641 1271 3722 1325 ci—

2127 1363 2267 1417 vitas
2294 1369 2450 1416 caute
2471 1361 2791 1426 custoditur,
2817 1361 2862 1417 si
2889 1374 3056 1417 unum
3081 1358 3325 1415 foramen
3354 1370 3603 1431 apertum
3633 1375 3722 1416 re-

2128 1453 2393 1522 linquitur
2421 1452 2563 1507 unde
2591 1452 2659 1507 ab
2687 1452 2933 1507 hostibus
2964 1451 3217 1507 intretur.

2201 1544 2271 1598 Et
2302 1533 2622 1614 "publicanus
2667 1560 2701 1596 α
2747 1540 2898 1612 longe
2935 1550 3102 1605 stans,
3148 1538 3357 1597 nolebat
3399 1555 3493 1594 nec
3538 1539 3721 1595 oculos

2130 1638 2227 1701 ad,
2258 1645 2366 1693 etc.
2405 1634 2675 1702 Quantam
2702 1633 2876 1690 venite
2912 1632 3169 1689 ﬁduciam
3210 1632 3374 1701 digne
3398 1630 3721 1702 penitenti-

2129 1731 2231 1786 bus
2264 1730 2499 1801 praebet,
2535 1727 2680 1798 quod
2712 1726 3055 1797 publicanus,
3094 1725 3189 1795 qui
3224 1732 3437 1779 reatum
3470 1739 3582 1779 sua!
3619 1738 3722 1779 ne-

2133 1820 2317 1891 quitias
2343 1817 2584 1890 perfecte
2621 1817 2903 1887 cognovit,
2933 1814 3106 1879 ﬂevit,
3135 1814 3418 1870 confessus
3443 1822 3560 1879 est,
3587 1823 3650 1870 et
3674 1813 3725 1870 si

521 1906 708 1964 Gratia
754 1918 927 1963 autem
956 1908 1052 1965 υθέ
1081 1884 1197 1962 iam
1222 1906 1277 1961 id
1305 1907 1442 1977 quod
1476 1920 1614 1969 sum.
1644 1911 1692 1957 σε
1718 1902 1890 1973 gratia
1918 1900 2032 1969 eius
2059 1884 2109 1947 Β
2134 1884 2364 1978 injustas
2391 1908 2459 1963 ad
2486 1884 2743 1977 templum
2780 1906 2964 1972 venit,
2986 1903 3316 1973 justiﬁestua
3344 1919 3376 1958 ι
3402 1902 3602 1973 templo
3630 1918 3725 1975 re.

447 2000 508 2055 il
532 2016 613 2055 me
651 2016 818 2055 vacua
855 2015 959 2055 non
986 1998 1106 2069 fuit.
1139 1998 1276 2066 Quia
1310 1996 1485 2069 gratia
1512 2009 1619 2065 qua
1648 1991 1911 2061 redempti
1936 2006 2030 2046 su-

449 2105 603 2158 mus,
643 2089 915 2153 laborem,
964 2098 1249 2153 conatum,
1300 2088 1556 2143 meritum
1603 2100 1712 2140 non
1760 2081 2027 2155 quaesivit.

450 2180 772 2248 Quotidiana
788 2192 970 2239 autem
989 2182 1161 2250 gratia
1180 2190 1304 2250 post
1320 2180 1647 2250 baptismum
1659 2177 2032 2248 quotidianum

450 2273 734 2330 animum
755 2273 963 2329 laboris
981 2281 1276 2343 exspectat.

791 2382 1129 2424 nuncnum
1163 2380 1345 2432 ωσι,
1382 2366 1502 2421 διν.
1539 2377 1697 2418 svnt.

526 2475 547 2509 ι
583 2457 702 2514 Duo
727 2459 977 2515 homines
1008 2459 1366 2515 ascenderunt
1400 2457 1459 2511 in
1495 2454 1782 2525 templum,
1824 2461 1885 2507 ut
1910 2466 2033 2507 ora-

453 2568 479 2605 s
510 2559 653 2619 rent,
696 2568 837 2608 unus
868 2552 1175 2608 Pharisaeua
1210 2560 1267 2607 et
1298 2550 1434 2605 alter
1468 2548 1805 2620 publicanus.
1843 2543 2033 2598 Phari-

410 2678 421 2688 ι
453 2658 477 2698 s
507 2657 651 2701 satus
679 2651 829 2699 stans
851 2644 968 2700 hac
994 2644 1136 2713 apud
1165 2658 1224 2698 se
1249 2643 1442 2697 orabat
1471 2658 1485 2695 :
1519 2640 1683 2705 Deus,
1705 2638 1907 2708 gratias
1932 2650 2034 2706 ago

453 2750 478 2788 s
507 2732 641 2801 tibi,
665 2736 792 2804 quia
818 2750 926 2790 non
956 2750 1108 2799 sum,
1137 2734 1278 2789 sicut
1304 2732 1494 2789 catteri'
1512 2731 1823 2794 hominum,
1853 2734 2034 2796 rapto-

453 2842 479 2881 s
509 2838 622 2892 res,
660 2826 880 2895 iniusti,
915 2827 1179 2892 adulteri,
1205 2826 1352 2883 velut
1376 2825 1542 2882 etiam
1575 2824 1664 2879 hic
1691 2821 2029 2891 publicanus,

456 2932 480 2971 ι
503 2912 694 2988 jejuno
738 2917 826 2974 bis
866 2917 923 2973 in
970 2919 1216 2983 sabbato,
1254 2918 1495 2975 decimas
1530 2917 1600 2971 do
1633 2915 1875 2972 omnium
1912 2927 2036 2984 quas

457 3024 479 3058 ι
508 3006 780 3076 possideo.
811 3006 880 3064 Et
903 3008 1221 3077 publicanus
1244 3024 1275 3064 a
1300 3008 1458 3078 longe
1478 3014 1648 3071 stans,
1686 3004 1904 3063 nolebat
1933 3017 2034 3061 nec

459 3116 478 3149 ι
511 3097 702 3157 oculos
744 3101 814 3159 ad
851 3100 1052 3161 caelum
1089 3101 1291 3167 levare,
1338 3101 1433 3157 sed
1470 3099 1807 3171 percutiebat
1846 3103 2033 3168 pectus

458 3205 479 3245 ο
510 3190 896 3257 suum,dicens
922 3208 935 3249 :
966 3193 1414 3264 Deus,propitius
1437 3199 1554 3248 esto
1580 3190 1713 3246 mihi
1734 3188 2028 3260 peccaturi.

2134 2004 2262 2059 diit!
2285 2002 2484 2073 Typice
2498 2008 2678 2055 autem
2701 1998 3008 2054 Pharismus
3031 1995 3341 2052 Judteorutn
3362 2004 3447 2052 est
3467 1996 3724 2067 populus,

2133 2097 2224 2167 qui
2273 2110 2340 2150 ex
2390 2092 2869 2164 justiﬁestionibns
2915 2091 3053 2161 legis
3095 2090 3307 2146 extollit
3349 2091 3544 2146 merits
3589 2092 3723 2156 sua;

2131 2188 2452 2261 publicanus
2486 2201 2616 2242 vero
2651 2185 2870 2257 gentilis
2896 2192 3009 2249 est,
3050 2184 3142 2253 qui
3185 2183 3346 2254 longe
3372 2199 3403 2238 a
3430 2183 3548 2238 Deo
3576 2184 3727 2254 posi-

2133 2290 2242 2344 tus,
2288 2279 2579 2335 conﬁtetur
2622 2284 2843 2348 peccata
2891 2290 3011 2339 sua,
3059 2288 3293 2345 quorum
3340 2290 3482 2331 unus
3532 2288 3727 2345 super.

2130 2372 2329 2427 biendo
2352 2369 2575 2425 recessit
2601 2367 2937 2432 humiliatus,
2970 2365 3109 2422 alter
3146 2366 3499 2423 lamentando
3526 2378 3728 2434 apprc-

2131 2464 2397 2534 pinquare
2424 2461 2624 2517 meruit
2655 2459 2944 2514 excitatus.

2206 2554 2345 2620 Quia
2387 2554 2556 2609 omnis
2579 2552 2668 2622 qui
2694 2568 2750 2606 se
2795 2549 2996 2609 exultat
3030 2549 3412 2615 humiliabitur,
3444 2559 3496 2605 et
3551 2552 3639 2622 9ιί
3670 2566 3729 2605 ss

2133 2645 2375 2702 humiliat
2423 2642 2763 2698 excitabitur.
2801 2642 2870 2702 Et
2896 2641 2965 2697 de
2984 2649 3218 2712 utroque
3264 2640 3462 2713 populo
3488 2640 3727 2712 praefato

2133 2748 2191 2794 et
2219 2739 2287 2793 de
2310 2736 2457 2792 omni
2483 2736 2738 2805 superbo,
2767 2733 2854 2788 vel
2883 2733 3073 2789 humili
3108 2741 3256 2789 recte
3272 2740 3457 2804 potest
3472 2733 3699 2804 intelligi
3710 2760 3733 2797 ,ι

2135 2833 2277 2888 sicut
2306 2839 2358 2885 et
2380 2829 2532 2895 illud,
2564 2827 2708 2901 quod
2730 2826 2858 2882 alibi
2879 2826 3110 2901 legimus
3138 2844 3149 2880 :
3180 2828 3314 2881 Ante
3342 2827 3554 2905 ruinam
3575 2826 3727 2880 exal-

2135 2932 2281 2977 tatur
2309 2936 2420 2986 cor,
2450 2928 2497 2973 et
2528 2928 2650 2973 ante
2694 2916 2915 2989 gloriam
2957 2917 3270 2973 humiliatur
3325 2914 3507 2990 (Prov.
3559 2919 3674 2989 xvi)
3708 2961 3724 2981 ,

2135 3019 2466 3084 quapropter
2512 3016 2569 3064 et
2615 3008 2686 3064 de
2711 3009 2897 3064 verbis
2919 3007 3048 3063 elati
3077 3005 3359 3073 Pharisati,
3394 3008 3592 3079 quibus
3619 3009 3726 3063 hu-

2134 3103 2336 3159 miliari
2392 3102 2613 3168 meruit,
2662 3115 2954 3173 possumus
2993 3117 3060 3157 ex
3098 3101 3314 3156 diverso
3360 3100 3590 3156 formam
3618 3101 3727 3155 hu-

2138 3196 2408 3261 mih‘tatis,
2458 3211 2562 3265 qua
2590 3194 2965 3260 subiimemur,
3001 3209 3295 3259 assumere,
3325 3202 3386 3248 ut
3436 3194 3576 3249 sicut
3631 3193 3726 3249 ille

456 3299 477 3336 ι
510 3281 682 3347 Amen
713 3283 835 3343 dico
868 3284 1047 3352 vobis,
1074 3258 1354 3343 descendit
1379 3286 1468 3343 hic
1496 3258 1823 3355 justiﬁcatus
1849 3283 1903 3337 in
1935 3282 2033 3339 do-
2059 3258 2105 3321 C
2137 3258 2516 3353 consideratis,
2546 3294 2602 3342 et
2619 3285 2866 3356 peiorum
2893 3258 3070 3351 vitiis,
3098 3293 3154 3340 et
3186 3258 3300 3341 suis
3326 3285 3618 3341 virtutibus
3637 3295 3727 3340 est

400 3420 405 3429 .
458 3390 479 3424 σ
510 3388 658 3428 mum
692 3389 846 3429 suam
875 3375 945 3431 ab
970 3374 1080 3431 illo.
1106 3375 1243 3444 Quia
1266 3376 1442 3432 omnis
1469 3376 1561 3445 qui
1593 3390 1651 3430 se
1677 3374 1904 3441 exultat,
1934 3373 2032 3432 bur

458 3481 479 3515 ι
512 3463 831 3532 miliabitur,
858 3473 913 3523 et
940 3467 1032 3536 qui
1063 3481 1121 3523 se
1147 3467 1419 3534 humiliat,
1448 3466 1792 3523 excitabitur.
1829 3485 1848 3519 ι

522 3556 643 3615 Duo
672 3559 905 3616 homines
932 3560 1274 3619 ascenderunt
1309 3563 1365 3617 in
1400 3560 1676 3631 templum,
1717 3568 1774 3615 ut
1798 3569 2029 3624 orarent,

451 3663 590 3701 unus
621 3645 927 3706 Pharisqu
960 3658 1009 3706 et
1034 3650 1168 3709 alter
1192 3650 1535 3707 Publicaaus.
1571 3651 1670 3722 (Ex
1697 3650 1887 3721 Beda.)
1929 3651 2033 3707 Pu-

452 3734 699 3791 blicanus
722 3738 1000 3794 humiliter
1022 3755 1205 3805 orans,
1233 3742 1299 3797 ad
1324 3740 1413 3796 illa
1436 3740 1675 3810 praefata:
1699 3742 1892 3807 viduae,
1932 3742 2033 3797 hoc

452 3834 558 3894 est,
596 3826 852 3884 Ecclesiae
882 3830 1121 3887 membra
1147 3832 1402 3901 pertinet,
1434 3832 1498 3888 de
1524 3834 1719 3902 quibus
1759 3848 1923 3903 supra
1947 3831 2031 3887 di-

453 3917 637 3973 citur:
677 3918 818 3974 Deus
856 3928 1036 3975 autem
1072 3938 1178 3978 non
1214 3921 1375 3980 faciet
1410 3924 1702 3981 vindictam
1740 3924 2034 3985 electorum

452 4022 673 4062 suorum
700 4008 1046 4066 clamantium
1077 4011 1145 4067 ad
1173 4029 1250 4069 se.
1292 4014 1600 4073 Pharisaeus
1629 4024 1808 4073 autem
1838 4018 2032 4077 merita

444 4099 660 4169 jactans
684 4103 750 4157 ad
777 4119 841 4159 ea
864 4104 931 4160 de
959 4106 1152 4176 quibus
1183 4106 1442 4167 terribilis
1467 4109 1521 4167 in
1546 4110 1890 4167 conclusione
1911 4126 2032 4166 sen-

453 4193 619 4249 tentia
648 4192 915 4253 subditur.
949 4196 1329 4255 Verumtamen
1362 4200 1501 4259 illius
1528 4201 1760 4261 hominis
1787 4203 2030 4273 veniens,

451 4294 610 4356 putas
639 4288 875 4345 inveniet
904 4290 1061 4345 ﬁdem
1090 4292 1142 4345 in
1175 4294 1357 4347 terra?

524 4376 829 4436 Pharisaaus
856 4391 998 4437 stans
1027 4383 1137 4438 Iuro
1162 4384 1303 4454 apud
1325 4402 1380 4439 se
1409 4368 1623 4445 orabat:
1644 4387 1809 4455 Deus,
1834 4390 2033 4459 gratias

454 4486 551 4542 ago
578 4469 671 4523 tibi
699 4471 843 4543 quia,
876 4478 981 4526 etc.
1011 4472 1257 4539 Quatuor
1286 4482 1413 4529 sunt
1441 4479 1669 4551 species,
1701 4480 1896 4550 quibus
1917 4494 2035 4535 om-

453 4563 540 4618 nis
576 4571 757 4617 tumor
788 4565 1153 4635 arrogantium
1194 4566 1612 4625 demonstratur.
1662 4570 1797 4628 Cum
1833 4573 2032 4631 bonum

453 4661 547 4709 aut
573 4671 603 4709 a
632 4655 937 4729 semetipsis
971 4655 1171 4714 habere
1196 4659 1481 4725 aestimant,
1509 4670 1603 4719 aut
1636 4663 1683 4720 si
1711 4664 1811 4719 sibi
1848 4667 2032 4723 datum

453 4744 686 4815 desuper
722 4746 968 4813 credunt,
1004 4762 1105 4818 pro
1140 4750 1252 4806 suis
1287 4765 1345 4805 se
1377 4751 1478 4807 hoc
1513 4754 1784 4824 accepisse
1823 4757 2031 4813 meritis

452 4843 666 4907 putant,
695 4844 789 4892 aut
815 4847 960 4894 certe
997 4856 1120 4895 cum
1150 4839 1362 4913 jactant
1389 4858 1446 4899 se
1485 4844 1701 4911 habere,
1742 4849 1885 4919 quod
1922 4864 2028 4907 non

452 4928 675 4997 habent,
712 4938 805 4985 aut
829 4930 1093 5002 despectis
1120 4935 1329 4990 caeteris
1363 4936 1706 5007 singulariter
1730 4941 1899 4997 videri
1934 4957 2028 5017 ap-

451 5028 644 5094 petunt
686 5023 885 5081 habere
930 5027 1073 5096 quod
1116 5027 1354 5095 habent,
1408 5044 1514 5103 qua
1560 5029 1863 5090 Pharisaeus
1909 5034 2025 5095 istm

444 5114 722 5185 iactantia:
749 5124 899 5187 peste
927 5116 1202 5176 laborasse
1224 5120 1658 5195 deprehenditur,
1691 5128 1782 5198 qui
1822 5128 2026 5187 idcirco

454 5205 521 5262 de
556 5208 755 5279 templo
781 5210 984 5281 absque
1012 5212 1398 5283 justiﬂcatioue
1436 5217 1731 5284 descendit,
1772 5221 1899 5291 quia
1934 5222 2023 5279 bo-

454 5313 646 5354 norum
685 5315 927 5373 operum.
970 5305 1161 5360 merita
1201 5306 1300 5360 sibi
1357 5308 1512 5379 quasi
1550 5308 1896 5381 singulariter
1932 5316 2029 5375 tri-

451 5388 642 5453 buens,
670 5393 845 5446 oranti
874 5393 1160 5465 publicano
1189 5411 1250 5450 se
1272 5399 1527 5467 praetulit.

518 5478 715 5550 Jejuno
740 5479 817 5536 bis
840 5483 893 5536 in
918 5484 1153 5552 sabbato,
1181 5482 1408 5543 decimas
1431 5489 1499 5545 do
1524 5494 1752 5549 omnium
1772 5511 1889 5568 quae
1911 5514 2031 5568 pos-

452 5569 616 5625 sideo.
641 5570 888 5628 Ezechiel
910 5576 1171 5646 propheta
1198 5579 1265 5634 de
1289 5582 1522 5637 ostensis
1549 5583 1649 5641 sibi
1676 5586 1797 5642 οωιί
1825 5589 2031 5645 anima-

450 5659 593 5717 libus
640 5663 828 5718 scribit
875 5678 889 5718 :
943 5663 1015 5719 Et
1068 5677 1231 5723 totum
1276 5686 1464 5741 corpus
1509 5672 1719 5744 plenum
1765 5679 1929 5735 oculis
1975 5681 2032 5736 in

452 5753 674 5809 circuitu
712 5753 946 5825 ipsarum
980 5756 1193 5828 (Ezech.
1228 5759 1290 5832 l),
1321 5770 1555 5831 quatuor
1581 5780 1805 5836 corpora
1834 5770 2033 5841 quippe

454 5843 765 5900 animalium
795 5854 1050 5917 quatuor,
1082 5847 1285 5906 idcirco
1316 5849 1472 5926 plena
1506 5855 1676 5914 oculis
1712 5856 2029 5919 describun-

2057 4618 2112 4678 D

2136 3382 2378 3438 elevatus
2404 3362 2472 3437 ad
2501 3382 2737 3447 ruinam,
2768 3381 2845 3435 ita
2878 3395 2980 3435 nos
3008 3395 3115 3436 non
3143 3387 3331 3437 nostra
3357 3379 3529 3435 solum
3553 3380 3729 3451 pigri-

2134 3474 2234 3539 tia,
2267 3473 2362 3529 sed
2393 3480 2451 3528 et
2497 3472 2781 3528 meliorum
2810 3470 3108 3526 virtutibus
3141 3469 3422 3541 inspectis,
3470 3469 3731 3525 bumllie-

2134 3583 2258 3626 mur
2312 3567 2381 3621 ad
2425 3564 2651 3637 gloriam
2677 3603 2692 3629 ,
2738 3570 3008 3633 quatenus
3056 3563 3430 3632 unusquisque
3473 3571 3725 3618 nostnnn

2133 3659 2250 3715 haec
2275 3655 2416 3726 apud
2446 3671 2505 3711 se
2539 3654 2763 3725 supplex
2805 3667 2873 3708 ac
2896 3653 3199 3708 submissus
3251 3653 3505 3711 obsecret
3535 3669 3549 3708 :
3578 3653 3726 3709 Deus

2132 3750 2493 3821 omnipotens,
2512 3748 2771 3803 miserere
2792 3746 3017 3817 supplici
3049 3745 3307 3815 tuo,quis
3337 3759 3446 3801 non
3469 3760 3587 3801 sum
3616 3746 3727 3800 sic-

2131 3851 2194 3898 ut
2243 3842 2514 3899 innumeri
2566 3839 2707 3895 servi
2748 3839 2827 3894 tui
2867 3846 3180 3908 contemptu
3228 3838 3407 3893 saeculi
3438 3836 3718 3903 sublimes,

2127 3934 2354 4005 justitire
2386 3934 2583 3989 merito
2627 3932 2889 4003 gloriosi,
2940 3932 3210 3987 castitatis
3262 3931 3419 3986 laude
3464 3930 3717 4001 angelici,

2132 4026 2280 4082 velut
2305 4024 2468 4080 etiam
2491 4023 2646 4078 multi
2671 4023 2884 4079 illorum
2902 4023 2993 4093 qui
3013 4030 3136 4092 post
3155 4019 3356 4093 ﬂagitia
3369 4020 3582 4092 publica
3608 4034 3723 4090 pte-

2133 4118 2357 4176 niteudo
2385 4116 2483 4172 tibi
2505 4124 2820 4172 meruerunt
2840 4131 2962 4171 esse
2990 4115 3191 4179 devoti,
3218 4115 3491 4185 quietiam
3517 4115 3564 4169 si
3586 4114 3718 4184 quid

2132 4210 2261 4267 bum
2284 4220 2373 4267 tua
2401 4210 2575 4282 gratia
2601 4208 2869 4280 largiente
2894 4206 3095 4273 fecero,
3116 4221 3232 4277 quo
3247 4207 3354 4262 line
3368 4206 3483 4263 haec
3493 4205 3715 4274 faciam,

2133 4316 2309 4372 quave
2335 4317 2367 4356 a
2403 4310 2456 4357 te
2493 4301 2832 4356 districtione
2869 4311 3128 4371 pensatur
3155 4299 3366 4371 ignoro.

2386 4432 2457 4489 IN
2495 4431 2746 4490 NATALI
2785 4430 3027 4489 SANCTI
3065 4430 3458 4489 LAURENTH.

2275 4563 2469 4609 LECTIO
2504 4563 2674 4605 EPISTo
2717 4563 2870 4604 ΡΔυιι
2915 4563 3167 4605 Αροετοιι
3206 4563 3273 4607 AD
3310 4564 3564 4607 CORINTB.

2641 4656 2908 4707 SECUND£,
2949 4657 3070 4699 CAP.
3111 4658 3187 4699 ix.

2211 4800 2231 4832 ‹
2275 4781 2379 4849 Qui
2404 4796 2566 4851 parce
2594 4780 2825 4835 seminat
2852 4796 3016 4851 parce
3036 4791 3092 4835 et
3112 4788 3300 4836 metet.
3330 4780 3398 4835 Et
3426 4779 3519 4850 qui
3547 4780 3712 4835 semi-

2140 4891 2159 4923 ς
2202 4881 2295 4927 nat
2323 4874 2375 4926 in
2390 4872 2856 4933 benedictionibus
2881 4873 2947 4926 de
2972 4872 3433 4928 benedictionibus
3454 4876 3510 4927 et
3520 4880 3706 4928 metet.

2139 4983 2158 5016 ι
2205 4963 2588 5034 Unusquisque
2625 4972 2787 5034 prout
2827 4964 3117 5019 destinavit
3152 4963 3205 5019 in
3232 4963 3398 5019 corde
3423 4978 3523 5019 suo
3547 5003 3563 5029 ,
3598 4978 3707 5019 non

2140 5074 2160 5107 ι
2206 5070 2273 5111 es
2294 5054 2515 5111 tristitia
2544 5063 2635 5110 aut
2661 5068 2727 5111 ex
2744 5054 3087 5110 necessitate.
3121 5054 3358 5110 llilarem
3385 5054 3528 5109 enim
3554 5054 3709 5109 dato-

2139 5166 2158 5198 ι
2205 5162 2317 5203 rem
2346 5146 2519 5218 diligit
2553 5147 2726 5212 Deus,
2757 5154 2949 5217 potens
2983 5154 3161 5200 autem
3190 5154 3275 5202 est
3310 5145 3453 5201 Deus
3490 5160 3706 5201 omnem

2138 5254 2158 5288 σ
2201 5237 2431 5307 gratiam
2463 5237 2734 5292 abundare
2764 5234 2942 5292 facere
2968 5237 3023 5291 in
3053 5237 3205 5292 vobis
3227 5276 3242 5303 ,
3278 5244 3339 5292 ut
3373 5237 3428 5291 in
3454 5237 3705 5292 omnibus

2139 5343 2160 5375 ‹
2205 5338 2418 5394 semper
2445 5339 2661 5381 omnem
2689 5322 3066 5379 sullicientiam
3094 5326 3386 5390 habentes,
3418 5326 3701 5381 abundetis

2143 5433 2162 5467 ε
2204 5417 2261 5471 in
2282 5430 2445 5472 omne
2467 5431 2601 5487 opus
2639 5416 2860 5479 bonum,
2887 5417 3029 5471 sicut
3051 5417 3422 5487 scriptumest
3449 5435 3463 5470 :
3490 5416 3704 5488 Disper-

2138 5524 2158 5558 ‹
2204 5507 2296 5571 sit,
2329 5506 2476 5561 dedit
2502 5506 2847 5577 pauperibus,
2874 5507 3082 5577 iustitia
3111 5507 3227 5576 ejus
3245 5514 3427 5564 manet
3458 5508 3514 5563 in
3538 5524 3703 5563 sucu-

2141 5614 2160 5647 α
2203 5595 2314 5653 ium
2360 5596 2561 5652 saeculi.
2596 5596 2699 5663 Qui
2724 5605 2905 5652 autem
2946 5597 3285 5653 administrat
3323 5612 3507 5654 semen
3538 5600 3701 5653 semi-

2138 5705 2158 5738 ι
2203 5688 2391 5753 nanti,
2431 5695 2486 5744 et
2509 5702 2703 5758 panem
2733 5689 2801 5744 ad
2838 5688 3269 5745 manducandum
3297 5689 3598 5761 prpstabit.
3639 5688 3701 5742 Et

2136 5792 2157 5826 ι
2201 5775 2578 5845 multiplicabit
2591 5792 2777 5834 semen
2790 5786 3049 5845 vestrum,
3068 5789 3123 5837 et
3137 5779 3352 5853 augebit
3364 5780 3696 5838 incrementa

2135 5881 2156 5914 ι
2198 5863 2412 5935 frugum
2432 5867 2659 5936 justitiat
2680 5877 2896 5925 vestrae.
2935 5889 2956 5927 ι
