4026 6468
292 421 406 484 437

1149 422 1669 480 COLLECTIONES
1705 422 1776 479 ΙΝ
1813 421 2196 482 EPISTOLAS
2234 428 2323 483 ET
2362 428 2777 489 EVANGELIA.

3462 440 3567 496 ιδε

370 539 649 613 Qutparce
669 540 892 596 seminat
910 555 1067 614 parce
1089 548 1141 596 et
1158 548 1332 598 metet.
1382 540 1484 614 (Ex
1503 540 1766 614 Primas.)
1816 540 1875 597 ld
1902 541 1952 602 A
1984 559 2003 591 ε
2050 542 2251 600 cadens
2289 543 2346 599 in
2372 553 2575 601 terram
2613 556 2886 605 mortuum
2939 550 3129 616 fuerit,
3179 553 3355 624 ipsum
3392 556 3566 613 solum

296 640 403 702 est,
436 633 526 707 qui
556 650 748 707 parum
794 636 984 692 tribuit
1012 638 1191 710 egenti
1216 681 1230 705 ,
1256 652 1452 709 parum
1482 641 1709 710 accipiet
1733 655 1879 696 mer-

293 727 446 783 cedis
463 768 479 795 ,
509 730 804 785 secundum
834 729 1221 793 misericordia:
1248 746 1410 804 opera
1431 732 1803 805 unusquisque
1826 740 1884 790 et

290 823 517 897 prmmia
542 823 768 897 recipiet
786 831 1013 882 aeterna.

368 912 437 971 Et
472 917 561 989 qui
597 919 819 975 seminat
845 922 900 975 in
923 919 1362 977 benedictionibus
1405 919 1470 977 de
1496 920 1872 977 benedictioni-

291 1008 388 1063 bus
414 1018 462 1064 et
486 1019 658 1066 metet.
677 1010 862 1080 Qualis
885 1012 1050 1069 fuerit
1069 1014 1305 1080 devotio,
1340 1014 1462 1071 talis
1491 1015 1601 1070 erit
1619 1020 1675 1069 et
1692 1030 1875 1069 remu-

287 1102 531 1166 neratio,
576 1104 668 1174 qui
698 1111 854 1176 grato
883 1105 1063 1160 animo
1094 1113 1147 1161 et
1171 1105 1525 1172 suiﬁcienter,
1558 1113 1649 1161 aut
1692 1122 1874 1161 rerum

287 1197 670 1270 temporalium
701 1199 1124 1273 eleemosynam,
1152 1208 1245 1255 aut
1298 1200 1696 1270 prcedicationis
1731 1199 1872 1255 indi-

286 1290 437 1362 genti
462 1291 851 1347 ministraverit
878 1294 1064 1355 verba,
1093 1290 1423 1348 suillcienter
1453 1301 1507 1348 et
1536 1292 1685 1363 large
1714 1306 1745 1347 a
1768 1291 1873 1347 Do-

294 1383 450 1437 mino
484 1383 714 1454 accipiet
752 1385 993 1454 praemia.
1022 1383 1235 1439 Avarus
1278 1385 1422 1439 enim
1454 1384 1758 1439 mercedem
1806 1398 1872 1438 ex

287 1490 355 1529 eo
388 1475 762 1547 quodinvitus
800 1476 1045 1544 dederit,
1110 1492 1216 1531 non
1273 1475 1512 1541 habebit,
1565 1474 1873 1531 benedictio

284 1565 433 1623 enim
464 1573 519 1621 ει
558 1565 736 1625 dantis
776 1575 1003 1635 aeterna,
1036 1566 1353 1638 accipientis
1376 1580 1616 1638 praesens
1642 1565 1873 1639 edicitur

282 1657 646 1731 eleemosyna.

358 1748 725 1827 Unusquisque
756 1761 913 1823 prout
936 1752 1217 1809 destinavit
1238 1769 1295 1808 in
1320 1753 1474 1808 corde
1506 1768 1628 1819 sua,
1669 1767 1773 1807 non
1806 1767 1871 1806 ea:

281 1843 499 1899 tristitia
540 1854 630 1899 aut
657 1861 722 1900 ea:
767 1848 1091 1902 necessitate.
1138 1845 1196 1902 ld
1232 1854 1334 1913 est,
1364 1854 1627 1919 quantum
1678 1843 1871 1899 statuit

1993 657 2012 689 ι
2058 649 2258 696 manet.
2287 640 2344 697 Si
2365 650 2547 698 autem
2572 652 2845 701 mortuum
2870 646 3053 714 fuerit,
3075 647 3303 704 multum
3328 648 3565 708 fructum

1991 751 2009 784 ι
2056 732 2230 788 aliert.
2287 734 2388 802 Qui
2420 745 2567 791 amat
2594 738 2832 793 animam
2886 755 3039 796 suam
3066 743 3258 813 perdet
3311 758 3465 812 eam,
3513 754 3569 802 et

1990 842 2009 876 ι
2050 826 2143 895 qui
2176 826 2290 881 odit
2314 827 2549 883 animam
2580 844 2735 885 suam
2788 831 2843 886 in
2868 832 2973 889 hoc
3025 836 3246 901 mundo,
3303 835 3359 891 in
3391 836 3564 892 vitam

1987 937 2007 970 ‹
2052 929 2311 976 aeternam
2338 923 2577 978 custodit
2599 938 2740 979 eam.
2778 922 2835 981 Si
2860 927 2984 996 quis
3001 929 3136 984 mihi
3162 929 3447 986 ministrat
3471 944 3560 986 me

1987 1029 2006 1060 ‹
2052 1021 2329 1082 sequatur,
2357 1022 2410 1069 et
2425 1015 2515 1068 ubi
2534 1030 2653 1069 sum
2680 1030 2800 1087 ego,
2825 1014 2969 1095 ibiet
2995 1019 3242 1075 minister
3263 1034 3414 1076 meus
3429 1020 3555 1076 erit.

1984 1120 2003 1151 ‹
2041 1100 2099 1157 Si
2122 1104 2245 1174 quis
2266 1106 2397 1160 mihi
2424 1106 2836 1175 ministraverit,
2862 1109 3243 1168 honorificahit
3256 1127 3381 1169 eum
3395 1112 3560 1171 Pater

1984 1210 2005 1244 α
2049 1210 2222 1262 meus,
2254 1198 2345 1267 qui
2374 1197 2428 1251 in
2455 1199 2607 1253 caelis
2635 1207 2735 1255 est.
2786 1219 2807 1254 ι
3518 1206 3523 1221 ³

2048 1286 2213 1342 Amen
2243 1305 2395 1343 amen
2449 1289 2566 1344 dico
2619 1290 2760 1345 vobis
2801 1304 2820 1343 :
2872 1290 2995 1347 Nisi
3038 1308 3261 1364 granum
3310 1294 3562 1364 frumenti

1976 1378 2166 1433 cadens
2188 1381 2242 1434 in
2266 1388 2461 1435 terram
2496 1392 2761 1437 mortuum
2800 1383 2995 1453 fuerit,
3033 1385 3204 1455 ipsum
3237 1384 3405 1439 solum
3446 1402 3561 1442 ma-

1975 1480 2078 1524 net.
2107 1467 2166 1525 Si
2194 1481 2366 1526 autem
2390 1485 2656 1530 mortuum
2700 1474 2889 1546 fuerit,
2932 1475 3156 1530 multum
3188 1475 3420 1545 fructum
3469 1478 3558 1546 al-

1974 1564 2094 1634 [ενι.
2143 1562 2215 1619 8e
2241 1574 2422 1621 autem
2453 1567 2668 1624 dicebat
2719 1570 2892 1639 ipsum
2939 1584 3062 1625 esse
3119 1568 3557 1625 mortiﬁcandum

1972 1662 2027 1708 et
2085 1655 2572 1726 multiplicandum.
2643 1658 3074 1716 Martiiicandum
3130 1662 3187 1716 in
3238 1660 3559 1718 inlidelitate

1971 1744 2282 1892 Sdaeorum
2309 1790 2324 1815 ,
2379 1750 2847 1821 multiplicandum
2919 1751 3024 1811 fide
3087 1755 3332 1812 omnium
3387 1770 3561 1829 popu-

2028 1854 2169 1892 rum.
2763 1869 2773 1881 ο

2028 1854 2169 1893 rum.

279 1934 365 1989 vel
396 1934 559 2011 elegit
586 1938 913 2007 pauperibus
949 1938 1078 1994 dare
1104 1980 1119 2005 ,
1160 1954 1267 1993 non
1292 1905 1514 1993 coactus
1558 1936 1653 1993 sed
1678 1940 1870 1992 volun—
1897 1905 1947 1968 Β
2049 1931 2154 1998 Qui
2180 1943 2324 1989 amat
2350 1937 2583 1992 animam
2619 1955 2772 1995 suam
2806 1941 2987 2012 perdet
3012 1958 3148 1998 eam.
3174 1942 3327 2014 Quod
3348 1944 3559 2003 duobus

280 2025 476 2087 tarius.
511 2024 711 2083 Tobias
737 2028 882 2083 enim
917 2028 1026 2084 lilio
1072 2044 1170 2084 suo
1200 2029 1277 2083 ait
1307 2046 1319 2082 :
1375 2022 1431 2083 Si
1456 2026 1742 2101 plurimum
1774 2028 1868 2082 tibi

279 2128 358 2173 est
391 2160 405 2185 ,
454 2117 739 2192 plurimum
784 2121 983 2185 tribue,
1016 2121 1063 2176 si
1091 2122 1369 2193 exiguum,
1396 2120 1586 2192 exigua
1630 2119 1868 2192 indigen-

277 2208 420 2265 tibus
447 2212 778 2265 communica
814 2210 967 2283 (Tob.
994 2210 1095 2282 Iv).

352 2300 597 2357 Hilarem
621 2304 760 2357 enim
794 2302 1029 2356 datorem
1052 2302 1226 2373 diligit
1249 2303 1412 2355 Deus.
1444 2299 1699 2355 Salomon
1720 2299 1868 2355 enim

276 2394 450 2449 dicit:
480 2392 547 2448 In
577 2396 717 2448 omni
740 2393 865 2447 dato
895 2392 1115 2449 hilarem
1138 2394 1224 2463 [ac
1249 2392 1445 2447 vultum
1476 2401 1643 2446 tuum.
1675 2390 1864 2464 (Eccli.

277 2485 470 2556 xxxv).
500 2485 634 2539 Nam
656 2494 710 2540 et
741 2486 795 2540 in
829 2486 1133 2540 divinarum
1161 2485 1567 2554 Scripturarum
1595 2498 1865 2551 sermone,

275 2572 542 2630 Dominus
569 2573 683 2629 vult
709 2574 938 2629 hilarem
966 2590 1121 2629 suum
1152 2575 1417 2630 datorem.

350 2664 531 2720 Potest
552 2676 727 2720 autem
751 2667 893 2721 Deus
918 2684 1121 2721 omnem
1144 2668 1371 2737 gratiam
1400 2666 1670 2721 abundare
1692 2666 1865 2736 facere

276 2756 333 2812 in
361 2756 527 2811 vobis.
569 2755 648 2813 Ne
681 2756 908 2813 timeant
936 2758 1166 2829 inopiam
1199 2758 1632 2830 eleemosynarii,
1658 2760 1779 2816 ideo
1810 2762 1864 2817 in

276 2864 443 2921 opere
465 2848 855 2906 misericordiae
876 2848 995 2916 Dei,
1019 2850 1613 2921 praeponitpotentiam.
1634 2850 1862 2905 Omnem

277 2941 513 3015 gratiam
545 2942 673 2999 dicit
698 2942 812 2999 sive
836 2943 1048 3015 copiam
1080 2942 1316 3015 frugum,
1375 2942 1691 3014 fructusque
1736 2958 1863 3015 pro-

274 3045 529 3104 ventum,
589 3037 705 3093 sive
763 3052 956 3093 sensus
992 3037 1419 3104 abundantiam,
1474 3037 1863 3108 sapientiaeque

277 3130 631 3187 intellectum.

1974 2025 2148 2080 modis
2176 2026 2401 2100 intelligi
2427 2039 2625 2101 potest,
2674 2034 2958 2107 quiamat
3001 2040 3220 2106 perdet,
3258 2034 3312 2092 id
3341 2045 3455 2104 est,
3511 2038 3559 2094 si

1973 2129 2126 2169 amas
2156 2118 2384 2187 perdes,
2412 2120 2457 2175 si
2487 2123 2639 2192 cupis
2687 2124 2855 2179 vitam
2885 2132 3069 2181 tenere
3091 2126 3147 2181 in
3170 2125 3408 2195 Christo,
3448 2125 3558 2183 noli

1973 2205 2167 2261 timere
2189 2210 2325 2264 mori
2354 2226 2454 2280 pro
2479 2211 2717 2268 Christo.
2746 2214 2882 2269 Item
2911 2215 3018 2271 alio
3066 2218 3247 2283 modo,
3277 2218 3370 2289 qui
3412 2227 3556 2273 amat

1973 2297 2206 2351 animam
2239 2316 2391 2354 suam
2414 2303 2594 2373 perdet
2621 2320 2735 2358 eam
2766 2320 2786 2358 :
2819 2307 2929 2362 noli
2960 2312 3146 2365 amare
3189 2308 3244 2365 in
3284 2309 3390 2367 hac
3421 2311 3553 2378 vita,

1971 2401 2042 2442 ne
2064 2391 2262 2457 perdas
2285 2391 2337 2446 in
2361 2401 2562 2448 aeterna
2585 2395 2713 2450 vita.

2044 2479 2113 2536 Et
2143 2484 2234 2555 qui
2282 2486 2391 2539 odit
2428 2488 2661 2542 animam
2695 2505 2847 2544 suam
2878 2492 2933 2545 in
2976 2492 3075 2547 hoc
3122 2492 3340 2557 mundo,
3371 2493 3428 2549 in
3450 2495 3557 2549 vita

1971 2583 2167 2630 (eterna
2191 2577 2417 2631 custodit
2440 2595 2575 2633 eam.
2611 2580 2750 2652 Ergo
2784 2582 2929 2653 quod
2976 2598 3139 2655 supra
3184 2583 3387 2643 dictum
3431 2594 3552 2655 est,

1968 2667 2060 2735 qui
2089 2678 2231 2722 amat
2278 2670 2701 2742 subintelligitur
2728 2674 2781 2727 in
2812 2675 2915 2728 hoc
2942 2676 3161 2742 mundo,
3208 2674 3324 2744 ipse
3371 2676 3559 2748 itaque

1967 2759 2176 2830 perdet.
2210 2757 2313 2827 Qui
2341 2766 2522 2815 autem
2554 2763 2668 2817 odit
2702 2764 2895 2835 utique
2918 2764 2972 2821 in
3000 2766 3105 2822 hoc
3135 2752 3353 2835 munda,
3387 2767 3442 2822 in
3476 2768 3556 2823 vi-

1967 2857 2023 2903 ta
2050 2858 2252 2905 teterna
2286 2852 2521 2907 custodit
2550 2866 2689 2908 eam.
2722 2854 2914 2927 Magna
2964 2865 3018 2912 et
3048 2857 3188 2912 mira
3238 2858 3505 2914 sententia
3534 2860 3548 2913 ε

1966 2942 2421 3012 quemadmodum
2458 2944 2695 3001 hominis
2741 2948 2797 3001 in
2829 2948 3065 3004 animam
3116 2963 3270 3004 suam
3317 2964 3471 3006 amor
3495 2958 3556 3005 ut

1964 3044 2175 3105 pereat,
2205 3036 2387 3092 odium
2406 3054 2473 3093 ne
2498 3040 2792 3109 pereat?Si
2814 3041 2956 3097 male
2976 3043 3264 3108 amaveris,
3283 3051 3413 3098 tunc
3438 3043 3555 3099 odi-

1967 3130 2070 3195 sti,
2109 3131 2155 3185 si
2208 3131 2348 3186 bene
2392 3132 2605 3198 oderis,
2636 3141 2764 3189 tunc
2819 3134 3036 3189 amasti.
3066 3132 3277 3190 Felices
3301 3134 3393 3205 qui
3422 3134 3554 3189 ode-

348 3220 417 3277 Ut
440 3224 499 3277 in
520 3221 760 3277 omnibus
789 3239 993 3294 semper
1014 3222 1378 3294 sufﬁcientiam
1403 3221 1775 3279 habentes.’Ac
1813 3222 1861 3279 si
1891 3273 1933 3294 Α
1964 3226 2098 3274 runt
2132 3221 2489 3276 custodiendo
2508 3262 2523 3288 ,
2553 3235 2622 3277 ne
2654 3223 2886 3293 perdant
2908 3223 2997 3279 hic
3022 3224 3273 3279 amando.
3303 3223 3404 3279 Hic
3435 3225 3552 3279 ani-

1889 3273 1936 3338 C

274 3312 502 3382 diceret,
523 3330 740 3371 omnem
766 3312 1142 3371 sufficientiam
1173 3322 1284 3370 tam
1309 3315 1667 3385 spiritualium
1698 3331 1864 3385 quam
1890 3312 1936 3338 υ
1966 3326 2071 3367 ma:
2092 3313 2310 3369 nomine
2333 3314 2442 3369 vita
2462 3327 2702 3384 praesens
2734 3314 3052 3385 designatur
3074 3355 3089 3380 ,
3129 3314 3213 3369 vel
3244 3315 3410 3369 etiam
3439 3315 3541 3370 hn-

274 3409 443 3465 etiam
467 3409 769 3465 carnalium
793 3407 945 3464 dabit
962 3408 1117 3463 vobis
1142 3408 1423 3477 Dominus,
1455 3419 1513 3464 ut
1543 3425 1705 3465 omne
1727 3426 1864 3481 opus
1960 3405 2054 3477 jus
2076 3406 2203 3461 vita:
2234 3406 2521 3462 delectatio
2548 3448 2561 3473 ,
2601 3422 2721 3477 qua:
2756 3408 3032 3479 perdenda
3061 3414 3166 3473 est,
3208 3415 3267 3461 ut
3321 3404 3553 3463 feliciter

270 3501 477 3557 bonum
502 3541 517 3567 ,
558 3499 670 3555 sive
708 3500 1012 3555 devotionis
1063 3500 1117 3554 in
1157 3500 1525 3556 misericordia
1554 3542 1569 3567 ,
1608 3502 1721 3556 sive
1744 3515 1866 3556 eru-

271 3591 497 3649 ditionis
523 3592 577 3646 in
605 3591 874 3657 doctrina,
915 3591 1142 3662 implere
1180 3592 1400 3663 possitis
1443 3600 1623 3648 mente
1670 3593 1859 3648 libera.

347 3686 605 3760 Dispersit
634 3684 781 3740 dedit
825 3684 1176 3761 pauperibus,
1211 3686 1422 3757 justitia
1452 3688 1566 3757 ejus
1599 3697 1771 3741 manet
1805 3688 1864 3742 in

268 3782 527 3839 steculum
592 3780 794 3837 steculi.
863 3780 920 3837 Id
975 3790 1097 3849 est,
1144 3781 1359 3850 divisit,
1399 3781 1547 3838 dedit
1582 3783 1859 3853 pluribus,

270 3873 398 3931 ideo
420 3890 529 3931 non
557 3875 686 3942 uni,
741 3875 835 3931 sed
879 3872 1156 3945 pluribus,
1190 3875 1315 3945 quia
1361 3873 1534 3944 majus
1580 3883 1663 3930 est
1689 3875 1862 3933 oratio

268 3967 571 4024 multorum
624 3983 786 4040 quam
821 3968 1000 4023 unius.
1054 3967 1130 4023 De
1160 3968 1322 4025 rebus
1355 3967 1499 4023 enim
1553 3968 1862 4039 temporali-

267 4058 395 4124 bus,
415 4058 459 4114 si
477 4058 613 4114 bene
632 4054 1030 4129 dispensentur,
1052 4068 1253 4113 aeterna
1266 4058 1477 4127 iustitia
1493 4067 1859 4129 comparatur.

347 4148 454 4217 Qui
490 4160 664 4206 autem
690 4151 1027 4205 administrat
1050 4167 1222 4205 semen
1247 4153 1551 4217 seminanti,
1592 4162 1637 4205 et
1674 4166 1863 4222 panem

269 4243 345 4299 ad
369 4242 801 4298 manducandum
823 4284 837 4309 ,
884 4251 989 4297 etc.
1055 4242 1167 4298 Hoc
1193 4243 1339 4298 enim
1392 4243 1458 4297 de
1483 4243 1632 4298 verbi
1659 4243 1860 4298 semine

270 4334 482 4391 dictum
527 4333 581 4389 in
619 4342 807 4390 sancto
848 4334 1200 4406 intelligimus
1243 4334 1536 4408 Evangelia
1561 4379 1576 4401 ,
1620 4335 1709 4390 ubi
1757 4335 1862 4391 D0-

268 4426 455 4482 minbs
482 4440 759 4500 exponens
812 4426 1089 4496 discipulis
1122 4425 1439 4498 parabolam
1487 4428 1711 4483 seminis
1742 4428 1857 4482 ait:

269 4515 464 4573 Semen
492 4528 567 4573 est
610 4516 819 4573 verbum
849 4519 947 4573 Dei
976 4518 1191 4591 (Matth.
1217 4519 1339 4592 xu).
1365 4518 1443 4575 Ac
1470 4520 1514 4575 si
1541 4522 1861 4592 praedicato—

268 4609 428 4711 ribus
464 4610 755 4711 :Apostolus
783 4611 988 4666 diceret
1025 4628 1037 4665 :
1073 4610 1219 4667 Deus
1246 4612 1338 4682 qui
1366 4613 1524 4667 vobis
1555 4612 1699 4668 dedit
1742 4612 1858 4668 olii-
1882 4649 1935 4711 Ι)

269 4702 419 4758 cium
450 4702 696 4768 docendi,
746 4718 927 4759 escam
976 4718 1082 4758 non
1113 4703 1386 4758 subtrahit
1410 4705 1676 4785 corporis.
1729 4704 1855 4761 Sive

271 4793 371 4867 qui
389 4795 543 4852 vobis
563 4795 922 4867 dispensanda
947 4796 1137 4853 tribuit
1160 4796 1493 4863 facultatem,
1519 4813 1614 4854 vos
1635 4798 1856 4854 minime

270 4886 514 4958 patietur
542 4888 777 4943 esurire.

351 4977 418 5032 Et
442 4977 805 5050 multiplicauit
831 4997 1005 5035 semen
1032 4989 1277 5035 vestrum.
1331 4979 1389 5035 ld
1412 4990 1520 5046 est,
1560 4995 1742 5035 rerum
1765 4995 1860 5036 vo-

269 5069 361 5127 bis
382 5081 732 5144 augmentum
767 5071 949 5139 faciet,
978 5073 1061 5129 vel
1090 5088 1401 5129 sermonum
1430 5091 1444 5127 :
1481 5072 1614 5127 Date
1639 5081 1688 5127 et
1709 5073 1860 5128 dubio

272 5171 367 5217 tur
391 5161 551 5227 vobis,
579 5163 711 5218 dicit
734 5164 1018 5230 Dominus,
1034 5164 1124 5235 qui
1150 5164 1298 5219 enim
1330 5179 1427 5234 pm
1453 5164 1567 5219 Deo
1588 5164 1702 5219 sive
1720 5178 1862 5234 prte-

274 5255 563 5313 dicationis
581 5258 827 5322 verbum,
843 5257 957 5313 sive
982 5256 1373 5312 misericordia:
1399 5255 1609 5311 dederit
1635 5255 1864 5311 alimen-

275 5354 496 5413 tum,et
520 5348 611 5404 hic
638 5356 693 5403 et
724 5349 777 5403 in
808 5347 988 5404 futuro
1018 5348 1247 5420 accipiet
1274 5347 1403 5403 illud
1426 5348 1859 5419 multiplicatum.

350 5437 422 5494 Et
469 5439 676 5513 augebit
701 5442 1024 5495 incrementa
1056 5440 1265 5512 frugum
1294 5441 1520 5513 justitite
1545 5450 1746 5497 oestrte.
1779 5441 1867 5498 ln-

238 5584 252 5594 .
274 5540 620 5591 crementum
651 5530 866 5605 frugum
887 5531 1111 5601 iustitiae
1142 5532 1289 5597 dicit,
1324 5534 1440 5589 sive
1466 5532 1750 5590 facultates
1777 5548 1855 5589 re-

277 5639 427 5691 rum,
457 5624 574 5679 sive
619 5624 924 5680 doctrinam
978 5638 1322 5690 sermonum,
1386 5624 1451 5681 de
1503 5626 1679 5696 fructu
1725 5627 1863 5681 enim

275 5715 545 5773 fabium
573 5731 810 5782 suorum
857 5715 933 5770 ait
971 5714 1251 5783 Salomon,
1292 5717 1578 5773 satiabitur
1632 5718 1860 5789 sapiens.

621 5823 958 5867 EVMGELIUI
993 5825 1231 5875 JOANNIS,
1271 5826 1387 5865 CAP.
1422 5825 1519 5865 XII.

356 5920 382 5961 ε
420 5900 598 5964 Anon
625 5919 785 5962 amen
813 5905 933 5961 dlco
959 5905 1113 5961 vobis
1152 5902 1305 5959 :Nisi
1341 5919 1567 5978 granum
1608 5902 1866 5959 frumenti

1966 3500 2212 3555 invenias
2235 3501 2570 3557 voluntatem
2595 3510 2742 3557 tuam
2790 3502 2844 3557 in
2890 3517 3058 3574 regno
3081 3501 3205 3567 Dei,
3239 3516 3403 3573 quam
3449 3499 3554 3558 for-

1968 3590 2100 3645 titer
2138 3592 2316 3646 vicisti
2367 3592 2421 3647 in
2464 3593 2567 3647 hoe
2612 3592 2827 3648 smculo.
2878 3591 3013 3647 Nam
3061 3593 3233 3648 sancti
3286 3599 3553 3665 martyres

1965 3683 2091 3739 odia
2104 3683 2411 3739 habuerunt
2423 3685 2565 3740 hanc
2586 3693 2908 3755 prtesentem
2927 3686 3095 3749 vitam
3115 3702 3217 3757 pro
3230 3684 3435 3742 Christi
3456 3700 3554 3742 no-

1965 3778 2130 3843 mine,
2177 3777 2303 3832 dum
2354 3778 2525 3849 magis
2545 3777 2832 3833 voluerunt
2869 3780 3007 3834 hanc
3028 3786 3352 3848 praesentem
3381 3777 3549 3833 vitam

1964 3869 2212 3939 perdere,
2246 3882 2407 3939 quam
2436 3869 2717 3925 Christum
2751 3885 2969 3942 negare.

2038 3960 2097 4017 Si
2126 3964 2243 4034 quis
2276 3964 2405 4018 mihi
2434 3964 2731 4029 ministrat,
2755 3980 2836 4018 me
2868 3973 3136 4035 sequatur.
3166 3963 3307 4031 Quid
3335 3969 3420 4019 est
3459 3974 3550 4020 me

1965 4063 2267 4127 sequatur,
2309 4056 2411 4110 nisi
2453 4070 2540 4111 me
2580 4057 2856 4112 imitetur?
2902 4055 3209 4111 Ministrant
3252 4068 3387 4127 ergo
3420 4054 3550 4111 Iesu

1964 4149 2181 4204 Christo
2200 4189 2214 4215 ,
2253 4148 2347 4218 qui
2383 4160 2489 4202 non
2517 4164 2612 4203 sua
2641 4156 2911 4219 quaerunt,
2959 4148 3055 4202 sed
3080 4161 3203 4216 quae
3238 4143 3365 4201 Iesu
3391 4144 3553 4201 Chri-

1963 4240 2062 4304 sti,
2102 4240 2205 4294 hoc
2241 4240 2386 4294 enim
2425 4247 2528 4305 est,
2555 4254 2640 4294 me
2675 4246 2952 4309 sequatur.
2979 4238 3108 4294 Vias
3140 4237 3379 4293 ambulet
3399 4252 3551 4293 meas

1961 4344 2069 4383 non
2106 4343 2234 4383 suas
2258 4368 2274 4395 ,
2316 4328 2456 4383 sicut
2493 4328 2619 4382 alibi
2651 4328 2920 4399 scriptum
2955 4335 3075 4382 est:
3112 4325 3218 4393 Qui
3253 4342 3310 4383 se
3336 4327 3463 4385 dicit
3487 4329 3546 4383 in

1961 4417 2170 4474 Christo
2223 4434 2467 4486 manere,
2505 4419 2654 4476 debet
2691 4418 2825 4473 sicut
2872 4416 2963 4472 ille
3006 4416 3295 4475 ambulavit
3343 4426 3393 4473 et
3438 4419 3549 4489 ipse

1961 4511 2233 4567 ambulare
2260 4510 2315 4582 (Ι
2353 4511 2517 4567 Joan.
2548 4510 2633 4582 ιι).
2684 4510 2865 4566 Etiam
2918 4511 2964 4565 si
2997 4511 3231 4582 porrigit
3279 4510 3545 4567 esurienti

1960 4618 2190 4676 panem,
2216 4605 2283 4660 de
2310 4602 2683 4660 misericordia
2732 4602 2913 4659 facere
2961 4603 3139 4667 debet,
3196 4588 3303 4659 non
3349 4603 3416 4659 de
3456 4602 3544 4674 ja-

1964 4697 2205 4762 ctantia,
2255 4711 2361 4752 non
2411 4696 2557 4751 aliud
2595 4711 2841 4767 quaerere
2900 4710 3063 4766 quam
3117 4710 3253 4767 opus
3301 4696 3545 4764 bonum,

1964 4790 2240 4846 nesciente
2278 4790 2496 4845 sinistra
2540 4789 2671 4858 quid
2713 4787 2880 4843 faciat
2925 4787 3145 4843 dextera
3196 4786 3414 4861 (Matth.
3440 4786 3544 4859 νι),

1965 4885 2019 4939 id
2064 4890 2169 4948 est,
2214 4889 2276 4938 ut
2313 4881 2641 4938 alienaretur
2691 4880 2922 4936 intentio
2948 4879 3260 4951 cupiditatis
3288 4878 3356 4936 ad
3378 4893 3544 4950 opera

1965 4976 2269 5033 cbaritatis.

2040 5068 2108 5123 Et
2146 5067 2236 5121 ubi
2261 5082 2353 5138 ego
2377 5082 2495 5121 sum
2514 5106 2528 5130 ,
2560 5064 2674 5120 illic
2692 5074 2743 5120 et
2764 5066 3006 5121 minister
3024 5082 3171 5122 meus
3192 5065 3311 5121 erit.
3341 5062 3548 5119 Heroas

1967 5166 2053 5215 est
2098 5158 2303 5213 amoris
2346 5165 2404 5211 et
2435 5155 2675 5226 pretium
2728 5157 2910 5226 operis
2940 5197 2955 5222 ,
3021 5156 3071 5212 ei
3128 5156 3222 5226 qui
3271 5153 3548 5208 ministrat

1964 5249 2185 5306 Christo
2210 5289 2227 5315 ,
2265 5262 2386 5304 esse
2426 5260 2552 5303 cum
2612 5245 2830 5304 Christo
2856 5288 2871 5313 ,
2926 5253 2983 5302 et
3041 5260 3205 5316 quem
3261 5242 3543 5310 fructum,

1966 5359 2130 5415 quam
2165 5340 2471 5399 mercedem
2495 5380 2512 5408 ,
2574 5339 2720 5410 quod
2769 5338 3049 5408 prmmium
3104 5335 3179 5392 illi
3238 5334 3537 5405 promittat.

1968 5436 2274 5493 audiamus.
2532 5446 2543 5459 ’

2044 5527 2105 5584 Si
2127 5528 2243 5599 quis
2269 5527 2398 5581 mihi
2430 5524 2805 5582 ministraverit
2832 5563 2850 5589 ,
2886 5516 3263 5587 honoriﬁcabit
3299 5533 3418 5575 eum
3450 5533 3549 5590 pa-

1964 5632 2051 5677 ter
2076 5638 2244 5687 meus,
2274 5622 2365 5693 qui
2403 5629 2480 5675 est
2513 5619 2570 5675 in
2611 5617 2774 5672 caelis.
2816 5613 2933 5684 Quo
2961 5613 3188 5677 honore,
3222 5613 3325 5671 nisi
3369 5621 3431 5669 ut
3473 5611 3548 5669 sit

1971 5730 2092 5771 cum
2121 5713 2233 5769 illia
2255 5713 2408 5784 ejus?
2432 5711 2578 5782 quod
2603 5709 2747 5764 enim
2775 5706 3025 5777 Superius
3046 5705 3149 5762 ait:
3176 5702 3278 5761 Ubi
3297 5721 3391 5777 ego
3405 5720 3543 5771 suus,

1970 5809 2081 5864 illic
2104 5817 2152 5863 et
2178 5809 2419 5862 minister
2436 5820 2581 5858 meus
2616 5802 2733 5865 erit,
2762 5800 2866 5855 hoc
2896 5799 3212 5872 intelligitur
3232 5798 3547 5870 exposuisse

1972 5897 2095 5957 cum
2119 5898 2273 5964 dicit,
2295 5891 2688 5952 Honorilicabit
2704 5905 2830 5951 eum
2859 5900 3014 5965 pater
3058 5907 3231 5947 meus.
3258 5888 3547 5961 Nunquam
