4026 6456
529 399 634 454 459

1848 387 2202 447 SMARAGDI
2237 387 2534 445 ABBATIS

3693 384 3795 440 HO

529 509 790 580 majorem
828 509 1089 565 honorem
1113 474 1360 580 accipere
1385 507 1584 578 poterit
1609 506 1918 578 adoptatus,
1941 519 2102 576 quam
2130 507 2181 568 Α
2207 511 2327 560 ctus
2375 503 2509 575 legis
2555 510 2816 558 aeternam
2853 497 3067 558 confert
3113 497 3362 554 salutem.
3423 497 3530 553 Sed
3558 513 3667 554 non
3728 517 3794 558 ex

526 612 587 660 ut
617 602 689 659 sit
711 601 802 658 ubi
832 608 919 657 est
945 600 1166 666 unicus,
1195 616 1304 656 non
1327 599 1551 670 aequalis
1585 597 1760 656 factus
1805 597 2104 665 divinitati,

526 695 624 753 sed
647 694 935 756 consocius
961 691 1270 748 aeternitati.
1713 705 1715 707 ί

648 803 1068 864 HEBDOMADA
1102 803 1219 861 XIII
1254 804 1431 862 POST
1468 802 1987 862 PENTECOSTEN.

607 917 801 959 LECTIO
837 914 997 958 ΒΕΔΤΙ
1037 915 1193 956 PAULI
1231 915 1489 956 APOSTOLI
1531 915 1598 956 AD
1635 915 1891 955 COBINTIL
1950 915 2011 964 ll,

1194 985 1314 1027 CAP.
1355 986 1437 1026 III.

599 1085 619 1119 ι
663 1065 945 1122 Fiduciam
962 1065 1122 1120 talem
1144 1064 1406 1121 habemus
1427 1079 1525 1135 per
1539 1063 1813 1120 Christum
1832 1065 1898 1120 ad
1914 1063 2107 1130 Deum,

526 1177 547 1212 ι
591 1174 701 1214 non
732 1159 877 1229 quod
898 1158 1422 1218 sullicientestsimus
1448 1158 1687 1230 cogitare
1715 1156 1919 1227 aliquid
1944 1172 1975 1212 a
2013 1171 2112 1212 no-

527 1270 545 1304 ι
589 1251 697 1318 bis,
725 1252 880 1322 quasi
906 1267 973 1308 ex
999 1251 1178 1318 nobis,
1206 1251 1301 1307 sed
1324 1249 1644 1307 sullicientia
1671 1258 1858 1306 nostra
1887 1263 1955 1304 ex
1997 1249 2110 1306 Deo

528 1363 547 1395 ι
591 1352 697 1400 est.
754 1343 857 1412 Qui
885 1353 940 1401 et
969 1345 1194 1400 idoneos
1233 1360 1332 1401 nos
1363 1343 1493 1400 fecit
1541 1345 1824 1401 ministros
1850 1344 1985 1400 Novi
2009 1345 2112 1400 Te-

525 1459 546 1489 ι
589 1438 868 1505 stamenti,
897 1455 1003 1494 non
1039 1437 1220 1496 littera
1248 1438 1343 1494 sed
1373 1438 1586 1511 spiritu.
1619 1438 1831 1494 Littera
1853 1439 1999 1494 enim
2023 1453 2112 1495 oc-

523 1550 544 1585 (
587 1531 739 1596 cidit,
765 1531 989 1602 spiritus
1020 1539 1202 1587 autem
1223 1530 1484 1588 viviﬁcat.
1521 1530 1679 1598 Quod
1703 1531 1749 1586 si
1775 1531 2108 1587 ministratio

525 1641 542 1672 ι
587 1621 780 1676 mortis
800 1621 994 1678 litteris
1019 1622 1321 1678 deformata
1337 1623 1392 1678 in
1419 1622 1688 1694 lapidibus
1714 1621 1816 1676 fuit
1839 1623 1893 1678 in
1911 1621 2106 1694 gloria,

523 1735 542 1765 ι
588 1716 665 1771 ita
690 1725 750 1772 ut
779 1731 886 1772 non
915 1724 1137 1788 possent
1185 1716 1281 1772 lilii
1315 1715 1482 1772 Israel
1522 1715 1804 1772 intendere
1829 1715 1886 1770 in
1913 1714 2109 1771 faciem

522 1823 541 1859 ι
588 1805 742 1873 Mosi,
772 1816 992 1880 propter
1021 1808 1248 1881 gloriam
1273 1807 1455 1864 vultus
1497 1807 1614 1878 ejirs
1640 1821 1760 1877 qua:
1789 1816 2103 1872 evacuatur,

2212 603 2327 650 toto
2355 594 2749 666 scripturarum
2767 599 2921 649 textu
2941 589 3267 664 generaliter
3294 590 3669 662 accipiendum
3690 602 3788 660 est,

2212 701 2338 740 nam
2376 692 2502 740 sunt
2555 683 2738 755 aliqua
2779 697 2900 754 quae
2928 696 3074 737 nunc
3097 679 3395 736 secundum
3437 679 3684 735 historiae
3705 697 3790 736 or-

2212 775 2394 832 dinem
2424 777 2620 832 debent
2647 775 2935 842 custodiri,
2977 780 3040 830 ut
3067 779 3150 830 est
3195 772 3328 829 illud
3357 790 3369 826 :
3408 772 3572 839 Audi,
3601 772 3792 839 Israel,

2212 867 2470 923 Dominus
2495 867 2637 922 Deus
2665 875 2786 922 tuus
2821 865 2964 921 Deus
2995 881 3132 920 unus
3181 874 3258 919 est
3292 861 3470 921 (Deut.
3495 864 3598 936 vr),
3627 873 3689 920 et
3731 866 3786 920 si-

2211 959 2361 1015 milia
2388 959 2537 1014 talia.

2284 1053 2437 1121 Quod
2457 1055 2505 1109 si
2532 1052 2849 1108 ministratio
2891 1051 3074 1106 mortis
3101 1049 3289 1104 litteris
3315 1049 3617 1120 deformata
3641 1052 3698 1105 in
3723 1050 3796 1104 la-

2209 1146 2418 1218 pidibus
2440 1148 2540 1218 fuit
2557 1148 2614 1202 in
2632 1146 2822 1218 gloria.
2838 1145 2898 1201 ld
2916 1153 3022 1211 est,
3037 1145 3081 1200 si
3097 1144 3181 1199 lex
3200 1145 3340 1214 apud
3359 1143 3617 1216 antiquos
3638 1147 3796 1201 dabat

2209 1247 2534 1311 praesentem
2563 1239 2810 1310 gloriam,
2840 1239 2906 1295 iis
2926 1239 3020 1310 qui
3063 1253 3186 1294 eam
3218 1239 3515 1294 secundum
3560 1239 3792 1294 litteram

2211 1332 2595 1401 sequebantur,
2621 1339 2825 1403 quanto
2862 1331 3037 1402 magis
3079 1345 3176 1386 eos
3214 1345 3360 1386 nunc
3394 1329 3687 1402 gloriﬁcat,
3709 1332 3793 1400 qui

2211 1439 2332 1480 eam
2361 1425 2718 1498 spiritualiter
2763 1432 3155 1496 exsequuntur.

2281 1515 2371 1572 Ita
2405 1524 2589 1571 utnon
2609 1517 2809 1587 possint
2836 1515 2956 1585 ﬁlii,
2990 1522 3096 1571 etc.
3180 1513 3318 1582 Quia
3345 1513 3578 1571 visibilis
3606 1529 3793 1570 cama-

2210 1608 2342 1666 lium
2358 1624 2585 1680 operum
2607 1607 2781 1682 gloria
2805 1614 3120 1671 evacuatur,
3142 1621 3242 1678 per
3264 1605 3602 1678 spiritualem
3626 1606 3796 1660 Evan-

2209 1702 2336 1775 gelii
2374 1701 2624 1773 gloriam,
2655 1701 2750 1758 sed
2790 1700 2867 1756 ita
2885 1707 3202 1766 evacuatur,
3242 1705 3303 1754 ut
3325 1700 3382 1755 in
3408 1699 3608 1754 melius
3638 1714 3794 1754 sensu

2209 1793 2469 1850 interiore
2527 1794 2778 1864 proﬁciat
2804 1835 2821 1862 ,
2873 1793 3014 1849 sicut
3067 1791 3293 1848 infantia
3345 1806 3446 1864 per
3486 1792 3795 1849 adolescen-

521 1917 540 1950 ι
583 1902 854 1970 quomodo
905 1916 1012 1956 non
1051 1901 1224 1973 magis
1252 1901 1586 1956 ministratio
1631 1901 1856 1972 spiritus
1896 1901 2002 1957 erit
2049 1901 2103 1957 in

2217 1887 2348 1942 tiam
2403 1894 2683 1943 senectute
2735 1893 3050 1951 evacuatur,
3096 1886 3237 1941 sicut
3282 1893 3338 1940 et
3363 1900 3548 1942 semen
3592 1887 3652 1942 in
3694 1886 3796 1941 fru-

519 2007 540 2040 ι
585 1989 800 2063 gloria?
846 1989 979 2046 Nam
1008 1991 1055 2048 si
1083 1991 1411 2048 ministratio
1427 1991 1792 2048 damnationis
1817 1990 1986 2064 gloria
2000 1999 2103 2059 est,

517 2101 536 2132 ι
582 2083 754 2139 multo
808 2084 981 2156 magis
1050 2083 1293 2141 abundat
1343 2082 1708 2139 ministerium
1751 2082 1995 2153 'justitia:
2047 2083 2104 2140 in

521 2191 540 2224 ι
584 2174 779 2246 gloria.
829 2193 850 2228 ι

583 2262 868 2320 Fiduciam
902 2265 1062 2321 talem
1088 2265 1338 2322 habemus
1365 2281 1458 2337 per
1495 2263 1765 2320 Christum
1799 2265 1870 2322 ad
1911 2264 2102 2322 Deum.

509 2355 590 2412 Ac
626 2355 673 2411 si
718 2355 927 2414 diceret
969 2356 1061 2413 illa
1102 2357 1302 2413 ﬁducia
1334 2356 1767 2428 inexpugnabilis
1817 2363 1901 2414 est
1927 2398 1941 2423 ,
1989 2372 2110 2428 quae

508 2463 617 2504 non
643 2463 711 2504 ex
736 2447 918 2517 nobis,
952 2449 1048 2505 sed
1085 2465 1154 2506 ex
1175 2447 1395 2506 Christo
1419 2457 1523 2515 est,
1561 2463 1668 2520 qua
1700 2463 1800 2505 nos
1819 2464 1918 2520 per
1946 2449 2110 2505 ﬁdem

512 2547 754 2595 nostram
779 2540 952 2612 gratia
974 2540 1152 2612 magis
1179 2555 1344 2613 quam
1372 2538 1616 2612 Epistola
1665 2539 1903 2596 humana
1953 2553 2106 2595 com-

513 2633 754 2688 mendat.

585 2721 712 2779 Non
735 2726 875 2795 quod
897 2725 1206 2796 sufﬁcientes
1229 2724 1394 2779 simus
1415 2723 1646 2794 cogitare
1660 2722 1866 2793 aliquid
1878 2741 1910 2778 a
1933 2725 2105 2780 nobis.

508 2815 569 2871 ld
592 2822 696 2884 est,
747 2816 881 2872 nihil
934 2824 1121 2872 nostra
1162 2814 1428 2886 sapientia
1482 2814 1570 2870 vel
1609 2815 1812 2870 virtute
1847 2814 1902 2870 in
1941 2829 2106 2872 causa

511 2919 707 2968 vestrae
728 2911 922 2968 salutis
949 2925 1260 2983 operamur.
1308 2908 1437 2964 Vult
1465 2907 1612 2964 enim
1655 2908 1944 2964 ostendere
1971 2909 2108 2964 nihil

507 3017 568 3058 se
606 3018 706 3059 suo
730 3017 896 3058 sensu
917 3017 982 3057 ac
1003 2999 1364 3072 possibilitate
1393 2999 1451 3054 in
1473 2997 1746 3053 salvandis
1759 2999 2009 3069 gentibus
2021 2999 2108 3054 vel

508 3095 752 3168 cogitare
797 3094 884 3149 vel
925 3093 1122 3158 facere,
1171 3107 1294 3148 cum
1322 3091 1510 3161 utique
1528 3091 1689 3162 pauci
1713 3090 1986 3158 homines,
2007 3093 2109 3148 hu-

510 3188 688 3255 miles,
722 3188 983 3259 imperiti,
1011 3195 1066 3244 et
1100 3200 1240 3259 pene
1265 3185 1473 3250 rustici,
1492 3185 1610 3241 sine
1633 3184 1731 3240 Dei
1755 3185 1929 3257 gratia
1966 3200 2106 3241 nun-

2210 1987 2378 2036 ctum.
2416 1977 2608 2034 Melior
2652 1978 2872 2050 quidem
2910 1977 3118 2034 fructus
3138 1978 3367 2044 semine,
3398 1979 3494 2034 sed
3520 1993 3794 2048 nunquam

2210 2071 2329 2128 sine
2349 2070 2560 2127 semine
2580 2069 2790 2128 fructus
2815 2070 3080 2143 exsurgit,
3128 2077 3186 2127 et
3209 2085 3317 2126 non
3347 2069 3513 2141 perit,
3545 2071 3649 2127 sed
3673 2071 3796 2125 mul-

2210 2163 2492 2234 tiplicatur
2544 2178 2732 2221 semen
2780 2164 2837 2220 in
2891 2163 3090 2220 fructu.
3179 2161 3273 2220 Sie
3321 2177 3450 2236 ergo
3504 2172 3795 2219 evacuatur

2208 2263 2271 2312 ut
2291 2255 2565 2322 dilatetur,
2611 2256 2755 2314 sicut
2801 2255 2917 2326 ipse
2963 2255 3124 2311 dicit:
3183 2253 3317 2310 Cum
3359 2262 3537 2309 autem
3577 2256 3792 2319 venerit,

2208 2349 2348 2421 quod
2369 2349 2655 2421 perfectum
2685 2357 2780 2416 est,
2820 2348 3158 2405 evacuabitur
3181 2347 3322 2422 quod
3367 2363 3434 2403 ea:
3470 2355 3626 2419 parte
3651 2357 3726 2402 est
3748 2345 3791 2418 (I

2210 2440 2335 2497 Cor.
2358 2440 2502 2510 xm).

2282 2534 2560 2602 Quomodo
2583 2552 2690 2592 non
2733 2537 2922 2608 magis,
2949 2544 3052 2591 etc.
3105 2534 3163 2591 ld
3187 2541 3273 2592 est
3298 2543 3510 2603 nostra,
3545 2548 3674 2606 qua:
3695 2549 3792 2591 non

2207 2638 2521 2697 evacuatur,
2553 2631 2681 2702 quia
2709 2630 2949 2704 perfecta
2971 2640 3073 2686 est.

2282 2724 2427 2780 Nam
2446 2725 2492 2780 si
2511 2726 2830 2781 ministratio
2849 2725 3204 2782 damnationis
3231 2726 3507 2798 gloriaest.
3533 2725 3793 2797 Superius

2210 2817 2345 2889 legis
2369 2817 2852 2885 ministrationem,
2891 2833 3034 2874 nunc
3085 2817 3544 2874 ministrationem
3572 2817 3795 2872 damna-

2212 2913 2375 2969 tionis
2394 2912 2629 2969 vocavit.
2676 2911 2802 2969 Ideo
2827 2911 3156 2967 ministratio
3181 2911 3393 2978 mortis,
3417 2911 3544 2982 quia
3569 2910 3694 2966 sola
3708 2924 3794 2980 per

2210 3017 2271 3059 se
2298 3019 2408 3059 non
2459 3004 2732 3060 liberabat
2771 3018 2804 3060 a
2852 3011 3050 3059 morte.
3102 3003 3226 3059 ldeo
3264 3004 3430 3060 etiam
3467 3003 3794 3058 ministratio

2210 3098 2592 3166 damnationis,
2624 3097 2751 3168 quia
2776 3112 2901 3154 reos
2933 3097 3051 3152 sine
3073 3096 3182 3153 ullo
3209 3097 3539 3168 pmnitentia:
3558 3096 3796 3151 remedio

2209 3193 2466 3264 praesenti
2505 3191 2790 3248 addicebat
2809 3190 2994 3246 exitio.

510 3298 673 3352 quam
700 3245 1013 3339 universum
1063 3245 1324 3337 mundum
1353 3278 1564 3335 salvare
1605 3278 1928 3349 potuissent.
1982 3279 2105 3335 ldeo
2131 3245 2178 3310 Ο
2210 3245 2237 3264 r
2285 3283 2455 3339 Multo
2481 3285 2649 3356 magis
2680 3283 2905 3338 abundet
2939 3283 3282 3338 ministerium
3319 3282 3549 3352 justitia:
3577 3281 3636 3336 in
3694 3280 3796 3352 glo-

512 3382 696 3429 autem
717 3375 821 3430 lloc
853 3372 1135 3445 praemisit,
1173 3372 1301 3443 quia
1323 3371 1567 3428 dicturus
1591 3379 1730 3436 erat,
1759 3377 1910 3424 tanto
1931 3369 2108 3440 majus

509 3481 570 3522 se
598 3468 962 3523 ministerium
989 3465 1313 3537 suscepisse,
1346 3479 1511 3536 quam
1537 3461 1742 3528 Mosen,
1769 3470 1972 3534 quanto
1996 3479 2106 3518 ma-

467 3609 476 3616 .
511 3561 600 3631 jus
617 3570 702 3616 est
722 3560 928 3616 Novum
962 3561 1368 3616 Testamentum
1406 3573 1438 3613 a
1461 3557 1601 3630 lege,
1647 3572 1769 3628 quae
1813 3558 2104 3613 abscondi-

509 3663 623 3708 tum
651 3654 707 3708 in
735 3669 795 3708 se
821 3651 1096 3708 Christum
1123 3649 1396 3722 mysteriis
1429 3647 1757 3704 adumbrata
1803 3647 2104 3704 retinebat.

508 3743 627 3800 Non
658 3742 802 3814 quod
821 3741 1026 3812 aliquid
1054 3740 1156 3801 sibi
1185 3747 1425 3811 arroget,
1474 3737 1569 3794 sed
1598 3746 1657 3792 ut
1683 3752 1782 3809 per
1801 3739 2105 3796 doctrinam

509 3851 684 3903 suam,
713 3850 834 3907 quae
858 3835 912 3891 in
935 3833 1153 3891 Christo
1169 3839 1272 3898 est,
1309 3830 1523 3888 facilius
1537 3845 1631 3886 eos
1659 3829 1860 3887 alalsis
1893 3839 2106 3902 aposto-

509 3926 577 3982 lis
602 3935 840 3983 revocet.

581 4017 687 4085 Qui
725 4019 942 4084 idoneos
979 4035 1074 4074 nos
1120 4018 1243 4090 fecit
1268 4017 1537 4072 ministros
1589 4012 1731 4070 Novi
1765 4012 2100 4071 Testamenti.

509 4110 567 4168 Id
603 4122 712 4181 est,
735 4113 802 4169 ad
823 4113 1160 4185 implendum
1184 4110 1522 4188 apostolatus
1562 4107 1817 4164 olIicium.

581 4205 706 4266 Non
732 4205 927 4274 littera,
959 4206 1049 4262 sed
1074 4206 1286 4278 spiritu.
1330 4203 1388 4260 ld
1411 4209 1517 4268 est,
1544 4216 1654 4257 non
1677 4201 1916 4259 carnalis
1943 4201 2102 4276 legis,

507 4299 602 4353 sed
627 4299 991 4369 spiritualium
1020 4307 1433 4372 praeceptorum.

584 4389 783 4444 Littera
815 4391 953 4445 enim
982 4390 1191 4444 occidit.
1222 4387 1323 4461 (Ex
1367 4389 1623 4462 August.)
1665 4390 1768 4448 Ubi
1795 4401 1899 4458 est,
1931 4406 2101 4459 mors,

507 4480 787 4535 contentio
809 4487 924 4546 tua,
977 4479 1070 4535 ubi
1117 4487 1200 4535 est
1226 4478 1446 4536 aculeus
1475 4481 1646 4536 tuus?
1695 4481 1933 4553 Exponit
1979 4497 2104 4538 acu-

2208 3380 2311 3433 ria.
2358 3378 2608 3434 Abundat
2635 3392 2764 3433 vere
2791 3378 2847 3432 in
2867 3377 3115 3448 gloriam,
3146 3375 3200 3431 id
3229 3383 3315 3430 est
3339 3382 3633 3439 aeternam,
3679 3372 3795 3443 quia

2202 3469 2416 3540 justitia
2466 3470 2637 3541 gratis
2686 3469 2803 3525 sine
2829 3467 3081 3540 legalium
3107 3474 3504 3539 praeceptorum
3542 3466 3796 3522 observa-

2213 3561 2358 3619 tione
2379 3560 2663 3632 justiﬁcat.
2939 3566 2946 3572 '

2584 3667 2926 3710 nuncnum
2961 3666 3146 3718 uncr,
3172 3667 3290 3708 car.
3318 3665 3417 3706 vn.

2283 3763 2302 3799 ‹
2347 3745 2547 3802 Exieus
2574 3743 2733 3802 Iesus
2761 3746 2828 3802 de
2854 3743 3052 3800 ﬁnibus
3079 3743 3393 3816 Tyri,venit
3411 3753 3512 3813 per
3539 3739 3796 3797 Sidonem

2212 3856 2232 3891 ι
2278 3840 2346 3895 ad
2375 3853 2526 3894 mare
2554 3836 2788 3895 Galilaam
2812 3837 2955 3892 inter
2969 3835 3178 3892 medios
3208 3835 3346 3891 ﬁnes
3361 3833 3796 3906 Decapoleos.£t

2212 3948 2231 3982 ι
2277 3929 2551 3986 adducunt
2577 3930 2630 3986 ei
2660 3930 2883 3986 surdum
2911 3934 2968 3986 et
3007 3935 3238 3995 mutum,
3267 3936 3324 3984 et
3363 3927 3796 3999 deprecabantur

2212 4041 2231 4076 ‹
2276 4037 2420 4089 ειιιιι,
2454 4031 2515 4080 ιιι
2551 4022 2793 4094 imponat
2828 4021 2906 4077 illi
2955 4035 3196 4077 manum.
3263 4021 3332 4076 Et
3385 4020 3796 4092 apprehendens

2210 4133 2231 4168 ι
2275 4130 2399 4172 eum
2431 4116 2498 4172 de
2523 4116 2681 4171 turba
2714 4128 2959 4172 seorsum
2983 4115 3134 4172 misit
3161 4114 3358 4187 digitos
3409 4130 3537 4170 suos
3566 4115 3622 4170 in
3652 4114 3795 4169 auri-

2211 4226 2230 4262 ι
2277 4208 2429 4266 cuias
2457 4208 2665 4279 ejus,et
2684 4223 2956 4280 exspuens
2984 4209 3164 4279 tetigit
3187 4208 3430 4278 linguam
3449 4207 3588 4276 ejus.
3619 4208 3688 4263 Et
3711 4225 3795 4264 su-

2211 4319 2230 4352 ‹
2278 4301 2515 4372 spiciens
2542 4301 2597 4358 in
2626 4301 2822 4358 coelum
2853 4301 3135 4372 ingemuit,
3157 4309 3214 4357 et
3237 4301 3316 4356 ait
3342 4299 3419 4357 illi
3450 4318 3465 4355 :
3490 4301 3790 4373 prpheta,

2211 4410 2230 4443 ‹
2273 4392 2419 4462 quod
2455 4400 2539 4448 est
2572 4393 2876 4462 adaperire.
2917 4393 2986 4447 Et
3022 4391 3205 4448 statim
3237 4399 3440 4463 aperta:
3469 4400 3600 4448 sunt
3638 4407 3793 4448 aures

2211 4501 2230 4535 ι
2277 4482 2416 4553 ejus,
2443 4493 2498 4541 et
2533 4484 2768 4540 solutum
2795 4494 2879 4541 est
2906 4485 3183 4541 vinculum
3212 4485 3409 4556 lingua:
3437 4485 3577 4554 ejus,
3614 4496 3670 4542 et
3720 4487 3792 4541 lo-

508 4572 652 4629 leum
679 4591 690 4626 :
735 4572 989 4642 Aculeus,
1043 4573 1241 4644 inquit,
1277 4575 1470 4630 mortis
1493 4583 1799 4645 peccatum,
1828 4586 1885 4632 et
1909 4575 2102 4648 adjun-
2127 4614 2182 4676 D
2213 4594 2232 4628 ι
2278 4577 2546 4647 quebatur
2575 4587 2743 4634 recte.
2798 4577 2866 4632 Et
2894 4578 3152 4648 praecepit
3182 4577 3289 4634 illis
3316 4593 3386 4634 ne
3409 4578 3498 4632 cui
3522 4578 3786 4633 dicerent.

507 4665 584 4737 Igit
606 4681 722 4724 rem
753 4667 1080 4736 mirabilem,
1110 4666 1283 4724 virtus
1297 4669 1503 4739 peccati
1525 4668 1629 4737 lex,
1648 4678 1932 4741 peccatum
1954 4672 2101 4728 enim

507 4758 791 4816 ardentius
819 4761 1111 4829 excitatur,
1134 4765 1353 4834 quando
1375 4766 1716 4836 prohibetur,
1737 4767 1834 4822 sed
1849 4767 1894 4823 si
1916 4766 2100 4824 littera

507 4853 668 4920 adsit,
722 4854 896 4924 gratia
925 4855 1085 4911 desit.
1110 4855 1222 4913 Lex
1247 4857 1430 4914 littera
1467 4866 1570 4925 est,
1589 4874 1721 4915 ecce
1739 4858 1948 4932 legem:
1981 4859 2100 4916 Non

507 4949 880 5020 concupisces,
930 4964 1030 5022 ego
1064 4949 1207 5018 dico,
1254 4952 1380 5021 quia
1433 4951 1539 5008 nisi
1568 4959 1621 5008 te
1657 4951 1872 5023 adjuvet
1926 4955 2099 5024 gratia

507 5029 789 5096 ardentius
841 5043 1214 5113 concupisces,
1270 5044 1374 5101 hoc
1409 5053 1516 5112 est,
1557 5044 1702 5118 quod
1747 5045 1952 5101 dictum
1990 5055 2098 5111 est,

505 5131 686 5187 littera
712 5133 931 5189 occidit.
987 5132 1094 5206 (Ex
1116 5134 1372 5206 Primus.)
1425 5134 1484 5192 Si
1513 5136 1580 5192 ad
1607 5136 1945 5208 praeteritum
1966 5137 2100 5208 legis

508 5233 720 5298 tempus
754 5229 1011 5300 aspicias,
1046 5238 1157 5285 tum
1184 5230 1365 5287 littera
1390 5232 1676 5289 occidebat
1711 5231 2088 5305 praevaricato-

508 5335 616 5387 res,
651 5322 697 5377 si
727 5330 821 5377 aut
871 5321 1110 5378 Sabbata
1141 5338 1252 5379 non
1275 5325 1683 5391 observasscnt,
1732 5334 1827 5380 aut
1852 5325 2100 5383 carnales

504 5413 756 5472 victimas
813 5431 924 5473 non
974 5417 1314 5473 obtulissent.
1393 5416 1546 5474 Nunc
1593 5433 1726 5475 vero
1761 5419 1836 5474 ita
1875 5421 2096 5486 occidit,

507 5507 557 5562 si
605 5507 854 5564 carnales
893 5509 1232 5565 caeremonia:
1265 5509 1323 5565 in
1364 5509 1652 5565 oll'ercndis
1701 5511 1872 5566 tauris
1925 5518 1981 5566 et
2019 5510 2099 5564 vi-

509 5598 639 5655 tulis
698 5599 1073 5656 custodiantur
1100 5641 1116 5668 ,
1174 5615 1309 5672 quas
1384 5600 1691 5656 observatio
1756 5601 1942 5671 gratia:
1983 5599 2099 5669 jam

512 5694 794 5758 removit,
849 5709 968 5762 quae
1017 5694 1204 5764 utique
1263 5707 1409 5748 nunc
1457 5691 1503 5746 si
1544 5691 1900 5747 observentur
1950 5693 2098 5747 occi-

514 5789 663 5843 dunL

586 5879 816 5950 Spiritus
836 5889 1010 5934 autem
1039 5879 1280 5949 viviﬁcat.
1321 5878 1379 5934 Id
1409 5887 1510 5944 est,
1563 5877 1861 5950 spiritualis
1894 5877 2103 5936 intelle-

2213 4686 2233 4720 ι
2275 4668 2488 4736 Quanto
2539 4676 2720 4725 autem
2764 4669 2844 4725 cis
2882 4669 3253 4742 prmcipiebat,
3288 4678 3439 4726 tanto
3467 4671 3646 4742 magis
3675 4672 3789 4741 plus

2212 4777 2232 4811 ι
2275 4760 2667 4832 praedicabant,
2708 4767 2854 4815 eteo
2884 4761 3114 4832 amplius
3169 4760 3583 4817 admirabantur
3610 4762 3790 4816 dicen-

2211 4870 2231 4903 ‹
2278 4859 2360 4907 tes
2393 4870 2406 4905 :
2467 4850 2615 4908 Bene
2641 4852 2822 4908 omnia
2855 4853 3001 4921 fecit,
3055 4861 3111 4910 et
3137 4853 3332 4910 surdos
3359 4853 3491 4910 fecit
3513 4855 3701 4910 audire
3736 4863 3788 4909 et

2211 4960 2230 4994 ι
2276 4951 2456 4998 mutos
2483 4943 2649 5015 loqui.
2690 4964 2709 4998 ι

2276 5037 2473 5094 Exiens
2499 5038 2655 5095 Iesus
2675 5039 2739 5094 de
2765 5039 2957 5109 ﬁnibus
2986 5039 3132 5111 Tyri,
3159 5041 3294 5096 venit
3325 5057 3418 5112 per
3447 5040 3699 5098 Sidonem
3717 5041 3787 5095 ω

2202 5149 2347 5187 mare
2361 5132 2599 5189 Galiltea:
2621 5133 2758 5188 inter
2769 5132 2965 5188 medios
2977 5133 3108 5202 fines
3125 5133 3462 5206 Decapoleos.
3483 5135 3585 5206 (Ex
3599 5135 3785 5204 Beda.)

2204 5223 2485 5294 Decapolis
2508 5232 2613 5290 est,
2668 5231 2730 5278 ut
2755 5224 2871 5296 ipso
2906 5226 3123 5281 nomine
3150 5227 3367 5297 probat,
3402 5227 3551 5296 regio
3599 5226 3784 5283 decem

2199 5317 2414 5372 urbium
2454 5325 2604 5373 trans
2639 5315 2930 5372 Iordanem
2972 5318 3040 5372 ad
3075 5317 3349 5376 Orientem
3387 5362 3404 5388 ,
3463 5321 3610 5376 circa
3659 5320 3786 5391 Hip-

2201 5422 2354 5478 pum,
2385 5418 2442 5464 et
2465 5409 2688 5475 Pellam,
2704 5417 2758 5466 et
2781 5408 3071 5475 Gadaram,
3089 5419 3280 5467 contra
3305 5411 3785 5481 Galilmam.~Quod

2201 5515 2332 5572 ergo
2364 5501 2579 5569 dicitur,
2613 5502 2741 5572 quia
2765 5501 3024 5558 Dominus
3052 5503 3197 5559 venit
3247 5503 3313 5560 ad
3347 5520 3496 5562 mare
3529 5505 3781 5570 Galilaeae,

2204 5593 2347 5648 inter
2376 5593 2580 5649 medios
2612 5592 2749 5650 lines
2776 5593 3128 5665 Decapoleos,
3167 5611 3274 5652 non
3325 5598 3474 5668 ipsos
3509 5600 3646 5656 ﬁnes
3679 5600 3778 5654 De-

2203 5686 2406 5756 capolis
2457 5701 2580 5742 eum
2607 5687 2842 5743 intrasse
2881 5688 3169 5758 significat,
3225 5705 3400 5760 neque
3435 5693 3582 5748 enim
3635 5705 3783 5747 mare

2207 5786 2356 5833 trans
2388 5778 2672 5851 navigasse
2701 5779 2917 5844 dicitur,
2976 5779 3072 5836 sed
3109 5783 3288 5852 potius
3325 5783 3394 5838 ad
3434 5800 3586 5840 mare
3608 5800 3779 5856 usque

2207 5872 2437 5938 venisse,
2497 5881 2659 5944 atque
2686 5873 2752 5930 ad
2785 5873 2959 5943 ipsum
2991 5876 3302 5946 pervenisse
3337 5876 3514 5934 locum
3553 5879 3642 5950 qui
3669 5893 3782 5934 ωο-
