4026 6500
259 399 445 456 ul-

1116 393 1644 456 COLLECTIONES
1680 393 1750 452 IN
1788 391 2167 453 EPISTOLAS
2200 391 2290 451 ET
2325 391 2738 452 EVANGELIA.

3441 401 3544 467 442

260 519 389 576 dios
418 513 555 574 ﬁnes
577 512 862 588 Decapolis
885 511 1044 587 longe
1071 520 1225 570 trans
1251 526 1402 568 mare
1451 511 1659 584 positos
1684 511 1854 583 respi-
1880 515 1934 575 A
1957 519 2184 579 reserat,
2233 512 2388 584 cujus
2436 514 2675 586 linguam
2724 513 2984 572 Dominus
3031 521 3178 574 tactu
3209 517 3538 590 sapientiae,

261 609 466 667 ciebat.

340 701 413 757 Et
434 699 703 755 adducunt
737 698 784 754 ei
812 696 1032 754 surdum
1057 705 1105 752 et
1133 705 1358 764 mutum,
1381 704 1430 752 et
1443 697 1858 769 deprecabantur

260 814 418 863 eum,
479 803 536 849 ut
592 795 825 864 imponat
859 791 940 847 illi
986 807 1223 846 manum.
1312 789 1520 846 Surdus
1564 799 1621 845 et
1676 797 1857 845 mutus

261 895 375 952 est,
415 885 508 956 qui
563 899 666 941 nec
705 898 866 940 aures
916 881 1199 939 audiendis
1247 881 1346 938 Dei
1400 882 1602 950 verbis,
1649 897 1750 938 nec
1794 895 1858 938 os

262 977 444 1050 aperit
472 975 877 1048 proloquendis.
935 973 1132 1042 Quales
1163 987 1389 1031 necesse
1422 983 1529 1042 est,
1588 982 1650 1030 ut
1676 974 1732 1030 hi
1763 974 1857 1046 qui

263 1070 418 1142 loqui
464 1067 582 1138 jam
635 1075 690 1124 et
717 1067 903 1123 audire
953 1066 1136 1122 divina
1176 1067 1394 1139 eloquia
1431 1068 1594 1138 longo
1635 1083 1739 1122 usu
1778 1067 1858 1121 di-

263 1162 543 1229 dicerunt,
573 1160 803 1215 Domino
833 1159 1073 1215 sanando
1112 1157 1368 1227 offerant,
1398 1168 1668 1232 quatenus
1719 1173 1857 1230 quos

263 1257 507 1312 humana
549 1253 820 1328 fragilitas
851 1253 1062 1326 nequit,
1093 1253 1209 1322 ipse
1238 1254 1430 1325 gratia:
1477 1269 1589 1310 suae
1635 1253 1858 1310 dextera

263 1353 461 1411 salvet.

339 1445 412 1500 Et
445 1444 836 1517 apprehendens
858 1460 976 1500 eum
1003 1444 1068 1500 de
1097 1443 1251 1498 turba
1271 1457 1525 1499 seorsum.
1541 1439 1858 1513 Apprehen—

263 1538 404 1595 dens
415 1553 650 1609 namque
676 1537 952 1594 inﬁrmum
973 1537 1040 1593 de
1057 1535 1214 1592 turba
1241 1551 1487 1592 seorsum
1509 1535 1711 1601 educit,
1731 1547 1857 1588 cum

263 1639 505 1687 mentem
533 1631 770 1701 peccatis
785 1629 1097 1701 languidam
1123 1627 1452 1686 visitationis
1483 1642 1593 1683 sure
1637 1625 1856 1697 pietatis

264 1721 566 1790 illustrans,
589 1737 620 1776 a
647 1729 921 1778 consuetis
944 1735 1194 1776 humana:
1225 1717 1657 1776 conversationis
1686 1717 1855 1772 mori-

261 1816 366 1872 bus
388 1823 600 1883 avocat,
620 1815 690 1871 ad
714 1813 986 1887 sequenda
997 1819 1398 1886 praeceptorum
1415 1825 1640 1869 suorum
1659 1809 1855 1866 itinera

262 1918 442 1967 vocat.

335 2002 485 2060 Misit
505 2002 695 2076 digitos
716 2018 840 2059 suos
863 2002 922 2058 in
965 2000 1256 2057 auriculas.
1315 1999 1529 2057 Mittere
1563 1998 1760 2072 digitos
1798 1997 1854 2054 in

263 2096 536 2153 auriculas
567 2102 668 2162 est,
722 2110 849 2152 cum
896 2109 994 2167 per
1034 2094 1173 2150 dona
1199 2093 1376 2150 sancti
1408 2091 1646 2162 Spiritus
1695 2102 1856 2144 aures

261 2188 446 2246 cordis
477 2189 550 2244 ad
595 2186 945 2257 intelligenda
986 2201 1053 2242 ac
1088 2185 1434 2255 suscipienda
1461 2183 1629 2238 verba
1665 2180 1857 2236 salutis

263 2282 458 2355 aperit.
516 2280 655 2337 Nam
711 2281 939 2351 digitum
979 2278 1077 2335 Dei
1115 2277 1376 2350 appellari
1431 2275 1694 2346 Spiritum
1735 2287 1862 2327 san-

263 2383 418 2433 ctum
455 2382 687 2433 testatur
734 2374 850 2443 ipse
881 2372 1146 2427 Dominus
1194 2385 1319 2428 cum
1353 2369 1484 2424 dicit
1510 2357 1756 2424 Jtidieis:
1799 2363 1862 2420 Si

261 2486 358 2540 ego
384 2469 441 2523 in
461 2467 625 2539 digito
641 2466 798 2537 ejicio
822 2464 1110 2530 daemonia,
1135 2463 1237 2533 ﬁlii
1261 2463 1416 2518 vestri
1437 2463 1494 2516 in
1511 2478 1614 2533 quo
1641 2459 1860 2531 ejiciunt

264 2558 483 2632 (Matth.
515 2556 655 2631 xu)?
695 2556 849 2624 Quod
870 2569 1146 2627 exponens
1169 2553 1308 2610 alius
1335 2552 1666 2624 evangelista
1692 2551 1855 2606 dicit:

268 2649 331 2706 Si
370 2665 465 2720 ego
493 2649 550 2703 in
589 2649 778 2719 spiritu
817 2647 914 2701 Dei
953 2647 1107 2717 ejicio
1138 2645 1403 2700 dremonia
1457 2643 1609 2715 (Luc.
1654 2642 1776 2714 xu),
1807 2649 1863 2696 et

274 2740 410 2813 Magi
439 2740 498 2796 in
528 2738 766 2811 Egypto
795 2739 1035 2809 superati
1070 2737 1345 2804 dixerunt,
1374 2736 1608 2808 Spiritus
1647 2734 1746 2788 Dei
1783 2742 1858 2788 est

273 2832 352 2892 hic
378 2831 576 2904 (Exod.
607 2829 727 2902 vn).
778 2829 848 2884 Et
877 2829 965 2885 lex
991 2829 1048 2883 in
1082 2828 1282 2884 tabulis
1330 2827 1501 2900 digito
1530 2826 1627 2881 Dei
1653 2824 1859 2896 scripta

269 2929 355 2976 est
377 2920 623 2992 lapideis.
652 2919 832 2991 Digito
856 2933 986 2991 ergo
1023 2919 1122 2974 Dei
1148 2919 1205 2974 in
1247 2917 1518 2974 auriculas
1555 2917 1711 2972 missi
1741 2915 1860 2987 ejus

268 3013 362 3084 qui
380 3011 653 3068 sanandus
678 3019 817 3079 erat,
841 3012 982 3067 dona
1017 3018 1145 3066 sunt
1175 3010 1348 3066 sancti
1380 3009 1640 3081 Spiritus,
1663 3008 1860 3079 quibus

267 3105 454 3173 corda,
484 3120 605 3176 qua:
625 3120 656 3160 a
679 3105 766 3160 via
785 3103 1033 3160 veritatis
1057 3104 1465 3168 aberraverunt,
1480 3101 1548 3156 ad
1577 3102 1861 3158 scientiam

268 3198 459 3255 salutis
491 3197 816 3254 audiendam
857 3196 1282 3267 discendamque
1317 3207 1559 3252 revocat.
1634 3194 1702 3248 Et
1733 3194 1860 3264 quia

267 3292 482 3364 cognita
504 3289 755 3347 veritatis
781 3289 904 3346 luce
925 3289 1078 3361 sequi
1099 3255 1373 3344 confessio
1389 3287 1566 3354 debet,
1589 3293 1714 3358 apte
1738 3255 1860 3342 sub-
1889 3255 1934 3319 Ο

262 3381 510 3455 jungitur
535 3398 549 3448 ;

339 3473 409 3529 Et
423 3489 679 3546 exspuens
693 3474 859 3546 tetigit
876 3473 1109 3546 linguam
1122 3471 1257 3544 ejus.
1271 3471 1340 3527 Et
1356 3484 1646 3542 exspuens,
1664 3471 1861 3541 quippe

267 3568 552 3635 Dominus,
573 3567 814 3640 linguam
835 3567 1030 3639 tangit,
1069 3582 1194 3622 cum
1215 3565 1284 3621 ad
1304 3565 1703 3623 confessionem
1735 3563 1859 3619 fidei

266 3678 365 3718 ora
389 3663 850 3718 catechizatorum
882 3660 1125 3726 instruit,
1166 3675 1289 3716 cum
1327 3674 1422 3715 ora
1472 3658 1566 3714 diu
1603 3660 1762 3714 bruta
1795 3659 1863 3714 ad

268 3757 434 3812 verba
462 3757 743 3828 sapientiae
762 3755 1088 3827 proferenda
1113 3769 1236 3810 cum
1256 3761 1408 3810 tactu
1422 3767 1531 3808 suae
1543 3751 1762 3824 pietatis
1785 3751 1864 3806 in-

269 3849 488 3906 famat.
537 3849 769 3921 Sputum
796 3864 1031 3922 namque
1062 3848 1277 3905 Domini
1314 3862 1566 3919 saporem
1614 3846 1864 3918 designat

268 3941 572 4014 sapientiae,
600 3958 720 4013 qua:
745 3950 884 3998 teste
906 3942 1026 3997 viro
1049 3940 1294 4012 sapiente
1322 3940 1596 4012 loquitur:
1642 3937 1758 4010 Ego
1796 3954 1862 3995 etc

268 4051 360 4090 ore
397 4031 640 4088 altissimi
662 4032 835 4104 prodii
857 4033 1226 4104 primogenita.

341 4127 411 4182 Et
434 4127 722 4197 suspiciens
746 4125 801 4178 in
823 4123 1028 4178 calum.
1096 4122 1354 4194 Suspexit
1385 4135 1620 4193 namque
1664 4122 1720 4176 in
1749 4134 1864 4178 coe-

265 4219 405 4283 lum,
438 4226 499 4272 ut
524 4215 648 4270 inde
689 4213 855 4270 mutis
881 4212 1173 4284 loquelam,
1207 4211 1331 4267 inde
1359 4211 1603 4267 auditum
1658 4209 1860 4276 surdis,

269 4313 397 4368 inde
421 4306 1048 4366 cunctisinlirmitatibus
1066 4305 1332 4361 medelam
1347 4305 1565 4361 doceret
1578 4318 1699 4360 esse
1721 4319 1862 4374 quae-

269 4404 521 4461 rendam.

345 4493 630 4565 Ingemuit.
681 4493 951 4566 Ingemuit
975 4502 1177 4558 autem,
1206 4505 1317 4547 non
1347 4489 1475 4562 quia
1499 4490 1602 4561 ipsi
1623 4505 1760 4562 opus
1778 4503 1862 4546 es-

270 4595 376 4654 set,
408 4602 532 4642 cum
561 4587 765 4658 gemitu
791 4585 995 4656 aliquid
1021 4594 1208 4656 petere
1239 4599 1270 4639 a
1299 4592 1489 4656 patre,
1527 4585 1620 4655 qui
1663 4593 1860 4639 cuncta
1887 4626 1941 4686 Β

266 4678 582 4751 petentibus
612 4679 778 4736 donat
803 4692 928 4732 cum
955 4684 1133 4748 patre,
1189 4676 1284 4732 sed
1321 4683 1382 4731 ut
1426 4677 1582 4731 nobis
1613 4677 1861 4748 gemendi

270 4775 429 4830 daret
458 4771 786 4842 exemplum,
826 4786 950 4826 cum
985 4770 1070 4827 vel
1113 4784 1213 4840 pro
1265 4771 1490 4837 nostris,
1527 4770 1613 4826 vel
1637 4786 1736 4841 pro
1762 4787 1861 4826 no-

270 4876 515 4922 strorum
568 4864 841 4920 erratibus
887 4863 1264 4934 proximorum
1313 4876 1564 4934 supernae
1609 4861 1860 4933 praesidia

270 4957 498 5028 pietatis
515 4957 852 5012 invocamus.

349 5045 420 5100 Et
447 5047 522 5100 ait
547 5045 646 5112 illi,
672 5045 970 5117 Ephpheta,
990 5045 1129 5117 quod
1157 5054 1230 5100 est
1255 5044 1552 5115 adaperire.
1582 5044 1737 5112 Quod
1765 5061 1864 5101 au—

273 5147 386 5194 tem
407 5137 506 5203 ait,
529 5137 819 5208 ephpheta,
840 5137 893 5193 id
906 5145 1008 5202 est,
1035 5137 1340 5207 adaperire,
1367 5137 1434 5190 ad
1463 5151 1623 5193 aures
1644 5138 1862 5207 proprie

270 5229 535 5302 pertinet.
587 5227 762 5283 Aures
805 5228 1004 5285 etenim
1057 5228 1124 5281 ad
1172 5226 1497 5282 audiendum
1537 5228 1862 5297 aperiendae,

273 5321 464 5392 lingua
489 5334 639 5384 vero,
671 5327 731 5375 ut
757 5319 902 5390 loqui
933 5320 1125 5391 possit,
1158 5333 1190 5374 a
1236 5317 1553 5375 retinaculis
1596 5328 1714 5375 erat
1752 5335 1864 5376 suae

276 5411 554 5468 tarditatis
580 5411 857 5467 solvenda.

351 5504 424 5558 Et
465 5505 645 5559 statim
694 5513 889 5575 apertw
931 5512 1056 5559 sunt
1083 5519 1235 5558 aures
1265 5504 1378 5574 ejus
1421 5513 1470 5559 et
1517 5503 1748 5559 solutum
1791 5515 1867 5561 est

272 5596 545 5654 uinculum
574 5595 767 5667 lingua:
791 5596 926 5667 ejus,
941 5605 991 5651 et
1005 5595 1350 5663 loquebantur
1373 5605 1525 5649 recte.
1554 5595 1648 5652 llle
1665 5595 1868 5651 etenim

275 5689 430 5745 solus
458 5696 606 5744 recte
625 5687 882 5757 loquitur,
915 5687 1030 5744 sive
1055 5686 1225 5742 Deum
1251 5685 1581 5751 conﬁtendo,
1605 5685 1721 5741 sive
1746 5686 1868 5743 aliis

275 5781 663 5854 praedicando,
711 5779 863 5851 cujus
923 5781 1166 5837 auditum
1212 5788 1272 5834 ut
1315 5779 1627 5837 coelestibus
1695 5783 1869 5853 possit

280 5874 594 5932 auscultare
622 5881 678 5931 et
719 5873 1092 5933 obsecundare
1134 5873 1434 5939 mandatis,
1465 5873 1644 5930 divina
1677 5873 1864 5946 gratia

1954 622 2075 678 qua:
2099 607 2215 678 ipse
2255 614 2362 673 est,
2407 608 2477 662 ad
2521 607 2845 677 loquendum
2879 609 3131 666 instituit.
3172 610 3316 666 Talis
3363 621 3543 669 autem

1954 700 2150 757 merito
2171 702 2358 772 potest
2389 699 2571 756 dicere
2599 715 2723 756 cum
2755 701 3045 758 Psalmista
3070 721 3084 760 :
3126 703 3368 770 Domine,
3403 704 3544 760 labia

1955 813 2072 852 mea
2099 797 2320 867 aperias,
2349 803 2396 850 et
2441 812 2498 851 os
2543 813 2718 850 meum
2762 799 3095 853 annuntiabit
3140 799 3351 854 laudem
3396 809 3542 854 tuam

1958 887 2132 962 (Psal.
2159 888 2233 964 L).
2257 891 2326 945 Et
2348 906 2470 946 cum
2497 889 2670 946 Isaia:
2693 889 2952 946 Dominus
2981 892 3124 947 dedit
3153 893 3282 947 mihi
3308 892 3544 964 linguam

1956 982 2237 1050 eruditam,
2269 992 2327 1038 ut
2372 984 2536 1039 sciam
2575 992 2869 1039 sustentare
2923 1001 3042 1038 eum
3089 986 3179 1056 qui
3221 984 3401 1056 lapsus
3445 993 3542 1041 est.

1963 1072 2132 1129 Verbo
2158 1075 2308 1147 erigit
2333 1093 2506 1142 mane,
2529 1094 2683 1132 mane
2708 1077 2861 1147 erigit
2885 1077 3014 1131 mihi
3041 1094 3224 1132 aurem
3246 1087 3304 1134 ut
3325 1078 3543 1134 audiam

1955 1167 2107 1237 quasi
2136 1168 2446 1240 magistrum
2489 1168 2646 1241 (Isai.
2678 1170 2754 1238 L).

2028 1255 2098 1311 Et
2121 1260 2367 1330 praecepit
2405 1258 2510 1313 illis
2546 1277 2610 1314 ne
2654 1261 2738 1314 cui
2781 1259 2995 1325 diceret,
3028 1268 3227 1332 quanto
3268 1269 3442 1316 autem
3471 1263 3546 1317 eis

1955 1351 2311 1424 prwcipiebat,
2337 1360 2484 1406 tanto
2508 1352 2676 1422 magis
2705 1351 2822 1426 plus
2854 1352 3236 1424 praedicabant,
3271 1362 3319 1408 et
3346 1370 3405 1407 eo
3435 1370 3551 1407 am-

1956 1441 2094 1514 plius
2116 1442 2517 1498 admirabantur
2555 1443 2784 1499 dicentes
2818 1461 2836 1499 :
2863 1443 3004 1500 Bene
3024 1445 3204 1500 omnia
3241 1445 3385 1516 fecit,
3430 1461 3550 1498 sur-

1957 1535 2052 1590 dos
2073 1535 2196 1606 fecit
2219 1536 2406 1591 audire
2433 1544 2481 1590 et
2527 1545 2700 1592 mutos
2746 1537 2908 1609 loqui.
2940 1537 2999 1593 Si
3023 1539 3231 1595 sciebat
3260 1554 3374 1605 eos,
3403 1538 3547 1595 sicut

1957 1625 2045 1682 ille
2069 1626 2164 1697 qui
2191 1633 2348 1682 notas
2375 1626 2610 1683 habebat
2633 1634 2688 1682 et
2717 1636 3016 1698 praesentes
3042 1637 3097 1684 et
3143 1627 3354 1684 futuras
3380 1629 3553 1684 homi—

1956 1733 2088 1772 num
2133 1717 2459 1784 voluntates,
2501 1725 2658 1774 tanto
2703 1721 2879 1792 magis
2901 1721 3311 1791 praedicaturos,
3348 1728 3554 1792 quanto

1956 1809 2130 1880 magis
2172 1825 2241 1865 ne
2280 1810 2642 1880 praedicarent
2689 1811 2769 1866 eis
2802 1805 3176 1882 praecipiebat,
3203 1820 3264 1867 ut
3288 1813 3418 1882 quid
3447 1813 3553 1868 hoc

1882 1888 1932 1950 Β
1958 1903 2350 1973 praecipiebat,
2403 1904 2510 1958 nisi
2569 1904 2697 1975 quia
2748 1905 2918 1976 pigris
2968 1906 3187 1963 volebat
3239 1907 3547 1973 ostendere,

1955 2002 2158 2065 quanto
2183 1995 2510 2062 studiosius,
2558 2004 2874 2067 quantoque
2908 1996 3208 2054 ferventius
3236 2013 3360 2054 eum
3404 2014 3549 2069 prae-

1957 2090 2140 2147 dicare
2165 2090 2415 2158 debeant,
2450 2092 2646 2162 quibus
2687 2089 2846 2160 jubet
2871 2101 2932 2148 ut
2970 2093 3299 2164 praedicent,
3337 2093 3555 2164 quando

1958 2183 2035 2239 illi
2061 2183 2152 2254 qui
2172 2184 2598 2254 prohibebantur
2627 2192 2810 2240 tacere
2837 2200 2945 2241 non
2966 2190 3274 2256 potuerant.

2082 2316 2502 2374 HEBDOMADA
2535 2318 2655 2375 XIV
2688 2318 2865 2376 POST
2905 2319 3423 2378 PENTECOSTEN.

1959 2445 2218 2488 EPISTOLA
2243 2447 2404 2488 BEATI
2434 2449 2589 2490 PAULI
2620 2449 2878 2491 APOSTOLI
2905 2452 2973 2492 AD
2995 2452 3239 2493 GALATAS
3261 2477 3275 2505 ,
3304 2452 3424 2492 CAP.
3459 2453 3544 2492 Ill.

2050 2569 2069 2602 ι
2105 2548 2339 2606 Abrahae
2386 2551 2544 2606 dictae
2587 2559 2715 2607 sunt
2769 2553 3222 2623 repromissiones
3259 2561 3313 2609 et
3355 2553 3553 2609 aemili

1967 2661 1987 2695 r
2027 2641 2162 2712 ejus.
2189 2642 2307 2699 Non
2333 2643 2464 2698 dicit
2488 2651 2543 2700 et
2571 2643 2888 2710 seminibus,
2921 2645 3076 2716 quasi
3108 2645 3162 2700 in
3187 2644 3396 2711 multis,
3447 2643 3544 2700 sed

1967 2753 1986 2786 ι
2022 2735 2177 2806 quasi
2198 2736 2252 2790 in
2274 2751 2404 2802 uno,
2435 2743 2491 2792 et
2511 2738 2704 2792 semini
2730 2747 2824 2792 tuo
2853 2740 2996 2809 quod
3017 2746 3102 2794 est
3130 2738 3402 2796 Christus.
3432 2739 3549 2795 Hoc

1966 2847 1986 2881 ι
2023 2836 2203 2886 autem
2229 2830 2350 2884 dico
2382 2837 2767 2886 testamentum
2793 2831 3174 2887 conﬁrmatum
3205 2846 3237 2886 a
3259 2831 3372 2887 Deo
3392 2872 3408 2898 ,
3435 2845 3556 2902 quae

1967 2939 1987 2973 ι
2021 2931 2144 2994 post
2169 2923 2557 2994 quadragintos
2583 2931 2641 2980 et
2666 2923 2890 2996 triginta
2921 2909 3104 2979 annos
3147 2922 3294 2978 facta
3331 2931 3416 2979 est
3445 2921 3553 2989 lex,

1967 3033 1986 3066 ‹
2024 3031 2134 3071 non
2176 3015 2393 3071 irritum
2422 3015 2554 3072 facit
2603 3016 2672 3071 ad
2715 3017 3087 3073 evacuandam
3114 3017 3552 3088 promissionem.
3592 3068 3602 3075 .

1969 3123 1986 3157 ι
2023 3103 2160 3160 Nam
2197 3105 2243 3160 si
2287 3121 2354 3160 ex
2399 3105 2516 3177 lege
2542 3105 2867 3173 haereditas,
2893 3105 3010 3176 jam
3058 3122 3169 3162 non
3213 3121 3281 3163 ex
3331 3108 3555 3178 promis-

1971 3215 1991 3248 ι
2029 3197 2200 3252 sione.
2253 3197 2486 3258 Abraha:
2525 3205 2706 3253 autem
2753 3213 2850 3268 per
2892 3197 3310 3268 promissionem
3341 3198 3556 3255 donavit

1971 3307 1990 3341 ι
2029 3288 2190 3343 Deus.
2218 3287 2356 3356 Quid
2393 3289 2556 3359 igitur
2579 3288 2705 3343 lex?
2731 3298 2950 3361 propter
2973 3290 3438 3360 transgressiones
3462 3306 3556 3361 po-

1967 3401 1986 3433 ι
2023 3382 2127 3438 sita
2155 3388 2260 3447 est,
2286 3382 2456 3436 donec
2491 3382 2701 3436 veniret
2725 3397 2936 3449 semen,
2964 3383 3051 3439 cui
3075 3383 3420 3452 promiserat,
3465 3399 3554 3439 or—

1968 3491 1988 3524 ‹
2025 3473 2210 3529 dilata
2261 3488 2360 3544 per
2391 3473 2611 3545 angelos
2654 3474 2710 3528 in
2759 3490 2926 3530 manu
2975 3476 3321 3532 mediatoris.
3356 3476 3557 3534 Media-

1969 3583 1988 3616 ι
2025 3571 2112 3618 tor
2149 3571 2334 3618 autem
2364 3563 2526 3618 unius
2556 3578 2664 3619 non
2712 3571 2816 3630 est,
2862 3565 3007 3621 Deus
3057 3573 3238 3621 autem
3263 3582 3405 3622 unus
3450 3573 3555 3622 est.

1968 3673 1988 3708 ‹
2024 3653 2135 3711 Lex
2160 3671 2289 3728 ergo
2333 3655 2594 3712 adversus
2633 3655 2902 3727 promissa
2940 3656 3076 3711 Dei?
3105 3656 3266 3711 absit.
3319 3655 3376 3712 Si
3407 3659 3556 3713 enim

1967 3760 1989 3794 ι
2025 3745 2149 3801 data
2170 3753 2313 3801 esset
2338 3745 2445 3812 lex,
2475 3761 2595 3816 quae
2621 3754 2806 3816 posset
2830 3745 3130 3813 viviﬁcare,
3161 3761 3291 3802 vere
3335 3762 3403 3802 ex
3433 3745 3554 3820 lege

1969 3855 1987 3891 ‹
2026 3847 2171 3896 esset
2199 3837 2432 3908 iustitia.
2464 3838 2573 3895 Sed
2611 3839 2880 3895 conclusit
2921 3839 3190 3910 scriptura
3229 3839 3411 3894 omnia
3457 3837 3560 3896 sub

1967 3950 1988 3985 ‹
2023 3940 2269 4004 peccato,
2292 3943 2352 3987 ut
2375 3931 2665 4002 promissio
2691 3947 2758 3987 ex
2786 3931 2893 3988 ﬁde
2932 3929 3061 3988 Jesu
3104 3930 3309 3989 Christi
3336 3932 3560 3988 daretur

1968 4045 1988 4080 ι
2023 4026 2390 4083 credentibus.
2436 4045 2455 4078 ›

2033 4117 2261 4173 Abralne
2299 4117 2455 4170 dictae
2485 4122 2607 4170 sunt
2649 4114 3077 4186 repromissiones
3105 4122 3152 4168 et
3190 4114 3378 4169 semini
3418 4114 3553 4184 ejus.

1965 4212 2068 4285 (Ex
2088 4209 2334 4282 Hieron.)
2367 4209 2611 4281 Simplex
2643 4219 2827 4265 autem
2849 4223 3062 4271 sensus,
3103 4207 3194 4277 qui
3227 4207 3281 4261 in
3304 4207 3410 4263 hoc
3437 4207 3556 4264 loco

1967 4302 2186 4367 texitur,
2215 4303 2356 4358 hanc
2393 4301 2503 4357 vim
2532 4301 2731 4366 habet,
2779 4308 2842 4355 ut
2878 4301 3072 4356 doceat
3101 4298 3392 4370 Apostolus
3445 4315 3553 4354 non

1963 4389 2121 4466 po'sse
2160 4409 2258 4465 per
2295 4394 2488 4465 legem,
2514 4409 2634 4464 quae
2663 4400 2852 4464 postea
2887 4392 3011 4447 data
3043 4399 3147 4458 est,
3179 4391 3556 4461 repromissio-

1963 4503 2226 4559 nes,quze
2271 4494 2431 4543 antea
2472 4486 2630 4542 facta:
2656 4494 2783 4542 sunt
2815 4485 2882 4540 ad
2927 4485 3205 4540 Abraham
3249 4483 3475 4549 destrui,
3502 4492 3558 4539 et

1963 4580 2263 4652 posteriora
2297 4580 2572 4650 prioribus
2616 4577 2993 4651 praejudicare,
3028 4592 3150 4633 cum
3182 4577 3556 4648 repromissio-

1965 4689 2063 4729 nes
2095 4673 2163 4728 ad
2189 4671 2463 4727 Abraham
2493 4679 2618 4726 ante
2655 4670 3080 4740 quadringentos
3122 4668 3343 4740 triginta
3383 4684 3556 4724 annos

1967 4766 2105 4820 datm
2127 4764 2255 4827 sint,
2287 4763 2431 4831 quod
2467 4762 2922 4818 benedicerentur
2948 4761 3002 4815 in
3031 4760 3122 4816 illo
3164 4761 3431 4817 universae
3459 4778 3557 4816 na-

1965 4855 2176 4920 tiones,
2225 4853 2360 4924 legis
2417 4860 2600 4907 autem
2643 4853 2983 4918 observatio,
3033 4853 3177 4924 quod
3207 4854 3300 4923 qui
3337 4852 3555 4909 fecisset

1965 4968 2105 5018 eam,
2156 4951 2366 5008 viveret
2391 4950 2446 5004 in
2476 4965 2560 5017 ea,
2601 4957 2725 5021 post
2759 4951 3185 5023 quadringentos
3214 4950 3436 5023 triginta
3461 4967 3556 5007 an-

1963 5062 2063 5103 nos
2092 5045 2223 5101 Mosi
2260 5046 2386 5100 data
2407 5045 2477 5099 sit
2506 5044 2562 5098 in
2588 5052 2771 5100 monte
2801 5044 2974 5099 Sinai.

2041 5136 2165 5192 Non
2185 5137 2331 5203 dicit,
2360 5145 2408 5191 et
2446 5136 2748 5202 seminibus,
2793 5137 2947 5207 quasi
2969 5137 3025 5191 in
3050 5136 3249 5201 multis,
3280 5136 3372 5191 sed
3405 5136 3556 5207 quasi

1968 5227 2023 5280 in
2043 5242 2148 5279 uno
2169 5234 2217 5279 et
2240 5225 2528 5280 seminituo
2557 5224 2695 5296 quod
2724 5235 2800 5279 est
2825 5223 3090 5280 Christus.
3112 5225 3306 5281 Semen
3325 5225 3556 5281 Abrahae

1970 5317 2246 5389 apostolus
2275 5316 2550 5372 Christum
2598 5318 2985 5388 interpretatus
3025 5325 3129 5372 est.
3173 5315 3375 5371 Omnes
3412 5315 3557 5372 Scri-

1971 5418 2161 5482 pturas
2195 5425 2360 5466 sensu
2383 5425 2448 5465 ac
2484 5411 2745 5467 memoria
2773 5425 3089 5481 peragrans,
3117 5423 3396 5478 nunquam
3437 5409 3556 5480 plu-

1972 5505 2073 5560 rali
2099 5519 2326 5560 numero
2350 5504 2558 5560 semina
2585 5505 2787 5576 scripta
2807 5503 3002 5574 reperi,
3029 5503 3122 5557 sed
3141 5502 3254 5556 sive
3276 5502 3330 5557 in
3357 5501 3553 5560 bonam
3634 5490 3636 5493 ’

1969 5599 2084 5656 sive
2129 5599 2182 5653 in
2221 5599 2416 5654 malam
2440 5608 2650 5670 partem
2681 5613 2894 5668 semper
2917 5596 3198 5667 singulari.

2041 5689 2157 5746 Hoc
2179 5699 2355 5747 autem
2381 5691 2522 5758 dico,
2552 5699 2917 5746 testamentum
2948 5689 3316 5758 conﬁrmatum
3355 5708 3387 5745 a
3421 5690 3549 5746 Deo.

1969 5783 2375 5840 Testamentum
2423 5793 2584 5839 vocat
2636 5782 3028 5853 promissiones
3070 5781 3304 5839 Abrahm
3354 5782 3552 5853 factas,

1968 5891 2087 5946 qua:
2124 5893 2232 5933 non
2272 5883 2503 5947 possunt
2530 5873 2599 5930 ab
2646 5872 2864 5931 homine
2913 5875 3188 5942 evacuari,
3231 5889 3355 5934 cum
3385 5875 3552 5932 etiam
