4026 6458
512 412 623 476 443

1790 408 2142 469 SMARAGDI
2177 373 2468 471 ADBATIS

3665 408 3777 464 444

516 529 796 588 hominum
830 529 1159 585 testamenta
1202 520 1293 593 jus
1320 536 1477 580 suum
1519 530 1762 592 teneant,
1791 531 1848 581 et
1892 522 2091 581 resolvi
2119 526 2173 591 Α
2194 542 2365 598 usque
2395 526 2520 584 dum
2547 526 2797 585 Christus
2838 527 3076 596 veniret,
3107 524 3176 582 de
3220 534 3330 597 quo
3365 522 3498 581 dicit
3528 541 3542 579 :
3571 521 3782 583 Semen

515 635 623 679 non
647 618 877 693 possint,
905 616 952 675 si
982 614 1295 671 solemniter
1318 614 1522 670 fuerint
1554 615 1821 671 ordinata.

587 713 688 770 llic
712 720 860 769 certe
901 712 947 766 si
978 722 1285 780 quaeramus
1327 716 1510 765 utrum
1562 708 1664 764 hoc
1709 702 2094 766 testamentum

520 808 662 887 quod
691 805 821 863 dicit
857 802 1233 860 conﬁrmatum
1280 817 1310 857 a
1356 801 1586 858 Domino
1625 818 1732 857 non
1769 802 2032 858 inﬁrmari
2062 816 2094 857 a

519 897 671 969 lege,
709 908 828 964 quae
859 898 981 964 post
1011 891 1434 963 quadringentos
1464 891 1685 962 triginta
1731 906 1902 947 annos
1946 891 2095 946 facta

520 994 623 1054 est,
652 993 833 1044 utrum
880 998 1082 1039 novum
1113 997 1183 1037 an
1211 990 1366 1037 vetus
1410 981 1815 1053 intelligendum
1854 982 1941 1045 sit,
1974 980 2095 1051 quis

521 1077 848 1148 respondere
876 1075 1088 1132 dubitet
1117 1074 1355 1129 novum?
1388 1074 1482 1128 sed
1508 1073 1563 1127 in
1588 1074 1918 1144 propheticis
1961 1073 2096 1129 late-

520 1169 634 1224 bris
653 1167 1000 1232 occultatum,
1032 1167 1205 1222 donec
1228 1165 1438 1221 veniret
1472 1172 1705 1237 tempus,
1736 1179 1844 1236 quo
1888 1164 2096 1221 revela-

521 1266 674 1314 retur
706 1258 761 1313 in
795 1256 1033 1313 Christo.

593 1350 725 1418 Qua:
762 1359 877 1421 post
922 1347 1363 1423 quadringentos,
1402 1356 1507 1405 etc.
1544 1348 1647 1421 (Ex
1676 1346 1926 1420 Hieron.)
1954 1347 2097 1423 Sup-

521 1441 746 1517 putandi
784 1442 839 1497 in
863 1440 966 1496 hoc
992 1440 1112 1495 loco
1139 1441 1266 1495 anni
1304 1440 1371 1496 ab
1396 1455 1461 1496 eo
1495 1448 1737 1511 tempore
1774 1454 1881 1510 quo
1910 1438 2096 1494 Domi-

522 1547 627 1587 nus
651 1533 719 1587 ad
756 1530 1031 1588 Abraham
1060 1532 1268 1587 locutus
1306 1540 1391 1587 est
1440 1530 1625 1587 dicens
1675 1549 1688 1586 :
1724 1530 1792 1586 Et
1820 1532 1877 1586 in
1904 1532 2099 1587 semine

524 1629 614 1677 tuo
665 1622 1033 1677 benedicentur
1077 1639 1253 1678 omnes
1299 1633 1471 1693 gentes
1522 1622 1691 1694 (Gen.
1738 1638 1846 1689 xit,
1907 1623 2093 1693 xxn),

523 1728 695 1785 usque
722 1714 790 1770 ad
816 1714 1180 1787 legislatorem
1209 1714 1412 1781 Mosen,
1430 1725 1611 1771 utrum
1641 1715 2021 1788 quadringenti
2043 1720 2100 1771 et

2192 624 2281 679 cui
2300 620 2719 695 'repromiserat.

2265 715 2573 772 Ordinatam
2592 733 2685 789 per
2709 713 2938 788 angelos.
2981 713 3082 789 (Ex
3103 712 3337 769 Primas.
3352 712 3372 786 )
3388 710 3501 768 Hoc
3523 712 3646 768 loco
3672 711 3787 771 Mo-

2194 823 2290 864 sen
2314 809 2582 882 signiﬁcat
2619 808 2791 880 legem
2835 823 2929 878 per
2949 808 3197 878 angelum
3234 805 3446 861 Domini
3476 806 3783 877 accepisse,

2194 899 2337 955 sicut
2383 899 2690 970 Stephanus
2744 900 2876 954 dicit
2927 918 2939 953 :
3002 897 3106 953 Hic
3153 907 3229 951 est
3281 897 3373 969 qui
3421 896 3522 968 fuit
3580 897 3640 950 in
3695 913 3785 951 ec-

2194 990 2371 1057 clesia,
2400 993 2453 1045 in
2479 991 2761 1049 solitudine
2791 1009 2909 1049 cum
2946 989 3153 1064 angelo,
3176 990 3266 1060 qui
3294 988 3605 1061 loquebatur
3628 989 3685 1043 ei
3731 989 3787 1044 in

2193 1092 2368 1139 monte
2393 1082 2548 1138 Sinai
2585 1083 2720 1157 (Act.
2751 1083 2869 1157 vn).
2902 1082 3008 1157 (Ex
3038 1082 3283 1155 Hieron.)
3310 1082 3368 1137 in
3398 1082 3545 1137 omni
3590 1081 3786 1137 Veteri

2195 1176 2543 1233 Testamento
2584 1177 2672 1231 ubi
2722 1176 2942 1249 angelus
2971 1176 3203 1247 primum
3234 1176 3384 1231 visus
3429 1173 3701 1237 refertur,
3731 1182 3787 1228 et

2192 1277 2379 1338 postea
2417 1269 2571 1339 quasi
2602 1268 2743 1323 Deus
2791 1267 3046 1337 loquens,
3092 1265 3367 1321 inducitur
3396 1264 3621 1336 angelus
3660 1265 3789 1334 qui-

2194 1366 2316 1422 dem
2350 1381 2476 1421 vere
2514 1381 2582 1420 ex
2608 1365 2871 1420 ministris
2908 1364 3183 1435 pluribus,
3234 1364 3541 1433 quicunque
3587 1364 3663 1417 sit
3708 1362 3791 1415 vi-

2195 1472 2320 1523 sus,
2357 1456 2451 1513 sed
2484 1457 2537 1512 in
2564 1456 2654 1511 illo
2698 1452 2964 1510 mediator
3004 1453 3262 1524 loquitur,
3311 1452 3403 1524 qui
3435 1453 3565 1507 dicit
3609 1467 3624 1505 :
3670 1451 3789 1521 Ego

2194 1563 2312 1602 sum
2349 1546 2488 1602 Deus
2517 1544 2802 1613 Abraham,
2839 1555 2887 1601 et
2923 1545 3065 1601 Deus
3102 1544 3292 1601 Isaac.
3336 1552 3387 1599 et
3433 1542 3577 1599 Dens
3611 1543 3789 1598 Iacob

2197 1632 2394 1712 (Exod.
2422 1638 2507 1714 ιιι)

2266 1732 2335 1789 In
2364 1750 2521 1788 manu
2546 1731 2870 1788 mediatoris.
2896 1731 2997 1803 (Ex
3017 1728 3276 1802 Primus.)
3309 1723 3661 1785 Mediatorem
3700 1726 3792 1781 Je-

527 1806 747 1877 triginta
777 1806 905 1873 sint,
944 1806 1030 1862 vel
1080 1805 1349 1877 quomodo
1393 1808 1448 1862 in
1475 1807 1671 1864 Genesi
1722 1808 1824 1878 ipsi
1865 1806 2097 1862 Abraha:

2210 1840 2319 1880 sum
2344 1823 2641 1889 Christum,
2672 1823 2739 1878 de
2759 1838 2867 1893 quo
2896 1830 2951 1877 et
2992 1821 3059 1876 ad
3083 1820 3427 1875 Timotheum
3476 1817 3788 1872 scribitur:

424 1954 443 1973 δ
525 1895 784 1955 Dominus
818 1896 1121 1969 pollicetur,
1152 1898 1295 1969 quod
1326 1907 1447 1970 post
1471 1898 1895 1970 quadringentos
1924 1912 2098 1952 annos

2210 1913 2353 1970 Unus
2383 1914 2542 1980 Deus,
2592 1887 2728 1968 unus
2776 1887 3039 1968 mediator
3081 1912 3178 1966 Dei
3226 1920 3273 1966 et
3310 1910 3579 1965 hominum
3626 1908 3792 1960 homo

527 1987 594 2044 de
620 1996 762 2044 terra
803 1989 1079 2045 servitutis
1118 1989 1215 2045 ﬁlii
1263 1989 1380 2063 ejus
1423 1988 1623 2045 exituri
1650 1990 1787 2055 sint,
1816 2004 1923 2044 non
1952 1988 2098 2043 enim

526 2096 691 2153 parva
713 2098 801 2139 res
830 2090 934 2150 est,
962 2092 1017 2139 et
1055 2098 1087 2138 a
1111 2082 1294 2139 multis
1334 2082 1582 2154 quasita,
1612 2081 1794 2139 nescio
1817 2096 1887 2137 an
1912 2080 1979 2136 ab
2006 2079 2102 2139 ali‘

528 2191 634 2247 quo
657 2177 729 2232 sit
762 2178 1002 2232 inventa.

599 2268 721 2342 (Ea:
746 2267 1005 2341 Primus.)
1042 2268 1228 2341 Neque
1263 2268 1385 2341 quis
1424 2275 1580 2340 putet
1602 2282 1723 2324 esse
1747 2265 2099 2330 contrarium,
2128 2294 2135 2297 -

528 2362 783 2432 quoniam
807 2361 860 2416 in
894 2360 1032 2418 libro
1051 2360 1326 2417 Geneseos
1348 2360 1622 2415 Abraham
1648 2375 1679 2414 a
1713 2360 1823 2414 Deo
1866 2358 2098 2414 dicitur:

530 2446 697 2519 Scito,
728 2469 1078 2523 praenoscens,
1102 2453 1243 2525 quod
1286 2452 1616 2524 peregrinum
1647 2452 1888 2522 futurum
1928 2449 1995 2503 sit
2024 2465 2105 2503 se-

528 2558 646 2599 men
672 2552 820 2599 tuum
848 2544 905 2599 in
945 2552 1088 2599 terra
1134 2560 1240 2598 non
1265 2560 1383 2609 sua,
1410 2552 1460 2598 et
1501 2542 1779 2613 subjicient
1819 2556 1907 2596 eos
1945 2542 2105 2595 servi-

527 2641 650 2704 tuti,
696 2647 746 2693 et
796 2638 1018 2711 amigent
1054 2638 1457 2710 quadringentos
1486 2655 1651 2692 annos
1693 2636 1850 2709 (Gen.
1887 2636 2012 2708 xv),
2050 2642 2108 2691 et

528 2730 619 2785 hic
638 2729 908 2800 apostolus
929 2729 1147 2801 triginta
1162 2744 1333 2786 annos
1355 2729 1584 2800 amplius
1608 2729 1780 2800 ponit.
1798 2729 1949 2795 Quod
1976 2729 2107 2785 dicit

530 2825 713 2876 autem
735 2820 840 2875 hoc
859 2827 943 2876 est
972 2834 988 2873 :
1009 2819 1407 2892 septuagesimo
1425 2818 1601 2875 astatis
1627 2833 1737 2873 suae
1763 2832 1907 2873 anno
1934 2817 2107 2872 Abra-

530 2911 658 2969 ham
701 2913 907 2985 acceplt
935 2928 967 2969 a
996 2913 1106 2970 Deo
1155 2912 1645 2987 repromissionem.
1679 2914 1759 2968 Ex
1807 2928 1914 2984 quo
1962 2922 2105 2970 tem-

527 3019 662 3077 pore
686 3020 859 3079 usque
886 3007 954 3063 ad
981 3007 1193 3063 initium
1221 3006 1351 3080 legis
1399 3006 1679 3075 Mosaicae,
1726 3008 2107 3081 quadringenti

530 3109 586 3157 et
625 3101 848 3173 triginta
891 3101 1018 3156 anni
1068 3101 1172 3157 hac
1217 3102 1425 3157 ratione
1461 3102 1821 3172 complentur,
1851 3117 1917 3159 ex
1968 3110 2105 3157 tein-

529 3207 662 3266 pore
713 3192 1145 3265 repromissionis
1187 3208 1358 3265 usque
1407 3194 1475 3249 ad
1513 3195 1865 3252 centesimum
1902 3208 2107 3250 annum

527 3255 794 3354 Abrahae;
852 3286 1067 3357 quando
1116 3255 1288 3342 Isaac-
1321 3287 1635 3343 nasciturus
1681 3286 1863 3353 ﬁlius,
1916 3286 2107 3356 viginti
2133 3255 2178 3321 ο

530 3382 766 3454 quinque
817 3381 944 3435 anni
1000 3388 1384 3447 numerantur,
1438 3389 1625 3452 postea
1682 3382 1872 3452 quinto
1932 3380 2108 3436 atatis

529 3486 671 3528 anno
700 3471 850 3527 Isaac
873 3472 1131 3542 parvulus
1160 3474 1229 3528 ab
1275 3471 1538 3529 lsmahele
1564 3472 1728 3543 coepit
1753 3471 1935 3543 afﬂigi,
1967 3471 2111 3527 sicut

530 3564 673 3620 idem
709 3564 981 3635 apostolus
1025 3566 1081 3619 in
1114 3567 1219 3620 hac
1251 3567 1365 3637 ipsa
1395 3565 1620 3636 epistola
1669 3572 1952 3620 memorat.
1987 3563 2111 3618 Evi-

531 3656 723 3712 denter
766 3673 894 3730 ergo
935 3666 1285 3724 monstratur,
1316 3658 1609 3714 secundum
1656 3673 1961 3713 sermonem
2011 3656 2109 3713 Dei

532 3745 600 3801 ad
629 3744 901 3801 Abraham
944 3746 1166 3813 factum,
1193 3754 1314 3819 post
1352 3747 1571 3819 triginta
1607 3761 1778 3800 annos
1820 3746 2109 3816 repromis-

531 3836 701 3893 sionis
742 3852 927 3894 semen
956 3839 1073 3911 ejus
1099 3838 1539 3910 persecutoribus
1576 3837 1825 3893 laborare
1854 3837 2104 3908 coepisse.

606 3926 748 3982 Nam
772 3931 816 3984 si
842 3945 907 3984 ea:
927 3928 1055 4001 lege,
1074 3938 1177 3984 etc.
1205 3929 1283 3985 Ac
1308 3931 1353 3985 si
1386 3930 1608 3996 diceret,
1625 3946 1733 3985 non
1762 3945 1829 3985 ex
1850 3928 1966 4001 lege
1988 3945 2108 3999 qute

532 4019 772 4075 nondum
800 4029 954 4087 erat,
995 4022 1089 4077 sed
1118 4037 1183 4077 ex
1215 4023 1633 4093 repromissione
1665 4021 1896 4078 Ahraha:
1940 4020 2109 4077 dona-

532 4120 646 4168 tum
675 4119 759 4168 est
804 4128 1019 4181 semen,
1070 4114 1213 4186 quod
1249 4125 1333 4173 est
1380 4116 1648 4184 Christus,
1682 4116 1736 4172 in
1776 4130 1884 4186 quo
1918 4130 2105 4172 omnes

530 4204 979 4263 benedicerentur
1005 4216 1217 4279 gentes.

604 4313 744 4382 Quid
768 4316 928 4387 igitur
968 4315 1074 4384 lex,
1099 4327 1204 4373 etc.
1237 4318 1337 4391 (Ex
1376 4317 1621 4392 Hieron.)
1664 4319 1763 4376 Hic
1801 4318 1981 4376 dicere
2012 4335 2109 4392 po-

534 4414 674 4462 terat
700 4406 920 4477 aliquis:
945 4406 1084 4476 Quid
1108 4424 1327 4465 necesse
1351 4409 1452 4465 fuit
1477 4409 1649 4482 legem
1666 4418 1789 4480 post
1811 4410 1915 4465 430
1938 4427 2108 4469 annos

534 4497 969 4568 repromissionis
992 4498 1128 4563 dari,
1161 4514 1283 4554 cum
1321 4508 1376 4554 et
1418 4500 1540 4555 data
1572 4501 1689 4571 lege
1736 4501 1969 4572 suspicio
2014 4501 2108 4558 de—

532 4595 755 4642 structa:
797 4587 1100 4658 sponsionis
1128 4589 1364 4659 potuerit
1391 4591 1612 4653 oboriri,
1646 4600 1701 4645 et
1746 4599 1993 4646 manente
2024 4608 2111 4647 re-
2131 4627 2187 4689 Β

534 4677 910 4747 promissione,
936 4693 1041 4735 non
1067 4677 1346 4751 profutura
1381 4679 1467 4735 lex
1507 4679 1632 4736 data
1657 4681 1749 4747 sit,
1779 4696 1943 4751 quam
1971 4697 2107 4753 pra:-

534 4768 725 4826 videns
767 4769 1038 4845 apostolus
1097 4771 1447 4841 quaestionem
1486 4772 1541 4827 in
1595 4774 1945 4843 sequentibus
1991 4775 2107 4847 ipse

535 4861 635 4917 sibi
661 4860 913 4937 proponit
950 4862 1133 4918 dicens
1161 4881 1173 4916 :
1200 4861 1341 4928 Quid
1384 4864 1545 4935 igitur
1572 4864 1694 4919 lex?
1719 4864 1848 4920 item
1894 4865 2007 4936 ipse
2036 4867 2109 4921 si-

533 4954 701 5011 bimet
722 4953 1017 5024 respondit,
1048 4954 1231 5010 dicens
1261 4972 1273 5010 :
1312 4954 1534 5027 Propter
1555 4958 1994 5028 transgressiones
2016 4972 2109 5028 po-

535 5051 638 5105 sita
681 5057 778 5115 est,
800 5047 960 5102 donec
990 5047 1180 5102 veniret
1213 5057 1469 5114 sanctum,
1518 5048 1603 5102 cui
1649 5049 1962 5121 promissum
2008 5057 2103 5104 est.

536 5139 665 5198 Post
688 5136 948 5194 oﬁensam
976 5138 1121 5193 enim
1162 5138 1216 5193 in
1239 5153 1420 5193 eremo
1442 5138 1641 5209 populi,
1673 5146 1795 5211 post
1826 5138 2108 5195 adoratum

534 5225 783 5293 vitulum,
822 5235 879 5283 et
918 5241 1161 5283 murmur
1209 5228 1264 5283 in
1313 5230 1500 5296 Deum,
1530 5228 1616 5284 lex
1647 5228 2111 5301 transgressiones

536 5318 873 5388 prohibitura
917 5321 1197 5375 successit.
1255 5318 1378 5393 (Ea:
1430 5321 1695 5394 August.)
1743 5318 1855 5377 Lex
1891 5329 2112 5394 propter

539 5409 994 5480 transgressiones
1020 5411 1196 5482 posita
1223 5421 1336 5479 est,
1376 5420 1437 5467 ut
1470 5415 1740 5485 acciperet
1785 5412 1946 5470 homo
1972 5430 2110 5485 prse-

537 5506 711 5568 cepta,
748 5499 977 5571 superbe
1026 5501 1092 5557 de
1122 5502 1236 5558 suis
1283 5502 1490 5558 viribus
1536 5503 1744 5570 ﬁdens,
1801 5502 1854 5558 in
1909 5503 2109 5573 quibus

536 5590 813 5658 deﬁciens,
844 5602 898 5648 et
924 5591 1099 5651 factus
1117 5594 1277 5651 etiam
1310 5597 1710 5666 praevaricator,
1739 5595 2105 5663 liberatorem,

539 5679 980 5758 Salvatoremque
1002 5687 1322 5758 requireret.
1361 5687 1440 5742 lta
1475 5689 1637 5743 timor
1680 5686 1814 5758 legis
1849 5687 2108 5743 humilem

539 5772 740 5833 factum
789 5785 1042 5849 tanquam
1071 5780 1394 5852 pzedagogus
1442 5779 1509 5836 ad
1557 5778 1716 5834 ﬁdem
1771 5779 2108 5850 gratiamque

538 5869 878 5941 perduceret,
890 5878 947 5927 et
966 5885 1071 5927 non
1087 5870 1390 5942 transgredi
1406 5870 1488 5927 vel
1502 5879 1735 5944 cogeret,
1755 5870 1840 5929 vel
1861 5870 2104 5941 doceret,

2204 2005 2442 2062 Christus
2470 2005 2624 2061 Iesus
2655 2002 2708 2077 (1
2738 2005 2963 2060 Timoth.
3011 2003 3096 2077 ιι).
3128 2001 3288 2058 Manu
3338 2001 3657 2056 mediatoris
3689 2015 3789 2069 po-

2200 2100 2425 2155 tentiam
2452 2106 2506 2154 et
2530 2099 2786 2154 virtutem
2812 2096 2929 2168 ejus
2962 2098 3223 2153 debemus
3252 2095 3518 2165 accipere.
3548 2091 3795 2160 Quidam

2203 2192 2554 2247 mediatorem
2594 2186 2775 2246 Mosen
2823 2196 3033 2261 putant.
3088 2186 3223 2242 Nam
3276 2192 3331 2242 et
3369 2185 3575 2249 Moses,
3610 2185 3792 2247 aiunt,

2201 2282 2344 2340 inter
2375 2278 2547 2357 Deum
2568 2290 2622 2335 et
2641 2278 2894 2353 populum
2915 2279 3126 2335 medius
3150 2278 3274 2344 fuit,
3302 2278 3381 2333 sic
3408 2277 3552 2331 enim
3581 2276 3697 2347 ipse
3724 2274 3795 2329 ad

2200 2374 2456 2453 pepulum
2498 2375 2617 2429 ait:
2649 2371 2811 2429 Facie
2867 2372 2937 2430 ad
2984 2371 3174 2428 faciem
3219 2371 3430 2427 locutus
3484 2378 3571 2425 est
3625 2368 3795 2423 nobis

2203 2466 2467 2524 Dominus
2490 2467 2545 2521 in
2581 2473 2768 2522 monte
2796 2465 2863 2520 de
2890 2465 3067 2520 medio
3109 2463 3269 2536 ignis,
3302 2476 3404 2535 ego
3424 2468 3716 2531 sequester
3743 2469 3799 2516 et

2204 2562 2415 2619 medius
2457 2559 2535 2615 fui
2580 2560 2722 2615 inter
2757 2558 2926 2614 Deum
2953 2566 3008 2615 et
3036 2573 3133 2614 vos
3165 2558 3219 2612 in
3250 2566 3496 2627 tempore
3542 2554 3638 2609 illo
3662 2594 3677 2619 ,
3738 2562 3799 2608 nt

2207 2655 2588 2713 annuntiarem
2640 2651 2794 2707 vobis
2827 2653 2994 2706 verba
3039 2649 3175 2721 ejus.
3214 2647 3323 2721 (Ea:
3357 2645 3607 2718 Hieron.)
3651 2645 3797 2713 Quia

2202 2764 2333 2804 vero
2361 2744 2609 2801 lectionis
2641 2743 2775 2799 ordo
2808 2741 3064 2800 confusus
3109 2750 3213 2807 est,
3259 2748 3313 2796 et
3338 2739 3642 2811 hyperbato
3672 2751 3800 2806 per-

2204 2838 2475 2901 turbatur,
2530 2834 2609 2889 sic
2646 2834 2805 2889 nobis
2844 2832 3149 2889 reddendus
3202 2831 3417 2885 videtur
3464 2847 3479 2882 :
3532 2827 3645 2883 Lex
3692 2840 3801 2897 po-

2204 2928 2309 2985 sita
2357 2934 2441 2982 est
2488 2940 2586 2996 per
2623 2923 2843 2995 angelos
2887 2922 2945 2978 in
2986 2937 3150 2978 manu
3177 2918 3525 2984 mediatoris,
3565 2927 3803 2987 propter

2204 3019 2664 3093 transgressiones
2696 3011 2944 3072 ordinata
2972 3028 3071 3087 per
3105 3012 3347 3086 angelos,
3377 3018 3554 3066 donec
3578 3008 3802 3064 venint

2206 3130 2409 3182 semen,
2439 3112 2524 3169 cui
2552 3098 2936 3182 repromissum
2963 3115 3063 3174 est,
3095 3122 3281 3163 semen
3308 3111 3510 3167 autem,
3538 3098 3682 3160 haud
3701 3098 3803 3155 th-

2206 3210 2379 3276 bidm,
2426 3207 2557 3278 quin
2606 3205 2879 3263 Christum
2916 3201 3204 3275 signiﬁcet,
3240 3198 3309 3254 de
3350 3210 3461 3269 quo
3506 3193 3804 3250 Iamiam

2209 3304 2288 3361 ait
2324 3322 2337 3358 :
2373 3301 2526 3356 Liber
2554 3296 2904 3371 generationis
2926 3292 3057 3348 Iesu
3081 3290 3295 3356 Christi,
3340 3288 3441 3358 ﬁlii
3471 3284 3664 3353 υαυω,
3695 3282 3804 3355 ﬂii

2211 3398 2474 3453 Abraham
2500 3394 2715 3469 (Matth.
2743 3390 2807 3463 ι).

2283 3487 2546 3544 Mediator
2574 3493 2750 3539 autem
2787 3481 2945 3535 unius
2983 3493 3087 3534 non
3131 3484 3226 3532 est.
3268 3472 3605 3530 Subauditur
3631 3470 3803 3526 unius

2209 3582 2381 3654 partis
2431 3594 2539 3634 non
2587 3584 2668 3633 est
2703 3573 2999 3637 mediator,
3049 3569 3143 3626 sed
3187 3568 3330 3624 inter
3371 3564 3542 3631 duas,
3582 3571 3647 3617 ut
3683 3572 3803 3617 uto-

2210 3674 2333 3735 dius
2366 3673 2457 3727 sit.

2283 3765 2421 3821 Deus
2468 3771 2641 3817 autem
2693 3775 2831 3813 unus
2861 3765 2957 3812 est.
2988 3756 3101 3812 Hoc
3136 3761 3316 3811 autem
3368 3753 3492 3809 ideo
3525 3749 3700 3815 addit,
3735 3763 3802 3803 ne

2210 3858 2331 3932 quis
2384 3859 2605 3927 putaret
2653 3850 2929 3906 Christum
2980 3849 3049 3902 ab
3096 3846 3307 3901 unitate
3344 3843 3539 3905 divinae
3587 3848 3800 3895 natura

2209 3948 2424 4023 penitus
2467 3961 2589 4002 esse
2626 3944 2879 4008 divisum,
2927 3941 3054 4011 quia
3099 3937 3419 3995 mediatoris
3466 3932 3803 4003 suscepi.“

2210 4042 2533 4202 Οωὲἓηέτθο
2578 4126 2824 4183 adversus
2868 4123 3128 4197 promissa
3162 4118 3300 4175 Dei?
3323 4116 3481 4174 absit.
3524 4115 3609 4170 Δο
3636 4114 3687 4170 si
3720 4112 3799 4168 di—

2209 4230 2397 4279 ceret:
2429 4221 2539 4276 Lex
2572 4218 2666 4273 Dei
2693 4216 2959 4287 promissa
3005 4228 3111 4268 non
3159 4210 3359 4275 aufert,
3389 4207 3486 4264 sed
3523 4212 3799 4277 praeparat

2210 4316 2278 4371 ad
2323 4313 2607 4386 promissa.
2646 4310 2798 4366 Sicut
2835 4308 3101 4363 mediator
3130 4305 3224 4359 Dei
3251 4312 3307 4358 et
3330 4301 3614 4358 hominum
3652 4299 3799 4354 inter

2178 4407 2429 4461 .dantem
2458 4412 2512 4459 et
2563 4400 2915 4470 accipientem
2961 4397 3133 4467 legem
3164 4394 3371 4449 medius
3409 4389 3547 4456 fuit,
3581 4391 3663 4446 sic
3708 4388 3796 4443 lex

2210 4500 2359 4571 ipsa,
2410 4510 2530 4570 quas
2568 4503 2691 4566 post
2747 4490 3220 4561 repromissionem
3274 4493 3332 4545 et
3378 4484 3797 4555 completionetn

2211 4588 2330 4659 ejus
2359 4588 2535 4645 media
2581 4585 2874 4655 subrepsit,
2904 4598 3024 4653 quae
3070 4596 3178 4638 non
3222 4580 3428 4635 idcirco
3476 4577 3794 4634 arhitranda

2209 4693 2294 4740 est
2311 4679 2781 4754 repromissionem
2811 4677 3121 4739 excludere,
3147 4689 3252 4745 qua
3277 4683 3468 4744 postea
3505 4672 3794 4727 subsecuta

2210 4789 2329 4829 eam
2381 4788 2501 4844 qua:
2535 4771 2688 4841 prius
2731 4768 2863 4834 fuit,
2888 4768 3166 4823 videretur
3207 4766 3448 4829 abolere,
3478 4764 3577 4819 sed
3624 4777 3695 4818 ex
3730 4776 3795 4817 eo

2211 4864 2355 4936 quod
2406 4880 2515 4918 non
2542 4862 2719 4931 potuit
2751 4861 3063 4925 viviﬁcare,
3112 4874 3213 4915 nec
3258 4858 3317 4913 id
3359 4858 3605 4916 tribuere
3650 4853 3792 4925 quod

2210 4954 2559 5026 repromissio
2597 4954 2771 5024 prima
2799 4952 3039 5021 pollicita
3066 4959 3172 5017 est,
3208 4948 3554 5005 manifestum
3609 4955 3696 5003 est
3737 4947 3789 5002 in

2210 5046 2511 5103 custodiam
2534 5059 2653 5100 eam
2682 5043 3117 5114 repromissionis
3151 5057 3261 5097 non
3297 5042 3353 5097 in
3383 5040 3790 5098 subvenionem

2214 5137 2413 5193 datam.

2286 5227 2344 5285 Si
2377 5229 2513 5285 enim
2561 5228 2687 5282 data
2715 5235 2845 5282 esset
2874 5226 2975 5292 lex,
3010 5234 3115 5283 etc.
3160 5222 3286 5281 Ideo
3321 5238 3429 5279 non
3461 5224 3786 5286 viviﬁcabat.

2214 5323 2341 5392 quia
2393 5330 2674 5392 peccatum
2712 5319 2974 5390 originale
3023 5318 3241 5375 auferre
3289 5333 3397 5374 non
3429 5324 3667 5388 poterat,
3704 5314 3790 5370 vel

2214 5423 2364 5469 certe
2393 5415 2520 5485 quia
2561 5428 2668 5468 non
2711 5413 2988 5468 hircorum
3031 5421 3125 5467 aut
3170 5421 3471 5473 taurorum,
3496 5411 3591 5465 sed
3635 5408 3791 5464 Chri-

2213 5506 2281 5561 sti
2305 5505 2565 5576 sanguine
2586 5510 2704 5560 erat
2731 5506 2842 5559 vita
2871 5505 3137 5561 donanda.

2298 5594 2424 5651 Vere
2455 5612 2520 5650 ea:
2564 5595 2673 5668 lege
2715 5605 2843 5651 esset
2866 5596 3099 5667 justitia.
3132 5595 3339 5652 Donum
3367 5596 3649 5666 promissa:
3683 5592 3793 5648 ha:-

2214 5687 2460 5744 reditatis
2484 5687 2749 5759 justitiam
2793 5689 3121 5753 nominavit,
3150 5703 3216 5743 ac
3248 5689 3293 5743 si
3341 5688 3568 5752 diceret,
3595 5688 3641 5742 si
3666 5687 3788 5741 data

2215 5789 2359 5835 esset
2398 5780 2503 5845 lex,
2545 5795 2664 5849 quae
2708 5780 2880 5848 possit
2923 5787 3187 5849 praestare
3222 5778 3410 5845 vitam,
3455 5786 3512 5835 et
3557 5774 3610 5832 id
3650 5776 3786 5847 quo]

2215 5872 2562 5942 repnomissio
2608 5872 2972 5941 spoponderat
3016 5870 3291 5939 exhibere,
3331 5884 3461 5926 vere
3502 5868 3788 5943 promissio
