4026 6458
160 435 275 493 445
1017 426 1534 488 COLLECTIONES
1570 424 1641 484 lN
1677 425 2056 485 EHSTOLAS
2096 425 2187 484 ET
2222 425 2632 486 EVANGELIA.
3288 462 3301 475 .
3329 417 3437 481 ΗΟ

164 570 274 630 per
314 552 493 627 legem
529 556 809 627 putaretur
830 547 1068 605 exclusa.
1122 543 1277 604 Nunc
1317 553 1497 603 autem
1532 554 1753 620 propter
1778 552 1832 616 Α
1860 565 1882 601 ι
1915 547 2155 621 alligavit
2192 548 2414 605 vulnera
2442 549 2578 621 ejus,
2612 548 2899 606 infundens
2935 547 3115 607 oleum
3145 554 3201 606 et
3224 546 3430 604 viuum.

166 643 664 718 transgressiones,
689 651 749 698 ut
783 656 948 713 supra
972 640 1227 708 diximus,
1264 639 1441 712 posita
1468 639 1642 712 magis
1660 654 1755 696 eos
1862 660 1881 694 ι
1917 641 1986 697 Et
2003 643 2285 715 imponens
2302 642 2454 699 illum
2482 643 2536 698 in
2553 641 2856 712 iumentum
2889 659 3047 703 suum
3073 642 3227 700 duxit
3246 641 3303 697 in
3326 648 3439 698 sta-

169 741 356 815 arguit
390 746 723 813 peccatores,
774 737 969 815 quibus
1011 744 1135 815 post
1182 735 1657 808 repromissionem
1700 735 1757 791 in
1862 753 1885 787 r
1915 733 2122 798 bulum,
2159 741 2215 793 et
2246 750 2434 795 curam
2479 734 2596 807 ejus
2624 735 2754 809 egit.
2782 735 2853 793 Et
2879 736 3051 792 altera
3098 736 3186 792 die
3207 733 3438 808 protulit

169 832 503 898 custodiam,
534 838 588 885 et
618 837 679 885 ut
706 829 780 885 ita
828 829 1024 894 dicam,
1058 829 1113 884 in
1159 844 1436 885 carcerem
1472 828 1595 884 data
1649 836 1755 896 est,
1849 845 1883 919 ἕ
1921 827 2055 885 duos
2083 828 2351 897 denarios,
2382 837 2438 885 et
2471 828 2617 885 dedit
2652 829 2966 896 stabulario,
2992 837 3047 885 et
3078 828 3195 893 ait:
3234 826 3435 891 Curam

167 934 237 985 ut
283 925 377 999 qui
411 921 714 979 voluntarie
759 920 1049 976 noluerunt
1095 920 1398 977 innocentis
1443 926 1758 990 exspectare
1855 917 1883 971 ἰ
1918 917 2062 975 illius
2089 920 2260 986 habe,
2310 928 2366 975 et
2403 921 2759 993 quodcunque
2797 920 3307 995 supererogaveris,
3338 932 3438 990 ego

168 1019 541 1092 promissum,
572 1013 837 1087 legalibus
864 1013 1094 1070 vinculis
1129 1012 1431 1085 priepediti,
1467 1018 1522 1066 et
1560 1011 1612 1066 in
1645 1026 1759 1067 ser-

169 1111 403 1166 vitutem
435 1110 813 1175 mandatorum
851 1105 1096 1172 redacti,
1129 1105 1535 1161 custodirentur
1568 1104 1623 1159 in
1672 1102 1761 1158 ad-

170 1210 341 1258 ventu
384 1199 577 1255 futurae
606 1198 730 1254 ﬁdei
757 1197 811 1254 in
840 1196 1076 1265 Christo,
1120 1213 1239 1275 qua:
1273 1196 1435 1253 linem
1464 1194 1758 1271 repromis-

170 1295 349 1351 sionis
376 1291 612 1348 all‘erret.

248 1384 357 1442 Sed
385 1383 639 1441 conclusit
660 1383 835 1438 omnia
863 1382 957 1437 sub
978 1390 1211 1456 peccato.
1237 1382 1340 1457 (Ex
1368 1378 1623 1451 Primus.)
1652 1378 1761 1436 Ad-

169 1477 430 1533 veniente
455 1475 693 1541 Christo,
726 1474 817 1545 qui
848 1475 947 1533 sub
993 1475 1109 1548 lege
1144 1473 1277 1530 Mosi
1323 1474 1495 1535 erant,
1522 1470 1759 1529 conclusi

114 1549 129 1635 ξ
170 1577 304 1625 sunt
328 1567 430 1624 sub
454 1576 697 1640 peccato,
723 1566 767 1623 si
795 1565 939 1621 ultra
978 1565 1031 1621 in
1059 1565 1195 1636 legis
1223 1564 1596 1621 observatione
1638 1579 1762 1635 per-

170 1673 400 1715 manere
426 1657 713 1714 voiuerint.
747 1656 885 1725 Quia
936 1656 1208 1711 maledicti
1259 1657 1352 1727 qui
1391 1655 1599 1719 umbrae
1628 1654 1761 1728 legis

173 1752 557 1817 deservierint,
586 1751 813 1808 veritate
852 1757 1136 1824 praesente.
1168 1749 1303 1809 Nam
1333 1756 1388 1804 et
1430 1750 1535 1805 hoc
1574 1757 1760 1804 osten-

172 1846 281 1913 dit,
306 1844 450 1918 quod
492 1860 599 1901 non
630 1844 803 1916 potuit
850 1843 1101 1909 inveniri,
1146 1843 1238 1919 qui
1278 1843 1459 1898 omnia
1488 1847 1759 1914 prtecepta

173 1911 608 2011 legis-impleret.
630 1911 783 1990 —Sive
832 1935 1087 1993 conclusa
1115 1911 1187 1990 sit
1223 1932 1355 1990 dicit
1385 1911 1756 2004 sub‘peccato,
1786 1911 1833 1973 Β

173 2026 235 2085 id
254 2036 358 2097 est,
390 2023 739 2099 deprehendit
774 2025 952 2081 omnia
984 2026 1085 2081 sub
1124 2033 1350 2096 peccato
1377 2038 1499 2080 esse
1546 2023 1761 2079 conciu-

174 2133 269 2186 sa,
308 2126 371 2173 ut
412 2125 691 2191 peccatum
735 2118 838 2172 nisi
886 2118 942 2172 in
1001 2115 1221 2172 Christo
1269 2115 1554 2171 credentes
1597 2113 1761 2169 decli-

173 2226 314 2280 nare
356 2226 460 2267 non
494 2208 725 2287 possint,
755 2218 811 2265 et
856 2209 936 2265 sic
973 2222 1195 2264 necesse
1226 2214 1392 2275 esset,
1420 2214 1480 2261 ut
1525 2220 1624 2277 per
1669 2220 1759 2261 so-

173 2304 285 2361 lam
313 2305 475 2361 iidem
504 2306 573 2361 ad
614 2305 939 2379 promissam
968 2303 1198 2365 salutem
1245 2301 1597 2372 pervenirent
1643 2315 1763 2355 cre-

172 2394 391 2451 dentes.
421 2396 553 2450 Item
578 2394 851 2461 conclusi,
885 2393 939 2449 id
966 2400 1076 2462 est,
1107 2393 1161 2447 in
1199 2392 1368 2447 multa
1411 2391 1657 2447 distracti
1695 2406 1759 2446 ex

172 2486 413 2543 diversis
437 2485 926 2549 observationibus,
961 2484 1207 2555 occupati
1232 2485 1286 2538 in
1320 2482 1506 2543 schola
1535 2483 1666 2555 legis
1695 2483 1763 2539 ad

174 2578 487 2635 doctrinam
516 2577 640 2633 ﬁdei
670 2577 1179 2655 servabamur,quae
1210 2572 1413 2631 Christi
1464 2582 1582 2629 erat
1627 2582 1763 2630 tem-

174 2685 317 2741 pore
351 2668 659 2726 revelanda.

256 2758 324 2814 Ut
344 2761 620 2832 promissio
654 2777 719 2815 ea:
761 2759 867 2830 [ide
895 2757 1027 2815 Iesu
1057 2759 1253 2814 Christi
1282 2760 1499 2815 daretur
1542 2760 1761 2819 creden‘

181 2852 340 2907 tibus.
376 2851 478 2924 (Ex
506 2851 752 2924 Hieron.)
784 2851 840 2908 id
868 2859 971 2917 est,
1014 2867 1236 2907 necesse
1265 2860 1408 2908 esset
1436 2852 1549 2909 sola
1578 2859 1638 2907 ut
1659 2844 1763 2909 tide

181 2934 383 3004 Christi
437 2944 670 3005 salvaret
699 2947 1002 3003 credentes.
1054 2944 1165 3002 Nec
1209 2962 1340 3003 vero
1390 2946 1765 3007 aestimandum

181 3041 510 3113 scripturam
555 3048 831 3097 auctorem
862 3056 982 3096 esse
1010 3040 1240 3112 peccati,
1269 3040 1398 3112 quia
1448 3040 1629 3096 omnia
1664 3040 1764 3095 sub

180 3139 410 3204 peccato
448 3131 781 3188 conclusisse
826 3131 1061 3199 dicatur,
1108 3147 1232 3187 cum
1276 3130 1591 3186 mandatum
1622 3130 1765 3201 quod

155 3238 252 3289 ,ει
272 3223 395 3296 jure
420 3225 757 3300 praecipitur,
793 3224 1044 3282 ostendat
1074 3224 1256 3297 potius
1290 3232 1589 3295 arguatque
1637 3238 1765 3297 pec-

1864 1027 1883 1060 ι
1916 1026 2038 1065 cum
2061 1010 2272 1067 rediero
2286 1011 2506 1067 reddam
2534 1012 2650 1068 tibi.
2669 1012 2800 1081 Quis
2816 1013 3012 1069 horum
3036 1013 3201 1067 trium
3221 1011 3438 1068 videtur

1864 1118 1884 1152 ι
1918 1101 2014 1156 tibi
2055 1104 2334 1172 proximus
2377 1103 2542 1159 fuisse
2588 1104 2683 1169 illi,
2714 1104 2806 1174 qui
2840 1103 3030 1158 incidit
3073 1103 3127 1161 in
3158 1103 3439 1159 latrones?

1864 1213 1884 1248 ι
1917 1196 1989 1251 At
2018 1197 2105 1252 ille
2129 1198 2265 1254 dixit
2294 1217 2308 1253 :
2337 1198 2441 1268 Qui
2475 1199 2606 1257 fecit
2644 1199 3073 1257 misericordiam
3094 1198 3150 1253 iu
3174 1198 3343 1255 illum.
3370 1198 3438 1255 Et

1863 1308 1885 1344 s
1922 1290 1998 1346 ait
2034 1290 2111 1347 illi
2138 1289 2295 1348 Jesus
2327 1294 2515 1349 :Vade
2559 1300 2615 1348 et
2650 1292 2737 1349 fac
2764 1290 3030 1348 similiter.
3062 1309 3082 1343 ι
3121 1297 3127 1303 ‘

1928 1405 2080 1465 Beati
2114 1407 2253 1465 oculi
2282 1409 2372 1481 qui
2397 1405 2571 1465 videat
2595 1425 2713 1483 quin
2750 1425 2838 1467 vos
2868 1407 3074 1469 videtis.
3113 1407 3218 1479 (Ex
3246 1404 3439 1477 Beda.)

1858 1494 1978 1561 Non
2024 1497 2165 1557 oculi
2192 1497 2505 1555 Scribarum
2543 1508 2599 1555 et
2646 1498 3068 1564 Pharisaaorum,
3102 1497 3196 1569 qui
3251 1509 3448 1567 corpus
3498 1494 3501 1495 ⁷

1859 1585 2074 1647 Domini
2118 1596 2328 1645 tantum
2380 1590 2666 1657 viderunt,
2695 1590 2791 1651 sed
2828 1590 2907 1645 illi
2951 1589 3095 1651 beati
3141 1587 3319 1654 oculi,
3351 1584 3446 1656 qui

1859 1679 1977 1750 ejus
2015 1689 2242 1753 possunt
2268 1696 2598 1752 cognoscere
2624 1689 2995 1747 sacramenta,
3028 1680 3096 1736 de
3142 1679 3340 1751 quibus
3366 1676 3449 1733 di-

1861 1772 2006 1827 citur
2036 1792 2054 1828 :
2081 1772 2149 1827 Et
2200 1771 2438 1828 revelasti
2479 1790 2542 1827 ea
2596 1771 2830 1843 parvulis
2882 1771 3110 1845 (Matth.
3148 1769 3269 1843 ιι),
3302 1766 3451 1829 beati
3516 1758 3527 1768 ’

1861 1863 2003 1921 oculi
2028 1863 2375 1935 parvulorum
2395 1904 2412 1932 ,
2444 1863 2643 1936 quibus
2669 1871 2726 1925 et
2758 1880 2817 1921 se
2846 1871 2901 1920 et
2919 1862 3138 1925 Patrem
3166 1861 3338 1927 Filius
3360 1875 3451 1919 re-

1860 1955 2040 2013 velare
2060 1956 2331 2030 dignatur.
3442 1998 3447 2005 ι

1932 2046 2065 2105 Dico
2117 2058 2292 2104 autem
2321 2046 2497 2114 vobis,
2550 2048 2690 2121 quod
2733 2044 2885 2107 multi
2920 2043 3185 2120 propheta:
3226 2053 3275 2099 et
3307 2058 3448 2116 reges

1860 2142 2137 2197 voluerunt
2162 2142 2334 2198 videre
2359 2160 2476 2215 qua:
2504 2160 2592 2199 vos
2634 2144 2840 2209 videtis,
2871 2154 2919 2199 et
2962 2160 3068 2198 non
3112 2142 3373 2209 uiderunt,
3399 2150 3449 2199 et

1862 2235 2049 2299 audire
2076 2253 2195 2311 quae
2220 2236 2439 2303 auditis,
2457 2248 2505 2293 et
2529 2255 2634 2294 non
2657 2238 2961 2297 audierunt.
2986 2237 3253 2297 Abraham
3273 2232 3451 2293 exsul-

1862 2330 1987 2386 tavit
2016 2338 2073 2393 ut
2119 2328 2312 2386 videret
2337 2332 2476 2386 diem
2501 2331 2726 2396 Christi,
2768 2340 2825 2389 et
2863 2332 2991 2388 vidit
3030 2340 3080 2387 et
3119 2331 3330 2402 gavisus
3372 2337 3449 2387 est

1865 2420 2049 2494 (Joan.
2076 2420 2156 2493 x).
2181 2421 2351 2477 lsaias
2371 2438 2585 2493 quoque
2607 2422 2765 2493 (Isai.
2784 2423 2881 2495 Vl).
2919 2432 2975 2479 et
2994 2423 3194 2489 Micha,
3220 2428 3276 2479 et
3294 2420 3451 2481 multi

1865 2513 1969 2575 alii.
2018 2515 2299 2585 prophetae
2337 2514 2590 2572 viderunt
2635 2515 2863 2587 gloriam
2924 2514 3137 2575 Domini
3164 2553 3181 2580 ,
3246 2512 3343 2569 sed
3394 2510 3448 2566 hi

1865 2620 2059 2669 omnes
2102 2621 2134 2665 a
2178 2605 2336 2679 longe
2365 2621 2463 2678 per
2497 2607 2775 2678 speculum
2804 2606 2940 2665 etin
2982 2605 3255 2677 enigmata
3298 2603 3449 2659 vide-

1862 2705 2012 2754 runt.
2037 2697 2282 2769 Apostoli
2316 2706 2499 2757 autem
2528 2698 2585 2755 iu
2610 2697 3022 2771 praesentiarum
3046 2696 3304 2755 habentes
3342 2685 3452 2749 Do-

1864 2792 2073 2853 minum
2096 2801 2587 2864 convescentesque
2614 2793 2687 2860 ei,
2712 2800 2768 2849 et
2798 2804 3134 2865 quaecunque
3154 2787 3455 2847 voluissent

1864 2884 2251 2961 interrogando
2277 2886 2548 2957 discentes
2575 2884 2715 2958 (Act.
2748 2883 2813 2959 ι).

1937 2978 2007 3035 Et
2036 2995 2151 3035 ecce
2175 2979 2394 3052 quidam
2433 2978 2761 3053 legisperitus
2787 2979 3041 3046 surrexit,
3067 2984 3273 3041 tantum
3302 2973 3455 3037 illum

1865 3076 1915 3125 et
1949 3069 2175 3124 dicens:
2216 3069 2492 3141 Magister,
2529 3070 2657 3143 quid
2704 3070 2947 3138 faciendo
2996 3070 3156 3124 vitam
3204 3076 3456 3131 wtemam

1866 3160 2181 3234 possidcbo?
2219 3160 2593 3233 Legisperitus
2620 3162 2714 3234 qui
2753 3162 2819 3217 de
2862 3161 2974 3217 vita
3018 3167 3223 3223 aeterna
3264 3157 3451 3217 Domi-

1791 3277 1837 3341 C
1867 3268 1999 3311 num
2045 3260 2262 3315 tentans
2290 3252 2613 3324 interrogat,
2658 3252 3029 3321 occasionem,
3060 3258 3123 3305 ut
3170 3263 3318 3313 reor,
3348 3255 3459 3304 ten-

184 3325 366 3375 eam“
385 3360 401 3384 ’
439 3333 601 3389 quam
632 3318 703 3374 δίε
751 3334 916 3416 Ῡ³¹ξ⁵³
958 3318 1197 3416 peccati:
1216 3313 1764 3416 Qu9m°d°_et_j“d_ex
1791 3313 1837 3341 υ
1866 3345 2015 3401 taudi
2042 3313 2114 3401 de
2137 3344 2268 3416 ipsis
2294 3313 2531 3400 Domini"
2538 3313 2889 3400 sermonibus
2929 3313 3181 3413 sumpsit,
3203 3340 3297 3399 ubi
3325 3340 3405 3395 ait
3436 3357 3453 3396 :

177 3427 292 3468 non
328 3419 412 3467 est
438 3418 623 3467 auctor
661 3411 881 3468 sceleris
921 3426 1153 3486 nequam
1184 3410 1432 3466 homines
1456 3406 1760 3474 vinciendo,

182 3501 283 3558 sed
310 3500 582 3559 concludit
609 3516 703 3558 eos
741 3508 797 3557 et
826 3509 1083 3561 nocentes
1129 3500 1408 3556 sententia:
1439 3513 1548 3554 sua:
1578 3505 1765 3553 aucto-

182 3593 349 3650 ritate
380 3594 726 3666 pronuntiat;
759 3601 819 3649 ut
849 3593 1060 3650 debitos
1094 3608 1268 3669 pmnm
1312 3591 1643 3665 indulgentia
1672 3606 1767 3664 po-

183 3697 302 3747 stea
322 3731 337 3758 ,
373 3688 420 3745 si
443 3689 692 3755 voluerit,
719 3687 1034 3763 principalis
1065 3686 1325 3742 absolvat.

573 3796 908 3839 EVANCELIUM
950 3795 1131 3844 ιυοΑε,
1171 3794 1289 3834 CAP.
1330 3794 1384 3833 Χ.

264 3891 285 3925 s
328 3870 479 3927 Beati
513 3868 655 3928 oculi
690 3871 782 3943 qui
830 3871 1015 3928 vident
1065 3886 1184 3943 quae
1222 3884 1320 3925 vos
1372 3867 1586 3925 videtis.
1638 3866 1769 3924 Dico

187 3984 214 4029 ο
251 3967 400 4025 enim
436 3966 611 4033 vobis,
656 3966 798 4037 quod
831 3965 983 4019 multi
1011 3979 1166 4035 reges
1190 3972 1246 4019 et
1272 3963 1547 4039 propheta:
1588 3959 1772 4015 volue-

189 4075 214 4113 ι
249 4065 379 4114 runt
403 4052 591 4113 videre
628 4073 746 4129 quae
779 4072 876 4112 vos
904 4055 1120 4120 videtis,
1154 4060 1208 4110 et
1254 4070 1359 4109 non
1392 4053 1662 4118 viderunt,
1718 4060 1773 4107 et

188 4169 211 4205 ι
246 4150 438 4205 audire
459 4165 577 4220 qua:
607 4149 803 4203 auditis
828 4156 881 4202 et
907 4162 1010 4201 non
1038 4145 1344 4199 audierunt.
1372 4142 1461 4211 {Et
1487 4160 1614 4199 cccc
1646 4141 1769 4219 qui-

189 4259 213 4293 s
250 4241 377 4295 dam
407 4239 749 4310 legisperitus
770 4237 1025 4302 surrexit,
1059 4245 1276 4292 tentans
1296 4235 1447 4290 illum
1470 4243 1524 4291 et
1551 4235 1768 4290 dicens:

190 4350 212 4386 ι
252 4330 532 4403 Magister,
565 4329 693 4402 quid
735 4328 982 4385 faciendo
1029 4330 1196 4385 vitam
1247 4336 1499 4384 mternam
1536 4324 1776 4399 posside-

190 4441 213 4476 a
246 4423 355 4478 bo?
378 4421 448 4476 At
479 4420 568 4476 ille
606 4419 744 4475 dixit
772 4420 837 4475 ad
869 4435 991 4474 eum
1018 4435 1031 4474 :
1059 4418 1119 4475 In
1173 4417 1289 4491 iege
1339 4418 1467 4489 quid
1512 4416 1773 4487 scriptum

191 4530 213 4566 ε
252 4513 374 4569 est?
417 4511 697 4580 Quomodo
724 4508 893 4581 legis?
921 4508 1015 4566 ille
1051 4510 1384 4580 respondens
1433 4506 1569 4563 dixit
1602 4525 1612 4560 :
1644 4504 1775 4560 Dili-

193 4623 215 4659 ι
254 4620 354 4677 ges
378 4603 668 4659 Dominum
693 4598 865 4658 Deum
896 4610 1047 4658 tuum
1094 4616 1157 4657 ex
1191 4610 1305 4657 toto
1350 4598 1513 4657 corde
1558 4609 1668 4667 tuo,
1706 4613 1774 4655 ex

194 4714 216 4753 ι
254 4704 370 4753 tota
398 4697 577 4753 anima
604 4706 715 4763 tua,
744 4704 798 4752 et
844 4712 911 4752 ex
940 4696 1191 4753 omnibus
1214 4695 1421 4750 viribus
1451 4694 1575 4760 tuis,
1608 4700 1664 4750 et
1707 4709 1773 4749 ex

194 4806 214 4841 ι
253 4786 402 4844 omni
429 4795 608 4843 mente
634 4793 817 4852 tua,et
841 4784 1147 4860 proximum
1178 4796 1328 4843 tuum
1350 4788 1491 4843 sicut
1518 4788 1770 4858 teipsum.

194 4903 215 4937 ι
252 4883 511 4953 Dixitque
546 4882 621 4938 illi
655 4899 670 4937 :
700 4880 866 4938 Recte
891 4880 1233 4952 respondisti.
1270 4881 1382 4937 Hoc
1410 4880 1494 4937 fac
1517 4890 1571 4937 et
1600 4881 1769 4936 vives.

195 4993 216 5028 ι
254 4973 353 5030 llle
392 4984 572 5030 autem
604 4973 787 5030 volens
809 4973 1109 5046 justiﬁcare
1143 4974 1509 5045 semetipsum,
1540 4974 1678 5030 dixit
1706 4973 1775 5028 ad

195 5085 216 5121 ι
255 5065 441 5123 Jesum
476 5086 490 5122 :
522 5066 591 5122 Et
635 5068 755 5138 quis
802 5075 885 5122 est
923 5080 1076 5122 meus
1102 5066 1423 5138 proximus?
1458 5066 1773 5138 Suspiciens

193 5181 216 5216 ε
253 5170 435 5217 autem
465 5160 621 5233 Iesus
648 5161 818 5215 dixit:
856 5158 1029 5214 Homo
1057 5159 1274 5230 quidam
1310 5159 1670 5215 descendebat
1710 5156 1777 5211 ab

193 5273 216 5309 ι
256 5254 597 5311 Hierusalem
639 5253 693 5307 in
719 5249 959 5318 Iericho,
989 5260 1043 5311 et
1068 5250 1254 5309 incidit
1282 5253 1336 5308 in
1382 5253 1639 5308 latrones.
1673 5250 1776 5319 Qui

194 5364 217 5403 ι
255 5346 425 5402 etiam
476 5342 898 5421 dispoliaverunt
960 5359 1121 5410 eum,
1174 5353 1230 5399 et
1284 5344 1457 5415 plagis
1509 5344 1777 5415 impositis

195 5459 215 5491 ι
255 5438 510 5493 abierunt
531 5437 790 5492 semivivo
829 5436 1037 5491 relicto.
1068 5432 1276 5493 Accidit
1304 5445 1484 5493 autem
1508 5445 1568 5491 ut
1594 5451 1776 5493 sacer-

197 5550 217 5583 ‹
256 5532 356 5585 dos
393 5530 613 5602 quidam
671 5528 1019 5584 descenderet
1063 5527 1249 5582 eadem
1292 5529 1397 5594 via,
1440 5535 1493 5583 et
1519 5528 1638 5583 viso
1685 5526 1774 5583 illo

197 5640 217 5673 ι
256 5619 574 5691 ρηειθτίνίι.
600 5616 863 5675 Similiter
892 5627 947 5674 et
972 5617 1161 5673 Levita
1183 5633 1306 5673 cum
1332 5627 1478 5675 esset
1516 5635 1673 5675 secus
1701 5620 1777 5677 lo-

198 5732 216 5767 c
254 5730 405 5779 cum,
430 5723 486 5768 et
504 5713 714 5768 videret
731 5726 879 5777 eum,
909 5710 1242 5784 pertransiit.
1280 5709 1659 5769 Samaritanus
1679 5729 1774 5769 au-
1808 5720 1817 5727 ‘

198 5826 215 5857 ι
256 5817 367 5861 tem
408 5806 627 5878 quidam
655 5804 761 5859 iter
797 5802 1025 5869 faciens,
1068 5804 1214 5858 venit
1259 5820 1416 5860 secus
1438 5821 1584 5870 eum,
1616 5813 1670 5861 et
1692 5805 1772 5858 vi-

199 5916 216 5950 (
256 5898 395 5952 dens
425 5910 568 5963 eum,
598 5892 968 5951 misericordia
994 5901 1173 5949 motus
1192 5901 1294 5962 est,
1344 5902 1398 5950 et
1446 5896 1770 5967 appropians

1866 3432 2311 3503 Gaudeteautem
2353 3434 2493 3507 quod
2538 3436 2755 3497 nomina
2790 3443 2962 3491 uestra
3006 3432 3280 3503 scriptain
3316 3430 3458 3489 catis

1865 3535 2010 3592 sunt,
2040 3526 2134 3582 sed
2186 3526 2303 3598 ipsa
2346 3541 2444 3585 sua
2489 3526 2789 3585 tentatione
2833 3525 3099 3591 declarat,
3132 3539 3298 3603 quam
3322 3537 3456 3580 vera

1866 3619 1939 3681 sit
1969 3618 2059 3677 illa
2086 3618 2302 3679 Domini
2330 3616 2621 3685 confessio,
2649 3633 2757 3689 qua
2794 3618 2936 3690 patri
2973 3616 3260 3688 loquiturr
3295 3612 3455 3683 Quod

1867 3708 2185 3765 abscondisti
2214 3710 2325 3764 lucc
2363 3727 2396 3765 a
2422 3709 2741 3781 sapientibus
2765 3718 2813 3765 et
2838 3708 3210 3781 prudentibus,
3232 3716 3281 3765 et
3322 3721 3462 3764 reue—

1867 3800 1990 3859 lasti
2016 3821 2078 3861 ea
2098 3803 2353 3877 paruulis.

1939 3916 2008 3973 At
2036 3915 2125 3973 ille
2165 3917 2300 3973 dixit
2327 3916 2398 3972 ad
2431 3930 2552 3973 eum
2578 3932 2598 3973 ε
2630 3915 2700 3973 In
2728 3914 2839 3987 legs
2882 3915 3011 3987 quid
3056 3916 3310 3986 scriptum
3345 3913 3466 3973 est?

1873 4007 2148 4075 Quomodo
2175 4007 2347 4080 legis?
2393 4007 2495 4063 Ille
2525 4007 2843 4079 respondens
2871 4007 3030 4071 dixit,
3071 4013 3178 4063 etc.
3216 4006 3355 4067 Dum
3387 4004 3475 4062 le-'

1870 4099 2130 4170 gisperito
2181 4098 2498 4169 respondet,
2538 4097 2842 4168 perfectum
2879 4096 3037 4153 nobis
3077 4094 3326 4150 Salvator
3359 4094 3466 4151 iter

1871 4192 1997 4248 vita
2020 4190 2259 4246 celestis
2281 4190 2538 4254 ostendit,
2564 4189 2650 4243 cui
2678 4189 2854 4258 primo
2876 4189 2933 4243 in
2957 4186 3254 4245 dilectione
3274 4184 3372 4240 Dei
3405 4190 3467 4243 et

1872 4281 2106 4354 proximi
2130 4281 2264 4352 legis
2310 4281 2513 4352 scripta
2540 4279 2866 4352 proponenti
2898 4278 3033 4335 dicit
3060 4291 3075 4332 :

1943 4392 2097 4448 Recte
2133 4392 2468 4463 respondisti,
2519 4393 2617 4449 hoc
2669 4392 2757 4463 {ac
2804 4400 2852 4446 et
2898 4389 3051 4446 ulvas.
3108 4387 3466 4461 Aper-tissime

1876 4485 2162 4541 declarans
2184 4524 2199 4551 ,
2236 4484 2408 4541 solam
2454 4499 2578 4542 esse
2613 4483 2979 4550 dilectionem,
3029 4488 3088 4538 et
3132 4482 3307 4553 ipsam
3355 4492 3465 4536 non

1875 4579 2041 4635 verbo
2087 4585 2246 4633 tenus
2267 4585 2622 4644 ostentatum,
2651 4577 2748 4633 sed
2775 4581 2957 4648 operis
2990 4575 3314 4631 executione
3339 4587 3467 4645 pro-

1797 4638 1852 4701 D
1877 4674 2079 4739 batam,
2112 4674 2235 4742 quae
2257 4678 2574 4742 perpetuam
2610 4638 2775 4725 ducat
2795 4638 2865 4723 ad
2890 4668 3079 4723 vitam.

1949 4764 2052 4819 Ille
2077 4774 2253 4818 autem
2296 4762 2469 4819 uolens
2489 4761 2789 4832 justiﬁcarc
2809 4760 3069 4829 «ipsum,
3094 4758 3231 4813 dixit
3259 4757 3330 4813 ad
3373 4755 3468 4812 Jo-

1875 4871 1994 4913 σωκ
2024 4871 2042 4911 :
2069 4855 2202 4921 Quis
2221 4863 2296 4909 est
2325 4869 2472 4909 meus
2498 4852 2791 4924 proximus.
2821 4849 2920 4905 Cui
2944 4849 3189 4921 proiecto
3206 4848 3467 4905 Dominus

1876 4950 1954 5005 ita
1986 4961 2305 5019 responsum
2334 4946 2662 5015 temperavit
2682 4959 2865 5011 suum,
2904 4952 2966 4999 ut
2990 4951 3048 4999 et
3074 4944 3346 4999 hominem
3373 4941 3467 5013 qui

1877 5041 2307 5099 misericordiam
2342 5038 2567 5102 taceret,
2611 5036 2836 5094 cuilibet
2870 5037 3180 5107 proximum
3222 5037 3462 5092 doceret.

1882 5137 1951 5193 Et
1970 5145 2148 5191 tamen
2182 5135 2298 5189 haec
2316 5133 2506 5189 eadem
2530 5129 2790 5202 parabuia
2819 5126 3127 5201 specialiter
3162 5127 3338 5197 ipsum
3369 5124 3467 5185 Dei

1883 5227 2097 5289 Filium,
2123 5224 2216 5294 qui
2242 5223 2398 5280 nobis
2441 5237 2539 5294 per
2583 5221 2975 5278 humanitatem
3020 5219 3305 5291 proximus
3340 5215 3463 5272 ﬁeri

1881 5319 2135 5390 dignatus
2158 5322 2243 5371 est
2267 5311 2594 5385 designaret.

1953 5428 2253 5502 Suscipiens
2284 5434 2460 5481 autem
2491 5423 2652 5482 Iesus
2697 5424 2835 5481 dixit
2864 5439 2885 5478 :
2928 5420 3103 5479 Homo
3131 5418 3347 5492 quidam
3372 5418 3466 5474 de-

1881 5522 2158 5580 scendebat
2178 5520 2243 5575 ab
2276 5515 2611 5575 Hierusalem
2632 5519 2689 5573 in
2709 5517 2940 5574 Iericho.
2974 5514 3149 5569 Homo
3168 5512 3271 5569 iste
3288 5510 3463 5567 Adam

1879 5614 2197 5687 intelligitur
2235 5612 2290 5668 in
2340 5625 2537 5685 genere
2584 5609 2841 5675 humano,
2889 5605 3223 5663 Hierusalem
3270 5605 3463 5662 civitas

1878 5710 2027 5782 pacis
2067 5707 2157 5763 illa
2203 5703 2474 5772 cmlestis,
2516 5718 2548 5759 a
2592 5701 2746 5777 cujus
2787 5699 3121 5757 beatitudine
3171 5698 3355 5770 lapsus
3403 5696 3459 5753 in

1876 5800 2019 5858 hanc
2062 5796 2351 5856 mortalem
2396 5794 2761 5864 miseramque
2784 5792 2949 5848 vitam
3000 5791 3252 5857 devenit,
3298 5802 3463 5858 quam

1876 5894 2016 5954 bene
2038 5892 2277 5960 Jerlcho,
2315 5904 2436 5961 quae
2463 5887 2591 5944 luna
2624 5887 3015 5961 interpretatur
3040 5883 3330 5959 signiﬁcat.
3350 5878 3462 5938 Va-
