4026 6460
535 390 639 446 “'1

1839 376 2195 436 SMARAGDI
2230 377 2522 435 ABBATIS

3708 381 3817 440 448

537 502 634 557 riis
654 496 905 556 videlicet
925 496 1230 554 defectuum
1249 492 1549 563 laboribus,
1566 494 1951 566 erroribusque
1975 509 2114 550 sem-
2140 497 2194 560 Α
2217 500 2304 548 tus
2330 500 2413 549 est
2429 533 2444 560 ,
2477 491 2532 547 in
2556 505 2663 562 quo
2689 491 2934 549 saucium
2963 491 3252 563 imposuit,
3288 491 3416 564 quia
3441 501 3679 565 peccata
3711 512 3817 552 no-

533 610 635 667 per
661 595 944 650 incertam.
1721 658 1730 667 ἢ

607 688 680 744 Et
705 686 888 743 incidit
918 686 973 740 in
1015 681 1262 738 latrones.
1291 680 1583 748 Latrones,
1607 680 1880 738 diabolum
1924 689 1978 736 et
2021 694 2119 733 an-

538 781 688 854 gelos
731 778 846 850 ejus
881 774 1139 846 intellige,
1173 774 1227 830 in
1277 789 1413 844 quos
1458 774 1547 844 qui
1578 771 1934 828 descendebat
1983 769 2120 824 inci-

539 872 638 928 dit.
669 869 804 940 Nam
838 867 945 922 nisi
985 868 1139 938 prius
1173 867 1318 921 intus
1356 866 1780 930 intumesceret,
1832 862 1966 929 foris
2005 870 2120 916 ten-

537 969 683 1016 tatus
717 969 828 1014 tam
875 958 1033 1015 facile
1083 972 1193 1014 non
1231 957 1464 1038 cederet,
1513 971 1642 1012 vera
1681 964 1766 1010 est
1806 955 1953 1009 enim
1989 953 2121 1010 satis

535 1052 824 1116 sententia,
861 1065 983 1121 quas
1022 1050 1197 1106 dicit:
1237 1049 1392 1105 Ante
1421 1065 1630 1103 ruinam
1666 1049 1808 1103 enim
1852 1044 2122 1103 exaltatur

536 1161 628 1199 cor
655 1143 838 1217 (Prov.
866 1142 1004 1216 xvr).

611 1237 719 1304 Qui
749 1239 908 1293 etiam
930 1234 1340 1308 dispoliaverunt
1366 1250 1503 1289 eum.
1531 1231 1713 1289 Gloria
1744 1231 1996 1287 videlicet
2017 1230 2122 1286 im-

538 1331 886 1390 mortalitatis
916 1339 969 1387 et
997 1329 1322 1387 innocentiae
1351 1335 1502 1385 veste
1536 1327 1842 1398 privarunt.
1882 1326 2008 1382 Haec
2038 1333 2124 1381 est

540 1427 685 1482 enim
706 1426 881 1497 prima
918 1424 1075 1490 stola,
1105 1438 1209 1493 qua
1231 1421 1385 1493 juxta
1415 1420 1577 1475 aliam
1604 1419 1923 1490 parabolam
1960 1417 2122 1472 luxu-

476 1499 493 1545 ’³
539 1518 718 1572 riosus
743 1515 885 1571 ﬁlius
916 1529 1014 1585 per
1048 1512 1429 1586 paenitentiam
1473 1511 1690 1566 rediens
1719 1517 1944 1564 ornatur
1967 1507 2118 1582 (Luc.

540 1608 660 1680 xv),
722 1615 776 1664 et
826 1621 932 1677 qua
973 1603 1294 1676 protoplasti
1342 1603 1539 1658 amissa
1591 1607 1962 1670 cognoverunt
2002 1613 2125 1656 esse

539 1718 598 1758 se
624 1701 796 1757 nudos
820 1742 836 1769 ,
884 1701 1201 1769 tunicasque
1233 1696 1477 1768 pellicias
1506 1704 1715 1750 naturae
1747 1693 1993 1749 mortalis
2038 1692 2124 1748 in-

538 1794 653 1850 duti
682 1803 809 1849 sunt
833 1791 985 1866 (Gen.
1009 1791 1118 1859 ιιι).

612 1885 682 1940 Ει
726 1886 898 1958 plagis
940 1883 1214 1956 impositis.
1263 1881 1442 1954 Plagae
1465 1888 1688 1952 peccata
1732 1887 1890 1946 sunt,
1928 1879 2125 1949 quibus

540 1987 750 2035 naturae
793 1979 1046 2034 humanae
1076 1976 1443 2047 integritatem
1481 1973 1730 2029 violando
1773 1971 2128 2028 seminarium

539 2071 828 2142 quoddam,
858 2077 918 2125 ut
941 2069 1015 2124 ita
1044 2068 1239 2132 dicam,
1269 2065 1528 2138 augenda:
1570 2065 1762 2120 mortis
1795 2063 1956 2120 fessis
1982 2062 2129 2118 indi-

541 2163 669 2218 dere
696 2161 1016 2218 visceribus.

614 2254 891 2308 Abierant.
931 2252 1197 2308 Ahierunt
1226 2259 1408 2307 autem
1439 2265 1546 2306 non
1581 2251 1650 2305 ab
1682 2249 1893 2306 insidiis
1923 2249 2128 2321 aliqua-

545 2359 701 2405 tenus
729 2347 1010 2414 cessando,
1026 2345 1120 2402 sed
1141 2345 1210 2402 ad
1223 2345 1536 2401 earumdem
1562 2343 1880 2400 insidiarum
1911 2342 2129 2401 fraudes

541 2439 881 2497 occultando.

615 2531 869 2587 Semivivo
922 2529 1120 2586 relicto.
1184 2527 1518 2585 Semivivum
1581 2527 1950 2599 reliquerunt,
2001 2527 2130 2597 quia

540 2625 932 2681 beatitudinem
966 2624 1090 2679 vitae
1117 2623 1442 2678 immortalis
1488 2637 1705 2687 exuere,
1735 2621 1830 2676 sed
1871 2636 1979 2677 non
2007 2635 2132 2677 sen-

544 2733 663 2772 sum
709 2715 937 2770 rationis
966 2714 1182 2771 abolere
1207 2715 1512 2769 valuerunt.
1544 2713 1622 2767 Ex
1667 2727 1772 2782 qua
1805 2713 1949 2768 enim
1976 2721 2132 2784 parte

543 2822 734 2878 sapere
781 2815 838 2863 et
885 2821 1210 2878 cognoscere
1259 2808 1430 2862 Deum
1477 2812 1656 2875 potest
1697 2805 1851 2862 vivus
1898 2814 1981 2862 est
2035 2807 2132 2862 ho-

547 2913 676 2965 mo,
715 2914 783 2954 ex
833 2913 941 2968 qua
978 2901 1122 2952 vero
1148 2897 1385 2967 peccatis
1430 2895 1766 2952 contabescit
1809 2904 1865 2950 et
1910 2896 2131 2953 miseria

545 2989 750 3057 deﬁcit,
778 2996 1026 3046 mortuus
1051 2989 1216 3056 idem,
1239 2987 1598 3059 lethiferoque
1637 2995 1722 3044 est
1761 2988 1986 3046 vulnere
2029 2987 2134 3045 foe-

547 3081 722 3136 datus.

617 3170 823 3226 Accidit
850 3179 1024 3227 autem
1050 3211 1064 3238 ,
1114 3179 1218 3226 etc.
1259 3169 1529 3229 Sacerdos
1561 3180 1614 3228 et
1643 3171 1857 3239 Levita,
1887 3172 1982 3243 qui
2015 3171 2132 3229 viso

548 3263 732 3318 saucio
760 3263 1109 3329 transierunt,
1143 3265 1505 3320 sacerdotium
1535 3273 1589 3320 et
1628 3263 2008 3319 ministerium
2027 3263 2132 3319 Ve-

550 3356 680 3411 teris
717 3354 1048 3412 Testamenti
1077 3364 1160 3412 est
1184 3397 1199 3424 ,
1240 3357 1332 3412 ubi
1363 3372 1460 3428 per
1506 3356 1642 3427 legis
1679 3357 1899 3412 decreta
1945 3356 2133 3413 mundi

549 3446 853 3516 languentis
905 3446 1131 3502 vulnera
1192 3448 1488 3504 monstrari
1548 3456 1806 3514 tantum,
1857 3462 1966 3503 non
2030 3462 2132 3503 au-

553 3550 660 3594 tem
693 3541 874 3596 curari
910 3548 1190 3610 poterant,
1216 3543 1344 3612 quia
1367 3541 1702 3614 impossibile
1723 3548 1861 3607 erat,
1900 3547 1960 3595 ut
1994 3540 2136 3611 Apo-

550 3633 718 3688 stolus
745 3634 857 3688 ait:
901 3634 1169 3705 Sanguine
1197 3633 1482 3689 uitulorum
1525 3642 1574 3688 et
1616 3633 1886 3687 hircorum
1929 3631 2134 3702 auferri

550 3735 781 3797 peccata.

537 3887 546 3895 _
621 3815 988 3874 Samaritanus
1019 3827 1196 3874 autem
1221 3819 1436 3892 quidam
1465 3820 1564 3876 iter
1588 3821 1849 3875 transiens
1879 3820 2014 3875 venit
2042 3805 2126 3875 se-

558 3927 649 3964 cus
671 3926 812 3979 eum,
845 3921 892 3966 et
917 3913 1118 3978 videns,
1151 3921 1256 3967 etc.
1292 3910 1666 3968 Samaritanus
1695 3912 1786 3981 qui
1812 3912 2135 3981 interpreta-

554 4008 644 4054 tur
671 4008 854 4057 custos
874 4043 888 4069 ,
916 4003 1085 4058 Deum
1111 4002 1416 4074 signiﬁcat,
1446 4003 1532 4058 cui
1563 4002 1866 4058 rectissime
1891 4001 2135 4074 Prophe-

553 4101 605 4148 ta
622 4135 635 4160 ,
663 4109 730 4149 ne
757 4094 856 4150 hos
884 4095 1121 4151 latrones
1147 4094 1320 4167 possit
1351 4094 1656 4160 incurrere,
1691 4094 1958 4164 supplicat
1985 4108 1999 4147 :
2027 4092 2134 4148 Cu-

552 4188 692 4242 stodi
736 4203 845 4253 me,
871 4188 1141 4258 inquiens,
1166 4205 1198 4244 a
1224 4188 1416 4260 laqueo
1445 4204 1608 4259 quem
1635 4194 1939 4242 statuerunt
1965 4186 2097 4240 mili
2114 4225 2130 4251 ,

553 4289 608 4334 et
638 4295 668 4333 a
697 4281 966 4336 scandalis
995 4282 1345 4352 operantibus
1375 4281 1718 4353 iniquitatem
1752 4279 1944 4352 (Psal.
1974 4277 2130 4352 exe).

554 4371 658 4438 Qui
693 4381 914 4441 propter
945 4388 1043 4428 nos
1069 4373 1315 4430 homines
1334 4415 1349 4442 ,
1383 4382 1439 4430 et
1470 4382 1695 4446 propter
1720 4383 1964 4429 nostram
1993 4372 2134 4428 salu-

477 4461 480 4464 ’
558 4472 665 4517 tem
706 4465 1036 4520 descendens
1071 4465 1138 4520 de
1174 4467 1339 4532 cmlo,
1371 4467 1497 4522 vitae
1530 4467 1814 4536 praesentis
1853 4467 1960 4522 iter
1997 4465 2137 4522 arri-

555 4561 702 4626 puit,
734 4566 788 4613 et
816 4559 962 4614 venit
991 4575 1150 4616 secus
1189 4574 1314 4615 eum
1356 4562 1448 4631 qui
1477 4562 1793 4617 vulneribus
1819 4562 2136 4618 tabescebat
2158 4602 2212 4662 Β

559 4647 794 4715 inflictis,
828 4651 933 4706 hoc
957 4658 1070 4718 est,
1101 4651 1158 4706 in
1187 4652 1593 4708 similitudinem
1624 4653 1904 4709 hominum
1933 4653 2131 4723 factus,

557 4750 611 4795 et
656 4741 842 4797 habitu
888 4742 1138 4799 inventus
1175 4751 1235 4799 ut
1269 4745 1430 4799 homo
1471 4743 1724 4816 (Philipp.
1766 4745 1851 4817 ιι),
1890 4760 2136 4816 compas-

558 4831 725 4887 sionis
761 4841 961 4889 nostra:
987 4836 1328 4905 susceptione
1356 4835 1638 4904 ﬁnitimus,
1661 4844 1716 4892 et
1748 4838 2138 4895 misericordiae

555 4921 731 4979 factus
758 4933 842 4980 est
865 4924 1235 4982 consolatione
1260 4928 1490 4985 vicinus.

629 5011 698 5066 Et
728 5016 1060 5087 appropians,
1092 5016 1324 5089 alligavit
1348 5018 1564 5074 uulnera
1590 5019 1736 5090 ejus,
1767 5027 1874 5075 etc.
1906 5018 2138 5078 Peccata

557 5119 678 5174 qute
720 5105 774 5160 in
812 5106 1120 5164 hominibus
1158 5109 1403 5174 invenit,
1447 5109 1818 5181 redarguendo
1854 5110 2134 5177 cohibuit,

557 5212 709 5269 spem
736 5199 903 5254 veniae
929 5201 1346 5272 pmnitentibus,
1377 5209 1638 5257 terrorem
1666 5217 1841 5270 ptena:
1865 5203 2140 5273 peccanti-

557 5289 659 5345 bus
688 5290 975 5348 incutiens.
1013 5292 1213 5364 Alligat
1249 5293 1394 5348 enim
1429 5292 1655 5347 vulnera
1690 5293 1816 5349 dum
1850 5296 2135 5365 praecipit:

556 5385 939 5444 Paenitentiam
971 5391 1134 5463 agite.
1185 5389 1420 5446 lnfundit
1451 5388 1628 5444 oleum
1656 5389 1783 5445 dum
1811 5398 1866 5445 et
1889 5390 2095 5445 addidit
2122 5408 2134 5445 :

557 5479 1025 5550 Appropinquabit
1059 5483 1201 5537 enim
1238 5497 1463 5553 regnum
1499 5480 1780 5537 calorum.
1809 5480 2045 5537 lnfundit
2080 5489 2137 5536 et

559 5568 744 5623 vinum
780 5571 906 5626 dum
935 5573 1066 5628 dicit
1097 5587 1112 5626 :
1142 5570 1332 5628 Omnis
1362 5573 1541 5637 arbor,
1577 5587 1698 5643 quae
1724 5588 1832 5628 non
1862 5571 1992 5628 facit
2022 5571 2136 5628 fru-

558 5666 704 5715 ctum
732 5661 932 5718 bonum
959 5664 1238 5720 excidetur
1266 5672 1322 5719 et
1348 5664 1403 5719 in
1436 5663 1617 5737 ignem
1648 5664 1912 5718 mittetur.

629 5755 699 5810 Et
743 5757 1010 5828 imponens
1046 5757 1198 5812 illum
1240 5759 1297 5813 in
1327 5758 1628 5829 jumentum
1671 5773 1856 5821 suum,
1899 5761 2003 5810 etc.
2041 5753 2138 5812 Ju-

562 5854 802 5903 mentum
835 5846 955 5916 ejus
983 5856 1070 5906 est
1096 5864 1226 5906 caro
1250 5889 1265 5916 ,
1294 5850 1350 5906 in
1379 5864 1484 5918 qua
1513 5848 1583 5906 ad
1609 5863 1710 5905 nos
1735 5847 1919 5905 venire
1949 5849 2136 5918 digna-

2217 594 2330 642 stra
2360 587 2594 656 portavit
2629 585 2686 640 in
2715 600 2944 656 corpore
2972 601 3071 642 suo
3099 601 3265 657 super
3291 585 3498 658 lignum
3519 627 3535 652 ,
3570 597 3628 644 et
3655 589 3820 660 juxta

2221 680 2381 734 aliam
2417 678 2730 750 parabolam
2771 679 3047 734 inventam
3069 719 3084 746 ,
3126 695 3248 750 quae
3299 687 3612 746 erraverat,
3655 696 3821 738 ovem

2220 772 2461 827 humeris
2487 772 2600 828 suis
2625 771 2932 842 impositam
2954 813 2968 838 ,
2999 774 3297 843 reportavit
3318 772 3386 827 ad
3412 789 3632 846 gregem
3660 773 3820 845 (Luc.

2220 864 2353 936 xv).
2381 864 2567 934 Itaque
2601 865 2805 935 imponi
2828 862 3076 934 jumento
3099 871 3224 931 est,
3256 864 3313 919 in
3342 865 3516 935 ipsam
3552 866 3820 920 incarna-

2221 957 2427 1012 tionem
2457 955 2661 1012 Christi
2707 956 2962 1021 credere,
3003 954 3228 1027 ejusque
3279 958 3556 1029 mysteriis
3607 957 3823 1013 initiari

2221 1049 2412 1114 simul,
2443 1056 2499 1104 et
2526 1049 2595 1103 ab
2623 1048 2796 1103 hostis
2817 1048 3126 1103 incursione
3152 1048 3342 1103 tutari.
3388 1047 3689 1105 Stabulum
3723 1066 3824 1104 au-

2223 1152 2333 1198 tem
2374 1147 2459 1196 est
2492 1139 2733 1196 Ecclesia
2768 1156 3041 1211 praesens,
3081 1141 3177 1197 ubi
3214 1141 3534 1197 reﬁciuntur
3570 1142 3826 1198 viatores

2224 1235 2292 1290 de
2333 1236 2770 1307 peregrinatione
2839 1239 2943 1295 hac
3011 1239 3068 1294 in
3117 1245 3380 1294 aeternam
3431 1240 3675 1310 patriam
3736 1256 3824 1294 re-

2225 1330 2485 1395 deuntes,
2523 1335 2580 1384 et
2613 1330 2752 1386 bene
2781 1329 3028 1400 jumento
3066 1332 3381 1402 impositum
3422 1333 3577 1388 duxit
3615 1333 3677 1387 in
3720 1341 3826 1388 sta-

2223 1420 2442 1487 bulum,
2499 1421 2627 1492 quia
2672 1438 2832 1478 nemo
2880 1423 2988 1479 nisi
3039 1425 3380 1494 baptizatus,
3439 1425 3545 1480 nisi
3599 1426 3825 1494 corpori

2224 1511 2427 1568 Christi
2456 1513 2739 1580 adunatus,
2772 1514 3070 1570 Ecclesiam
3101 1515 3343 1570 intrabit.

2298 1605 2367 1658 Et
2393 1604 2561 1660 altera
2586 1605 2671 1661 die
2693 1606 2912 1678 protulit
2935 1607 3067 1662 duos
3091 1608 3358 1674 denarios,
3384 1617 3489 1664 etc.
3513 1608 3714 1663 Altera
3741 1610 3827 1665 die

2225 1707 2349 1771 post
2363 1699 2575 1755 Domini
2596 1701 3051 1757 resurrectionem
3069 1743 3084 1769 ,
3109 1716 3236 1757 nam
3255 1709 3312 1756 et
3331 1711 3456 1756 ante
3476 1703 3709 1772 quidem
3734 1718 3828 1773 per

2228 1791 2504 1862 Evangelii
2526 1791 2609 1847 sui
2634 1793 2866 1862 gratiam
2891 1793 3295 1848 illuminaverat
3328 1793 3415 1848 his
3454 1794 3547 1863 qui
3576 1794 3632 1848 in
3665 1805 3825 1849 tene-

2151 1871 2200 1931 B
2224 1883 2340 1940 bris
2369 1890 2425 1939 et
2451 1883 2507 1939 in
2535 1885 2726 1939 umbra
2751 1885 2945 1941 mortis
2974 1886 3258 1952 sedebant,
3291 1886 3386 1941 sed
3410 1887 3613 1956 potior,
3633 1903 3827 1942 resur-

2223 1977 2470 2034 rectione
2505 1977 2810 2045 celebrata,
2838 1986 3113 2051 perpetuae
3141 1979 3278 2033 lucis
3305 1979 3563 2049 splendor
3593 1978 3826 2034 effulsit.

2229 2070 2348 2127 Duo
2378 2070 2586 2126 denarii
2616 2077 2741 2126 sunt
2769 2071 2875 2126 duo
2903 2070 3249 2126 Testamenta
3271 2111 3286 2136 ,
3317 2071 3374 2124 in
3403 2070 3601 2140 quibus
3629 2073 3828 2126 aeterni

2226 2162 2393 2235 Regis
2430 2177 2629 2218 nomen
2657 2171 2710 2218 et
2740 2163 2920 2234 imago
2948 2163 3278 2219 continetur.
3318 2161 3470 2217 Finis
3504 2163 3652 2221 enim
3693 2163 3830 2235 legis

2229 2253 2514 2323 Christus,
2556 2257 2648 2326 qui
2685 2256 2856 2311 altera
2895 2256 2981 2311 die
3015 2255 3214 2326 prolati
3249 2255 3446 2309 dantur
3485 2255 3827 2322 stabulario,

2229 2346 2355 2416 quia
2385 2354 2512 2402 tunc
2541 2347 2751 2418 aperuit
2777 2347 2883 2404 illis
2913 2361 3166 2412 sensum,
3199 2355 3259 2401 ut
3290 2347 3660 2418 intelligerent
3686 2349 3828 2403 scri-

2229 2445 2436 2507 pturas.
2493 2437 2679 2493 Altera
2728 2439 2818 2494 die
2870 2437 3200 2494 stabularius
3251 2437 3540 2504 denarios,
3587 2454 3829 2510 quorum

2228 2527 2405 2599 pretio
2450 2527 2795 2584 vulneratum
2846 2538 3092 2597 curaret,
3131 2531 3377 2600 accepit,
3415 2531 3540 2601 quia
3584 2529 3828 2601 Spiritus

2231 2627 2451 2675 sanctus
2483 2621 2780 2678 adveniens
2827 2623 3015 2678 docuit
3059 2623 3335 2692 apostolos
3372 2639 3591 2679 omnem
3629 2626 3830 2684 verita-

2233 2720 2340 2766 tem
2361 2751 2376 2778 ,
2416 2727 2524 2782 quo
2561 2713 2811 2784 gentibus
2860 2714 3170 2770 erudiendis
3200 2714 3410 2770 instare
3443 2725 3611 2786 atque
3645 2716 3831 2774 Evan-

2231 2805 2427 2877 gelium
2455 2806 2754 2876 praedicare
2783 2807 3112 2864 sufﬁcerent.

2283 2897 2374 2952 .Et
2410 2898 2752 2971 quodcunque
2787 2901 3236 2972 supererogaveris
3257 2941 3272 2968 ,
3329 2918 3424 2974 ego
3462 2918 3585 2958 cum
3620 2905 3830 2959 rediero

2233 2988 2453 3044 reddam
2509 2991 2624 3045 tibi.
2668 2990 3036 3064 Supererogat
3065 2993 3416 3062 stabularius,
3444 2997 3588 3066 quod
3615 2997 3671 3051 in
3694 2997 3832 3054 duo-

2231 3081 2334 3137 bus
2360 3081 2598 3138 denariis
2634 3099 2744 3138 non
2784 3085 3024 3154 accepit,
3055 3100 3183 3141 cum
3214 3085 3348 3142 dicit
3380 3087 3675 3158 Apostolus
3701 3108 3718 3142 :
3755 3090 3833 3146 De

2232 3174 2535 3248 virginibus
2584 3184 2764 3232 autem
2816 3187 3148 3250 praeceptum
3198 3179 3414 3234 Domini
3462 3196 3571 3236 non
3619 3182 3829 3252 habeo,

2235 3269 2518 3326 consilium
2554 3277 2735 3324 autem
2773 3271 2861 3326 do.
2909 3272 3150 3341 Itemque
3199 3279 3254 3326 et
3300 3271 3562 3327 Dominus
3602 3273 3830 3328 ordina-

2234 3363 2313 3418 vit
2348 3363 2466 3430 his,
2506 3364 2600 3434 qui
2634 3364 2986 3436 Evangelium
3023 3365 3382 3430 annuntiant,
3424 3366 3491 3421 de
3530 3366 3833 3438 Evangelia

2232 3455 2452 3523 vivere,
2479 3456 2576 3512 sed
2600 3471 2708 3511 non
2736 3457 2821 3511 usi
2859 3472 3046 3512 sumus
3087 3459 3191 3514 hac
3225 3466 3526 3528 potestate,
3558 3475 3630 3515 ne
3668 3475 3832 3531 quem

2235 3555 2478 3605 vestrum
2515 3562 2902 3620 gravaremus,
2937 3550 3026 3604 cui
3061 3550 3279 3606 rediens
3317 3551 3462 3621 quod
3496 3553 3829 3623 promiserat

2236 3641 2448 3697 debitor
2481 3639 2700 3708 reddet,
2741 3640 2868 3709 quia
2905 3639 3128 3696 veniens
3163 3641 3219 3695 in
3245 3640 3512 3710 judicium
3564 3643 3830 3699 Dominus

2236 3733 2372 3790 dicit
2400 3750 2413 3788 :
2445 3731 2584 3799 Quia
2610 3746 2775 3804 super
2809 3746 2983 3801 pauca
3019 3731 3170 3787 fuisti
3207 3732 3383 3788 ﬁdelis
3404 3773 3419 3797 ,
3457 3748 3621 3804 super
3660 3735 3831 3790 multa

2234 3838 2290 3884 te
2335 3827 2690 3891 constituam,
2740 3825 2887 3881 intra
2933 3841 2990 3882 in
3036 3825 3293 3899 gaudium
3338 3826 3556 3882 Domini
3593 3828 3692 3883 Dei
3749 3830 3828 3883 tui

2237 3919 2411 3993 (Luc.
2447 3935 2526 3974 xu
2553 3918 2596 3991 ).
3119 3911 3145 3930 ‘

2309 4012 2439 4079 Quis
2487 4014 2674 4068 horum
2721 4013 2884 4069 trium
2926 4014 3134 4070 videtur
3174 4015 3272 4070 tibi
3302 4015 3580 4087 proximus
3619 4016 3832 4084 fuisse?

2235 4115 2341 4163 etc.
2373 4104 2536 4161 Juxta
2565 4106 2804 4162 litteram
2833 4107 3118 4164 manifesta
3152 4115 3236 4164 est
3273 4108 3488 4164 Domini
3529 4109 3828 4176 sententia,

2235 4196 2444 4254 nullum
2489 4197 2646 4254 nobis
2689 4198 2920 4270 amplius
2969 4215 3132 4269 quam
3182 4201 3276 4272 qui
3329 4199 3665 4257 misereatur
3710 4217 3830 4257 esse

2235 4290 2578 4360 proximum,
2622 4291 2717 4346 sed
2772 4293 3179 4365 Hierosolymiti
3228 4296 3335 4351 civi
3382 4312 3491 4352 non
3535 4299 3828 4363 sacerdos,

2236 4396 2345 4437 non
2374 4381 2536 4437 levita
2562 4398 2630 4438 ex
2657 4384 2847 4438 eadem
2875 4393 3070 4456 gente,
3104 4386 3215 4442 imo
3247 4388 3301 4442 in
3330 4390 3521 4443 eadem
3552 4391 3691 4444 urbe
3721 4390 3829 4445 nati

2236 4480 2293 4529 et.
2339 4474 2561 4540 nutriti,
2609 4474 2704 4531 sed
2754 4485 2957 4532 exterae
3003 4477 3180 4548 gentis
3226 4478 3445 4547 accola,
3491 4481 3623 4550 quia
3658 4482 3829 4552 magis

2237 4566 2494 4624 misertus
2519 4575 2634 4634 est,
2663 4566 2839 4624 factus
2865 4577 2949 4624 est
2969 4569 3271 4640 proximus.
3305 4568 3619 4626 Sacratiore
3647 4581 3825 4627 autem

2237 4659 2551 4727 intellectu,
2579 4661 2838 4732 quoniam
2884 4677 3044 4718 nemo
3087 4663 3262 4734 magis
3306 4664 3622 4735 proximus,
3666 4682 3828 4736 quam

2239 4752 2332 4823 qui
2371 4752 2597 4807 vulnera
2630 4765 2818 4808 nostra
2852 4754 3097 4821 curavit,
3132 4754 3422 4826 diligamus
3483 4771 3611 4811 eum
3671 4759 3824 4827 quasi

2240 4843 2528 4898 Dominum
2574 4843 2742 4899 Deum
2794 4854 3072 4911 nostrum,
3123 4845 3411 4916 diligamus
3446 4848 3603 4917 quasi
3644 4849 3828 4918 proxi-

2240 4953 2429 5003 mum,
2487 4936 2624 4991 nihil
2681 4938 2824 4992 enim
2886 4947 2996 4993 tam
3047 4940 3397 5008 proximum,
3449 4955 3616 5010 quam
3668 4950 3825 5010 caput

2240 5025 2532 5093 membris,
2593 5027 2882 5098 diligamus
2927 5027 3092 5084 etiam
3141 5043 3265 5084 eum
3314 5029 3407 5098 qui
3455 5029 3701 5085 imitator
3745 5040 3822 5085 est

2242 5118 2465 5174 Christi.

2312 5207 2383 5262 Et
2420 5209 2495 5263 ait
2533 5207 2613 5264 illi
2635 5206 2836 5264 Iesus:
2872 5207 3019 5264 Vade
3044 5218 3091 5264 et
3123 5218 3212 5277 tu,
3242 5218 3349 5266 etc.
3379 5208 3437 5266 ld
3464 5217 3581 5276 est,
3612 5219 3673 5266 ut
3700 5227 3824 5266 vene

2239 5307 2294 5354 te
2336 5300 2646 5369 proximum
2693 5300 2835 5356 sicut
2874 5307 2929 5355 te
2975 5301 3150 5370 ipsum
3198 5301 3423 5372 diligere
3466 5303 3820 5366 manifestes,

2243 5391 2504 5460 quidquid
2533 5390 2682 5444 vales
2724 5391 2779 5444 in
2821 5391 2937 5462 ejus
2983 5392 3067 5447 vel
3115 5393 3384 5462 corporali
3430 5394 3516 5449 vel
3559 5393 3821 5465 spirituali

2239 5481 2565 5536 necessitate
2593 5480 2923 5537 sublevanda
2953 5483 3175 5539 devotus
3202 5500 3450 5555 operare.

2413 5589 2840 5646 HEBDOMADA
2875 5593 2969 5650 XV
3006 5592 3182 5649 POST
3216 5591 3646 5651 PENTECOS'I‘.

2240 5697 2434 5739 LECTIO
2466 5699 2738 5740 EPISTOLE
2780 5700 2941 5741 ΒΕΛΤΙ
2978 5702 3134 5740 PAULI
3168 5702 3425 5742 APOSTOLI
3458 5703 3527 5742 AD
3560 5701 3822 5751 ϐΔιΑτΔε,
3861 5725 3868 5736 ο

2929 5772 3047 5812 CAP.
3085 5773 3137 5811 ν.

2319 5864 2337 5900 ι
2372 5845 2573 5917 Spiritu
2603 5847 2903 5915 ambulate,
2935 5856 2989 5904 et
3017 5847 3285 5906 desideria
3313 5851 3496 5909 carnis
3520 5865 3632 5909 non
3659 5851 3822 5924 perﬁ-
