4026 6510
262 417 373 480 449

1101 404 1620 470 COLLECTIONES
1657 404 1725 462 IN
1765 401 2148 462 EPISTOLAS
2185 400 2275 457 ET
2312 398 2726 458 EVANGELIA.

3429 399 3534 456 450

270 555 294 588 α
334 513 513 591 cietis.
545 529 687 587 Caro
715 528 861 585 enim
886 526 1224 598 concupiscit
1265 493 1524 580 adversus
1565 517 1816 590 spiritum
1835 555 1851 581 ,
1879 515 1934 580 Α
1956 511 2139 568 miniis
2169 511 2488 585 gloriantur,
2518 520 2574 569 et
2601 517 2795 583 putant
2837 506 2887 565 si
2926 505 3261 581 expleverint
3286 507 3538 583 volupta—

274 647 296 681 ι
335 625 562 699 spiritus
597 631 780 679 autem
815 623 1076 678 adversus
1112 634 1356 676 carnem.
1398 617 1525 673 Hac
1561 615 1706 670 enim
1755 611 1860 668 sibi

274 741 298 776 ι
339 721 576 776 invicem
601 717 972 780 adversantur,
1001 721 1063 769 ut
1087 729 1195 768 non
1220 721 1555 784 quaecunque
1579 705 1743 762 vultis
1767 703 1860 758 illa

276 833 298 867 ι
337 811 575 868 faciatis.
609 808 764 876 Quod
792 807 838 864 si
869 806 1062 878 spiritu
1092 803 1386 870 ducimini,
1429 816 1537 857 non
1582 798 1715 854 estis
1760 795 1860 852 sub

278 925 300 958 ι
338 905 478 976 lege.
531 899 813 957 Manifesta
860 907 1040 955 autem
1088 904 1215 953 sunt
1263 911 1428 968 opera
1475 892 1688 958 carnis,
1741 903 1862 960 quae

279 1017 302 1051 ‹
342 1004 471 1054 sunt
512 993 833 1060 fornicatio,
882 991 1252 1056 immunditia,
1301 985 1660 1060 impudicitia,
1703 982 1861 1037 luxu-

280 1111 301 1144 ι
339 1092 443 1158 ria,
475 1089 739 1146 idolorum
764 1088 1016 1154 servitus,
1047 1085 1335 1149 veneﬁcia,
1369 1081 1701 1148 inimicitiae;
1736 1094 1864 1135 eon-

282 1202 304 1237 c
341 1183 646 1249 tentiones,
679 1181 1086 1248 aemulationes,
1112 1179 1234 1244 irae,
1268 1177 1435 1243 rixae,
1467 1174 1860 1239 dissensiones,

285 1294 309 1329 ι
346 1283 544 1342 sectae,
581 1273 828 1340 invidias,
865 1270 1190 1337 homicidia,
1230 1269 1558 1334 ebrietates,
1595 1279 1865 1321 comessa-

286 1388 307 1422 ι
346 1369 522 1424 tiones
543 1408 560 1434 ,
595 1375 651 1423 et
685 1366 771 1423 his
807 1365 1022 1422 similia.
1059 1364 1189 1433 Quae
1220 1362 1459 1435 praedico
1495 1361 1684 1428 vobis,
1723 1360 1867 1416 sicut

287 1479 307 1514 ι
346 1459 606 1532 praedixi,
642 1459 898 1530 quoniam
931 1457 1026 1529 qui
1058 1456 1188 1512 talia
1236 1463 1436 1529 agunt,
1493 1467 1717 1524 regnum
1767 1450 1866 1506 Dei

289 1573 310 1606 ι
345 1568 454 1609 ιιοιι
479 1558 897 1623 consequentur.
923 1548 1155 1605 Fructus
1178 1547 1358 1604 autem
1385 1546 1609 1617 spiritus
1632 1553 1716 1600 est
1739 1544 1868 1599 cha-

289 1664 311 1698 ‹
348 1646 515 1714 ritas,
562 1644 852 1718 gaudium,
903 1657 1040 1713 pax,
1090 1640 1394 1712 patientia,
1446 1635 1863 1708 longanimitas,

291 1757 311 1790 ι
349 1738 593 1805 bonitas,
621 1737 958 1810 benignitas,
989 1734 1366 1799 mansuetudo,
1395 1731 1546 1798 fides,
1578 1729 1866 1796 modestia,

292 1850 312 1883 ι
349 1833 675 1888 continentia
694 1872 709 1898 ,
741 1831 983 1887 castitas.
1012 1830 1287 1886 Adversus
1313 1825 1621 1897 huiusmodi
1650 1839 1756 1880 non
1783 1830 1868 1880 est

1957 613 2070 662 tem
2117 605 2440 676 quamdam,
2484 618 2544 660 se
2583 601 2919 674 turpitudine
2987 601 3276 658 victoriam
3339 618 3536 660 conse-

1959 708 2131 755 cutos.
2167 697 2275 754 Sed
2309 706 2365 754 et
2398 697 2528 752 illud
2564 696 2864 768 eleganter,
2899 694 3045 767 quod
3078 694 3135 752 in
3169 710 3333 751 carne
3371 711 3535 766 opera

1958 791 2171 862 posuit,
2202 789 2411 846 fructus
2449 789 2507 845 in
2547 788 2773 860 spiritu,
2819 787 2945 859 quia
2984 788 3115 844 vitia
3155 787 3210 843 in
3251 788 3541 860 semetipsa

1960 879 2246 947 finiuntur,
2287 888 2343 936 et
2381 885 2640 952 pereunt,
2669 879 2901 934 virtutes
2942 877 3208 937 fructibus
3235 876 3536 950 pullulant,

1960 979 2016 1026 et
2045 971 2369 1026 redundant.

2036 1062 2169 1130 Qua:
2196 1073 2316 1118 sunt
2346 1062 2646 1134 fornicatio.
2681 1062 2924 1118 Primum
2966 1062 3148 1134 itaque
3187 1065 3368 1120 carnis
3407 1078 3546 1135 opus

1962 1161 2047 1209 est
2073 1153 2398 1221 fornicatio,
2436 1170 2600 1224 quam
2640 1154 2696 1209 in
2738 1153 2963 1210 exordio
2989 1157 3207 1225 posuit,
3238 1171 3307 1211 ne
3337 1156 3403 1211 de
3433 1170 3549 1211 meo

1967 1246 2071 1303 diis
2100 1245 2457 1318 ambigamus.
2479 1246 2650 1302 Omne
2671 1245 2815 1302 enim
2843 1245 3202 1316 quodcunque
3223 1244 3414 1302 fecerit
3440 1247 3544 1302 ho-

1965 1354 2056 1395 mo
2083 1347 2242 1394 extra
2271 1354 2470 1409 corpus
2499 1346 2613 1406 est,
2644 1338 2737 1410 qui
2767 1346 2952 1393 autem
2978 1336 3311 1404 fornicatur,
3340 1337 3397 1394 in
3425 1352 3552 1394 cor-

1965 1447 2067 1503 pus
2096 1447 2254 1488 suum
2283 1437 2495 1502 peccat.
2524 1431 2584 1487 In
2611 1447 2677 1488 eo
2721 1431 3021 1487 fornicator
3061 1428 3282 1500 majoris
3319 1438 3403 1486 est
3441 1431 3552 1488 cri-

1965 1524 2130 1579 minis
2151 1563 2165 1589 ,
2198 1525 2324 1593 quia
2351 1522 2486 1578 tollit
2515 1524 2748 1578 membra
2786 1521 3018 1590 Christi,
3045 1532 3092 1578 et
3118 1522 3247 1593 facit
3287 1540 3351 1577 ca
3389 1540 3554 1579 mem-

1970 1613 2064 1667 bra
2096 1615 2404 1680 meretricis,
2436 1613 2610 1669 Erunt
2639 1616 2836 1686 quippe
2864 1615 2970 1671 duo
3000 1615 3055 1670 in
3083 1629 3250 1671 carne
3281 1631 3421 1684 una;
3457 1618 3551 1686 qui

1971 1722 2080 1762 non
2107 1713 2192 1762 est
2217 1706 2412 1775 ﬁdelis,
2439 1723 2541 1764 nec
2566 1709 2743 1764 credit
2769 1708 2826 1764 in
2850 1708 3128 1765 Christum
3144 1750 3159 1777 ,
3188 1726 3286 1766 sua
3309 1710 3552 1767 membra

1969 1795 2102 1854 facit
2131 1800 2377 1870 membra
2413 1801 2739 1858 meretricis.
2772 1800 2876 1868 Qui
2907 1809 3090 1858 autem
3119 1803 3292 1860 credit
3333 1812 3388 1860 et
3439 1803 3554 1860 for-

292 1881 314 1975 ;
1502 1932 1657 1974 suam
1683 1914 1865 1973 πυρί,
1893 1881 1941 1942 Β
1968 1889 2206 1956 nicatur,
2233 1889 2436 1946 Christi
2462 1893 2708 1948 membra
2738 1891 2870 1947 facit
2898 1894 3143 1949 membra
3173 1895 3500 1952 meretricis.

293 2030 316 2064 ι
353 2012 586 2069 ﬁxerunt
613 2028 736 2068 cum
764 2013 912 2068 vitiis
940 2018 997 2068 et
1023 2007 1496 2081 concupiscentiis.
1536 2027 1555 2060 ι

362 2105 566 2176 Spiritu
597 2103 892 2170 ambulate,
941 2112 988 2158 et
1027 2102 1380 2168 desiderium,
1412 2109 1519 2156 etc.
1565 2098 1677 2155 Hoc
1703 2097 1869 2169 tripli-

288 2193 427 2252 citer
450 2195 821 2266 accipiendum
842 2235 856 2261 ,
879 2201 940 2249 ιιι
963 2194 1207 2250 dicamus
1228 2208 1343 2258 eos,
1367 2192 1460 2262 qui
1487 2192 1680 2262 spiritu
1703 2205 1869 2262 opera

290 2284 474 2341 carnis
505 2284 986 2351 mortiﬁcaverint,
1026 2293 1082 2340 et
1114 2284 1500 2341 seminaverint
1535 2283 1592 2338 in
1637 2283 1863 2353 spiritu,

289 2384 352 2430 ut
378 2377 446 2432 de
473 2377 665 2447 Spiritu
693 2384 897 2433 metant
928 2377 1092 2432 vitam
1121 2384 1380 2432 aeternam
1400 2416 1414 2443 ,
1440 2376 1873 2448 quotiescunque

290 2467 632 2537 voluptatem
659 2468 840 2524 carnis
865 2468 1133 2524 senserint
1162 2468 1381 2523 titillare
1401 2509 1416 2535 ,
1447 2484 1555 2524 non
1586 2465 1875 2538 perﬁciant

291 2555 624 2612 desiderium
649 2556 785 2627 eius.
811 2557 930 2612 Alio
952 2558 1113 2615 modo
1139 2573 1233 2614 eos
1256 2557 1532 2614 ambulare
1562 2558 1754 2628 spiritu
1774 2599 1788 2624 ,
1819 2565 1875 2612 et

292 2639 496 2704 carnis
515 2649 841 2706 desiderium
875 2667 982 2707 non
1010 2653 1271 2722 perﬁcere
1299 2653 1558 2720 dicimus,
1588 2653 1684 2722 qui
1712 2652 1874 2724 spiri-
1898 2713 1902 2716 ,

297 2741 482 2797 taliter
509 2743 860 2814 egrediuntur
885 2743 1178 2816 Egyptum
1199 2785 1214 2812 ,
1240 2753 1296 2801 et
1322 2744 1663 2816 spiritualem
1688 2759 1874 2800 escam

294 2842 593 2905 potumque
617 2835 684 2890 de
705 2835 970 2905 spirituali
998 2836 1255 2892 hauriunt
1275 2846 1450 2908 petra,
1478 2836 1572 2907 qui
1597 2835 1876 2892 ambulant

298 2925 354 2980 in
394 2926 648 2982 omnibus
693 2926 1066 2997 Spiritualiter,
1113 2943 1220 2983 non
1265 2929 1611 2998 perﬁcientes
1661 2941 1876 2983 carnea:

298 3018 432 3090 legis
457 3019 694 3074 litteram
713 3060 728 3085 ,
756 3018 841 3074 vel
868 3019 1225 3085 desiderium,
1255 3021 1349 3076 sed
1373 3019 1584 3077 fructus
1607 3027 1876 3076 metentes

301 3107 562 3181 Spiritalis
593 3110 968 3182 intelligentiae
999 3111 1050 3182 (1
1072 3109 1195 3166 Cor.
1217 3112 1305 3185 ις).
1336 3112 1519 3168 Tertio
1547 3111 1724 3179 modo,
1757 3111 1878 3184 qui-

299 3203 426 3258 dam
456 3203 783 3263 desiderium
812 3205 993 3260 carnis
1012 3246 1026 3270 ,
1056 3205 1111 3260 in
1140 3205 1224 3260 his
1252 3206 1438 3261 dicunt
1463 3221 1599 3272 esse,
1629 3207 1718 3277 qui
1748 3221 1874 3276 par-

299 3295 411 3351 vuli
439 3303 565 3352 sunt
592 3296 649 3351 in
677 3296 917 3365 Christo,
951 3297 1054 3353 iter
1081 3305 1260 3353 autem
1293 3298 1514 3368 spiritus
1540 3299 1594 3352 in
1620 3297 1878 3367 perfectis

300 3390 455 3446 viris.
489 3388 692 3459 Spiritu
717 3391 1003 3458 ambulate,
1032 3391 1086 3446 id
1115 3399 1198 3447 est
1216 3432 1229 3458 ,
1259 3391 1313 3445 in
1343 3391 1608 3463 gravitate
1635 3392 1879 3462 spiritus,

300 3480 358 3536 id
381 3490 494 3549 est,
521 3481 580 3538 in
605 3482 800 3537 itinere
821 3482 926 3538 viri
950 3481 1207 3552 perfecti,
1235 3489 1291 3537 et
1316 3481 1643 3538 desiderium
1669 3483 1847 3540 carnis
1863 3525 1877 3552 ,

301 3571 359 3628 id
387 3581 502 3640 est,
534 3572 906 3643 parvulorum,
938 3589 1045 3628 non
1071 3574 1382 3645 perﬁcietis.
1412 3619 1418 3624 .

376 3661 513 3718 Caro
541 3665 676 3719 enim
700 3665 1015 3736 concupiscit
1041 3666 1290 3722 adversus
1313 3667 1553 3737 spiritum
1571 3708 1586 3732 ,
1609 3677 1715 3724 etc.
1743 3669 1881 3726 Caro

301 3756 657 3827 praesentibus
683 3755 1003 3824 delectatur,
1034 3766 1089 3813 et
1118 3757 1404 3824 brevibus,
1437 3760 1661 3829 spiritus
1688 3776 1882 3832 perpe—

303 3847 412 3901 tuis
445 3855 500 3902 et
531 3847 746 3904 futuris.
783 3848 923 3905 Caro
956 3849 1102 3906 enim
1138 3850 1309 3922 frigus
1336 3851 1522 3917 timet,
1553 3863 1884 3922 aspernatur

303 3939 532 4008 famem,
570 3949 882 3998 attenuatur
913 3943 1142 4014 vigiliis,
1189 3943 1507 4000 libidinibus
1538 3944 1880 4013 exardescit,

302 4031 487 4087 mollia
513 4033 739 4102 quaerit,
771 4041 826 4087 et
849 4033 1084 4104 jucunda
1113 4033 1404 4090 desiderat.
1436 4033 1638 4090 Contra
1663 4036 1886 4107 spiritus

305 4139 371 4179 ea
398 4140 519 4193 quae
541 4125 692 4180 carni
717 4125 989 4182 contraria
1016 4133 1142 4181 sunt
1161 4167 1177 4194 ,
1203 4134 1258 4183 et
1282 4142 1402 4198 quae
1425 4126 1574 4182 illam
1601 4127 1885 4184 debilitare

301 4223 508 4284 queant
537 4216 757 4286 expetit.
785 4216 975 4283 Aliter,
1005 4234 1127 4272 caro
1155 4218 1470 4290 concupiscit
1498 4219 1748 4274 adversus
1777 4221 1885 4291 spi-

305 4306 467 4360 ritum
485 4345 500 4371 ,
532 4306 587 4361 id
614 4315 698 4362 est
716 4349 730 4374 ,
765 4307 992 4362 historia
1019 4317 1076 4363 et
1103 4309 1387 4378 scripturae
1417 4325 1646 4367 carneus
1675 4310 1886 4366 intelle-

304 4405 459 4462 ctus,
507 4406 699 4453 contra
747 4399 1058 4470 allegoriam
1103 4410 1158 4455 et
1202 4400 1538 4470 spiritualem
1581 4401 1886 4458 doctrinam

305 4496 593 4559 repugnat.
632 4488 862 4561 Spiritus
900 4499 1073 4546 autem
1111 4491 1362 4548 adversus
1400 4508 1638 4560 carnem,
1676 4493 1732 4548 id
1768 4501 1880 4561 est,

305 4581 624 4638 sublimiora
653 4582 896 4653 dejectis,
918 4593 1121 4642 aeterna
1144 4586 1423 4655 brevibus,
1447 4587 1655 4644 umbrae
1680 4588 1882 4645 veritas

305 4673 634 4744 refragatur.

384 4766 538 4832 Quod
577 4769 623 4823 si
661 4769 847 4840 spiritu
877 4770 1150 4838 ducimini,
1174 4788 1278 4826 non
1315 4773 1437 4826 estis
1477 4770 1571 4826 sub
1609 4771 1740 4842 lege.
1772 4771 1888 4828 Hoc

307 4868 428 4925 est,
480 4860 525 4914 si
575 4877 672 4917 vos
722 4869 866 4917 totos
910 4863 1283 4946 spiritualibus
1329 4864 1604 4934 occupetis
1641 4863 1884 4934 actibus,

308 4968 418 5007 non
444 4954 600 5009 vobis
625 4955 935 5010 necessaria
960 4964 1043 5010 est
1070 4955 1154 5010 lex
1177 4996 1191 5022 ,
1220 4971 1339 5026 quae
1362 4971 1469 5011 non
1495 4955 1882 5026 spiritualibus,

308 5044 407 5100 sed
428 5047 734 5103 carnalibus
753 5048 880 5103 data
897 5057 999 5104 est.
1025 5047 1233 5120 Spiritu
1255 5049 1512 5105 ducimini
1536 5051 1693 5118 dicit,
1722 5051 1776 5107 id
1802 5059 1889 5107 est

309 5135 504 5206 spiritu
537 5139 912 5208 gubernamini
932 5181 946 5206 ,
976 5155 1084 5195 non
1113 5140 1310 5211 spiritu
1336 5141 1572 5197 hominis
1591 5181 1606 5209 ,
1635 5142 1729 5197 sed
1759 5141 1879 5213 Spi-

311 5227 419 5282 ritu
463 5237 654 5286 saneto
693 5231 995 5302 significat,
1039 5231 1106 5288 de
1144 5249 1251 5304 quo
1291 5233 1581 5304 Apostolus
1624 5233 1728 5290 alio
1767 5233 1886 5291 loco

310 5319 390 5374 ait
417 5333 432 5370 :
464 5318 585 5390 Ipse
609 5322 822 5391 spiritus
850 5323 1202 5379 testimonium
1228 5325 1456 5395 perhibet
1488 5323 1673 5397 (Rom.
1705 5340 1805 5381 vm
1827 5324 1846 5398 )
1868 5367 1883 5393 ,

311 5411 525 5479 spiritui
555 5420 771 5479 nostro,
801 5415 943 5485 quod
972 5416 1140 5470 simus
1170 5414 1264 5470 ﬁlii
1292 5414 1423 5481 Dei,
1455 5429 1616 5487 quem
1649 5431 1885 5487 sequen~

311 5509 396 5556 tes
431 5502 716 5573 spiritum,
743 5505 1004 5563 efﬁcimur
1028 5506 1370 5580 spirituales.
1401 5516 1455 5563 et
1490 5509 1590 5566 sub
1620 5507 1737 5582 lege
1765 5521 1886 5566 esse

311 5588 649 5648 desistimus.

387 5682 674 5756 Manifesta
711 5697 887 5743 autem
917 5697 1036 5744 sunt
1065 5705 1222 5760 opera
1255 5690 1446 5744 carnis.
1478 5688 1535 5744 Id
1564 5697 1679 5757 est,
1708 5691 1887 5746 omni-

312 5772 416 5828 bus
459 5783 622 5844 nota,
665 5779 750 5834 vel
795 5788 942 5836 certe
985 5781 1070 5836 his
1115 5789 1326 5836 tantum
1359 5779 1679 5848 manifesta,
1712 5784 1804 5853 qui
1834 5783 1891 5840 in

316 5861 534 5925 Christo
553 5871 810 5942 credunt,
835 5889 960 5930 nam
984 5873 1198 5946 plurimi
1224 5873 1502 5947 gentilium
1525 5874 1581 5933 in
1605 5875 1717 5934 suis
1740 5874 1892 5950 igno-

2039 1981 2422 2051 Immunditia,
2453 1983 2687 2040 luxuria.
2736 1987 3048 2042 Secundum
3075 2003 3212 2058 opus
3238 1989 3419 2045 carnis
3447 1990 3552 2046 im-

1968 2075 2235 2132 munditia
2263 2087 2629 2149 nuncupatur.
2665 2077 2910 2134 Tertium
2936 2094 3067 2135 vero
3093 2080 3307 2136 luxuria
3329 2123 3344 2148 ,
3376 2082 3558 2152 sequi-

1972 2175 2062 2223 tur
2125 2170 2272 2225 enim
2337 2169 2680 2226 immunditia
2747 2187 2929 2228 comes
2977 2172 3224 2229 luxuriae.
3279 2173 3560 2241 Quomodo

1973 2259 2120 2314 enim
2148 2260 2204 2314 in
2233 2269 2416 2317 vetere
2442 2261 2560 2332 lege
2600 2260 2810 2334 (Levit.
2835 2264 2948 2336 xv)
2981 2264 3048 2318 de
3086 2263 3335 2320 nefandis
3375 2265 3560 2322 crimi-

1972 2351 2168 2417 nibus,
2199 2366 2321 2420 quae
2350 2351 2404 2406 in
2431 2352 2644 2408 occulto
2675 2352 2842 2420 ﬁunt,
2875 2363 2931 2409 et
2957 2369 3021 2410 ea
3049 2355 3334 2412 nominare
3363 2357 3563 2426 turpis-

1975 2441 2173 2496 simum
2212 2450 2324 2508 est,
2369 2457 2438 2498 ne
2477 2451 2533 2498 et
2568 2443 2797 2499 dicentis
2839 2459 2900 2501 os
2931 2455 2989 2501 et
3015 2461 3176 2502 aures
3217 2447 3555 2503 audientium

1972 2533 2366 2605 polluerentur,
2416 2535 2743 2606 generaliter
2797 2537 3066 2608 scriptura
3110 2539 3390 2610 complexa
3431 2549 3556 2608 est,

1974 2625 2162 2682 dicens
2179 2667 2194 2692 ,
2222 2627 2557 2682 verecundos
2588 2626 2674 2683 vel
2701 2637 3011 2685 reverentes
3038 2629 3198 2685 facite
3223 2630 3364 2687 ﬁlios
3391 2631 3557 2688 Israel

1974 2717 2043 2772 ab
2073 2718 2220 2772 omni
2247 2717 2708 2784 immunditia,sic
2735 2719 2791 2773 in
2821 2719 2922 2776 hoc
2947 2719 3088 2785 loco,
3120 2731 3346 2778 caeteras
3375 2730 3558 2778 extra-

1974 2807 2281 2865 ordinarias
2301 2809 2627 2879 voluptates,
2655 2809 2898 2880 ipsarum
2921 2826 3135 2882 quoque
3155 2827 3320 2883 opera
3341 2813 3556 2884 nuptia-

1975 2916 2098 2955 rum
2120 2941 2134 2968 ,
2166 2901 2212 2956 si
2241 2916 2349 2957 non
2378 2899 2685 2957 verecunde
2712 2909 2769 2956 et
2795 2918 2917 2957 cum
2948 2903 3250 2971 honestate,
3281 2904 3434 2974 quasi
3463 2906 3564 2962 sub

1976 2993 2149 3049 oculis
2189 2993 2287 3048 Dei
2329 2993 2496 3062 ﬁant,
2543 3001 2604 3048 ut
2645 3001 2856 3050 tantum
2902 2993 3092 3052 liberis
3132 2996 3424 3065 serviatur,
3457 2995 3562 3054 ini-

1975 3086 2298 3142 munditiam
2328 3094 2383 3141 et
2409 3085 2682 3142 luxuriam
2712 3087 3038 3142 nominavit.

2051 3198 2330 3255 Idolorum
2374 3201 2616 3256 servitus.
2661 3199 2924 3268 Quartum
2964 3203 3021 3257 in
3064 3203 3312 3276 catalogo
3339 3218 3565 3276 operum

1904 3277 1949 3341 C
1983 3292 2166 3348 carnis
2208 3293 2513 3349 idololatria
2551 3295 2732 3349 locum
2771 3302 2950 3362 tenet,
2979 3294 3073 3366 qui
3113 3297 3258 3351 enim
3299 3299 3465 3353 semel
3507 3315 3569 3355 se

1979 3381 2210 3440 luxuriae
2251 3385 2622 3456 voluptatique
2659 3386 2973 3453 miscuerit,
3012 3403 3122 3443 non
3157 3388 3380 3459 respicit
3411 3405 3566 3446 crea-

1979 3484 2173 3531 torem.
2214 3476 2364 3533 Alias
2415 3487 2598 3533 autem
2645 3491 2833 3534 omnes
2877 3477 3191 3535 idololatriae
3235 3478 3563 3546 festivitate,

1979 3569 2140 3641 gula,
2172 3577 2400 3638 ventre,
2427 3578 2484 3626 et
2508 3571 2594 3628 bis
2623 3585 2745 3642 quae
2783 3570 2929 3628 infra
2965 3579 3210 3630 ventrem
3257 3581 3385 3632 sunt
3423 3574 3568 3632 dele-

1980 3668 2217 3716 ctantur.

2063 3751 2345 3824 Veneﬁcia.
2379 3753 2447 3808 Et
2472 3769 2541 3810 ne
2568 3754 2797 3811 forsitan
2829 3753 3124 3822 veneﬁcia,
3168 3764 3227 3813 et
3265 3756 3565 3826 maleficia,

1982 3851 2129 3900 artes
2160 3860 2268 3900 non
2295 3843 2607 3900 viderentur
2632 3846 2687 3900 in
2715 3862 2855 3902 novo
2880 3848 3167 3918 prohibita:
3215 3856 3569 3919 testamento,

1983 3935 2113 4006 ipsae
2139 3952 2350 4008 quoque
2379 3937 2568 4008 quinto
2609 3937 2730 3994 loco
2771 3939 2915 3994 inter
2954 3941 3135 3996 carnis
3175 3956 3341 4012 opera
3384 3944 3560 4000 nomi-

1984 4036 2202 4082 nantur.
2248 4027 2402 4099 Saepe
2429 4030 2575 4085 enim
2617 4030 2842 4099 magicis
2881 4031 3089 4089 artibus
3111 4072 3126 4099 ,
3153 4041 3210 4089 et
3247 4049 3434 4091 amare
3471 4035 3575 4092 mi-

1986 4119 2126 4174 seris
2154 4120 2336 4174 evenit
2363 4127 2417 4174 et
2445 4120 2640 4176 amari.

2057 4207 2379 4263 Inimicitiae.
2425 4210 2713 4266 lnimicitia
2755 4225 2971 4283 quoque
3010 4227 3130 4284 quae
3157 4223 3282 4285 post
3307 4217 3570 4274 veneficia

1988 4311 2144 4358 sexto
2173 4303 2394 4373 ponitur
2421 4303 2540 4360 loco
2562 4344 2578 4370 ,
2605 4319 2768 4374 quem
2807 4306 3005 4361 habeat
3041 4316 3251 4362 reatum
3282 4310 3573 4368 manifesto

1986 4393 2201 4448 crimini
2235 4391 2476 4462 subjecta
2512 4395 2771 4451 declarat.
2814 4395 3085 4462 Quantum
3130 4398 3274 4456 enim
3316 4400 3370 4456 in
3413 4401 3571 4458 nobis

1985 4494 2071 4540 est
2088 4526 2102 4552 ,
2127 4486 2327 4543 nullius
2353 4503 2473 4544 esse
2501 4487 2759 4544 debemus
2782 4487 3020 4558 inimici,
3047 4490 3143 4547 sed
3168 4506 3295 4548 cum
3321 4493 3573 4549 omnibus

1990 4578 2195 4635 habere
2232 4595 2442 4651 pacem.

2063 4671 2450 4729 Contentiones.
2497 4675 2795 4745 Septimum
2823 4677 3004 4732 locum
3033 4675 3176 4732 inter
3201 4678 3383 4734 carnis
3407 4695 3576 4752 opera

1989 4763 2266 4821 contentio
2291 4765 2549 4836 possidet.
2579 4764 2810 4821 Servum
2836 4775 3018 4822 autem
3044 4766 3257 4823 Domini
3285 4785 3392 4824 non
3419 4786 3576 4840 opor-

1987 4866 2068 4914 tet
2097 4857 2298 4924 rixari,
2335 4859 2427 4913 sed
2461 4867 2805 4914 mansuetum
2832 4874 2955 4916 esse
2998 4861 3067 4916 ad
3104 4876 3293 4918 omnes
3313 4904 3327 4928 ,
3360 4863 3570 4918 docibi-
3629 4865 3643 4900 ε

1987 4949 2125 5016 lem,
2171 4950 2564 5021 longanimem,
2607 4965 2733 5006 cum
2773 4953 3190 5009 mansuetudine
3229 4954 3568 5011 erudientem

1986 5043 2152 5099 etiam
2181 5060 2275 5101 eos
2313 5043 2405 5113 qui
2436 5043 2709 5100 contrario
2737 5045 3018 5117 disputant
3044 5046 3064 5118 (
3087 5045 3154 5101 II
3182 5046 3316 5101 Tim.
3347 5063 3408 5105 ιιι
3431 5046 3472 5121 ).

2061 5136 2470 5191 Emulationes.
2526 5137 2728 5194 Octava
2784 5139 3025 5195 succedit
3078 5140 3351 5195 aemulatio
3376 5181 3392 5208 ,
3449 5155 3571 5211 quae

1987 5229 2175 5284 Graeco
2225 5243 2476 5284 sermone
2525 5231 2672 5296 ζῆλος·
2715 5229 3112 5302 signiﬁcantius
3157 5240 3213 5288 et
3251 5232 3432 5288 notius
3478 5249 3573 5305 ap-

1917 5397 1920 5399 _
1985 5319 2234 5391 pellatur.
2265 5319 2382 5387 Quo
2409 5320 2625 5390 quidem
2665 5323 2810 5378 malo
2839 5324 3023 5378 nescio
3051 5323 3174 5393 quis
3201 5332 3447 5379 nostrum
3477 5341 3574 5381 car

1989 5418 2122 5467 reat.
2155 5409 2323 5467 Zelati
2353 5419 2480 5467 sunt
2507 5413 2652 5469 enim
2683 5421 2738 5470 et
2765 5414 3090 5486 patriarchae
3113 5411 3312 5484 Ioseph
3343 5412 3567 5474 fratrem

1989 5518 2166 5558 suum.
2197 5502 2265 5556 Et
2312 5501 2482 5558 Maria
2519 5506 2812 5574 prophetes
2855 5512 2911 5560 et
2954 5504 3133 5558 Aaron
3177 5505 3274 5561 Dei
3318 5508 3572 5566 sacerdos

1990 5604 2179 5651 contra
2213 5594 2397 5652 Mosen
2427 5595 2521 5651 tali
2550 5596 2803 5667 passione
2831 5595 3041 5665 decepti
3070 5606 3213 5651 sunt.

2063 5686 2192 5742 Irw.
2223 5685 2308 5757 Ira
2332 5686 2522 5742 deinde
2552 5701 2694 5742 nono
2721 5686 2962 5740 succedit
2989 5685 3127 5753 loco,
3160 5704 3280 5760 quae
3302 5691 3574 5764 justitiam

1992 5781 2090 5838 Dei
2121 5797 2230 5840 non
2257 5789 2532 5852 operatur,
2563 5787 2618 5836 et
2647 5779 2855 5850 species
2884 5789 2971 5837 est
3005 5780 3227 5840 furoris.
3269 5784 3416 5842 Inter
3458 5787 3571 5844 ira-

1996 5877 2251 5935 cundiam
2275 5883 2457 5935 autem
2480 5881 2537 5933 et
2562 5873 2699 5933 iram
2719 5914 2736 5946 ,
2763 5873 2867 5934 hoc
2895 5873 3151 5948 interest,
3180 5879 3321 5952 quod
3355 5878 3572 5939 iracun-
