4026 6518
494 398 599 461 45!

1774 396 2127 461 SMARAGD!
2158 390 2446 457 ABBA'I’B

3658 392 3787 452 οδε

505 524 605 580 dus
620 531 839 592 semper
864 518 1139 585 irascitur,
1161 517 1335 573 iratus
1359 526 1462 589 pro
1481 523 1726 588 tempore
1748 517 2073 581 concitatur,
2101 516 2155 584 Α
2178 511 2234 569 in
2257 526 2365 582 qua
2392 507 2699 583 regnaverit
2720 511 3003 578 peccatum:
3022 544 3040 575 ,
3063 519 3175 565 non
3200 511 3381 577 potest
3405 505 3505 563 Dei
3532 519 3787 579 regum

502 623 561 673 et
604 615 790 671 nescio
828 613 952 684 quis
989 611 1165 683 possit
1207 614 1436 682 regnum
1466 609 1564 665 Dei
1602 609 1910 680 possidere,
1954 619 2079 663 cum

503 711 571 779 is,
592 711 686 783 qui
716 709 993 775 irascitur,
1022 715 1309 778 separetur
1336 719 1371 762 a
1397 718 1586 779 regno.

576 820 747 877 Βὶωω.
790 819 1011 877 Decimo
1052 818 1171 875 loco
1227 825 1507 891 ponuntur
1545 818 1713 884 rixas,
1756 830 1893 886 quas
1937 814 2082 870 aliud

502 914 676 972 Graeci
713 911 1083 983 significantes
1121 910 1332 988 ἐριθείας
1371 919 1598 976 voeant,
1643 910 1688 966 si
1717 908 1935 981 quidem
1965 906 2083 962 rixa

500 1004 681 1078 μάχη,
728 1004 967 1068 dicitur;
1000 1018 1033 1057 a
1076 1017 1243 1074 regno
1287 1002 1384 1058 Dei
1426 1000 1733 1073 prohibent.
1778 998 1872 1055 Est
1900 1005 2083 1052 autem

501 1094 721 1171 ιριθεία,
754 1106 880 1148 cum
907 1092 1000 1163 qui
1031 1102 1247 1161 semper
1287 1091 1354 1146 ad
1400 1086 1882 1146 contradicendum
1922 1098 2083 1160 pura—

498 1195 589 1246 tus
609 1228 627 1256 ,
656 1194 713 1242 et
741 1184 995 1240 muliebri
1029 1184 1212 1257 iurgio
1241 1180 1518 1239 cOnlendit
1539 1224 1553 1250 ,
1581 1191 1637 1238 et
1663 1186 1922 1252 provocat
1947 1192 2078 1234 con-

500 1278 843 1343 tendentem;
886 1274 1007 1333 haec
1047 1274 1154 1334 alio
1195 1277 1415 1332 nomine
1459 1275 1601 1347 apud
1636 1270 1855 1330 Grrcos
1882 1268 2081 1328 dicitur

496 1370 781 1447 φιλονεικία.

568 1463 958 1521 Dissensiones.
991 1460 1291 1522 Undecimo
1319 1462 1440 1520 loco
1476 1470 1750 1536 ponuntur
1789 1461 2081 1518 dissensio-

502 1566 632 1622 nes,
668 1572 790 1627 qua:
818 1563 944 1612 sunt
970 1568 1135 1626 opera
1166 1554 1347 1610 carnis
1363 1538 1387 1621 ,’
1411 1564 1534 1609 cum
1576 1554 1698 1624 quis
1734 1566 2079 1624 nequaquam

498 1647 774 1720 perfectus
814 1647 1002 1703 eodem
1045 1661 1211 1703 sensu
1250 1654 1311 1702 et
1353 1646 1544 1702 eadem
1591 1646 1863 1702 sententia
1904 1646 2074 1701 dicit:

500 1732 615 1809 Ego
654 1750 770 1793 sum
814 1734 1004 1803 Pauli,
1033 1747 1080 1793 et
1110 1752 1203 1809 ego
1231 1735 1417 1809 Apollo
1439 1779 1453 1805 ,
1480 1746 1530 1792 et
1554 1753 1646 1810 ego
1672 1736 1862 1810 Cephea
1900 1747 1947 1791 et
1984 1750 2077 1808 ego

500 1825 726 1895 Christi,
760 1829 855 1885 sed
883 1837 940 1886 et
966 1828 1229 1885 donorum
1258 1829 1401 1884 inter
1428 1843 1486 1884 se
1509 1827 1625 1884 haec
1654 1826 1843 1884 eadem
1870 1828 2080 1883 dissen-

499 1922 580 1978 sio
605 1921 910 1993 reperitur;
943 1922 1129 1977 mariti
1150 1918 1403 1978 videlicet
1428 1923 1495 1978 ad
1525 1934 1747 1977 uxorem
1767 1963 1781 1988 ,
1810 1921 1983 1993 patris
2010 1921 2079 1976 ad

497 2008 669 2068 ﬁlium
692 2054 707 2080 ,
734 2012 921 2070 fratris
946 2012 1013 2069 ad
1044 2011 1272 2070 fratrem
1289 2055 1305 2081 ,
1334 2013 1585 2071 conservi
1606 2012 1682 2069 ad
1711 2024 2033 2070 conservum
2058 2054 2073 2081 ,

494 2103 683 2160 militis
710 2102 777 2160 ad
807 2102 1249 2161 contubernalem
1276 2146 1290 2172 ,
1323 2103 1553 2160 artiﬁcis
1580 2090 1649 2160 ad
1677 2103 1920 2174 ejusdem
1950 2118 2078 2174 ope-

490 2197 573 2254 ris
598 2198 864 2255 artiﬁcem
885 2239 900 2265 ,
931 2200 1322 2273 nonnunquam
1353 2202 1566 2267 evenit,
1598 2208 1659 2256 ut
1686 2210 1741 2257 et
1777 2200 1835 2256 in
1864 2201 2077 2273 exposi-

493 2289 733 2345 tionibus
771 2291 1165 2361 scripturarum
1208 2292 1420 2347 oriatur
1463 2292 1766 2358 dissensio,
1810 2309 1842 2349 e
1879 2292 2078 2365 quibus

490 2382 763 2451 haereses,
812 2396 932 2456 quae
971 2392 1027 2441 et
1065 2384 1173 2441 alio
1208 2384 1428 2442 nomine
1468 2393 1631 2443 sectae
1662 2385 1776 2467 [dici
1816 2392 2071 2458 possunt,

491 2472 779 2530 chulliunt.
1500 2484 1509 2490 ‘
1710 2511 1716 2519 ς

562 2562 754 2621 Sectis.
800 2562 1131 2622 Duodecimo
1170 2564 1290 2622 loco
1332 2573 1495 2624 sectm
1531 2570 1831 2638 ponuntur,
1874 2586 2000 2643 qua:
2042 2587 2075 2628 a

488 2654 748 2714 testando
788 2655 874 2714 vel
913 2658 1177 2715 divisione
1223 2664 1385 2715 sectae
1422 2661 1792 2716 nominantur.
1839 2663 1897 2719 Si
1929 2664 2075 2720 enim

484 2742 759 2819 sapientia
788 2749 971 2805 carnis
988 2746 1212 2804 inimica
1241 2756 1325 2804 est
1343 2747 1476 2816 Deo,
1500 2759 1661 2808 sectae
1689 2768 1924 2824 quoque,
1955 2771 2075 2826 quae

490 2850 635 2894 nunc
670 2837 727 2893 in
768 2838 949 2896 carnis
993 2854 1158 2911 opere
1196 2846 1492 2912 ponuntur,
1536 2856 1644 2898 non
1688 2853 1814 2901 sunt
1843 2847 2069 2905 amicae:

488 2922 709 2983 inimica
757 2935 938 2984 autem
983 2937 1111 2985 sunt
1149 2931 1332 2986 omnia
1374 2932 1629 3001 dogmata
1670 2933 1921 2993 falsitatis
1962 2937 2074 2995 Deo

484 3020 873 3090 repugnantia.

562 3107 806 3164 Invidiae.
850 3109 1035 3168 Tertio
1093 3108 1304 3168 decimo
1362 3108 1482 3170 loco
1541 3116 1780 3173 succedit
1835 3116 2070 3187 invidia,

488 3215 611 3272 quae
637 3212 856 3271 semper
880 3202 1058 3259 aliena
1091 3211 1374 3275 torquetur
1393 3200 1670 3276 felicitate,
1702 3218 1757 3266 et
1794 3212 1849 3267 in
1890 3210 2070 3285 dupli-

490 3308 611 3351 cem
638 3294 907 3351 scinditur
956 3297 1294 3367 passionem,
1353 3312 1479 3355 cum
1522 3301 1582 3356 in
1610 3316 1676 3359 se
1727 3312 1813 3359 est
1866 3305 2070 3375 aliquid

489 3385 636 3456 quod
694 3385 752 3440 in
800 3385 910 3442 alio
972 3401 1095 3443 esse
1137 3402 1250 3445 non
1295 3389 1437 3458 vult,
1487 3401 1583 3447 aut
1648 3392 1815 3449 alium
1881 3397 2070 3453 videns

489 3489 612 3533 esse
654 3476 966 3544 meliorem,
1011 3478 1161 3536 dolet
1204 3494 1266 3536 se
1310 3481 1364 3537 ei
1401 3496 1510 3538 non
1546 3494 1668 3540 esse
1705 3486 2065 3542 consimilem.

490 3566 725 3627 Pulchre
789 3570 1008 3640 quidam
1064 3571 1132 3626 de
1180 3571 1483 3631 Neotericis
1537 3576 1787 3634 Graecum
1844 3594 2065 3638 versum

488 3656 823 3714 transferens
851 3658 1089 3730 elegiaco
1117 3669 1292 3718 metro
1320 3664 1387 3719 de
1414 3665 1618 3721 invidia
1646 3667 1806 3736 lusit,
1834 3670 2021 3728 dicens
2049 3690 2063 3727 :

611 3808 799 3881 lustius
818 3811 993 3861 invidis
1017 3811 1140 3881 nihil
1157 3822 1253 3877 est,
1279 3829 1387 3881 quas
1406 3820 1627 3879 protinus
1648 3821 1806 3881 ipsum

672 3872 941 3925 Auctorem
968 3875 1094 3925 rodit
1116 3872 1468 3943 excruclalque
1490 3872 1723 3931 animum.

559 3987 871 4045 Ebrietates.
920 3988 1182 4059 Quartum
1208 3993 1475 4050 decimum
1499 3996 1676 4053 locum
1713 3999 1858 4054 inter
1886 4003 2067 4060 carnis

489 4102 653 4158 opera
702 4085 939 4142 ebrietas
981 4094 1129 4143 tenet
1172 4106 1187 4142 :
1234 4087 1448 4145 Ebriosi
1488 4092 1676 4163 quippe
1716 4108 1930 4163 regnum
1968 4094 2066 4151 Dei

488 4195 593 4234 non
617 4179 954 4250 possidebunt
982 4195 1000 4234 :
1039 4177 1125 4234 Va:
1141 4180 1303 4243 enim,
1333 4181 1407 4235 ait
1435 4181 1732 4253 Propheta,
1765 4186 1855 4255 qui
1881 4196 2063 4256 poten-

488 4279 563 4324 tes
585 4270 709 4324 estis
735 4269 803 4324 ad
833 4270 1109 4324 bibendum
1137 4270 1315 4326 vinum
1332 4313 1347 4338 ,
1371 4283 1418 4327 et
1444 4273 1543 4327 viri
1567 4275 1727 4345 fortes
1755 4275 1823 4331 ad
1848 4277 2066 4332 miscen-

486 4358 610 4414 dam
632 4359 960 4428 ebrietatem,
1005 4370 1059 4416 et
1087 4361 1344 4418 Dominus
1370 4363 1543 4433 inquit
1572 4382 1585 4420 :
1618 4362 1825 4433 Cauete,
1855 4384 1919 4421 ne
1944 4384 2065 4439 gra-

486 4461 670 4507 ventur
689 4452 848 4505 corda
869 4462 1039 4508 uestra
1060 4453 1278 4525 crapula
1298 4466 1346 4510 et
1368 4458 1637 4527 ebrietate,
1673 4470 1721 4515 et
1743 4462 1884 4518 curis
1903 4463 2063 4534 hujus

486 4544 607 4599 vitae
638 4543 803 4615 (Luc.
838 4560 927 4599 nt

2180 618 2411 674 regnum

2136 728 2141 731 -
2253 695 2516 761 Quoniam
2551 694 2643 767 qui
2667 691 2799 749 talia
2827 700 3008 764 agunt.
3052 691 3359 749 Notandum
3385 692 3573 763 itaque
3601 699 3783 765 atquo

2178 784 2521 852 dedendum,
2570 786 2716 855 quod
2761 783 3188 851 contendentes,
3236 792 3294 839 et
3334 782 3669 841 dissidentes
3717 790 3781 841 et

2181 877 2473 937 iracundos
2515 893 2639 937 cum
2690 876 3024 944 idololatris,
3078 874 3335 935 veneﬁcis
3373 884 3429 931 et
3469 874 3778 931 homicidis

2179 970 2396 1039 penitus
2423 969 2655 1027 exclusit
2680 984 2714 1023 ι
2744 983 2934 1040 regno.

2250 1057 2484 1115 Fructus
2509 1060 2647 1115 enim
2674 1060 2887 1131 spiritus
2915 1068 2989 1115 est
3018 1058 3268 1115 Charitas.
3311 1058 3439 1133 Qum
3476 1058 3587 1114 alia
3627 1059 3776 1114 inter

2179 1149 2392 1208 fructus
2417 1151 2642 1222 spiritus
2669 1152 2856 1209 debuit
2884 1160 3069 1208 tenere
3095 1152 3388 1225 primatum
3410 1192 3425 1219 ,
3452 1153 3561 1209 nisi
3588 1152 3778 1209 chari-

2181 1244 2309 1300 tas?
2336 1245 2455 1301 sine
2483 1261 2589 1316 qua
2619 1244 2850 1301 virtutes
2886 1252 3100 1300 ceterae
3137 1260 3247 1300 non
3283 1253 3611 1317 reputantur
3649 1261 3776 1303 esse

2180 1338 2540 1405 virtutes,‘et
2576 1353 2645 1397 cx
2687 1354 2794 1409 qua
2835 1347 3132 1394 nascuntur
3173 1338 3423 1394 universa
3462 1354 3587 1412 qua:
3626 1339 3772 1395 bona

2173 1442 2326 1499 sunt,
2344 1433 2610 1502 siquidem
2627 1442 2683 1489 et
2706 1434 2765 1489 in
2788 1422 2909 1504 lege
2934 1442 2990 1490 et
3017 1435 3073 1489 in
3097 1433 3386 1505 Evangelia
3418 1434 3534 1505 ipsa
3558 1435 3774 1491 obtinet

2178 1526 2582 1596 principatum:
2614 1524 2812 1596 Diliges
2841 1525 3125 1581 Dominum
3163 1524 3333 1581 Deum
3372 1535 3525 1581 tuum
3567 1542 3635 1580 ea;
3663 1534 3773 1579 toto

2181 1618 2337 1672 corde
2360 1628 2449 1671 tuo
2477 1624 2527 1671 et
2554 1632 2621 1671 ea:
2640 1626 2752 1683 tota
2777 1616 2955 1673 anima
2979 1625 3072 1672 tua
3089 1654 3106 1683 ,
3132 1625 3181 1670 et
3201 1633 3267 1671 ea:
3286 1625 3398 1671 tota
3423 1618 3615 1671 uirtute
3642 1626 3735 1670 tua
3752 1656 3768 1681 ,

2181 1717 2229 1764 et
2254 1707 2555 1779 proximum
2580 1717 2731 1763 tuum
2759 1715 3011 1777 tanquam
3036 1708 3259 1779 teipsunt
3289 1704 3310 1778 (
3333 1704 3529 1760 llattlt.
3558 1710 3744 1776 m1).

2252 1801 2539 1857 Gaudium.
2573 1801 2856 1857 Secundus
2880 1801 3090 1857 fructus
3111 1802 3336 1870 spiritus
3361 1808 3448 1856 est
3470 1801 3767 1872 gaudium,

2105 1878 2154 1943 Β
2181 1894 2324 1965 quod
2355 1893 2522 1949 Stoici
2552 1908 2765 1964 quoque
2794 1893 2887 1965 qui
2913 1893 3254 1966 distinguunt
3277 1893 3423 1948 inter
3446 1893 3613 1951 verba
3642 1892 3773 1948 sub-

2179 1987 2366 2052 tilius,
2419 1987 2565 2045 aliud
2612 1987 2745 2057 quid
2786 2001 2911 2043 esse
2952 1987 3225 2042 aestimant
3266 2002 3431 2056 quam
3476 1985 3771 2043 lmtitiaml

2177 2076 2450 2134 Gaudium
2477 2077 2676 2148 quippe
2713 2091 2835 2133 esse
2865 2077 3021 2133 aiunt
3057 2077 3354 2134 elationem
3389 2078 3563 2140 animi
3601 2093 3774 2149 super

2177 2172 2265 2229 bis
2308 2186 2431 2242 qua:
2475 2171 2637 2240 digna
2683 2178 2811 2226 sunt
2851 2169 3175 2227 exsultantis
3206 2170 3412 2227 latitia.
3454 2169 3771 2225 Notandum

2177 2264 2323 2334 quod
2346 2271 2468 2336 post
2494 2261 2835 2319 dilectionem
2861 2263 3119 2333 gaudium
3164 2262 3431 2331 sequitur,
3476 2262 3571 2330 qui
3616 2261 3769 2316 enim

2174 2358 2353 2430 diligit
2378 2359 2684 2429 quempiam
2706 2396 2722 2424 ,
2752 2371 2967 2429 semper
2992 2358 3049 2412 in
3074 2355 3191 2426 ejus
3216 2355 3474 2413 felicitate
3501 2355 3744 2411 limatur.

2248 2448 2388 2505 Pas.
2429 2450 2645 2506 Tertius
2683 2447 2895 2505 fructus
2940 2448 3166 2518 spiritus
3194 2458 3276 2504 est
3300 2463 3437 2519 pax,
3466 2463 3501 2501 a
3525 2462 3634 2518 qua
3660 2445 3767 2501 Ss-

2170 2538 2358 2597 lomon
2385 2544 2633 2611 quoque,
2674 2539 2769 2610 qui
2807 2540 2865 2595 in
2905 2547 3033 2611 typo
3070 2538 3275 2594 Christi
3303 2537 3623 2609 prmeessit.
3656 2551 3766 2592 ne.

2174 2648 2299 2690 men
2330 2633 2573 2701 accepit,
2599 2639 2656 2687 et
2695 2631 2763 2687 de
2802 2630 3047 2687 Ecclesia
3088 2628 3380 2685 Psalmista
3418 2629 3613 2683 canit:
3641 2625 3762 2681 Fa-

2175 2737 2290 2783 ctus
2327 2736 2413 2784 est.
2444 2727 2501 2783 in
2547 2742 2674 2799 pass
2722 2725 2867 2781 locus
2910 2726 3025 2797 ejus
3063 2723 3256 2798 (Psal.
3285 2740 3426 2781 an
3448 2725 3501 2795 ),
3531 2730 3590 2778 et
3617 2723 3765 2777 inter

2172 2831 2299 2880 octo
2338 2820 2616 2893 Evangelii
2657 2820 3063 2877 benedictiones
3110 2818 3410 2875 scribitur:
3458 2816 3615 2871 Beati
3652 2831 3762 2885 μ-

2173 2914 2315 2984 ciﬁci
2330 2955 2344 2979 ,
2373 2914 2624 2985 quoniam
2652 2912 2751 2981 ﬁlii
2780 2911 2878 2966 Dei
2902 2910 3227 2966 vocabuntur
3256 2906 3275 2982 (
3297 2907 3492 2962 Matth.
3517 2923 3549 2961 v
3570 2904 3615 2977 ).

2244 3003 2664 3076 Longanimitas.
2707 3001 2944 3068 Quartus
2981 2999 3190 3056 fructus
3214 2998 3437 3070 spiritus
3462 3005 3549 3054 est
3574 2996 3765 3067 longa-

2173 3096 2396 3154 nimitas
2420 3095 2537 3155 sive
2562 3093 2823 3165 patientia
2842 3134 2857 3160 ,
2888 3092 3015 3163 quia
3044 3101 3277 3162 utroque
3304 3090 3464 3147 modo
3488 3089 3762 3163 μακροουο

2170 3193 2293 3263 μίαν
2318 3203 2609 3260 possumus
2634 3186 3002 3257 interpretari.
3036 3184 3175 3241 Huic
3215 3183 3494 3241 contraria
3530 3190 3620 3239 est
3658 3197 3763 3252 pa-

2174 3279 2539 3346 siilanimitas,
2564 3277 2658 3348 qui
2683 3292 2814 3332 vero
2832 3276 3047 3347 patiens
3068 3282 3235 3331 estet
3260 3274 3518 3337 universa
3542 3282 3762 3333 susten-

2172 3378 2285 3439 tat,
2323 3370 2410 3427 vir
2447 3369 2696 3440 sapiens,
2743 3374 2799 3422 et
2838 3382 2966 3422 cum
3006 3367 3239 3424 ἕπιτάσει
3278 3364 3510 3421 multum
3539 3365 3759 3435 sepiolas

2172 3460 2493 3533 appellatur,
2539 3467 2600 3515 ut
2638 3460 2694 3514 in
2734 3457 3045 3513 Proverbiis
3083 3470 3300 3528 quoque
3336 3455 3601 3526 scriptum
3626 3463 3708 3512 est
3738 3472 3754 3509 :

2171 3551 2529 3623 Longanimus
2554 3551 2635 3604 uir
2664 3547 2858 3605 multus
2883 3549 2938 3605 in
2958 3548 3239 3620 prudentia
3270 3545 3469 3621 (Prov.
3499 3547 3647 3621 xlv).

2243 3642 2485 3697 Bonitas.
2508 3640 2737 3709 Quintus
2766 3640 2974 3696 fructus
2996 3638 3218 3711 spiritus
3244 3647 3327 3695 est
3350 3637 3584 3705 bonitas,
3609 3648 3664 3693 et
3688 3638 3759 3693 de

2169 3735 2274 3793 hac
2304 3734 2473 3790 Stoici
2514 3735 2587 3791 ita
2631 3733 2933 3789 deﬁniunt:
2977 3731 3197 3790 Bonitas
3238 3740 3327 3811 est
3364 3733 3539 3788 virtus
3561 3740 3754 3802 sponte

2168 3827 2240 3884 ad
2266 3826 2711 3883 benefaciendum
2741 3826 2987 3896 exposita
3011 3842 3026 3893 ;
3056 3833 3356 3881 sectatores
3394 3840 3612 3894 quoque
3654 3824 3753 3879 Ze-

2167 3920 2326 3976 nonis
2351 3921 2429 3976 ita
2461 3918 2724 3974 definiunt
2751 3936 2767 3975 :
2799 3915 3020 3973 Bonitas
3046 3924 3130 3973 est
3155 3917 3329 3973 virtus
3347 3957 3365 3986 ,
3392 3931 3517 3989 quae
3541 3916 3747 3988 prosit,

2166 4010 2283 4067 sive
2313 4011 2484 4065 virtus
2510 4024 2579 4064 ex
2604 4024 2709 4079 qua
2737 4009 2912 4065 oritur
2942 4007 3169 4063 utilitas.

2239 4101 2567 4173 Benignitas.
2614 4099 2814 4157 Sextus
2843 4099 3052 4155 fructus
3080 4098 3306 4170 spiritus
3333 4106 3417 4153 est
3442 4096 3749 4169 benignitas

2166 4194 2279 4251 sive
2307 4193 2563 4251 suavitas.
2595 4192 2733 4261 Quia
2761 4190 2903 4262 apud
2938 4190 3156 4246 Grzecos
3184 4190 3491 4267 χρηστότης
3523 4199 3739 4245 utrutu-
3802 4206 3807 4209 ί

2167 4298 2273 4356 que
2299 4292 2473 4339 sonat.
2514 4282 2694 4339 Virtus
2734 4290 2817 4339 est
2855 4281 3025 4347 lenis,
3066 4281 3293 4345 blanda,
3341 4280 3667 4350 tranquilla,
3694 4288 3747 4335 et

2166 4377 2409 4433 omnium
2449 4376 2711 4432 bonorum
2738 4383 2862 4445 apta
2893 4374 3196 4439 consortio,
3230 4372 3465 4428 inritans
3494 4372 3565 4427 ad
3593 4371 3743 4427 fami-

2166 4469 2459 4527 liaritatem
2493 4468 2610 4534 sui,
2642 4466 2815 4523 dulcis
2845 4465 3081 4537 alloquio
3102 4506 3117 4531 ,
3150 4465 3394 4521 moribus
3424 4471 3740 4535 temperata.

2239 4560 2611 4616 Mansuetudo.
2644 4558 2916 4631 Septimus
2955 4557 3165 4613 fructus
3205 4557 3428 4629 spiritus
3468 4566 3555 4612 est
3590 4571 3742 4612 man-

557 4636 989 4696 Comessationes.
1033 4639 1477 4710 Quintadecima,
1526 4660 1646 4715 quae
1692 4653 1936 4702 extrema
1978 4647 2064 4702 in-

2177 4655 2412 4717 suctudo,
2446 4669 2565 4723 qua:
2593 4653 2818 4706 adversa
2848 4658 2930 4705 est
2955 4651 3075 4716 irae,
3107 4650 3261 4712 rixae,
3293 4646 3741 4715 dissensionibus,

491 4741 574 4791 ter
599 4734 782 4789 carnis
809 4749 995 4806 opera,
1040 4737 1361 4793 comessatio
1388 4745 1502 4805 est;
1532 4740 1867 4796 manducauit
1889 4757 2060 4814 popu-

487 4824 604 4894 lus,
647 4836 695 4881 et
740 4826 889 4895 bibit,
931 4837 980 4883 et
1020 4841 1360 4886 surrexerunt
1400 4830 1580 4887 ludere
1622 4832 1691 4904 (1
1721 4832 1845 4888 Cor.
1876 4833 1974 4907 ι).
1998 4834 2058 4891 ln

486 4912 698 4976 Latinis
738 4918 1015 4977 codicibus
1045 4920 1370 4978 adulterium
1389 4964 1404 4987 ,
1436 4923 1800 4994 impudicitia,
1830 4925 2057 4981 homici-

485 5004 593 5076 dia,
623 5009 677 5064 in
703 5010 805 5065 hoc
828 5010 1071 5083 catalogo
1098 5011 1346 5067 vitiorum
1372 5013 1575 5083 scripta
1602 5014 1933 5083 referuntur,
1959 5016 2056 5073 sed

482 5094 791 5168 sciendum,
841 5116 947 5178 non
993 5100 1276 5173 plusquam
1319 5104 1629 5174 quindecim
1672 5105 1854 5161 carnis
1892 5119 2056 5178 opera

482 5199 765 5247 numerata
793 5189 859 5246 de
885 5170 1079 5262 quibus
1104 5170 1160 5247 et
1186 5170 1560 5250 disseruimus.

506 5334 521 5353 .
552 5300 623 5355 Et
647 5302 729 5358 bis
755 5300 971 5357 similia.
996 5300 1239 5374 Longum
1257 5311 1384 5360 erat
1405 5304 1662 5360 universa
1686 5303 1869 5379 carnis
1889 5317 2053 5375 opera

478 5391 780 5461 explicare,
809 5408 919 5449 uno
950 5400 1159 5448 tantum
1183 5394 1368 5451 omnia
1395 5409 1647 5453 sermone
1672 5394 1942 5451 mansit
1962 5394 2051 5451 dir

480 5497 639 5549 cens,
671 5491 728 5539 et
753 5484 840 5540 bis
862 5484 1079 5541 similia.

555 5569 687 5638 Quae
712 5574 938 5645 praedico
967 5575 1109 5633 vobis
1126 5614 1145 5642 ,
1170 5583 1279 5632 etc.
1325 5574 1428 5633 Ubi
1468 5584 1597 5634 ante
1619 5578 1915 5649 praedixit?
1941 5577 2050 5634 uti-

478 5677 588 5737 que
615 5663 710 5719 ubi
733 5664 810 5721 ait
836 5684 851 5721 :
885 5665 1010 5722 Non
1037 5676 1211 5739 regnet
1234 5677 1505 5739 peccatum
1539 5668 1597 5722 in
1634 5677 1803 5723 uestro
1841 5667 2051 5724 mortali

481 5771 695 5828 corpore
733 5756 801 5810 ad
841 5757 1186 5816 obedisndum
1225 5759 1499 5817 desideriis
1534 5760 1652 5832 ejus
1696 5759 1889 5832 (Rom.
1925 5776 1982 5817 vr
2006 5758 2046 5834 ).

481 5845 768 5909 Peccatum
792 5863 979 5906 omnes
1001 5847 1136 5909 istas
1161 5851 1371 5924 species
1390 5851 1572 5913 habet.
1598 5851 1743 5924 Ergo
1768 5852 1823 5908 in
1844 5851 2047 5921 anima,

2162 4754 2218 4801 et
2244 4762 2520 4817 nunquam
2546 4747 2612 4802 ad
2642 4746 2725 4802 sui
2752 4746 3024 4802 contraria
3062 4755 3414 4816 provocatur,
3456 4760 3558 4814 per
3599 4746 3739 4800 hanc

2162 4838 2395 4894 famulus
2442 4838 2537 4892 Dei
2589 4837 2764 4893 Moses
2817 4838 3187 4893 testimonium
3237 4837 3439 4893 meruit
3490 4839 3739 4908 accipere

2164 4931 2456 5001 Scriptura:
2482 4930 2711 4985 dicentis
2737 4948 2750 4985 :
2782 4929 2954 4984 Moses
2978 4938 3277 4985 mansuetus
3301 4938 3438 4996 erat,
3458 4928 3736 5000 plusquam

2159 5038 2341 5078 omnes
2368 5021 2602 5075 homines
2629 5037 2784 5093 super
2810 5030 3025 5076 terram.

2233 5113 2415 5170 Fides.
2465 5113 2701 5171 Octavus
2744 5114 2955 5170 fructus
3000 5115 3223 5186 spiritus
3267 5123 3352 5171 est
3394 5113 3569 5178 ﬁdes,
3618 5126 3736 5184 qua

2156 5204 2324 5264 etiam
2349 5207 2476 5263 alibi
2506 5207 2649 5265 inter
2676 5215 2787 5262 tres
2815 5207 3054 5278 ponitur,
3078 5221 3226 5276 spes,
3260 5205 3420 5271 ﬁdes,
3463 5203 3731 5266 Charitas,

2158 5299 2283 5355 inde
2304 5300 2451 5354 enim
2470 5307 2557 5355 est
2574 5312 2734 5353 omne
2755 5299 2898 5370 quod
2920 5305 3197 5369 operatur,
3216 5296 3485 5369 siquidem
3513 5294 3568 5351 id
3593 5292 3734 5364 quod

2152 5404 2436 5463 speramus
2477 5403 2598 5446 esse
2636 5400 2955 5459 venturum,
2991 5400 3047 5447 et
3084 5407 3186 5446 nec
3213 5391 3342 5447 dum
3381 5397 3465 5446 est
3507 5389 3560 5444 in
3590 5402 3733 5458 pra:-

2150 5479 2321 5546 senti,
2353 5480 2458 5538 lide
2483 5481 2857 5555 possidemus,
2902 5490 3186 5554 sperantes
3220 5498 3324 5543 nos
3364 5490 3553 5541 tenere
3586 5479 3731 5550 quod

2153 5574 2442 5629 credimus.

2224 5665 2503 5722 Modestia.
2518 5665 2704 5723 Nonus
2728 5665 2938 5726 fructus
2958 5669 3186 5740 spiritus
3208 5676 3295 5731 est
3314 5668 3595 5734 modestia,
3614 5668 3728 5723 hmo

2148 5772 2365 5829 semper
2399 5774 2590 5831 pacem
2626 5761 2891 5830 sequitur,
2928 5776 3141 5833 semper
3166 5775 3354 5831 pacem
3382 5769 3637 5827 sectatur,
3666 5766 3721 5814 et

2151 5866 2253 5911 nec
2281 5850 2407 5908 laesa
2437 5867 2676 5924 unquam
2702 5852 2972 5911 irascitur.
