4026 6524
273 395 388 455 453

1104 389 1619 450 COLLECTIONES
1657 385 1726 445 IN
1767 379 2144 446 EPISTOLAS
2183 375 2272 444 ET
2309 389 2718 450 EVANGELIA.

3432 381 3542 449 434

351 485 710 544 Contmentia.
752 483 1003 542 Decimus
1049 483 1256 541 fructus
1298 486 1516 557 spiritus
1561 492 1644 540 est
1690 483 1864 539 conti-
1887 482 2326 553 Acognitionem
2363 482 2712 555 praeceptoris
2745 480 2996 550 redeunt,
3037 482 3262 542 mox“
3305 481 3538 544 bunum

276 579 496 647 uentia,
529 595 690 648 quam
733 596 838 634 non
867 578 1039 634 solum
1074 578 1126 634 in
1155 579 1403 634 castitate
1432 577 1859 634 dcbemusacci-

272 691 445 746 pere,
475 677 568 730 sed
597 674 758 728 etiam
792 672 845 727 in
873 673 994 728 cibo
1034 681 1088 727 et
1125 681 1283 743 potu,
1315 673 1368 727 in
1405 671 1651 741 eloquio,
1693 670 1746 724 in
1779 670 1858 724 ira

271 785 496 863 quoque
524 778 578 822 et
609 769 894 823 vexatione
923 768 1120 822 mentis
1140 809 1154 833 ,
1186 775 1240 822 et
1268 765 1584 822 detrahendi
1616 764 1854 819 libidine.

351 863 604 917 Castitas.
638 859 970 917 Undecimus
1009 859 1220 915 fructus
1255 859 1480 929 Spiritus
1504 863 1588 914 est
1612 857 1854 912 castitas.

271 955 516 1014 Castitas
545 957 687 1012 enim
718 967 770 1011 et
803 956 855 1010 in
887 955 1187 1026 virginibus
1231 957 1343 1022 est,
1383 959 1439 1008 et
1481 952 1536 1007 in
1580 952 1858 1008 continen—

275 1051 448 1118 tibus,
483 1051 613 1105 etin
644 1049 817 1104 viduis
843 1059 896 1104 et
927 1049 980 1104 in
1009 1045 1293 1118 conjugiis.

352 1142 612 1194 Adversus
641 1140 942 1210 hujusmodi
975 1157 1077 1193 non
1106 1149 1180 1193 est
1209 1140 1312 1193 lex.
1355 1133 1413 1193 Id
1454 1144 1567 1203 est,
1597 1136 1857 1190 adversus

272 1233 530 1303 spiritum
565 1248 673 1287 non
717 1240 802 1286 est
839 1231 972 1296 Lex,
1001 1232 1146 1301 justo
1173 1232 1369 1301 quippe
1399 1245 1504 1284 non
1537 1237 1620 1283 est
1656 1226 1852 1298 posita,

270 1326 372 1381 sed
400 1323 599 1394 iniquis
619 1365 634 1389 ,
667 1332 722 1379 et
750 1337 855 1378 non
885 1324 1141 1390 subditis,
1175 1323 1353 1393 impiis
1379 1330 1432 1376 et
1459 1318 1851 1391 peccatoribus.

269 1413 388 1472 Lex
435 1415 568 1470 mihi
611 1414 779 1470 dicit:
818 1415 936 1468 Non
966 1414 1315 1477 adulterabis,
1353 1427 1453 1466 non
1484 1413 1716 1476 occides,
1751 1421 1856 1464 non

269 1499 472 1575 falsum
500 1504 851 1559 testimonium
883 1505 1022 1558 dices
1042 1546 1055 1570 ,
1094 1509 1197 1558 etc.
1227 1499 1440 1573 (Exod.
1470 1517 1537 1555 xx
1562 1501 1579 1571 )
1608 1517 1621 1566 ;
1652 1500 1698 1555 si
1741 1514 1854 1554 haec

268 1599 456 1654 omnia
504 1596 768 1654 charitate
810 1599 861 1652 in
906 1615 993 1654 me
1035 1605 1324 1669 regnante,
1369 1609 1488 1668 quae
1523 1607 1608 1652 est
1646 1595 1854 1652 fructus

269 1695 538 1764 spiritus,
580 1709 688 1748 non
733 1691 945 1758 fecero,
977 1691 1244 1762 superﬂua
1271 1701 1396 1747 sunt
1419 1691 1549 1746 mihi
1585 1701 1855 1763 praecepta

269 1784 430 1856 legis.
476 1783 618 1856 Ergo
644 1785 734 1856 qui
761 1783 970 1840 fructus
996 1785 1218 1856 spiritus
1257 1783 1608 1854 spiritualiter
1633 1785 1850 1856 implet,

267 1873 375 1930 sub
402 1874 583 1931 Veteri
624 1875 968 1932 Testamento
1009 1891 1115 1931 non
1151 1883 1348 1931 manet.

348 1963 450 2032 Qui
493 1977 665 2021 autem
707 1976 826 2021 sunt
871 1965 1097 2031 Christi,
1145 1981 1353 2020 carnem
1389 1979 1539 2020 suam
1579 1963 1853 2034 cruci/ire-

270 2068 428 2124 runt,
468 2065 576 2113 etc.
617 2055 675 2113 Si
717 2058 899 2113 omnia
935 2057 1093 2112 simul
1133 2057 1263 2112 vitia
1302 2057 1560 2111 cruciﬁxa
1600 2064 1756 2122 sunt,
1799 2063 1855 2111 et

267 2162 434 2215 caro,
473 2147 625 2218 quasi
659 2146 713 2201 in
739 2163 901 2203 cruce
924 2149 1194 2216 pendens,
1227 2147 1360 2201 nihil
1397 2147 1756 2217 concupiscit,
1781 2146 1852 2201 ad

268 2231 402 2309 quid
448 2239 605 2295 nobis
655 2239 778 2304 lex,
821 2254 940 2308 qua:
985 2240 1109 2293 data
1139 2239 1316 2294 estad
1354 2239 1485 2292 vitia
1525 2237 1852 2293 coercenda?

269 2325 446 2384 Simul
472 2329 605 2384 illud
625 2330 919 2384 notandum
941 2370 954 2394 ,
977 2329 1121 2398 quod
1145 2341 1238 2383 eos
1263 2329 1460 2383 dixerit
1481 2328 1680 2383 Christi
1705 2341 1849 2394 esse,

266 2421 363 2491 qui
393 2415 766 2474 carnem'cum
804 2419 949 2474 vitiis
991 2426 1045 2474 et
1079 2419 1528 2489 concupiscentiis
1567 2418 1851 2474 cruciﬁxe-

265 2513 420 2578 rint,
465 2521 657 2567 contra
706 2510 828 2568 illos
874 2513 967 2584 qui
1005 2511 1177 2568 solum
1218 2510 1380 2566 ﬁdem
1420 2510 1668 2568 suilicere
1703 2511 1850 2567 arbi-

266 2609 502 2657 tantur.

633 2754 973 2796 EVANGELIUI
1001 2755 1172 2806 LUCE,
1203 2754 1321 2796 CAP.
1357 2756 1487 2794 XVII.

383 2872 524 2929 Dum
548 2875 779 2930 intraret
800 2872 956 2930 Jesus
983 2875 1036 2928 in
1061 2874 1396 2930 Hierusalem
1413 2913 1429 2940 ,
1462 2873 1729 2930 transibat
1751 2888 1849 2945 per

274 2985 296 3021 ι
332 2969 566 3023 mediam
591 2966 894 3023 Samariam
919 2976 975 3022 et
997 2965 1294 3023 Galilaeam.
1336 2967 1552 3021 Etcum
1594 2966 1846 3035 ingrede-

279 3081 301 3116 ι
335 3071 486 3118 retur
520 3062 790 3132 quoddam
823 3061 1135 3124 castellum,
1179 3066 1534 3115 occurrerunt
1571 3059 1621 3114 ei
1659 3060 1846 3114 decem

273 3170 295 3206 ι
329 3153 430 3208 viri
458 3153 678 3224 leprosi.
708 3152 811 3219 Qui
836 3161 1110 3209 steterunt
1142 3168 1174 3207 a
1210 3152 1400 3223 longe,
1439 3159 1494 3205 et
1530 3151 1848 3207 levaverunt

1962 571 2151 628 salutis
2180 581 2487 627 recurrunt.

2033 666 2178 732 Quos
2207 675 2264 720 ut
2287 666 2413 721 uidit
2431 705 2446 732 ,
2473 665 2609 721 dixit
2642 684 2661 723 :
2690 665 2794 735 Ite,
2837 667 3092 724 ostendite
3116 685 3204 726 eos
3252 668 3539 724 sacerdoti-

1961 757 2074 813 bus.
2109 757 2325 814 Nullum
2348 759 2610 816 Dominus
2631 775 2842 826 eorum,
2877 762 3074 831 quibus
3094 761 3212 820 ima
3233 759 3538 831 corporalia

1958 851 2220 907 beneﬁcia
2244 853 2516 922 praestitit,
2544 852 2818 908 invenitur
2858 854 3073 912 misisse
3115 853 3184 908 ad
3219 851 3537 910 sacerdotes

1960 945 2063 1000 nisi
2095 945 2355 1015 leprosos,
2392 945 2519 1015 quia
2555 946 2807 1002 videlicet
2834 947 3196 1002 sacerdotium
3225 945 3535 1002 Iudaeorum

1957 1036 2126 1107 ﬁgura
2167 1045 2283 1092 erat
2309 1037 2475 1092 futuri
2501 1030 2791 1094 sacerdotii
2815 1039 3200 1110 regalis,un
3241 1048 3326 1095 est
3352 1040 3406 1096 in
3447 1053 3536 1094 eo-

1956 1129 2140 1195 clesia,
2172 1145 2278 1200 quo
2299 1138 2687 1186 consecrantur
2706 1145 2896 1186 ornncs
2935 1131 3268 1200 pertinentes
3305 1131 3376 1186 ad
3414 1125 3536 1186 cor-

1955 1233 2056 1290 pus
2089 1219 2314 1286 Christi,
2344 1224 2539 1278 summi
2579 1233 2634 1278 et
2658 1223 2773 1279 veri
2799 1222 3060 1292 principis
3086 1223 3447 1278 sacerdotum.
3470 1222 3539 1278 Et

1957 1314 2201 1383 quisquis
2235 1314 2319 1368 vel
2347 1316 2415 1370 ab
2444 1316 2699 1370 lueretica
2734 1315 3000 1386 pravitate
3038 1314 3124 1369 vel
3149 1314 3538 1383 superstitione

1956 1405 2159 1474 gentili,
2177 1405 2261 1460 vel
2288 1405 2508 1461 Judaica
2536 1408 2785 1477 perﬁdia,
2804 1406 2888 1462 vel
2911 1406 3076 1461 etiam
3106 1406 3400 1461 schismate
3428 1404 3538 1461 l‘ra-

1955 1505 2128 1563 terno,
2162 1500 2316 1569 quasi
2346 1501 2498 1555 vario
2525 1500 2705 1556 colore
2724 1515 2820 1570 per
2840 1500 3053 1555 Domini
3083 1499 3312 1569 gratiam
3342 1514 3534 1555 carne.

1954 1590 2056 1656 rit,
2093 1606 2316 1648 necesse
2368 1601 2453 1650 est
2503 1594 2571 1648 ad
2617 1593 2902 1649 ecclesiam
2936 1593 3152 1656 veniat.
3191 1593 3538 1663 coloremque

1954 1681 2078 1738 ﬁdei
2119 1695 2306 1739 verum
2337 1701 2498 1755 quem
2533 1688 2835 1756 acceperit,
2880 1687 3151 1742 ostendat.
3203 1686 3410 1742 Caetera
3441 1701 3538 1740 au-

1957 1785 2066 1831 tem
2124 1779 2256 1833 vitia
2327 1787 2585 1850 tanquam
2629 1781 2966 1836 valetudines
3012 1787 3068 1834 et
3107 1781 3262 1848 quasi
3316 1778 3536 1836 morbos

1956 1870 2148 1926 animae
2192 1880 2356 1942 atque
2413 1888 2692 1939 sensuum,
2732 1889 2832 1944 per
2878 1874 3115 1943 seipsum
3161 1872 3428 1938 interius,
3477 1871 3535 1927 in

1953 1966 2317 2033 conscientia,
2374 1975 2430 2021 et
2486 1967 2763 2022 intellectu
2805 1968 3064 2023 Dominus
3099 1974 3256 2022 sanat
3305 1973 3361 2022 et
3406 1979 3534 2022 cor--

1953 2055 2098 2124 rigit.
2142 2054 2384 2125 Denique
2420 2067 2476 2111 et
2518 2057 2717 2113 Paulus
2743 2074 2876 2113 voce
2905 2058 3116 2112 Domini
3142 2057 3362 2112 audita:
3391 2055 3534 2122 Quid

1949 2161 2031 2202 me
2066 2149 2430 2217 persequeris?
2463 2149 2579 2219 Ego
2632 2167 2749 2204 sum
2778 2149 2935 2204 Jesus
2975 2165 3129 2220 quem
3157 2157 3214 2202 tu
3259 2163 3534 2219 perseque-

1952 2243 2022 2295 ris
2053 2243 2198 2314 (Act.
2223 2244 2350 2314 rx),
2381 2245 2450 2299 ad
2471 2243 2738 2298 Ananiam
2767 2251 2949 2298 tamen
2992 2241 3188 2296 missus
3231 2249 3333 2306 est,
3363 2245 3424 2294 ut
3444 2254 3532 2294 sa-

1951 2335 2189 2389 cerdotio
2218 2335 2325 2400 illo,
2357 2337 2502 2406 quod
2530 2335 2586 2390 in
2629 2336 2858 2391 ecclesia
2905 2335 3262 2397 constitutum
3306 2342 3412 2399 est,
3446 2349 3534 2388 sa-

1951 2436 2282 2482 cramentum
2321 2427 2583 2484 doctrinae
2614 2429 2736 2484 ﬁdei
2781 2429 3100 2498 perciperet.
3135 2435 3190 2482 et
3217 2442 3381 2482 verus
3407 2425 3529 2496 ejus

1951 2518 2340 2586 approbaretur
2366 2519 2536 2573 color.

2020 2606 2091 2660 Et
2130 2608 2326 2678 factum
2356 2618 2432 2662 est
2479 2609 2606 2662 dum
2641 2609 2796 2673 irent,
2823 2607 3065 2662 mundati
3101 2617 3243 2664 sunt.
3281 2605 3532 2663 Nondum

1949 2709 2168 2770 accepta
2210 2702 2552 2770 baptismatis
2601 2709 2965 2768 sacramenta,
2993 2701 3232 2756 nondum
3278 2701 3531 2771 spiritua-

1947 2791 2075 2847 liter
2102 2793 2168 2847 ad
2199 2795 2508 2849 sacerdotes
2535 2801 2931 2864 pervenerant,
2958 2802 3014 2846 et
3052 2800 3232 2848 tamen
3263 2791 3534 2850 infusione

1946 2882 2170 2955 spiritus
2198 2885 2371 2940 sancti
2399 2900 2588 2940 eorum
2611 2885 2890 2940 inundatio
2914 2883 3186 2940 declarata
3212 2892 3313 2940 est.

2022 2974 2169 3030 Unus
2199 2985 2375 3031 autem
2404 2992 2469 3032 ea:
2506 2976 2637 3043 illis,
2662 2985 2718 3031 ut
2760 2975 2912 3042 uidit,
2942 2976 3067 3047 quia
3106 2974 3392 3031 mundatus
3432 2985 3531 3042 eat.

1948 3084 2215 3140 regressus
2271 3079 2346 3124 est
2385 3109 2402 3136 ,
2471 3077 2579 3126 etc.
2646 3069 2797 3126 Unus
2869 3070 2969 3126 iste
3019 3070 3118 3140 qui
3178 3069 3533 3140 magniﬁcans

1948 3160 2136 3226 Deum,
2166 3177 2444 3232 regressus
2458 3171 2562 3228 est,
2589 3163 2748 3218 unius
2773 3161 3017 3218 ecclesiae
3041 3163 3291 3218 devotam
3314 3161 3531 3220 Christo

273 3262 292 3296 ι
330 3260 517 3300 vocem
535 3245 777 3300 dicentes
813 3262 827 3298 :
865 3242 994 3300 Jesu
1013 3253 1338 3314 praeceptor,
1363 3243 1624 3298 miserere
1649 3241 1842 3297 nostri.

1952 3251 2306 3307 humilitatem
2337 3254 2625 3324 signiﬁcat.
2669 3254 2769 3320 Qui
2806 3255 2943 3309 bene
2972 3254 3172 3309 cadens
3214 3261 3340 3310 ante
3365 3255 3532 3325 pedes

269 3354 293 3390 ι
327 3335 476 3405 Quos
501 3345 558 3391 ut
581 3338 716 3392 vidit
741 3337 914 3392 dixit:
954 3337 1063 3401 ite,
1102 3336 1372 3392 ostendite
1413 3350 1511 3390 vos
1553 3331 1848 3387 sacerdoti-

267 3448 291 3484 ι
326 3431 449 3486 bus.
475 3431 542 3485 Et
566 3429 771 3486 factum
793 3441 881 3487 est
902 3432 1030 3487 dum
1056 3430 1230 3497 irent,
1257 3427 1501 3485 mundati
1527 3433 1671 3481 sunt.
1699 3424 1850 3480 Unus

271 3542 291 3577 ι
324 3532 502 3579 autem
529 3541 595 3579 ex
622 3524 729 3580 illis
757 3534 815 3580 ut
842 3525 1014 3586 vidit,
1039 3525 1166 3595 quia
1191 3524 1481 3578 mundatus
1503 3529 1615 3585 est,
1646 3534 1850 3591 regres-

267 3634 290 3669 (
330 3631 424 3670 sus
449 3623 532 3671 est
563 3632 688 3671 cum
727 3630 923 3688 magna
962 3632 1124 3682 voce,
1169 3614 1522 3687 magniﬁcans
1556 3615 1758 3679 Deum,
1795 3620 1851 3667 et

267 3725 291 3760 ι
326 3708 523 3764 cecidit
560 3709 613 3763 in
655 3708 849 3764 faciem
890 3719 1016 3765 ante
1052 3711 1219 3780 pedes
1259 3709 1376 3779 ejus
1411 3709 1619 3780 gratias
1657 3723 1843 3779 agens.

268 3821 290 3853 ε
329 3801 397 3856 Ει
421 3802 509 3856 hic
534 3812 650 3856 erat
679 3802 1074 3858 Samaritanus.
1101 3801 1455 3874 Respondeas
1479 3809 1661 3856 autem
1690 3800 1846 3857 Jesus

272 3911 294 3945 ε
331 3893 506 3948 dixit:
539 3893 728 3948 Nonne
763 3895 949 3950 decem
990 3895 1231 3949 mundati
1271 3902 1426 3960 sunt,
1454 3902 1509 3950 et
1536 3910 1728 3950 novem
1753 3893 1845 3950 ubi

267 4003 289 4037 ι
326 3987 488 4041 sunt?
509 3985 625 4040 Non
646 3993 729 4040 est
753 3986 1004 4040 inventus
1026 3986 1119 4056 qui
1143 3986 1342 4040 rediret
1365 3994 1420 4039 ct
1443 3985 1595 4040 daret
1618 3986 1844 4056 gloriam

267 4093 288 4126 ι
329 4067 457 4140 Deo,
489 4076 593 4129 nisi
622 4075 709 4129 hic
739 4075 1060 4145 alienigena.
1091 4074 1156 4127 Et
1182 4075 1258 4128 ait
1295 4075 1370 4129 illi
1399 4093 1411 4128 :
1443 4073 1649 4146 Surge,
1679 4076 1841 4143 vade,

266 4189 287 4225 ι
329 4173 455 4242 quia
500 4171 633 4228 ﬁdes
663 4181 751 4227 tua
782 4182 833 4226 te
867 4171 1076 4226 salvum
1105 4171 1252 4225 fecit.
1289 4191 1308 4223 ι

340 4265 478 4320 Dant
507 4266 727 4321 intraret
759 4265 920 4319 Iesus
963 4266 1018 4318 in
1061 4264 1428 4332 Hierusalem,
1471 4272 1576 4320 etc.
1619 4264 1843 4335 Leprasi

261 4372 373 4414 non
411 4357 642 4411 absurde
678 4356 904 4428 intelligi
939 4365 1194 4426 possunt,
1245 4356 1337 4425 qui
1376 4355 1658 4410 scientiam
1701 4371 1844 4410 verae

260 4447 392 4504 ﬁdei
432 4464 536 4502 non
580 4448 875 4514 habentes,
914 4448 1093 4502 varias
1135 4448 1412 4502 doctrinas
1447 4444 1728 4517 proferunt
1757 4464 1844 4502 er-

260 4538 427 4594 roris.
468 4537 584 4593 Non
623 4539 765 4594 enim
803 4539 886 4593 vel
925 4538 1261 4593 abscondunt
1297 4539 1625 4608 imperitiam
1654 4554 1835 4603 suam,

1951 3343 2183 3411 Domini,
2217 3347 2422 3416 gratias
2460 3347 2592 3418 agit,
2623 3347 2714 3402 ille
2749 3361 2877 3402 vere
2901 3347 3011 3402 Deo
3042 3345 3247 3418 gratias
3272 3347 3406 3418 agit,
3437 3347 3530 3415 qui

1949 3437 2210 3506 repressis
2240 3437 2674 3509 praesumptionis
2714 3455 2825 3494 sua:
2863 3439 3282 3510 cogitationibus
3305 3481 3319 3506 ,
3367 3455 3531 3510 quam

1949 3541 1979 3582 a
2008 3531 2297 3600 semetipso
2331 3530 2577 3587 inﬁrmus
2597 3531 2700 3597 sit,
2737 3531 3015 3587 humiliter
3061 3531 3227 3597 videt,
3259 3532 3351 3604 qui
3393 3530 3532 3586 nihil

1948 3621 2051 3676 sibi
2078 3623 2296 3678 virtutis
2333 3624 2541 3690 tribuit,
2583 3625 2676 3695 qui
2702 3626 2843 3680 bona
2869 3640 2990 3695 qua;
3018 3625 3130 3695 agit
3175 3637 3296 3680 esse
3323 3624 3390 3678 de
3423 3622 3527 3677 mi-

1947 3717 2243 3772 sericordia
2277 3718 2574 3773 conditoris
2623 3718 2890 3789 agnoscit.
2936 3716 3096 3773 Cadit
3150 3724 3330 3773 autem
3360 3716 3418 3772 in
3453 3715 3532 3772 fa-

1947 3807 2084 3862 ciem
2104 3848 2119 3873 ,
2151 3809 2276 3878 quia
2307 3823 2374 3863 ex
2421 3808 2580 3865 malis
2625 3824 2747 3878 qum
2773 3823 2835 3865 se
2865 3818 3211 3879 perpetrasse
3254 3806 3526 3876 meminit,

1944 3899 2236 3954 erubescit.
2543 3946 2548 3951 .

2017 3990 2088 4044 Et
2107 3991 2190 4045 hic
2219 4001 2332 4046 erat
2360 3991 2753 4048 Samaritanus.
2799 3991 3176 4049 Samaritanus
3200 3994 3402 4065 quippe
3443 3994 3529 4050 in-

1946 4089 2276 4150 terpretatur
2321 4093 2527 4150 custos,
2554 4099 2663 4154 quo
2692 4085 2909 4141 nomine
2953 4085 3041 4140 ille
3077 4085 3309 4155 populus
3353 4087 3526 4154 aptis.

1942 4173 2080 4228 sime
2106 4173 2458 4243 signiﬁcatur,
2475 4176 2566 4244 qui
2582 4176 2787 4245 gratias
2810 4176 3020 4243 agendo
3031 4176 3079 4230 ei
3104 4191 3134 4230 a
3155 4189 3263 4244 quo
3291 4179 3522 4246 accepit,

1944 4263 2136 4318 tribuit
2156 4279 2316 4319 omne
2342 4265 2484 4334 quod
2505 4267 2736 4334 accepit,
2771 4267 3169 4335 quodammodo
3205 4276 3438 4324 cantans
3460 4268 3526 4324 il-

1943 4353 2034 4407 lud
2061 4353 2128 4409 de
2151 4355 2358 4423 psalmo
2385 4373 2400 4410 ε
2428 4354 2816 4412 Fortitudinem
2842 4373 3011 4412 meam
3039 4357 3110 4410 ad
3132 4367 3180 4412 te
3203 4359 3519 4427 custodiam,

1942 4446 2066 4515 quia
2095 4455 2152 4499 tu
2184 4446 2325 4502 Deus
2352 4458 2620 4519 susceptor
2655 4465 2800 4503 meus
2826 4465 2901 4515 es,
2949 4449 3088 4503 Deus
3114 4466 3262 4504 meus
3309 4451 3522 4506 miseri-

1945 4539 2124 4592 cordia
2149 4539 2262 4609 ejus
2290 4541 2566 4610 prteveniet
2587 4558 2668 4596 me
2691 4539 2864 4613 (Psal.
2898 4542 3072 4614 Lvm).

260 4631 360 4686 sed
400 4647 498 4700 pro
534 4647 742 4686 summa
779 4633 973 4702 peritia
1014 4631 1296 4701 proferunt
1331 4632 1383 4685 in
1421 4631 1594 4687 lucem
1614 4673 1629 4698 ,
1669 4641 1721 4686 et
1752 4633 1839 4704 ja~
1863 4597 1921 4662 Β
2013 4597 2346 4701 Respondeas
2375 4641 2550 4687 autem
2568 4597 2726 4688 Iesu‘s
2753 4634 2887 4688 dixit
2916 4648 2935 4686 :
2959 4597 3151 4688 1Van
3169 4633 3346 4688 decem
3365 4651 3520 4691 mun-

261 4723 527 4778 ctantiam
567 4724 835 4779 sermonis
872 4724 1182 4778 ostendunt.
1222 4721 1379 4777 Nulla
1402 4739 1563 4794 porro
1589 4722 1722 4780 falsa
1749 4725 1842 4780 do-

259 4813 439 4867 ctrina
477 4821 590 4878 est,
619 4831 740 4884 quae
776 4831 882 4870 non
915 4814 1096 4883 aliqua
1123 4830 1248 4870 vera
1285 4815 1672 4871 intermisceat.
1703 4816 1841 4871 Vera

261 4920 396 4975 ergo
420 4904 571 4961 falsis
594 4905 898 4961 inordinate
933 4908 1224 4976 permista,
1254 4908 1309 4961 in
1346 4922 1451 4961 una
1479 4908 1840 4976 disputatione

265 4997 347 5051 vel
367 4999 676 5054 narratione
698 4999 931 5054 hominis
957 5009 1212 5069 tanquam
1234 5001 1287 5055 in
1309 5000 1467 5054 unius
1486 5001 1728 5070 corporis
1747 5016 1837 5056 co-

263 5090 381 5144 lore
415 5093 758 5162 apparentia,
797 5092 1106 5163 signiﬁcant
1139 5093 1375 5164 lepram,
1412 5101 1668 5164 tanquam
1700 5095 1844 5150 veris

263 5181 526 5253 falsisque
560 5185 802 5240 colorum
842 5186 974 5242 locis
1002 5188 1235 5242 humana
1275 5202 1505 5256 corpora
1544 5187 1841 5244 variantem

263 5284 428 5347 atque
449 5279 830 5334 maculantem.
854 5279 919 5334 Hi
941 5289 1121 5336 autem
1144 5288 1254 5336 tam
1276 5279 1484 5336 vitandi
1507 5287 1633 5334 sunt
1657 5280 1843 5336 Eccle-

263 5369 384 5436 siae,
401 5378 460 5425 ut
483 5372 528 5426 si
551 5371 668 5427 ﬁeri
691 5379 888 5442 potest,
910 5371 1126 5444 longius
1149 5373 1359 5436 remoti,
1383 5387 1579 5443 magno
1601 5371 1840 5428 clamore

259 5461 542 5521 Christum
571 5465 945 5536 interpellent,
974 5467 1118 5522 unde
1143 5475 1198 5521 et
1220 5473 1343 5536 apte
1368 5465 1711 5537 subiungitur
1745 5485 1759 5520 :

337 5554 442 5622 Qui
474 5567 726 5614 steterunt
753 5576 786 5613 a
814 5556 983 5629 longe,
1021 5567 1069 5613 et
1095 5557 1390 5612 levaverunt
1412 5574 1583 5612 uocem
1601 5597 1617 5624 ,
1642 5564 1748 5613 etc.
1774 5557 1844 5614 Et

260 5647 403 5706 bene
445 5657 507 5705 ut
540 5651 836 5718 salventur,
864 5649 1051 5706 Iesum
1099 5657 1487 5722 praeceptorem
1532 5650 1840 5717 nominant,

261 5742 391 5814 quia
416 5744 560 5800 enim
597 5746 650 5800 in
680 5744 797 5814 ejus
818 5745 986 5801 verba
1015 5758 1074 5800 se
1107 5758 1320 5799 errasse
1346 5741 1670 5813 signiﬁcant,
1700 5743 1844 5799 hunc

262 5835 504 5892 salvandi
528 5836 806 5893 humiliter
832 5842 1220 5908 praeceptorem
1245 5842 1472 5902 vocant,
1521 5849 1751 5906 cumque
1777 5835 1844 5892 ad

1941 4721 2055 4776 dati
2097 4732 2237 4786 sunt,
2271 4732 2320 4777 et
2360 4740 2539 4777 novem
2568 4725 2657 4777 ubi
2687 4726 2851 4778 sunt?
2897 4724 3072 4780 Unum
3102 4725 3149 4780 si
3194 4726 3427 4782 addatur
3453 4727 3521 4783 ad

1941 4830 2165 4880 novem,
2205 4817 2448 4886 quasdam
2484 4815 2686 4888 eiiigies
2713 4809 2938 4873 unitatis
2986 4819 3261 4889 impletur,
3289 4821 3431 4889 quod
3460 4819 3522 4875 ﬁt

1941 4915 2091 4962 tanta
2109 4908 2430 4980 complexio,
2456 4921 2517 4964 ut
2549 4910 2688 4965 ultra
2713 4925 2819 4965 non
2839 4913 3219 4982 progrediatur
3244 4928 3517 4977 numerus,

1939 5000 2045 5054 nisi
2085 5016 2271 5056 rursus
2300 5001 2365 5056 ad
2404 5018 2569 5057 unum
2615 5003 2885 5070 redeatur,
2923 5012 2979 5058 et
3006 5005 3122 5060 haec
3149 5019 3248 5074 per
3285 5003 3521 5060 inﬁnita-

1947 5097 2056 5144 tem
2095 5089 2305 5145 numeri
2331 5091 2512 5162 regula
2541 5093 2896 5153 custodiatur.
2926 5093 3127 5150 Novem
3166 5094 3346 5163 itaque
3376 5093 3519 5148 indi.

1945 5189 2073 5252 gent
2099 5198 2224 5245 uno,
2265 5191 2325 5237 ut
2354 5184 2583 5251 quadam
2606 5185 2830 5240 unitatis
2857 5184 3030 5241 forma
3055 5184 3425 5258 coagulentur,
3465 5193 3520 5240 et

1945 5274 2130 5329 decem
2152 5275 2279 5330 sint.
2308 5274 2484 5330 Unum
2513 5284 2688 5331 autem
2729 5291 2838 5332 non
2863 5277 2945 5332 eis
2972 5277 3198 5346 indiget,
3229 5283 3288 5328 ut
3330 5282 3515 5330 custo-

1945 5367 2058 5424 diat
2083 5369 2366 5423 unitatem.
2397 5367 2758 5436 Quamobrem
2785 5377 2844 5424 ut
2867 5385 3006 5425 unus
3034 5367 3141 5431 ille,
3184 5366 3276 5435 qui
3313 5365 3521 5438 gratias

1944 5461 2073 5534 egit,
2099 5461 2257 5516 unice
2288 5460 2532 5516 ecclesia:
2559 5460 2950 5532 signiﬁcatione
2985 5458 3313 5530 approbatus
3356 5466 3522 5529 atque

1945 5555 2193 5610 laudatus
2239 5562 2342 5618 est,
2378 5553 2454 5609 ita
2488 5552 2565 5608 illi
2609 5567 2825 5618 novem,
2855 5553 2946 5622 qui
2992 5550 3192 5622 gratias
3239 5567 3347 5608 non
3396 5567 3522 5623 ege-

1945 5654 2101 5713 runt,
2160 5645 2375 5717 reprobi
2429 5644 2610 5702 eﬂecti
2649 5660 2680 5700 a
2725 5644 3004 5701 consortio
3041 5643 3268 5702 unitatis
3314 5646 3521 5703 exclusi

1946 5749 2087 5807 sunt,
2120 5741 2348 5813 idwque
2377 5739 2511 5796 tales
2536 5740 2594 5796 in
2632 5737 2925 5796 novenario
2972 5753 3225 5807 numero,
3262 5750 3520 5811 tanquam

1948 5831 2248 5903 imperfecti
2301 5830 2694 5900 remanebunt,
2748 5838 2805 5888 et
2845 5831 3046 5890 merito
3093 5848 3188 5891 eos
3247 5832 3521 5907 Salvator,
