  <div class='ocr_page' id='page_1' title='image "/cluster/home/n/w/nwhite01/storage/ocr_20150623/102/hvd.32044015466808/233.png"; bbox 0 0 4026 6464; ppageno 0'>
   <div class='ocr_carea' id='block_1_1' title="bbox 491 315 596 372">
    <p class='ocr_par' dir='ltr' id='par_1_1' title="bbox 491 315 596 372">
     <span class='ocr_line' id='line_1_1' title="bbox 491 315 596 372; baseline 0.019 -2"><span class='ocrx_word' id='word_1_1' title='bbox 491 315 596 372; x_wconf 68' lang='grc'><strong>455</strong></span> 
     </span>
    </p>
   </div>
   <div class='ocr_carea' id='block_1_2' title="bbox 1792 310 2480 374">
    <p class='ocr_par' dir='ltr' id='par_1_2' title="bbox 1792 310 2480 374">
     <span class='ocr_line' id='line_1_2' title="bbox 1792 310 2480 374; baseline -0.001 -1"><span class='ocrx_word' id='word_1_2' title='bbox 1792 311 2149 374; x_wconf 80' lang='lat' dir='ltr'><strong>SMARAGDI</strong></span> <span class='ocrx_word' id='word_1_3' title='bbox 2184 310 2480 372; x_wconf 81' lang='lat' dir='ltr'><strong>ABBATIS</strong></span> 
     </span>
    </p>
   </div>
   <div class='ocr_carea' id='block_1_3' title="bbox 3681 317 3803 373">
    <p class='ocr_par' dir='ltr' id='par_1_3' title="bbox 3681 317 3803 373">
     <span class='ocr_line' id='line_1_3' title="bbox 3681 317 3803 373; baseline 0 0"><span class='ocrx_word' id='word_1_4' title='bbox 3681 317 3803 373; x_wconf 73' lang='grc'><strong>456</strong></span> 
     </span>
    </p>
   </div>
   <div class='ocr_carea' id='block_1_4' title="bbox 495 423 3806 509">
    <p class='ocr_par' dir='ltr' id='par_1_4' title="bbox 495 423 3806 509">
     <span class='ocr_line' id='line_1_4' title="bbox 495 423 3806 509; baseline -0.002 -16"><span class='ocrx_word' id='word_1_5' title='bbox 495 435 654 509; x_wconf 90' lang='lat' dir='ltr'><strong>quasi</strong></span> <span class='ocrx_word' id='word_1_6' title='bbox 684 434 898 506; x_wconf 81' lang='lat' dir='ltr'><strong>ignotos</strong></span> <span class='ocrx_word' id='word_1_7' title='bbox 932 428 1028 489; x_wconf 89' lang='lat' dir='ltr'><strong>ubi</strong></span> <span class='ocrx_word' id='word_1_8' title='bbox 1061 428 1194 498; x_wconf 90' lang='lat' dir='ltr'><strong>sint,</strong></span> <span class='ocrx_word' id='word_1_9' title='bbox 1219 427 1478 504; x_wconf 82' lang='lat' dir='ltr'><strong>inquirit,</strong></span> <span class='ocrx_word' id='word_1_10' title='bbox 1505 431 1650 488; x_wconf 88' lang='lat' dir='ltr'><strong>scire</strong></span> <span class='ocrx_word' id='word_1_11' title='bbox 1689 430 1837 492; x_wconf 88' lang='lat' dir='ltr'><strong>enim</strong></span> <span class='ocrx_word' id='word_1_12' title='bbox 1864 427 1964 488; x_wconf 89' lang='lat' dir='ltr'><strong>Dei</strong></span> <span class='ocrx_word' id='word_1_13' title='bbox 1995 426 2094 484; x_wconf 87' lang='lat' dir='ltr'><strong>eli—</strong></span> <span class='ocrx_word' id='word_1_14' title='bbox 2117 426 2174 490; x_wconf 80' lang='grc' dir='ltr'><strong>Α</strong></span> <span class='ocrx_word' id='word_1_15' title='bbox 2196 432 2305 481; x_wconf 88' lang='lat' dir='ltr'><strong>tem</strong></span> <span class='ocrx_word' id='word_1_16' title='bbox 2334 427 2427 498; x_wconf 90' lang='lat' dir='ltr'><strong>qui</strong></span> <span class='ocrx_word' id='word_1_17' title='bbox 2470 424 2604 482; x_wconf 84' lang='lat' dir='ltr'><strong>vivit</strong></span> <span class='ocrx_word' id='word_1_18' title='bbox 2647 424 2885 496; x_wconf 77' lang='lat' dir='ltr'><strong>spiritu?</strong></span> <span class='ocrx_word' id='word_1_19' title='bbox 2930 424 3037 482; x_wconf 88' lang='lat' dir='ltr'><strong>nisi</strong></span> <span class='ocrx_word' id='word_1_20' title='bbox 3074 423 3427 482; x_wconf 80' lang='lat' dir='ltr'><strong>absconditus</strong></span> <span class='ocrx_word' id='word_1_21' title='bbox 3472 425 3643 483; x_wconf 90' lang='lat' dir='ltr'><strong>homo</strong></span> <span class='ocrx_word' id='word_1_22' title='bbox 3696 444 3806 485; x_wconf 87' lang='lat' dir='ltr'><strong>no-</strong></span> 
     </span>
    </p>
   </div>
   <div class='ocr_carea' id='block_1_5' title="bbox 499 525 1342 603">
    <p class='ocr_par' dir='ltr' id='par_1_5' title="bbox 499 525 1342 603">
     <span class='ocr_line' id='line_1_5' title="bbox 499 525 1342 603; baseline -0.008 -16"><span class='ocrx_word' id='word_1_23' title='bbox 499 544 651 603; x_wconf 85' lang='lat' dir='ltr'><strong>gere,</strong></span> <span class='ocrx_word' id='word_1_24' title='bbox 679 528 897 586; x_wconf 84' lang='lat' dir='ltr'><strong>nescire</strong></span> <span class='ocrx_word' id='word_1_25' title='bbox 921 525 1215 598; x_wconf 89' lang='lat' dir='ltr'><strong>reprobare</strong></span> <span class='ocrx_word' id='word_1_26' title='bbox 1239 531 1342 582; x_wconf 91' lang='lat' dir='ltr'><strong>est.</strong></span> 
     </span>
    </p>
   </div>
   <div class='ocr_carea' id='block_1_6' title="bbox 581 619 2085 694">
    <p class='ocr_par' dir='ltr' id='par_1_6' title="bbox 581 619 2085 694">
     <span class='ocr_line' id='line_1_6' title="bbox 581 619 2085 694; baseline 0 -18"><span class='ocrx_word' id='word_1_27' title='bbox 581 621 704 679; x_wconf 88' lang='lat' dir='ltr'><strong>Non</strong></span> <span class='ocrx_word' id='word_1_28' title='bbox 729 631 806 679; x_wconf 82' lang='lat' dir='ltr'><strong>est</strong></span> <span class='ocrx_word' id='word_1_29' title='bbox 827 623 1060 679; x_wconf 85' lang='lat' dir='ltr'><strong>inventus</strong></span> <span class='ocrx_word' id='word_1_30' title='bbox 1088 620 1178 692; x_wconf 89' lang='lat' dir='ltr'><strong>qui</strong></span> <span class='ocrx_word' id='word_1_31' title='bbox 1205 621 1398 676; x_wconf 78' lang='lat' dir='ltr'><strong>rediret</strong></span> <span class='ocrx_word' id='word_1_32' title='bbox 1426 628 1474 677; x_wconf 88' lang='lat' dir='ltr'><strong>et</strong></span> <span class='ocrx_word' id='word_1_33' title='bbox 1508 621 1657 678; x_wconf 87' lang='lat' dir='ltr'><strong>daret</strong></span> <span class='ocrx_word' id='word_1_34' title='bbox 1699 621 1926 694; x_wconf 87' lang='lat' dir='ltr'><strong>gloriam</strong></span> <span class='ocrx_word' id='word_1_35' title='bbox 1950 619 2085 686; x_wconf 87' lang='lat' dir='ltr'><strong>Deo,</strong></span> 
     </span>
    </p>
   </div>
   <div class='ocr_carea' id='block_1_7' title="bbox 500 711 2089 786">
    <p class='ocr_par' dir='ltr' id='par_1_7' title="bbox 500 711 2089 786">
     <span class='ocr_line' id='line_1_7' title="bbox 500 711 2089 786; baseline -0.002 -15"><span class='ocrx_word' id='word_1_36' title='bbox 500 715 601 771; x_wconf 88' lang='lat' dir='ltr'><strong>nisi</strong></span> <span class='ocrx_word' id='word_1_37' title='bbox 633 715 720 770; x_wconf 76' lang='lat' dir='ltr'><strong>hic</strong></span> <span class='ocrx_word' id='word_1_38' title='bbox 752 714 1066 786; x_wconf 76' lang='lat' dir='ltr'><strong>alienigena.</strong></span> <span class='ocrx_word' id='word_1_39' title='bbox 1093 711 1404 770; x_wconf 91' lang='lat' dir='ltr'><strong>Secundum</strong></span> <span class='ocrx_word' id='word_1_40' title='bbox 1444 729 1643 785; x_wconf 77' lang='lat' dir='ltr'><strong>corpus</strong></span> <span class='ocrx_word' id='word_1_41' title='bbox 1686 714 1904 785; x_wconf 89' lang='lat' dir='ltr'><strong>quidem</strong></span> <span class='ocrx_word' id='word_1_42' title='bbox 1928 712 2089 770; x_wconf 85' lang='lat' dir='ltr'><strong>facile</strong></span> 
     </span>
    </p>
   </div>
   <div class='ocr_carea' id='block_1_8' title="bbox 501 804 2092 877">
    <p class='ocr_par' dir='ltr' id='par_1_8' title="bbox 501 804 2092 877">
     <span class='ocr_line' id='line_1_8' title="bbox 501 804 2092 877; baseline -0.002 -14"><span class='ocrx_word' id='word_1_43' title='bbox 501 815 588 863; x_wconf 91' lang='lat' dir='ltr'><strong>est</strong></span> <span class='ocrx_word' id='word_1_44' title='bbox 609 807 793 863; x_wconf 87' lang='lat' dir='ltr'><strong>videre</strong></span> <span class='ocrx_word' id='word_1_45' title='bbox 833 821 993 877; x_wconf 84' lang='lat' dir='ltr'><strong>posse</strong></span> <span class='ocrx_word' id='word_1_46' title='bbox 1035 806 1314 863; x_wconf 88' lang='lat' dir='ltr'><strong>hominem</strong></span> <span class='ocrx_word' id='word_1_47' title='bbox 1355 821 1464 862; x_wconf 89' lang='lat' dir='ltr'><strong>non</strong></span> <span class='ocrx_word' id='word_1_48' title='bbox 1514 807 1718 864; x_wconf 88' lang='lat' dir='ltr'><strong>habere</strong></span> <span class='ocrx_word' id='word_1_49' title='bbox 1765 804 2004 877; x_wconf 90' lang='lat' dir='ltr'><strong>lepram&#39;,</strong></span> <span class='ocrx_word' id='word_1_50' title='bbox 2035 813 2092 861; x_wconf 87' lang='lat' dir='ltr'><strong>et</strong></span> 
     </span>
    </p>
   </div>
   <div class='ocr_carea' id='block_1_9' title="bbox 503 897 2090 970">
    <p class='ocr_par' dir='ltr' id='par_1_9' title="bbox 503 897 2090 970">
     <span class='ocr_line' id='line_1_9' title="bbox 503 897 2090 970; baseline 0.001 -17"><span class='ocrx_word' id='word_1_51' title='bbox 503 905 686 954; x_wconf 89' lang='lat' dir='ltr'><strong>tamen</strong></span> <span class='ocrx_word' id='word_1_52' title='bbox 715 897 883 955; x_wconf 89' lang='lat' dir='ltr'><strong>animi</strong></span> <span class='ocrx_word' id='word_1_53' title='bbox 914 912 1036 954; x_wconf 89' lang='lat' dir='ltr'><strong>esse</strong></span> <span class='ocrx_word' id='word_1_54' title='bbox 1066 914 1177 955; x_wconf 89' lang='lat' dir='ltr'><strong>non</strong></span> <span class='ocrx_word' id='word_1_55' title='bbox 1198 899 1347 955; x_wconf 92' lang='lat' dir='ltr'><strong>boni.</strong></span> <span class='ocrx_word' id='word_1_56' title='bbox 1399 899 1713 955; x_wconf 89' lang='lat' dir='ltr'><strong>Secundum</strong></span> <span class='ocrx_word' id='word_1_57' title='bbox 1739 898 2090 970; x_wconf 85' lang='lat' dir='ltr'><strong>signiﬁcatio-</strong></span> 
     </span>
    </p>
   </div>
   <div class='ocr_carea' id='block_1_10' title="bbox 506 991 2086 1062">
    <p class='ocr_par' dir='ltr' id='par_1_10' title="bbox 506 991 2086 1062">
     <span class='ocr_line' id='line_1_10' title="bbox 506 991 2086 1062; baseline -0.002 -12"><span class='ocrx_word' id='word_1_58' title='bbox 506 1009 625 1050; x_wconf 82' lang='lat' dir='ltr'><strong>1em</strong></span> <span class='ocrx_word' id='word_1_59' title='bbox 654 1000 834 1049; x_wconf 90' lang='lat' dir='ltr'><strong>autem</strong></span> <span class='ocrx_word' id='word_1_60' title='bbox 854 991 1016 1062; x_wconf 86' lang='lat' dir='ltr'><strong>hujus</strong></span> <span class='ocrx_word' id='word_1_61' title='bbox 1035 993 1287 1050; x_wconf 87' lang='lat' dir='ltr'><strong>miraculi</strong></span> <span class='ocrx_word' id='word_1_62' title='bbox 1308 995 1599 1051; x_wconf 78' lang='lat' dir='ltr'><strong>conturbat</strong></span> <span class='ocrx_word' id='word_1_63' title='bbox 1627 993 2086 1059; x_wconf 88' lang='lat' dir='ltr'><strong>considerantem,</strong></span> 
     </span>
    </p>
   </div>
   <div class='ocr_carea' id='block_1_11' title="bbox 499 1084 2091 1158">
    <p class='ocr_par' dir='ltr' id='par_1_11' title="bbox 499 1084 2091 1158">
     <span class='ocr_line' id='line_1_11' title="bbox 499 1084 2091 1158; baseline 0.001 -19"><span class='ocrx_word' id='word_1_64' title='bbox 499 1084 769 1154; x_wconf 85' lang='lat' dir='ltr'><strong>quomodo</strong></span> <span class='ocrx_word' id='word_1_65' title='bbox 804 1085 1038 1141; x_wconf 90' lang='lat' dir='ltr'><strong>mundus</strong></span> <span class='ocrx_word' id='word_1_66' title='bbox 1067 1086 1175 1142; x_wconf 91' lang='lat' dir='ltr'><strong>dici</strong></span> <span class='ocrx_word' id='word_1_67' title='bbox 1225 1095 1406 1157; x_wconf 84' lang='lat' dir='ltr'><strong>potest</strong></span> <span class='ocrx_word' id='word_1_68' title='bbox 1458 1086 1728 1158; x_wconf 89' lang='lat' dir='ltr'><strong>ingratus.</strong></span> <span class='ocrx_word' id='word_1_69' title='bbox 1777 1085 1887 1142; x_wconf 88' lang='lat' dir='ltr'><strong>Sed</strong></span> <span class='ocrx_word' id='word_1_70' title='bbox 1923 1087 2091 1142; x_wconf 91' lang='lat' dir='ltr'><strong>etiam</strong></span> 
     </span>
    </p>
   </div>
   <div class='ocr_carea' id='block_1_12' title="bbox 500 1177 2094 1250">
    <p class='ocr_par' dir='ltr' id='par_1_12' title="bbox 500 1177 2094 1250">
     <span class='ocr_line' id='line_1_12' title="bbox 500 1177 2094 1250; baseline 0 -18"><span class='ocrx_word' id='word_1_71' title='bbox 500 1177 660 1233; x_wconf 84' lang='lat' dir='ltr'><strong>facile</strong></span> <span class='ocrx_word' id='word_1_72' title='bbox 687 1185 771 1234; x_wconf 91' lang='lat' dir='ltr'><strong>est</strong></span> <span class='ocrx_word' id='word_1_73' title='bbox 823 1177 989 1233; x_wconf 91' lang='lat' dir='ltr'><strong>etiam</strong></span> <span class='ocrx_word' id='word_1_74' title='bbox 1021 1177 1153 1234; x_wconf 90' lang='lat' dir='ltr'><strong>illud</strong></span> <span class='ocrx_word' id='word_1_75' title='bbox 1182 1179 1370 1235; x_wconf 87' lang='lat' dir='ltr'><strong>videre</strong></span> <span class='ocrx_word' id='word_1_76' title='bbox 1395 1178 1515 1234; x_wconf 91' lang='lat' dir='ltr'><strong>ﬁeri</strong></span> <span class='ocrx_word' id='word_1_77' title='bbox 1546 1194 1729 1250; x_wconf 87' lang='lat' dir='ltr'><strong>posse,</strong></span> <span class='ocrx_word' id='word_1_78' title='bbox 1759 1187 1821 1234; x_wconf 93' lang='lat' dir='ltr'><strong>ut</strong></span> <span class='ocrx_word' id='word_1_79' title='bbox 1863 1177 2094 1248; x_wconf 87' lang='lat' dir='ltr'><strong>quisque</strong></span> 
     </span>
    </p>
   </div>
   <div class='ocr_carea' id='block_1_13' title="bbox 499 1267 2092 1342">
    <p class='ocr_par' dir='ltr' id='par_1_13' title="bbox 499 1267 2092 1342">
     <span class='ocr_line' id='line_1_13' title="bbox 499 1267 2092 1342; baseline 0.001 -19"><span class='ocrx_word' id='word_1_80' title='bbox 499 1268 557 1324; x_wconf 91' lang='lat' dir='ltr'><strong>in</strong></span> <span class='ocrx_word' id='word_1_81' title='bbox 598 1267 844 1330; x_wconf 78' lang='lat' dir='ltr'><strong>ecclesiae</strong></span> <span class='ocrx_word' id='word_1_82' title='bbox 865 1269 1128 1326; x_wconf 85' lang='lat' dir='ltr'><strong>societate</strong></span> <span class='ocrx_word' id='word_1_83' title='bbox 1157 1271 1460 1326; x_wconf 87' lang='lat' dir='ltr'><strong>doctrinam</strong></span> <span class='ocrx_word' id='word_1_84' title='bbox 1500 1272 1769 1342; x_wconf 75' lang='lat' dir='ltr'><strong>integram</strong></span> <span class='ocrx_word' id='word_1_85' title='bbox 1792 1285 2092 1340; x_wconf 78' lang='lat' dir='ltr'><strong>veramque</strong></span> 
     </span>
    </p>
   </div>
   <div class='ocr_carea' id='block_1_14' title="bbox 501 1363 2092 1435">
    <p class='ocr_par' dir='ltr' id='par_1_14' title="bbox 501 1363 2092 1435">
     <span class='ocr_line' id='line_1_14' title="bbox 501 1363 2092 1435; baseline 0.001 -21"><span class='ocrx_word' id='word_1_86' title='bbox 501 1368 843 1431; x_wconf 89' lang='lat' dir='ltr'><strong>assequatur,</strong></span> <span class='ocrx_word' id='word_1_87' title='bbox 873 1369 928 1417; x_wconf 90' lang='lat' dir='ltr'><strong>et</strong></span> <span class='ocrx_word' id='word_1_88' title='bbox 953 1363 1136 1418; x_wconf 88' lang='lat' dir='ltr'><strong>omnia</strong></span> <span class='ocrx_word' id='word_1_89' title='bbox 1179 1364 1478 1419; x_wconf 90' lang='lat' dir='ltr'><strong>secundum</strong></span> <span class='ocrx_word' id='word_1_90' title='bbox 1519 1363 1803 1422; x_wconf 81' lang='lat' dir='ltr'><strong>catholicae</strong></span> <span class='ocrx_word' id='word_1_91' title='bbox 1849 1363 2092 1435; x_wconf 85' lang='lat' dir='ltr'><strong>regulam</strong></span> 
     </span>
    </p>
   </div>
   <div class='ocr_carea' id='block_1_15' title="bbox 501 1453 2095 1526">
    <p class='ocr_par' dir='ltr' id='par_1_15' title="bbox 501 1453 2095 1526">
     <span class='ocr_line' id='line_1_15' title="bbox 501 1453 2095 1526; baseline 0 -16"><span class='ocrx_word' id='word_1_92' title='bbox 501 1454 752 1521; x_wconf 85' lang='lat' dir='ltr'><strong>disserat,</strong></span> <span class='ocrx_word' id='word_1_93' title='bbox 804 1453 1098 1525; x_wconf 81' lang='lat' dir='ltr'><strong>distinguat</strong></span> <span class='ocrx_word' id='word_1_94' title='bbox 1153 1471 1182 1511; x_wconf 91' lang='lat' dir='ltr'><strong>a</strong></span> <span class='ocrx_word' id='word_1_95' title='bbox 1239 1465 1488 1513; x_wconf 81' lang='lat' dir='ltr'><strong>creatore</strong></span> <span class='ocrx_word' id='word_1_96' title='bbox 1544 1464 1883 1523; x_wconf 86' lang='lat' dir='ltr'><strong>creaturam,</strong></span> <span class='ocrx_word' id='word_1_97' title='bbox 1921 1471 2095 1526; x_wconf 91' lang='lat' dir='ltr'><strong>eoque</strong></span> 
     </span>
    </p>
   </div>
   <div class='ocr_carea' id='block_1_16' title="bbox 501 1544 2094 1619">
    <p class='ocr_par' dir='ltr' id='par_1_16' title="bbox 501 1544 2094 1619">
     <span class='ocr_line' id='line_1_16' title="bbox 501 1544 2094 1619; baseline 0 -18"><span class='ocrx_word' id='word_1_98' title='bbox 501 1544 880 1602; x_wconf 89' lang='lat' dir='ltr'><strong>manifestetur</strong></span> <span class='ocrx_word' id='word_1_99' title='bbox 903 1547 1167 1603; x_wconf 81' lang='lat' dir='ltr'><strong>varietate</strong></span> <span class='ocrx_word' id='word_1_100' title='bbox 1190 1547 1624 1617; x_wconf 90' lang='lat' dir='ltr'><strong>mendaciorum,</strong></span> <span class='ocrx_word' id='word_1_101' title='bbox 1655 1556 1915 1619; x_wconf 88' lang='lat' dir='ltr'><strong>tanquam</strong></span> <span class='ocrx_word' id='word_1_102' title='bbox 1944 1548 2094 1618; x_wconf 86' lang='lat' dir='ltr'><strong>lepra</strong></span> 
     </span>
    </p>
   </div>
   <div class='ocr_carea' id='block_1_17' title="bbox 501 1637 2095 1712">
    <p class='ocr_par' dir='ltr' id='par_1_17' title="bbox 501 1637 2095 1712">
     <span class='ocr_line' id='line_1_17' title="bbox 501 1637 2095 1712; baseline 0.005 -20"><span class='ocrx_word' id='word_1_103' title='bbox 501 1637 780 1704; x_wconf 84' lang='lat' dir='ltr'><strong>caruisse,</strong></span> <span class='ocrx_word' id='word_1_104' title='bbox 831 1645 889 1694; x_wconf 89' lang='lat' dir='ltr'><strong>et</strong></span> <span class='ocrx_word' id='word_1_105' title='bbox 925 1646 1108 1696; x_wconf 89' lang='lat' dir='ltr'><strong>tamen</strong></span> <span class='ocrx_word' id='word_1_106' title='bbox 1162 1639 1410 1712; x_wconf 85' lang='lat' dir='ltr'><strong>ingratus</strong></span> <span class='ocrx_word' id='word_1_107' title='bbox 1455 1642 1528 1698; x_wconf 90' lang='lat' dir='ltr'><strong>sit</strong></span> <span class='ocrx_word' id='word_1_108' title='bbox 1568 1643 1713 1708; x_wconf 91' lang='lat' dir='ltr'><strong>Deo,</strong></span> <span class='ocrx_word' id='word_1_109' title='bbox 1765 1649 1821 1698; x_wconf 90' lang='lat' dir='ltr'><strong>et</strong></span> <span class='ocrx_word' id='word_1_110' title='bbox 1864 1642 2095 1700; x_wconf 91' lang='lat' dir='ltr'><strong>Domino</strong></span> 
     </span>
    </p>
   </div>
   <div class='ocr_carea' id='block_1_18' title="bbox 502 1730 2092 1805">
    <p class='ocr_par' dir='ltr' id='par_1_18' title="bbox 502 1730 2092 1805">
     <span class='ocr_line' id='line_1_18' title="bbox 502 1730 2092 1805; baseline 0.003 -21"><span class='ocrx_word' id='word_1_111' title='bbox 502 1730 808 1786; x_wconf 88' lang='lat' dir='ltr'><strong>mundatori</strong></span> <span class='ocrx_word' id='word_1_112' title='bbox 865 1746 983 1786; x_wconf 90' lang='lat' dir='ltr'><strong>suo.</strong></span> <span class='ocrx_word' id='word_1_113' title='bbox 1049 1731 1187 1799; x_wconf 86' lang='lat' dir='ltr'><strong>Quia</strong></span> <span class='ocrx_word' id='word_1_114' title='bbox 1242 1732 1416 1790; x_wconf 89' lang='lat' dir='ltr'><strong>elatus</strong></span> <span class='ocrx_word' id='word_1_115' title='bbox 1482 1734 1736 1804; x_wconf 85' lang='lat' dir='ltr'><strong>superbia</strong></span> <span class='ocrx_word' id='word_1_116' title='bbox 1795 1735 2092 1805; x_wconf 80' lang='lat' dir='ltr'><strong>gratiarum</strong></span> 
     </span>
    </p>
   </div>
   <div class='ocr_carea' id='block_1_19' title="bbox 2191 515 3802 589">
    <p class='ocr_par' dir='ltr' id='par_1_19' title="bbox 2191 515 3802 589">
     <span class='ocr_line' id='line_1_19' title="bbox 2191 515 3802 589; baseline 0.002 -15"><span class='ocrx_word' id='word_1_117' title='bbox 2191 526 2324 584; x_wconf 91' lang='lat' dir='ltr'><strong>ster,</strong></span> <span class='ocrx_word' id='word_1_118' title='bbox 2366 518 2460 589; x_wconf 84' lang='lat' dir='ltr'><strong>qui</strong></span> <span class='ocrx_word' id='word_1_119' title='bbox 2511 527 2566 574; x_wconf 89' lang='lat' dir='ltr'><strong>et</strong></span> <span class='ocrx_word' id='word_1_120' title='bbox 2604 515 2764 588; x_wconf 86' lang='lat' dir='ltr'><strong>juxta</strong></span> <span class='ocrx_word' id='word_1_121' title='bbox 2815 520 3036 575; x_wconf 79' lang='lat' dir='ltr'><strong>carnem</strong></span> <span class='ocrx_word' id='word_1_122' title='bbox 3077 517 3352 574; x_wconf 87' lang='lat' dir='ltr'><strong>interdum</strong></span> <span class='ocrx_word' id='word_1_123' title='bbox 3392 518 3533 574; x_wconf 85' lang='lat' dir='ltr'><strong>solet</strong></span> <span class='ocrx_word' id='word_1_124' title='bbox 3560 518 3759 576; x_wconf 79' lang='lat' dir='ltr'><strong>vivere</strong></span> <span class='ocrx_word' id='word_1_125' title='bbox 3786 563 3802 587; x_wconf 92' lang='lat'><strong>,</strong></span> 
     </span>
    </p>
   </div>
   <div class='ocr_carea' id='block_1_20' title="bbox 2190 609 3808 681">
    <p class='ocr_par' dir='ltr' id='par_1_20' title="bbox 2190 609 3808 681">
     <span class='ocr_line' id='line_1_20' title="bbox 2190 609 3808 681; baseline 0.001 -16"><span class='ocrx_word' id='word_1_126' title='bbox 2190 609 2286 665; x_wconf 87' lang='lat' dir='ltr'><strong>sed</strong></span> <span class='ocrx_word' id='word_1_127' title='bbox 2314 625 2440 665; x_wconf 92' lang='lat' dir='ltr'><strong>cum</strong></span> <span class='ocrx_word' id='word_1_128' title='bbox 2481 609 2679 680; x_wconf 86' lang='lat' dir='ltr'><strong>spiritu</strong></span> <span class='ocrx_word' id='word_1_129' title='bbox 2729 610 2951 677; x_wconf 86' lang='lat' dir='ltr'><strong>vixerit,</strong></span> <span class='ocrx_word' id='word_1_130' title='bbox 2984 610 3179 681; x_wconf 84' lang='lat' dir='ltr'><strong>spiritu</strong></span> <span class='ocrx_word' id='word_1_131' title='bbox 3227 609 3502 678; x_wconf 88' lang='lat' dir='ltr'><strong>ambulat,</strong></span> <span class='ocrx_word' id='word_1_132' title='bbox 3556 625 3694 667; x_wconf 88' lang='lat' dir='ltr'><strong>cum</strong></span> <span class='ocrx_word' id='word_1_133' title='bbox 3745 612 3808 667; x_wconf 90' lang='lat' dir='ltr'><strong>in</strong></span> 
     </span>
    </p>
   </div>
   <div class='ocr_carea' id='block_1_21' title="bbox 2192 703 3810 772">
    <p class='ocr_par' dir='ltr' id='par_1_21' title="bbox 2192 703 3810 772">
     <span class='ocr_line' id='line_1_21' title="bbox 2192 703 3810 772; baseline 0 -12"><span class='ocrx_word' id='word_1_134' title='bbox 2192 718 2358 760; x_wconf 86' lang='lat' dir='ltr'><strong>carne</strong></span> <span class='ocrx_word' id='word_1_135' title='bbox 2383 703 2621 760; x_wconf 86' lang='lat' dir='ltr'><strong>voluerit</strong></span> <span class='ocrx_word' id='word_1_136' title='bbox 2648 703 2950 772; x_wconf 89' lang='lat' dir='ltr'><strong>ambulare,</strong></span> <span class='ocrx_word' id='word_1_137' title='bbox 3000 703 3194 760; x_wconf 90' lang='lat' dir='ltr'><strong>vivens</strong></span> <span class='ocrx_word' id='word_1_138' title='bbox 3245 713 3493 760; x_wconf 89' lang='lat' dir='ltr'><strong>mortuus</strong></span> <span class='ocrx_word' id='word_1_139' title='bbox 3539 712 3664 771; x_wconf 87' lang='lat' dir='ltr'><strong>est,</strong></span> <span class='ocrx_word' id='word_1_140' title='bbox 3716 704 3810 760; x_wconf 84' lang='lat' dir='ltr'><strong>vir</strong></span> 
     </span>
    </p>
   </div>
   <div class='ocr_carea' id='block_1_22' title="bbox 2189 795 3568 871">
    <p class='ocr_par' dir='ltr' id='par_1_22' title="bbox 2189 795 3568 871">
     <span class='ocr_line' id='line_1_22' title="bbox 2189 795 3568 871; baseline -0.002 -17"><span class='ocrx_word' id='word_1_141' title='bbox 2189 797 2464 871; x_wconf 87' lang='lat' dir='ltr'><strong>perfectus</strong></span> <span class='ocrx_word' id='word_1_142' title='bbox 2497 798 2554 853; x_wconf 92' lang='lat' dir='ltr'><strong>in</strong></span> <span class='ocrx_word' id='word_1_143' title='bbox 2576 795 2828 866; x_wconf 89' lang='lat' dir='ltr'><strong>Christo,</strong></span> <span class='ocrx_word' id='word_1_144' title='bbox 2857 812 3074 869; x_wconf 89' lang='lat' dir='ltr'><strong>semper</strong></span> <span class='ocrx_word' id='word_1_145' title='bbox 3103 797 3239 853; x_wconf 90' lang='lat' dir='ltr'><strong>vivit</strong></span> <span class='ocrx_word' id='word_1_146' title='bbox 3264 796 3318 852; x_wconf 92' lang='lat' dir='ltr'><strong>in</strong></span> <span class='ocrx_word' id='word_1_147' title='bbox 3350 798 3568 868; x_wconf 85' lang='lat' dir='ltr'><strong>spiritu.</strong></span> 
     </span>
    </p>
   </div>
   <div class='ocr_carea' id='block_1_23' title="bbox 2265 887 3805 964">
    <p class='ocr_par' dir='ltr' id='par_1_23' title="bbox 2265 887 3805 964">
     <span class='ocr_line' id='line_1_23' title="bbox 2265 887 3805 964; baseline 0.001 -20"><span class='ocrx_word' id='word_1_148' title='bbox 2265 889 2376 961; x_wconf 80' lang='lat' dir='ltr'><strong>(Ea;</strong></span> <span class='ocrx_word' id='word_1_149' title='bbox 2397 887 2658 964; x_wconf 91' lang='lat' dir='ltr'><strong>Primas.)</strong></span> <span class='ocrx_word' id='word_1_150' title='bbox 2688 889 2751 946; x_wconf 88' lang='lat' dir='ltr'><strong>Si</strong></span> <span class='ocrx_word' id='word_1_151' title='bbox 2778 891 2971 962; x_wconf 76' lang='lat' dir='ltr'><strong>spiritu</strong></span> <span class='ocrx_word' id='word_1_152' title='bbox 2997 889 3234 954; x_wconf 78' lang='lat' dir='ltr'><strong>vivimus,</strong></span> <span class='ocrx_word' id='word_1_153' title='bbox 3261 889 3450 960; x_wconf 88' lang='lat' dir='ltr'><strong>spiritu</strong></span> <span class='ocrx_word' id='word_1_154' title='bbox 3475 898 3524 944; x_wconf 89' lang='lat' dir='ltr'><strong>et</strong></span> <span class='ocrx_word' id='word_1_155' title='bbox 3550 887 3805 945; x_wconf 81' lang='lat' dir='ltr'><strong>ambule-</strong></span> 
     </span>
    </p>
   </div>
   <div class='ocr_carea' id='block_1_24' title="bbox 2192 980 3804 1054">
    <p class='ocr_par' dir='ltr' id='par_1_24' title="bbox 2192 980 3804 1054">
     <span class='ocr_line' id='line_1_24' title="bbox 2192 980 3804 1054; baseline -0.001 -19"><span class='ocrx_word' id='word_1_156' title='bbox 2192 997 2310 1036; x_wconf 84' lang='lat' dir='ltr'><strong>mus</strong></span> <span class='ocrx_word' id='word_1_157' title='bbox 2336 998 2354 1036; x_wconf 91' lang='lat'><strong><em>:</em></strong></span> <span class='ocrx_word' id='word_1_158' title='bbox 2385 995 2450 1036; x_wconf 94' lang='lat' dir='ltr'><strong>ac</strong></span> <span class='ocrx_word' id='word_1_159' title='bbox 2475 981 2524 1038; x_wconf 89' lang='lat' dir='ltr'><strong>si</strong></span> <span class='ocrx_word' id='word_1_160' title='bbox 2550 981 2780 1050; x_wconf 86' lang='lat' dir='ltr'><strong>diceret,</strong></span> <span class='ocrx_word' id='word_1_161' title='bbox 2813 980 2871 1037; x_wconf 92' lang='lat' dir='ltr'><strong>Si</strong></span> <span class='ocrx_word' id='word_1_162' title='bbox 2895 997 2996 1053; x_wconf 91' lang='lat' dir='ltr'><strong>per</strong></span> <span class='ocrx_word' id='word_1_163' title='bbox 3024 981 3278 1054; x_wconf 89' lang='lat' dir='ltr'><strong>spiritum</strong></span> <span class='ocrx_word' id='word_1_164' title='bbox 3309 980 3478 1036; x_wconf 90' lang='lat' dir='ltr'><strong>vitam</strong></span> <span class='ocrx_word' id='word_1_165' title='bbox 3500 981 3804 1046; x_wconf 84' lang='lat' dir='ltr'><strong>habemus,</strong></span> 
     </span>
    </p>
   </div>
   <div class='ocr_carea' id='block_1_25' title="bbox 2195 1074 3809 1146">
    <p class='ocr_par' dir='ltr' id='par_1_25' title="bbox 2195 1074 3809 1146">
     <span class='ocr_line' id='line_1_25' title="bbox 2195 1074 3809 1146; baseline 0.002 -17"><span class='ocrx_word' id='word_1_166' title='bbox 2195 1074 2554 1145; x_wconf 83' lang='lat' dir='ltr'><strong>spiritualiter</strong></span> <span class='ocrx_word' id='word_1_167' title='bbox 2571 1091 2986 1144; x_wconf 89' lang='lat' dir='ltr'><strong>conversemur,</strong></span> <span class='ocrx_word' id='word_1_168' title='bbox 3012 1083 3068 1132; x_wconf 90' lang='lat' dir='ltr'><strong>et</strong></span> <span class='ocrx_word' id='word_1_169' title='bbox 3088 1090 3198 1133; x_wconf 93' lang='lat' dir='ltr'><strong>non</strong></span> <span class='ocrx_word' id='word_1_170' title='bbox 3223 1075 3330 1146; x_wconf 84' lang='lat' dir='ltr'><strong>legi</strong></span> <span class='ocrx_word' id='word_1_171' title='bbox 3361 1075 3666 1133; x_wconf 88' lang='lat' dir='ltr'><strong>carnaliter</strong></span> <span class='ocrx_word' id='word_1_172' title='bbox 3689 1091 3809 1132; x_wconf 89' lang='lat' dir='ltr'><strong>ser-</strong></span> 
     </span>
    </p>
   </div>
   <div class='ocr_carea' id='block_1_26' title="bbox 2194 1167 2427 1224">
    <p class='ocr_par' dir='ltr' id='par_1_26' title="bbox 2194 1167 2427 1224">
     <span class='ocr_line' id='line_1_26' title="bbox 2194 1167 2427 1224; baseline 0.004 -3"><span class='ocrx_word' id='word_1_173' title='bbox 2194 1167 2427 1224; x_wconf 90' lang='lat' dir='ltr'><strong>viamus.</strong></span> 
     </span>
    </p>
   </div>
   <div class='ocr_carea' id='block_1_27' title="bbox 2270 1259 3807 1335">
    <p class='ocr_par' dir='ltr' id='par_1_27' title="bbox 2270 1259 3807 1335">
     <span class='ocr_line' id='line_1_27' title="bbox 2270 1259 3807 1335; baseline 0.003 -21"><span class='ocrx_word' id='word_1_174' title='bbox 2270 1259 2394 1316; x_wconf 89' lang='lat' dir='ltr'><strong>Non</strong></span> <span class='ocrx_word' id='word_1_175' title='bbox 2423 1262 2710 1334; x_wconf 73' lang='lat' dir='ltr'><strong>eﬁiciamur</strong></span> <span class='ocrx_word' id='word_1_176' title='bbox 2739 1262 2916 1319; x_wconf 87' lang='lat' dir='ltr'><strong>inanis</strong></span> <span class='ocrx_word' id='word_1_177' title='bbox 2950 1261 3134 1335; x_wconf 71' lang='lat' dir='ltr'><strong>glorite</strong></span> <span class='ocrx_word' id='word_1_178' title='bbox 3161 1260 3359 1332; x_wconf 81' lang='lat' dir='ltr'><strong>cupidi.</strong></span> <span class='ocrx_word' id='word_1_179' title='bbox 3407 1261 3580 1317; x_wconf 87' lang='lat' dir='ltr'><strong>Plane</strong></span> <span class='ocrx_word' id='word_1_180' title='bbox 3606 1261 3807 1333; x_wconf 60' lang='lat' dir='ltr'><strong>gloria</strong></span> 
     </span>
    </p>
   </div>
   <div class='ocr_carea' id='block_1_28' title="bbox 2197 1353 3809 1427">
    <p class='ocr_par' dir='ltr' id='par_1_28' title="bbox 2197 1353 3809 1427">
     <span class='ocr_line' id='line_1_28' title="bbox 2197 1353 3809 1427; baseline 0.002 -20"><span class='ocrx_word' id='word_1_181' title='bbox 2197 1353 2421 1424; x_wconf 92' lang='lat' dir='ltr'><strong>cupidos</strong></span> <span class='ocrx_word' id='word_1_182' title='bbox 2468 1354 2742 1423; x_wconf 90' lang='lat' dir='ltr'><strong>dicimus,</strong></span> <span class='ocrx_word' id='word_1_183' title='bbox 2791 1356 2885 1426; x_wconf 91' lang='lat' dir='ltr'><strong>qui</strong></span> <span class='ocrx_word' id='word_1_184' title='bbox 2939 1354 3168 1427; x_wconf 79' lang='lat' dir='ltr'><strong>gloriam</strong></span> <span class='ocrx_word' id='word_1_185' title='bbox 3214 1353 3312 1410; x_wconf 90' lang='lat' dir='ltr'><strong>Dei</strong></span> <span class='ocrx_word' id='word_1_186' title='bbox 3359 1353 3704 1418; x_wconf 87' lang='lat' dir='ltr'><strong>desiderant,</strong></span> <span class='ocrx_word' id='word_1_187' title='bbox 3754 1363 3809 1411; x_wconf 79' lang='lat' dir='ltr'><strong>et</strong></span> 
     </span>
    </p>
   </div>
   <div class='ocr_carea' id='block_1_29' title="bbox 2199 1445 3806 1519">
    <p class='ocr_par' dir='ltr' id='par_1_29' title="bbox 2199 1445 3806 1519">
     <span class='ocr_line' id='line_1_29' title="bbox 2199 1445 3806 1519; baseline 0.001 -19"><span class='ocrx_word' id='word_1_188' title='bbox 2199 1445 2419 1502; x_wconf 92' lang='lat' dir='ltr'><strong>laudem</strong></span> <span class='ocrx_word' id='word_1_189' title='bbox 2459 1449 2661 1503; x_wconf 89' lang='lat' dir='ltr'><strong>virtute</strong></span> <span class='ocrx_word' id='word_1_190' title='bbox 2710 1447 3061 1519; x_wconf 83' lang='lat' dir='ltr'><strong>condignam,</strong></span> <span class='ocrx_word' id='word_1_191' title='bbox 3092 1453 3149 1501; x_wconf 90' lang='lat' dir='ltr'><strong>et</strong></span> <span class='ocrx_word' id='word_1_192' title='bbox 3176 1455 3429 1518; x_wconf 88' lang='lat' dir='ltr'><strong>aspectus</strong></span> <span class='ocrx_word' id='word_1_193' title='bbox 3479 1447 3657 1502; x_wconf 89' lang='lat' dir='ltr'><strong>divini</strong></span> <span class='ocrx_word' id='word_1_194' title='bbox 3704 1447 3806 1502; x_wconf 85' lang='lat' dir='ltr'><strong>ali-</strong></span> 
     </span>
    </p>
   </div>
   <div class='ocr_carea' id='block_1_30' title="bbox 2198 1537 3804 1610">
    <p class='ocr_par' dir='ltr' id='par_1_30' title="bbox 2198 1537 3804 1610">
     <span class='ocr_line' id='line_1_30' title="bbox 2198 1537 3804 1610; baseline 0 -17"><span class='ocrx_word' id='word_1_195' title='bbox 2198 1539 2329 1609; x_wconf 90' lang='lat' dir='ltr'><strong>quid</strong></span> <span class='ocrx_word' id='word_1_196' title='bbox 2362 1539 2759 1595; x_wconf 87' lang='lat' dir='ltr'><strong>ostendentem.</strong></span> <span class='ocrx_word' id='word_1_197' title='bbox 2810 1538 2854 1594; x_wconf 92' lang='lat' dir='ltr'><strong>E</strong></span> <span class='ocrx_word' id='word_1_198' title='bbox 2883 1537 3160 1595; x_wconf 88' lang='lat' dir='ltr'><strong>contrario</strong></span> <span class='ocrx_word' id='word_1_199' title='bbox 3202 1537 3296 1610; x_wconf 92' lang='lat' dir='ltr'><strong>qui</strong></span> <span class='ocrx_word' id='word_1_200' title='bbox 3347 1537 3764 1609; x_wconf 84' lang='lat' dir='ltr'><strong>eleemosynam</strong></span> <span class='ocrx_word' id='word_1_201' title='bbox 3789 1578 3804 1602; x_wconf 91' lang='lat'><strong>,</strong></span> 
     </span>
    </p>
   </div>
   <div class='ocr_carea' id='block_1_31' title="bbox 2198 1627 3804 1702">
    <p class='ocr_par' dir='ltr' id='par_1_31' title="bbox 2198 1627 3804 1702">
     <span class='ocr_line' id='line_1_31' title="bbox 2198 1627 3804 1702; baseline -0.001 -18"><span class='ocrx_word' id='word_1_202' title='bbox 2198 1629 2410 1702; x_wconf 85' lang='lat' dir='ltr'><strong>longam</strong></span> <span class='ocrx_word' id='word_1_203' title='bbox 2442 1631 2763 1697; x_wconf 89' lang='lat' dir='ltr'><strong>orationem,</strong></span> <span class='ocrx_word' id='word_1_204' title='bbox 2794 1631 3134 1695; x_wconf 86' lang='lat' dir='ltr'><strong>castitatem,</strong></span> <span class='ocrx_word' id='word_1_205' title='bbox 3175 1627 3292 1685; x_wconf 89' lang='lat' dir='ltr'><strong>sive</strong></span> <span class='ocrx_word' id='word_1_206' title='bbox 3320 1628 3376 1684; x_wconf 93' lang='lat' dir='ltr'><strong>in</strong></span> <span class='ocrx_word' id='word_1_207' title='bbox 3413 1629 3804 1694; x_wconf 88' lang='lat' dir='ltr'><strong>matrimonio,</strong></span> 
     </span>
    </p>
   </div>
   <div class='ocr_carea' id='block_1_32' title="bbox 2200 1724 3805 1797">
    <p class='ocr_par' dir='ltr' id='par_1_32' title="bbox 2200 1724 3805 1797">
     <span class='ocr_line' id='line_1_32' title="bbox 2200 1724 3805 1797; baseline 0.001 -18"><span class='ocrx_word' id='word_1_208' title='bbox 2200 1724 2315 1781; x_wconf 90' lang='lat' dir='ltr'><strong>sive</strong></span> <span class='ocrx_word' id='word_1_209' title='bbox 2344 1725 2399 1780; x_wconf 91' lang='lat' dir='ltr'><strong>in</strong></span> <span class='ocrx_word' id='word_1_210' title='bbox 2426 1724 2718 1792; x_wconf 87' lang='lat' dir='ltr'><strong>viduitate,</strong></span> <span class='ocrx_word' id='word_1_211' title='bbox 2751 1725 2866 1780; x_wconf 88' lang='lat' dir='ltr'><strong>sive</strong></span> <span class='ocrx_word' id='word_1_212' title='bbox 2902 1725 2957 1779; x_wconf 89' lang='lat' dir='ltr'><strong>in</strong></span> <span class='ocrx_word' id='word_1_213' title='bbox 3004 1725 3344 1795; x_wconf 89' lang='lat' dir='ltr'><strong>virginitate,</strong></span> <span class='ocrx_word' id='word_1_214' title='bbox 3372 1741 3471 1797; x_wconf 90' lang='lat' dir='ltr'><strong>pro</strong></span> <span class='ocrx_word' id='word_1_215' title='bbox 3495 1725 3666 1780; x_wconf 86' lang='lat' dir='ltr'><strong>laude</strong></span> <span class='ocrx_word' id='word_1_216' title='bbox 3699 1725 3805 1781; x_wconf 89' lang='lat' dir='ltr'><strong>ho-</strong></span> 
     </span>
    </p>
   </div>
   <div class='ocr_carea' id='block_1_33' title="bbox 501 1812 2087 1897">
    <p class='ocr_par' dir='ltr' id='par_1_33' title="bbox 501 1812 2087 1897">
     <span class='ocr_line' id='line_1_33' title="bbox 501 1812 2087 1897; baseline 0.005 -23"><span class='ocrx_word' id='word_1_217' title='bbox 501 1822 830 1892; x_wconf 88' lang='lat' dir='ltr'><strong>agendarum</strong></span> <span class='ocrx_word' id='word_1_218' title='bbox 853 1823 944 1892; x_wconf 92' lang='lat' dir='ltr'><strong>pia</strong></span> <span class='ocrx_word' id='word_1_219' title='bbox 973 1812 1282 1879; x_wconf 75' lang='lat' dir='ltr'><strong>humilitate</strong></span> <span class='ocrx_word' id='word_1_220' title='bbox 1323 1840 1433 1881; x_wconf 91' lang='lat' dir='ltr'><strong>non</strong></span> <span class='ocrx_word' id='word_1_221' title='bbox 1477 1826 1762 1893; x_wconf 87' lang='lat' dir='ltr'><strong>sternitur,</strong></span> <span class='ocrx_word' id='word_1_222' title='bbox 1793 1826 2087 1897; x_wconf 77' lang='lat' dir='ltr'><strong>similisque</strong></span> 
     </span>
    </p>
   </div>
   <div class='ocr_carea' id='block_1_34' title="bbox 2198 1812 3807 1897">
    <p class='ocr_par' dir='ltr' id='par_1_34' title="bbox 2199 1815 3807 1888">
     <span class='ocr_line' id='line_1_34' title="bbox 2199 1815 3807 1888; baseline 0 -16"><span class='ocrx_word' id='word_1_223' title='bbox 2199 1818 2407 1872; x_wconf 92' lang='lat' dir='ltr'><strong>minum</strong></span> <span class='ocrx_word' id='word_1_224' title='bbox 2434 1815 2584 1882; x_wconf 85' lang='lat' dir='ltr'><strong>facit,</strong></span> <span class='ocrx_word' id='word_1_225' title='bbox 2603 1817 2781 1873; x_wconf 89' lang='lat' dir='ltr'><strong>inanis</strong></span> <span class='ocrx_word' id='word_1_226' title='bbox 2798 1818 2970 1888; x_wconf 80' lang='lat' dir='ltr'><strong>gloria</strong></span> <span class='ocrx_word' id='word_1_227' title='bbox 2996 1827 3099 1875; x_wconf 90' lang='lat' dir='ltr'><strong>est.</strong></span> <span class='ocrx_word' id='word_1_228' title='bbox 3125 1817 3314 1874; x_wconf 89' lang='lat' dir='ltr'><strong>Gloria</strong></span> <span class='ocrx_word' id='word_1_229' title='bbox 3342 1819 3487 1874; x_wconf 90' lang='lat' dir='ltr'><strong>enim</strong></span> <span class='ocrx_word' id='word_1_230' title='bbox 3511 1834 3668 1874; x_wconf 85' lang='lat' dir='ltr'><strong>nunc</strong></span> <span class='ocrx_word' id='word_1_231' title='bbox 3688 1818 3807 1872; x_wconf 84' lang='lat' dir='ltr'><strong>vir-</strong></span> 
     </span>
    </p>
   </div>
   <div class='ocr_carea' id='block_1_35' title="bbox 500 1913 2095 1988">
    <p class='ocr_par' dir='ltr' id='par_1_35' title="bbox 500 1913 2095 1988">
     <span class='ocr_line' id='line_1_35' title="bbox 500 1913 2095 1988; baseline 0.004 -20"><span class='ocrx_word' id='word_1_232' title='bbox 500 1913 729 1969; x_wconf 81' lang='lat' dir='ltr'><strong>eﬁicitur</strong></span> <span class='ocrx_word' id='word_1_233' title='bbox 762 1915 862 1983; x_wconf 90' lang='lat' dir='ltr'><strong>eis,</strong></span> <span class='ocrx_word' id='word_1_234' title='bbox 899 1916 966 1972; x_wconf 88' lang='lat' dir='ltr'><strong>de</strong></span> <span class='ocrx_word' id='word_1_235' title='bbox 991 1917 1191 1988; x_wconf 90' lang='lat' dir='ltr'><strong>quibus</strong></span> <span class='ocrx_word' id='word_1_236' title='bbox 1218 1917 1350 1973; x_wconf 90' lang='lat' dir='ltr'><strong>dicit</strong></span> <span class='ocrx_word' id='word_1_237' title='bbox 1367 1917 1658 1987; x_wconf 87' lang='lat' dir='ltr'><strong>Apostolus</strong></span> <span class='ocrx_word' id='word_1_238' title='bbox 1684 1937 1696 1973; x_wconf 90' lang='lat'>:</span> <span class='ocrx_word' id='word_1_239' title='bbox 1735 1919 1977 1985; x_wconf 84' lang='lat' dir='ltr'><strong>Quicum</strong></span> <span class='ocrx_word' id='word_1_240' title='bbox 2007 1937 2095 1974; x_wconf 85' lang='lat' dir='ltr'><strong>co-</strong></span> 
     </span>
    </p>
   </div>
   <div class='ocr_carea' id='block_1_36' title="bbox 500 2006 2094 2082">
    <p class='ocr_par' dir='ltr' id='par_1_36' title="bbox 500 2006 2094 2082">
     <span class='ocr_line' id='line_1_36' title="bbox 500 2006 2094 2082; baseline 0.005 -24"><span class='ocrx_word' id='word_1_241' title='bbox 500 2007 793 2074; x_wconf 83' lang='lat' dir='ltr'><strong>gnovissent</strong></span> <span class='ocrx_word' id='word_1_242' title='bbox 849 2006 1064 2075; x_wconf 85' lang='lat' dir='ltr'><strong>Deum,</strong></span> <span class='ocrx_word' id='word_1_243' title='bbox 1119 2026 1226 2064; x_wconf 91' lang='lat' dir='ltr'><strong>non</strong></span> <span class='ocrx_word' id='word_1_244' title='bbox 1281 2020 1338 2064; x_wconf 88' lang='lat' dir='ltr'><strong>ut</strong></span> <span class='ocrx_word' id='word_1_245' title='bbox 1396 2010 1566 2067; x_wconf 89' lang='lat' dir='ltr'><strong>Deum</strong></span> <span class='ocrx_word' id='word_1_246' title='bbox 1625 2011 2094 2082; x_wconf 82' lang='lat' dir='ltr'><strong>magniﬁcaverunt</strong></span> 
     </span>
    </p>
   </div>
   <div class='ocr_carea' id='block_1_37' title="bbox 501 2098 2096 2175">
    <p class='ocr_par' dir='ltr' id='par_1_37' title="bbox 501 2098 2096 2175">
     <span class='ocr_line' id='line_1_37' title="bbox 501 2098 2096 2175; baseline 0.009 -26"><span class='ocrx_word' id='word_1_247' title='bbox 501 2105 591 2150; x_wconf 91' lang='lat' dir='ltr'><strong>aut</strong></span> <span class='ocrx_word' id='word_1_248' title='bbox 625 2098 825 2168; x_wconf 84' lang='lat' dir='ltr'><strong>gratias</strong></span> <span class='ocrx_word' id='word_1_249' title='bbox 863 2109 1079 2171; x_wconf 88' lang='lat' dir='ltr'><strong>egerunt</strong></span> <span class='ocrx_word' id='word_1_250' title='bbox 1136 2101 1322 2174; x_wconf 84' lang='lat' dir='ltr'><strong>(Rom.</strong></span> <span class='ocrx_word' id='word_1_251' title='bbox 1356 2103 1432 2175; x_wconf 87' lang='grc' dir='ltr'><strong>ι).</strong></span> <span class='ocrx_word' id='word_1_252' title='bbox 1465 2104 1619 2172; x_wconf 84' lang='lat' dir='ltr'><strong>Quod</strong></span> <span class='ocrx_word' id='word_1_253' title='bbox 1654 2106 1799 2162; x_wconf 91' lang='lat' dir='ltr'><strong>enim</strong></span> <span class='ocrx_word' id='word_1_254' title='bbox 1827 2107 1957 2162; x_wconf 90' lang='lat' dir='ltr'><strong>dicit</strong></span> <span class='ocrx_word' id='word_1_255' title='bbox 2001 2123 2096 2164; x_wconf 89' lang='lat' dir='ltr'><strong>eos</strong></span> 
     </span>
    </p>
   </div>
   <div class='ocr_carea' id='block_1_38' title="bbox 500 2186 2094 2270">
    <p class='ocr_par' dir='ltr' id='par_1_38' title="bbox 500 2186 2094 2270">
     <span class='ocr_line' id='line_1_38' title="bbox 500 2186 2094 2270; baseline 0.009 -30"><span class='ocrx_word' id='word_1_256' title='bbox 500 2186 671 2243; x_wconf 91' lang='lat' dir='ltr'><strong>Deum</strong></span> <span class='ocrx_word' id='word_1_257' title='bbox 713 2193 1055 2262; x_wconf 86' lang='lat' dir='ltr'><strong>cognovisse,</strong></span> <span class='ocrx_word' id='word_1_258' title='bbox 1088 2197 1327 2251; x_wconf 87' lang='lat' dir='ltr'><strong>ostendit</strong></span> <span class='ocrx_word' id='word_1_259' title='bbox 1375 2197 1593 2267; x_wconf 88' lang='lat' dir='ltr'><strong>quidem</strong></span> <span class='ocrx_word' id='word_1_260' title='bbox 1620 2214 1652 2252; x_wconf 91' lang='lat' dir='ltr'><strong>a</strong></span> <span class='ocrx_word' id='word_1_261' title='bbox 1695 2197 1844 2270; x_wconf 90' lang='lat' dir='ltr'><strong>lepra</strong></span> <span class='ocrx_word' id='word_1_262' title='bbox 1868 2200 2094 2255; x_wconf 85' lang='lat' dir='ltr'><strong>munda-</strong></span> 
     </span>
    </p>
   </div>
   <div class='ocr_carea' id='block_1_39' title="bbox 502 2281 1772 2360">
    <p class='ocr_par' dir='ltr' id='par_1_39' title="bbox 502 2281 1772 2360">
     <span class='ocr_line' id='line_1_39' title="bbox 502 2281 1772 2360; baseline 0.008 -27"><span class='ocrx_word' id='word_1_263' title='bbox 502 2284 618 2345; x_wconf 87' lang='lat' dir='ltr'><strong>tos,</strong></span> <span class='ocrx_word' id='word_1_264' title='bbox 667 2281 761 2336; x_wconf 89' lang='lat' dir='ltr'><strong>sed</strong></span> <span class='ocrx_word' id='word_1_265' title='bbox 799 2289 978 2337; x_wconf 90' lang='lat' dir='ltr'><strong>tamen</strong></span> <span class='ocrx_word' id='word_1_266' title='bbox 1011 2285 1196 2344; x_wconf 85' lang='lat' dir='ltr'><strong>statim</strong></span> <span class='ocrx_word' id='word_1_267' title='bbox 1242 2296 1468 2343; x_wconf 88' lang='lat' dir='ltr'><strong>accusat</strong></span> <span class='ocrx_word' id='word_1_268' title='bbox 1505 2288 1772 2360; x_wconf 90' lang='lat' dir='ltr'><strong>ingratos.</strong></span> 
     </span>
    </p>
   </div>
   <div class='ocr_carea' id='block_1_40' title="bbox 570 2369 2095 2451">
    <p class='ocr_par' dir='ltr' id='par_1_40' title="bbox 570 2369 2095 2451">
     <span class='ocr_line' id='line_1_40' title="bbox 570 2369 2095 2451; baseline 0.01 -28"><span class='ocrx_word' id='word_1_269' title='bbox 570 2369 642 2424; x_wconf 87' lang='lat' dir='ltr'><strong>Et</strong></span> <span class='ocrx_word' id='word_1_270' title='bbox 682 2373 758 2426; x_wconf 85' lang='lat' dir='ltr'><strong>ait</strong></span> <span class='ocrx_word' id='word_1_271' title='bbox 805 2372 920 2441; x_wconf 87' lang='lat' dir='ltr'><strong>illi,</strong></span> <span class='ocrx_word' id='word_1_272' title='bbox 959 2392 1136 2447; x_wconf 87' lang='lat' dir='ltr'><strong>surge,</strong></span> <span class='ocrx_word' id='word_1_273' title='bbox 1168 2378 1312 2443; x_wconf 83' lang='lat' dir='ltr'><strong>vade,</strong></span> <span class='ocrx_word' id='word_1_274' title='bbox 1344 2379 1471 2451; x_wconf 87' lang='lat' dir='ltr'><strong>quia</strong></span> <span class='ocrx_word' id='word_1_275' title='bbox 1507 2381 1639 2449; x_wconf 83' lang='lat' dir='ltr'><strong>ﬁdes</strong></span> <span class='ocrx_word' id='word_1_276' title='bbox 1669 2391 1760 2436; x_wconf 89' lang='lat' dir='ltr'><strong>tua</strong></span> <span class='ocrx_word' id='word_1_277' title='bbox 1804 2390 1853 2437; x_wconf 92' lang='lat' dir='ltr'><strong>te</strong></span> <span class='ocrx_word' id='word_1_278' title='bbox 1891 2382 2095 2438; x_wconf 88' lang='lat' dir='ltr'><strong>salvum</strong></span> 
     </span>
    </p>
   </div>
   <div class='ocr_carea' id='block_1_41' title="bbox 500 2461 2096 2547">
    <p class='ocr_par' dir='ltr' id='par_1_41' title="bbox 500 2461 2096 2547">
     <span class='ocr_line' id='line_1_41' title="bbox 500 2461 2096 2547; baseline 0.011 -33"><span class='ocrx_word' id='word_1_279' title='bbox 500 2461 642 2530; x_wconf 83' lang='lat' dir='ltr'><strong>fecit.</strong></span> <span class='ocrx_word' id='word_1_280' title='bbox 669 2461 771 2529; x_wconf 86' lang='lat' dir='ltr'><strong>Qui</strong></span> <span class='ocrx_word' id='word_1_281' title='bbox 793 2463 1019 2522; x_wconf 90' lang='lat' dir='ltr'><strong>devotus</strong></span> <span class='ocrx_word' id='word_1_282' title='bbox 1052 2478 1180 2526; x_wconf 89' lang='lat' dir='ltr'><strong>ante</strong></span> <span class='ocrx_word' id='word_1_283' title='bbox 1217 2471 1387 2527; x_wconf 91' lang='lat' dir='ltr'><strong>Deum</strong></span> <span class='ocrx_word' id='word_1_284' title='bbox 1429 2473 1645 2540; x_wconf 88' lang='lat' dir='ltr'><strong>cecidit,</strong></span> <span class='ocrx_word' id='word_1_285' title='bbox 1675 2489 1901 2547; x_wconf 80' lang='lat' dir='ltr'><strong>surgere</strong></span> <span class='ocrx_word' id='word_1_286' title='bbox 1931 2485 1988 2532; x_wconf 92' lang='lat' dir='ltr'><strong>et</strong></span> <span class='ocrx_word' id='word_1_287' title='bbox 2015 2478 2096 2533; x_wconf 78' lang='lat' dir='ltr'><strong>ire</strong></span> 
     </span>
    </p>
   </div>
   <div class='ocr_carea' id='block_1_42' title="bbox 496 2555 2095 2631">
    <p class='ocr_par' dir='ltr' id='par_1_42' title="bbox 496 2555 2095 2631">
     <span class='ocr_line' id='line_1_42' title="bbox 496 2555 2095 2631; baseline 0.011 -25"><span class='ocrx_word' id='word_1_288' title='bbox 496 2555 848 2625; x_wconf 64' lang='lat' dir='ltr'><strong>praecipitur,</strong></span> <span class='ocrx_word' id='word_1_289' title='bbox 909 2559 1036 2628; x_wconf 88' lang='lat' dir='ltr'><strong>quia</strong></span> <span class='ocrx_word' id='word_1_290' title='bbox 1087 2562 1180 2631; x_wconf 86' lang='lat' dir='ltr'><strong>qui</strong></span> <span class='ocrx_word' id='word_1_291' title='bbox 1237 2562 1619 2621; x_wconf 88' lang='lat' dir='ltr'><strong>inﬁrmitatem</strong></span> <span class='ocrx_word' id='word_1_292' title='bbox 1677 2567 1953 2623; x_wconf 87' lang='lat' dir='ltr'><strong>subtiliter</strong></span> <span class='ocrx_word' id='word_1_293' title='bbox 2003 2583 2095 2624; x_wconf 89' lang='lat' dir='ltr'><strong>co-</strong></span> 
     </span>
    </p>
   </div>
   <div class='ocr_carea' id='block_1_43' title="bbox 496 2650 2092 2726">
    <p class='ocr_par' dir='ltr' id='par_1_43' title="bbox 496 2650 2092 2726">
     <span class='ocr_line' id='line_1_43' title="bbox 496 2650 2092 2726; baseline 0.007 -25"><span class='ocrx_word' id='word_1_294' title='bbox 496 2661 785 2718; x_wconf 89' lang='lat' dir='ltr'><strong>gnoscens,</strong></span> <span class='ocrx_word' id='word_1_295' title='bbox 817 2650 1099 2707; x_wconf 87' lang='lat' dir='ltr'><strong>humiliter</strong></span> <span class='ocrx_word' id='word_1_296' title='bbox 1133 2654 1301 2724; x_wconf 88' lang='lat' dir='ltr'><strong>jacet,</strong></span> <span class='ocrx_word' id='word_1_297' title='bbox 1335 2670 1434 2726; x_wconf 92' lang='lat' dir='ltr'><strong>per</strong></span> <span class='ocrx_word' id='word_1_298' title='bbox 1461 2656 1632 2711; x_wconf 91' lang='lat' dir='ltr'><strong>divini</strong></span> <span class='ocrx_word' id='word_1_299' title='bbox 1665 2658 1816 2712; x_wconf 88' lang='lat' dir='ltr'><strong>verbi</strong></span> <span class='ocrx_word' id='word_1_300' title='bbox 1844 2659 2092 2714; x_wconf 88' lang='lat' dir='ltr'><strong>consola-</strong></span> 
     </span>
    </p>
   </div>
   <div class='ocr_carea' id='block_1_44' title="bbox 496 2736 2094 2818">
    <p class='ocr_par' dir='ltr' id='par_1_44' title="bbox 496 2736 2094 2818">
     <span class='ocr_line' id='line_1_44' title="bbox 496 2736 2094 2818; baseline 0.011 -26"><span class='ocrx_word' id='word_1_301' title='bbox 496 2736 700 2794; x_wconf 83' lang='lat' dir='ltr'><strong>tionem</strong></span> <span class='ocrx_word' id='word_1_302' title='bbox 766 2756 990 2813; x_wconf 88' lang='lat' dir='ltr'><strong>surgere</strong></span> <span class='ocrx_word' id='word_1_303' title='bbox 1049 2746 1118 2801; x_wconf 89' lang='lat' dir='ltr'><strong>ad</strong></span> <span class='ocrx_word' id='word_1_304' title='bbox 1175 2746 1338 2802; x_wconf 88' lang='lat' dir='ltr'><strong>fortia</strong></span> <span class='ocrx_word' id='word_1_305' title='bbox 1378 2762 1576 2818; x_wconf 88' lang='lat' dir='ltr'><strong>opera,</strong></span> <span class='ocrx_word' id='word_1_306' title='bbox 1610 2758 1666 2806; x_wconf 91' lang='lat' dir='ltr'><strong>et</strong></span> <span class='ocrx_word' id='word_1_307' title='bbox 1722 2751 2094 2810; x_wconf 85' lang='lat' dir='ltr'><strong>crescentibus</strong></span> 
     </span>
    </p>
   </div>
   <div class='ocr_carea' id='block_1_45' title="bbox 498 2831 2094 2913">
    <p class='ocr_par' dir='ltr' id='par_1_45' title="bbox 498 2831 2094 2913">
     <span class='ocr_line' id='line_1_45' title="bbox 498 2831 2094 2913; baseline 0.011 -30"><span class='ocrx_word' id='word_1_308' title='bbox 498 2831 736 2899; x_wconf 89' lang='lat' dir='ltr'><strong>quotidie</strong></span> <span class='ocrx_word' id='word_1_309' title='bbox 771 2835 1001 2903; x_wconf 89' lang='lat' dir='ltr'><strong>meritis,</strong></span> <span class='ocrx_word' id='word_1_310' title='bbox 1034 2836 1102 2891; x_wconf 90' lang='lat' dir='ltr'><strong>ad</strong></span> <span class='ocrx_word' id='word_1_311' title='bbox 1135 2838 1467 2908; x_wconf 87' lang='lat' dir='ltr'><strong>perfectiora</strong></span> <span class='ocrx_word' id='word_1_312' title='bbox 1494 2841 1701 2910; x_wconf 88' lang='lat' dir='ltr'><strong>passim</strong></span> <span class='ocrx_word' id='word_1_313' title='bbox 1723 2843 1988 2913; x_wconf 89' lang='lat' dir='ltr'><strong>proﬁcere</strong></span> <span class='ocrx_word' id='word_1_314' title='bbox 2006 2842 2094 2913; x_wconf 89' lang='lat' dir='ltr'><strong>ju-</strong></span> 
     </span>
    </p>
   </div>
   <div class='ocr_carea' id='block_1_46' title="bbox 495 2921 2094 3008">
    <p class='ocr_par' dir='ltr' id='par_1_46' title="bbox 495 2921 2094 3008">
     <span class='ocr_line' id='line_1_46' title="bbox 495 2921 2094 3008; baseline 0.011 -31"><span class='ocrx_word' id='word_1_315' title='bbox 495 2921 676 2979; x_wconf 90' lang='lat' dir='ltr'><strong>betur.</strong></span> <span class='ocrx_word' id='word_1_316' title='bbox 714 2925 773 2982; x_wconf 89' lang='lat' dir='ltr'><strong>Si</strong></span> <span class='ocrx_word' id='word_1_317' title='bbox 821 2935 1005 2984; x_wconf 90' lang='lat' dir='ltr'><strong>autem</strong></span> <span class='ocrx_word' id='word_1_318' title='bbox 1037 2930 1174 2988; x_wconf 88' lang='lat' dir='ltr'><strong>ﬁdes</strong></span> <span class='ocrx_word' id='word_1_319' title='bbox 1221 2933 1428 2989; x_wconf 88' lang='lat' dir='ltr'><strong>salvum</strong></span> <span class='ocrx_word' id='word_1_320' title='bbox 1481 2933 1610 2990; x_wconf 89' lang='lat' dir='ltr'><strong>fecit</strong></span> <span class='ocrx_word' id='word_1_321' title='bbox 1661 2952 1784 2992; x_wconf 88' lang='lat' dir='ltr'><strong>eum</strong></span> <span class='ocrx_word' id='word_1_322' title='bbox 1827 2953 1988 3008; x_wconf 89' lang='lat' dir='ltr'><strong>quem</strong></span> <span class='ocrx_word' id='word_1_323' title='bbox 2024 2937 2094 2994; x_wconf 80' lang='lat' dir='ltr'><strong>ad</strong></span> 
     </span>
    </p>
   </div>
   <div class='ocr_carea' id='block_1_47' title="bbox 497 3016 2094 3099">
    <p class='ocr_par' dir='ltr' id='par_1_47' title="bbox 497 3016 2094 3099">
     <span class='ocr_line' id='line_1_47' title="bbox 497 3016 2094 3099; baseline 0.008 -29"><span class='ocrx_word' id='word_1_324' title='bbox 497 3016 733 3088; x_wconf 79' lang='lat' dir='ltr'><strong>agendas</strong></span> <span class='ocrx_word' id='word_1_325' title='bbox 774 3016 1045 3076; x_wconf 88' lang='lat' dir='ltr'><strong>Salvatori</strong></span> <span class='ocrx_word' id='word_1_326' title='bbox 1091 3030 1147 3078; x_wconf 90' lang='lat' dir='ltr'><strong>et</strong></span> <span class='ocrx_word' id='word_1_327' title='bbox 1183 3025 1529 3081; x_wconf 89' lang='lat' dir='ltr'><strong>emundatori</strong></span> <span class='ocrx_word' id='word_1_328' title='bbox 1562 3042 1659 3082; x_wconf 90' lang='lat' dir='ltr'><strong>suo</strong></span> <span class='ocrx_word' id='word_1_329' title='bbox 1691 3028 1900 3099; x_wconf 83' lang='lat' dir='ltr'><strong>gratias</strong></span> <span class='ocrx_word' id='word_1_330' title='bbox 1937 3029 2094 3084; x_wconf 86' lang='lat' dir='ltr'><strong>incli-</strong></span> 
     </span>
    </p>
   </div>
   <div class='ocr_carea' id='block_1_48' title="bbox 496 3107 2092 3191">
    <p class='ocr_par' dir='ltr' id='par_1_48' title="bbox 496 3107 2092 3191">
     <span class='ocr_line' id='line_1_48' title="bbox 496 3107 2092 3191; baseline 0.011 -31"><span class='ocrx_word' id='word_1_331' title='bbox 496 3107 668 3173; x_wconf 85' lang='lat' dir='ltr'><strong>navit,</strong></span> <span class='ocrx_word' id='word_1_332' title='bbox 716 3123 848 3181; x_wconf 89' lang='lat' dir='ltr'><strong>crgo</strong></span> <span class='ocrx_word' id='word_1_333' title='bbox 901 3111 1130 3181; x_wconf 89' lang='lat' dir='ltr'><strong>perﬁdia</strong></span> <span class='ocrx_word' id='word_1_334' title='bbox 1179 3116 1416 3184; x_wconf 88' lang='lat' dir='ltr'><strong>perdidit</strong></span> <span class='ocrx_word' id='word_1_335' title='bbox 1449 3133 1544 3174; x_wconf 91' lang='lat' dir='ltr'><strong>eos</strong></span> <span class='ocrx_word' id='word_1_336' title='bbox 1595 3118 1691 3188; x_wconf 89' lang='lat' dir='ltr'><strong>qui</strong></span> <span class='ocrx_word' id='word_1_337' title='bbox 1742 3119 1810 3175; x_wconf 91' lang='lat' dir='ltr'><strong>de</strong></span> <span class='ocrx_word' id='word_1_338' title='bbox 1854 3121 2092 3191; x_wconf 87' lang='lat' dir='ltr'><strong>acceptis</strong></span> 
     </span>
    </p>
   </div>
   <div class='ocr_carea' id='block_1_49' title="bbox 493 3200 1717 3283">
    <p class='ocr_par' dir='ltr' id='par_1_49' title="bbox 493 3200 1717 3283">
     <span class='ocr_line' id='line_1_49' title="bbox 493 3200 1717 3283; baseline 0.01 -27"><span class='ocrx_word' id='word_1_339' title='bbox 493 3200 773 3259; x_wconf 88' lang='lat' dir='ltr'><strong>beneﬁciis</strong></span> <span class='ocrx_word' id='word_1_340' title='bbox 796 3203 910 3260; x_wconf 91' lang='lat' dir='ltr'><strong>Deo</strong></span> <span class='ocrx_word' id='word_1_341' title='bbox 934 3205 1165 3276; x_wconf 89' lang='lat' dir='ltr'><strong>gloriam</strong></span> <span class='ocrx_word' id='word_1_342' title='bbox 1201 3209 1333 3267; x_wconf 90' lang='lat' dir='ltr'><strong>dare</strong></span> <span class='ocrx_word' id='word_1_343' title='bbox 1360 3211 1717 3283; x_wconf 82' lang='lat' dir='ltr'><strong>neglexerint.</strong></span> 
     </span>
    </p>
   </div>
   <div class='ocr_carea' id='block_1_50' title="bbox 663 3337 1941 3407">
    <p class='ocr_par' dir='ltr' id='par_1_50' title="bbox 663 3337 1941 3407">
     <span class='ocr_line' id='line_1_50' title="bbox 663 3337 1941 3407; baseline 0.009 -13"><span class='ocrx_word' id='word_1_344' title='bbox 663 3337 1087 3400; x_wconf 81' lang='lat' dir='ltr'><strong>HEBDOMADA</strong></span> <span class='ocrx_word' id='word_1_345' title='bbox 1127 3344 1248 3402; x_wconf 82' lang='lat' dir='ltr'><strong>XVI</strong></span> <span class='ocrx_word' id='word_1_346' title='bbox 1284 3344 1464 3404; x_wconf 90' lang='lat' dir='ltr'><strong>POST</strong></span> <span class='ocrx_word' id='word_1_347' title='bbox 1514 3347 1941 3407; x_wconf 87' lang='lat' dir='ltr'><strong>PENTECOST.</strong></span> 
     </span>
    </p>
   </div>
   <div class='ocr_carea' id='block_1_51' title="bbox 493 3464 2083 3534">
    <p class='ocr_par' dir='ltr' id='par_1_51' title="bbox 493 3464 2083 3534">
     <span class='ocr_line' id='line_1_51' title="bbox 493 3464 2083 3534; baseline 0.01 -30"><span class='ocrx_word' id='word_1_348' title='bbox 493 3464 685 3508; x_wconf 79' lang='lat' dir='ltr'><strong>LECTIO</strong></span> <span class='ocrx_word' id='word_1_349' title='bbox 710 3467 984 3512; x_wconf 72' lang='grc' dir='ltr'><strong>Εριετοωε</strong></span> <span class='ocrx_word' id='word_1_350' title='bbox 1019 3474 1182 3515; x_wconf 74' lang='grc' dir='ltr'><strong>ΒΕΔΤΙ</strong></span> <span class='ocrx_word' id='word_1_351' title='bbox 1205 3476 1462 3518; x_wconf 74' lang='lat' dir='ltr'><strong>APOSTOLI</strong></span> <span class='ocrx_word' id='word_1_352' title='bbox 1486 3478 1554 3519; x_wconf 81' lang='lat' dir='ltr'><strong>AD</strong></span> <span class='ocrx_word' id='word_1_353' title='bbox 1587 3480 1848 3534; x_wconf 74' lang='lat' dir='ltr'><strong>GALATAS,</strong></span> <span class='ocrx_word' id='word_1_354' title='bbox 1871 3482 1990 3522; x_wconf 71' lang='lat' dir='ltr'><strong>CAP.</strong></span> <span class='ocrx_word' id='word_1_355' title='bbox 2009 3483 2083 3522; x_wconf 85' lang='lat' dir='ltr'><strong>IV.</strong></span> 
     </span>
    </p>
   </div>
   <div class='ocr_carea' id='block_1_52' title="bbox 569 3568 2087 3648">
    <p class='ocr_par' dir='ltr' id='par_1_52' title="bbox 569 3568 2087 3648">
     <span class='ocr_line' id='line_1_52' title="bbox 569 3568 2087 3648; baseline 0.013 -27"><span class='ocrx_word' id='word_1_356' title='bbox 569 3585 589 3618; x_wconf 72' lang='grc' dir='ltr'><strong><em>ι</em></strong></span> <span class='ocrx_word' id='word_1_357' title='bbox 624 3568 682 3623; x_wconf 92' lang='lat' dir='ltr'><strong>Si</strong></span> <span class='ocrx_word' id='word_1_358' title='bbox 726 3571 958 3629; x_wconf 90' lang='lat' dir='ltr'><strong>vivimus</strong></span> <span class='ocrx_word' id='word_1_359' title='bbox 989 3575 1218 3645; x_wconf 90' lang='lat' dir='ltr'><strong>spiritu,</strong></span> <span class='ocrx_word' id='word_1_360' title='bbox 1267 3579 1460 3648; x_wconf 88' lang='lat' dir='ltr'><strong>spiritu</strong></span> <span class='ocrx_word' id='word_1_361' title='bbox 1483 3588 1538 3636; x_wconf 90' lang='lat' dir='ltr'><strong>et</strong></span> <span class='ocrx_word' id='word_1_362' title='bbox 1566 3583 1926 3640; x_wconf 89' lang='lat' dir='ltr'><strong>ambulemus.</strong></span> <span class='ocrx_word' id='word_1_363' title='bbox 1969 3584 2087 3641; x_wconf 83' lang='lat' dir='ltr'><strong>Non</strong></span> 
     </span>
    </p>
   </div>
   <div class='ocr_carea' id='block_1_53' title="bbox 497 3659 2089 3746">
    <p class='ocr_par' dir='ltr' id='par_1_53' title="bbox 497 3659 2089 3746">
     <span class='ocr_line' id='line_1_53' title="bbox 497 3659 2089 3746; baseline 0.015 -37"><span class='ocrx_word' id='word_1_364' title='bbox 497 3675 516 3709; x_wconf 83' lang='grc'>‹</span> <span class='ocrx_word' id='word_1_365' title='bbox 553 3659 853 3718; x_wconf 79' lang='lat' dir='ltr'><strong>efﬁciamur</strong></span> <span class='ocrx_word' id='word_1_366' title='bbox 902 3666 1078 3723; x_wconf 90' lang='lat' dir='ltr'><strong>inanis</strong></span> <span class='ocrx_word' id='word_1_367' title='bbox 1128 3669 1313 3740; x_wconf 85' lang='lat' dir='ltr'><strong>gloriae</strong></span> <span class='ocrx_word' id='word_1_368' title='bbox 1359 3674 1564 3744; x_wconf 92' lang='lat' dir='ltr'><strong>cupidi,</strong></span> <span class='ocrx_word' id='word_1_369' title='bbox 1602 3675 1838 3731; x_wconf 86' lang='lat' dir='ltr'><strong>invicem</strong></span> <span class='ocrx_word' id='word_1_370' title='bbox 1887 3693 2089 3746; x_wconf 86' lang='lat' dir='ltr'><strong>provo-</strong></span> 
     </span>
    </p>
   </div>
   <div class='ocr_carea' id='block_1_54' title="bbox 496 3756 2088 3841">
    <p class='ocr_par' dir='ltr' id='par_1_54' title="bbox 496 3756 2088 3841">
     <span class='ocr_line' id='line_1_54' title="bbox 496 3756 2088 3841; baseline 0.016 -39"><span class='ocrx_word' id='word_1_371' title='bbox 496 3769 517 3802; x_wconf 71' lang='grc' dir='ltr'><strong>ε</strong></span> <span class='ocrx_word' id='word_1_372' title='bbox 558 3761 772 3821; x_wconf 90' lang='lat' dir='ltr'><strong>cantes,</strong></span> <span class='ocrx_word' id='word_1_373' title='bbox 829 3756 1062 3814; x_wconf 89' lang='lat' dir='ltr'><strong>invicem</strong></span> <span class='ocrx_word' id='word_1_374' title='bbox 1115 3761 1441 3820; x_wconf 88' lang='lat' dir='ltr'><strong>invidentes.</strong></span> <span class='ocrx_word' id='word_1_375' title='bbox 1480 3766 1725 3834; x_wconf 89' lang='lat' dir='ltr'><strong>Fratres,</strong></span> <span class='ocrx_word' id='word_1_376' title='bbox 1756 3778 1811 3824; x_wconf 89' lang='lat' dir='ltr'><strong>et</strong></span> <span class='ocrx_word' id='word_1_377' title='bbox 1859 3771 1904 3825; x_wconf 84' lang='lat' dir='ltr'><strong>si</strong></span> <span class='ocrx_word' id='word_1_378' title='bbox 1950 3786 2088 3841; x_wconf 66' lang='lat' dir='ltr'><strong>pra:-</strong></span> 
     </span>
    </p>
   </div>
   <div class='ocr_carea' id='block_1_55' title="bbox 499 3849 2086 3930">
    <p class='ocr_par' dir='ltr' id='par_1_55' title="bbox 499 3849 2086 3930">
     <span class='ocr_line' id='line_1_55' title="bbox 499 3849 2086 3930; baseline 0.017 -37"><span class='ocrx_word' id='word_1_379' title='bbox 499 3858 518 3890; x_wconf 73' lang='grc' dir='ltr'>ι</span> <span class='ocrx_word' id='word_1_380' title='bbox 557 3853 850 3915; x_wconf 90' lang='lat' dir='ltr'><strong>occupatus</strong></span> <span class='ocrx_word' id='word_1_381' title='bbox 897 3849 1064 3906; x_wconf 85' lang='lat' dir='ltr'><strong>fuerit</strong></span> <span class='ocrx_word' id='word_1_382' title='bbox 1125 3852 1288 3911; x_wconf 90' lang='lat' dir='ltr'><strong>homo</strong></span> <span class='ocrx_word' id='word_1_383' title='bbox 1347 3856 1403 3911; x_wconf 91' lang='lat' dir='ltr'><strong>in</strong></span> <span class='ocrx_word' id='word_1_384' title='bbox 1459 3857 1641 3930; x_wconf 91' lang='lat' dir='ltr'><strong>aliquo</strong></span> <span class='ocrx_word' id='word_1_385' title='bbox 1707 3861 1941 3930; x_wconf 88' lang='lat' dir='ltr'><strong>delicto,</strong></span> <span class='ocrx_word' id='word_1_386' title='bbox 1991 3879 2086 3921; x_wconf 88' lang='lat' dir='ltr'><strong>vos</strong></span> 
     </span>
    </p>
   </div>
   <div class='ocr_carea' id='block_1_56' title="bbox 497 3937 2083 4029">
    <p class='ocr_par' dir='ltr' id='par_1_56' title="bbox 497 3937 2083 4029">
     <span class='ocr_line' id='line_1_56' title="bbox 497 3937 2083 4029; baseline 0.018 -44"><span class='ocrx_word' id='word_1_387' title='bbox 497 3951 515 3985; x_wconf 88' lang='grc'><strong><em>‹</em></strong></span> <span class='ocrx_word' id='word_1_388' title='bbox 553 3937 644 4006; x_wconf 89' lang='lat' dir='ltr'><strong>qui</strong></span> <span class='ocrx_word' id='word_1_389' title='bbox 696 3939 1006 4009; x_wconf 90' lang='lat' dir='ltr'><strong>spirituales</strong></span> <span class='ocrx_word' id='word_1_390' title='bbox 1043 3947 1176 4003; x_wconf 89' lang='lat' dir='ltr'><strong>estis</strong></span> <span class='ocrx_word' id='word_1_391' title='bbox 1223 3949 1534 4021; x_wconf 86' lang='lat' dir='ltr'><strong>hujusmodi</strong></span> <span class='ocrx_word' id='word_1_392' title='bbox 1566 3955 1824 4012; x_wconf 89' lang='lat' dir='ltr'><strong>iustruite</strong></span> <span class='ocrx_word' id='word_1_393' title='bbox 1875 3957 1930 4013; x_wconf 92' lang='lat' dir='ltr'><strong>in</strong></span> <span class='ocrx_word' id='word_1_394' title='bbox 1968 3958 2083 4029; x_wconf 86' lang='lat' dir='ltr'><strong>spi-</strong></span> 
     </span>
    </p>
   </div>
   <div class='ocr_carea' id='block_1_57' title="bbox 495 4026 2085 4117">
    <p class='ocr_par' dir='ltr' id='par_1_57' title="bbox 495 4026 2085 4117">
     <span class='ocr_line' id='line_1_57' title="bbox 495 4026 2085 4117; baseline 0.019 -39"><span class='ocrx_word' id='word_1_395' title='bbox 495 4042 516 4078; x_wconf 71' lang='grc' dir='ltr'><em>ς</em></span> <span class='ocrx_word' id='word_1_396' title='bbox 548 4026 655 4083; x_wconf 90' lang='lat' dir='ltr'><strong>ritu</strong></span> <span class='ocrx_word' id='word_1_397' title='bbox 690 4029 952 4103; x_wconf 91' lang='lat' dir='ltr'><strong>lenitatis,</strong></span> <span class='ocrx_word' id='word_1_398' title='bbox 977 4038 1330 4098; x_wconf 89' lang='lat' dir='ltr'><strong>considerans</strong></span> <span class='ocrx_word' id='word_1_399' title='bbox 1369 4052 1424 4101; x_wconf 90' lang='lat' dir='ltr'><strong>te</strong></span> <span class='ocrx_word' id='word_1_400' title='bbox 1455 4045 1654 4117; x_wconf 91' lang='lat' dir='ltr'><strong>ipsum,</strong></span> <span class='ocrx_word' id='word_1_401' title='bbox 1687 4065 1757 4105; x_wconf 90' lang='lat' dir='ltr'><strong>ne</strong></span> <span class='ocrx_word' id='word_1_402' title='bbox 1791 4059 1846 4105; x_wconf 91' lang='lat' dir='ltr'><strong>et</strong></span> <span class='ocrx_word' id='word_1_403' title='bbox 1879 4059 1939 4105; x_wconf 90' lang='lat' dir='ltr'><strong>tu</strong></span> <span class='ocrx_word' id='word_1_404' title='bbox 1969 4026 2085 4108; x_wconf 76' lang='lat' dir='ltr'><strong>ten-</strong></span> 
     </span>
    </p>
   </div>
   <div class='ocr_carea' id='block_1_58' title="bbox 495 4119 2085 4205">
    <p class='ocr_par' dir='ltr' id='par_1_58' title="bbox 495 4119 2085 4205">
     <span class='ocr_line' id='line_1_58' title="bbox 495 4119 2085 4205; baseline 0.019 -37"><span class='ocrx_word' id='word_1_405' title='bbox 495 4131 516 4166; x_wconf 77' lang='grc' dir='ltr'>σ</span> <span class='ocrx_word' id='word_1_406' title='bbox 552 4119 700 4174; x_wconf 86' lang='lat' dir='ltr'><strong>teris.</strong></span> <span class='ocrx_word' id='word_1_407' title='bbox 754 4120 906 4178; x_wconf 83' lang='lat' dir='ltr'><strong>Alter</strong></span> <span class='ocrx_word' id='word_1_408' title='bbox 949 4126 1176 4185; x_wconf 86' lang='lat' dir='ltr'><strong>alterius</strong></span> <span class='ocrx_word' id='word_1_409' title='bbox 1214 4146 1383 4188; x_wconf 91' lang='lat' dir='ltr'><strong>onera</strong></span> <span class='ocrx_word' id='word_1_410' title='bbox 1421 4143 1656 4205; x_wconf 88' lang='lat' dir='ltr'><strong>portate,</strong></span> <span class='ocrx_word' id='word_1_411' title='bbox 1689 4148 1744 4195; x_wconf 91' lang='lat' dir='ltr'><strong>et</strong></span> <span class='ocrx_word' id='word_1_412' title='bbox 1791 4141 1870 4198; x_wconf 92' lang='lat' dir='ltr'><strong>sic</strong></span> <span class='ocrx_word' id='word_1_413' title='bbox 1915 4141 2085 4198; x_wconf 91' lang='lat' dir='ltr'><strong>adim-</strong></span> 
     </span>
    </p>
   </div>
   <div class='ocr_carea' id='block_1_59' title="bbox 497 4210 2084 4300">
    <p class='ocr_par' dir='ltr' id='par_1_59' title="bbox 497 4210 2084 4300">
     <span class='ocr_line' id='line_1_59' title="bbox 497 4210 2084 4300; baseline 0.021 -40"><span class='ocrx_word' id='word_1_414' title='bbox 497 4226 514 4258; x_wconf 78' lang='grc' dir='ltr'>ι</span> <span class='ocrx_word' id='word_1_415' title='bbox 549 4210 764 4279; x_wconf 90' lang='lat' dir='ltr'><strong>plebitis</strong></span> <span class='ocrx_word' id='word_1_416' title='bbox 799 4216 974 4288; x_wconf 90' lang='lat' dir='ltr'><strong>legem</strong></span> <span class='ocrx_word' id='word_1_417' title='bbox 1028 4221 1253 4278; x_wconf 89' lang='lat' dir='ltr'><strong>Christi.</strong></span> <span class='ocrx_word' id='word_1_418' title='bbox 1287 4225 1425 4282; x_wconf 86' lang='lat' dir='ltr'><strong>Nam</strong></span> <span class='ocrx_word' id='word_1_419' title='bbox 1464 4229 1511 4284; x_wconf 90' lang='lat' dir='ltr'><strong>si</strong></span> <span class='ocrx_word' id='word_1_420' title='bbox 1549 4232 1674 4300; x_wconf 86' lang='lat' dir='ltr'><strong>quis</strong></span> <span class='ocrx_word' id='word_1_421' title='bbox 1710 4233 1988 4292; x_wconf 87' lang='lat' dir='ltr'><strong>existimat</strong></span> <span class='ocrx_word' id='word_1_422' title='bbox 2025 4251 2084 4292; x_wconf 86' lang='lat' dir='ltr'><strong>se</strong></span> 
     </span>
    </p>
   </div>
   <div class='ocr_carea' id='block_1_60' title="bbox 496 4303 2083 4401">
    <p class='ocr_par' dir='ltr' id='par_1_60' title="bbox 496 4303 2083 4401">
     <span class='ocr_line' id='line_1_60' title="bbox 496 4303 2083 4401; baseline 0.021 -48"><span class='ocrx_word' id='word_1_423' title='bbox 496 4318 514 4351; x_wconf 86' lang='grc'><strong>‹</strong></span> <span class='ocrx_word' id='word_1_424' title='bbox 553 4303 757 4375; x_wconf 89' lang='lat' dir='ltr'><strong>aliquid</strong></span> <span class='ocrx_word' id='word_1_425' title='bbox 785 4323 905 4365; x_wconf 88' lang='lat' dir='ltr'><strong>esse</strong></span> <span class='ocrx_word' id='word_1_426' title='bbox 951 4327 1074 4369; x_wconf 92' lang='lat' dir='ltr'><strong>cum</strong></span> <span class='ocrx_word' id='word_1_427' title='bbox 1120 4319 1255 4373; x_wconf 88' lang='lat' dir='ltr'><strong>nihil</strong></span> <span class='ocrx_word' id='word_1_428' title='bbox 1295 4321 1385 4386; x_wconf 90' lang='lat' dir='ltr'><strong>sit,</strong></span> <span class='ocrx_word' id='word_1_429' title='bbox 1427 4323 1544 4394; x_wconf 88' lang='lat' dir='ltr'><strong>ipse</strong></span> <span class='ocrx_word' id='word_1_430' title='bbox 1573 4340 1634 4381; x_wconf 89' lang='lat' dir='ltr'><strong>se</strong></span> <span class='ocrx_word' id='word_1_431' title='bbox 1680 4328 1908 4385; x_wconf 90' lang='lat' dir='ltr'><strong>seducit.</strong></span> <span class='ocrx_word' id='word_1_432' title='bbox 1937 4330 2083 4401; x_wconf 91' lang='lat' dir='ltr'><strong>Opus</strong></span> 
     </span>
    </p>
   </div>
   <div class='ocr_carea' id='block_1_61' title="bbox 496 4405 2084 4486">
    <p class='ocr_par' dir='ltr' id='par_1_61' title="bbox 496 4405 2084 4486">
     <span class='ocr_line' id='line_1_61' title="bbox 496 4405 2084 4486; baseline 0.022 -41"><span class='ocrx_word' id='word_1_433' title='bbox 496 4410 515 4443; x_wconf 88' lang='grc'><em>‹</em></span> <span class='ocrx_word' id='word_1_434' title='bbox 553 4405 731 4451; x_wconf 89' lang='lat' dir='ltr'><strong>autem</strong></span> <span class='ocrx_word' id='word_1_435' title='bbox 769 4415 928 4456; x_wconf 90' lang='lat' dir='ltr'><strong>suum</strong></span> <span class='ocrx_word' id='word_1_436' title='bbox 954 4409 1150 4475; x_wconf 88' lang='lat' dir='ltr'><strong>probet</strong></span> <span class='ocrx_word' id='word_1_437' title='bbox 1171 4415 1560 4486; x_wconf 89' lang='lat' dir='ltr'><strong>unusquisque,</strong></span> <span class='ocrx_word' id='word_1_438' title='bbox 1603 4427 1658 4474; x_wconf 90' lang='lat' dir='ltr'><strong>et</strong></span> <span class='ocrx_word' id='word_1_439' title='bbox 1687 4421 1766 4477; x_wconf 90' lang='lat' dir='ltr'><strong>sic</strong></span> <span class='ocrx_word' id='word_1_440' title='bbox 1812 4423 1867 4478; x_wconf 91' lang='lat' dir='ltr'><strong>in</strong></span> <span class='ocrx_word' id='word_1_441' title='bbox 1891 4433 2084 4480; x_wconf 89' lang='lat' dir='ltr'><strong>semet-</strong></span> 
     </span>
    </p>
   </div>
   <div class='ocr_carea' id='block_1_62' title="bbox 498 4487 2076 4573">
    <p class='ocr_par' dir='ltr' id='par_1_62' title="bbox 498 4487 2076 4573">
     <span class='ocr_line' id='line_1_62' title="bbox 498 4487 2076 4573; baseline 0.019 -35"><span class='ocrx_word' id='word_1_442' title='bbox 498 4503 517 4535; x_wconf 74' lang='grc' dir='ltr'><strong><em>ι</em></strong></span> <span class='ocrx_word' id='word_1_443' title='bbox 555 4487 671 4556; x_wconf 90' lang='lat' dir='ltr'><strong>ipso</strong></span> <span class='ocrx_word' id='word_1_444' title='bbox 725 4499 932 4548; x_wconf 90' lang='lat' dir='ltr'><strong>tantum</strong></span> <span class='ocrx_word' id='word_1_445' title='bbox 982 4497 1211 4567; x_wconf 83' lang='lat' dir='ltr'><strong>gloriam</strong></span> <span class='ocrx_word' id='word_1_446' title='bbox 1257 4503 1497 4573; x_wconf 89' lang='lat' dir='ltr'><strong>habebit,</strong></span> <span class='ocrx_word' id='word_1_447' title='bbox 1537 4517 1594 4564; x_wconf 90' lang='lat' dir='ltr'><strong>et</strong></span> <span class='ocrx_word' id='word_1_448' title='bbox 1624 4526 1734 4567; x_wconf 89' lang='lat' dir='ltr'><strong>non</strong></span> <span class='ocrx_word' id='word_1_449' title='bbox 1785 4513 1840 4568; x_wconf 91' lang='lat' dir='ltr'><strong>in</strong></span> <span class='ocrx_word' id='word_1_450' title='bbox 1887 4514 2076 4570; x_wconf 90' lang='lat' dir='ltr'><strong>altero.</strong></span> 
     </span>
    </p>
   </div>
   <div class='ocr_carea' id='block_1_63' title="bbox 496 4578 2160 4671">
    <p class='ocr_par' dir='ltr' id='par_1_63' title="bbox 496 4578 2160 4671">
     <span class='ocr_line' id='line_1_63' title="bbox 496 4578 2160 4671; baseline 0.02 -42"><span class='ocrx_word' id='word_1_451' title='bbox 496 4596 514 4629; x_wconf 75' lang='grc' dir='ltr'>ι</span> <span class='ocrx_word' id='word_1_452' title='bbox 553 4578 930 4654; x_wconf 86' lang='lat' dir='ltr'><strong>Unusquisque</strong></span> <span class='ocrx_word' id='word_1_453' title='bbox 958 4589 1103 4644; x_wconf 89' lang='lat' dir='ltr'><strong>enim</strong></span> <span class='ocrx_word' id='word_1_454' title='bbox 1143 4608 1282 4649; x_wconf 90' lang='lat' dir='ltr'><strong>onus</strong></span> <span class='ocrx_word' id='word_1_455' title='bbox 1313 4611 1470 4652; x_wconf 91' lang='lat' dir='ltr'><strong>suum</strong></span> <span class='ocrx_word' id='word_1_456' title='bbox 1513 4604 1770 4671; x_wconf 88' lang='lat' dir='ltr'><strong>portabit.</strong></span> <span class='ocrx_word' id='word_1_457' title='bbox 1825 4605 2079 4664; x_wconf 91' lang='lat' dir='ltr'><strong>Commu-</strong></span> <span class='ocrx_word' id='word_1_458' title='bbox 2104 4601 2160 4662; x_wconf 90' lang='lat' dir='ltr'><strong>D</strong></span> 
     </span>
    </p>
   </div>
   <div class='ocr_carea' id='block_1_64' title="bbox 493 4671 2080 4772">
    <p class='ocr_par' dir='ltr' id='par_1_64' title="bbox 493 4671 2080 4772">
     <span class='ocr_line' id='line_1_64' title="bbox 493 4671 2080 4772; baseline 0.023 -51"><span class='ocrx_word' id='word_1_459' title='bbox 493 4686 512 4720; x_wconf 76' lang='grc' dir='ltr'>ι</span> <span class='ocrx_word' id='word_1_460' title='bbox 549 4671 694 4727; x_wconf 90' lang='lat' dir='ltr'><strong>nicet</strong></span> <span class='ocrx_word' id='word_1_461' title='bbox 735 4684 914 4732; x_wconf 86' lang='lat' dir='ltr'><strong>autem</strong></span> <span class='ocrx_word' id='word_1_462' title='bbox 962 4679 1008 4735; x_wconf 92' lang='lat' dir='ltr'><strong>is</strong></span> <span class='ocrx_word' id='word_1_463' title='bbox 1055 4683 1147 4753; x_wconf 87' lang='lat' dir='ltr'><strong>qui</strong></span> <span class='ocrx_word' id='word_1_464' title='bbox 1177 4688 1551 4746; x_wconf 89' lang='lat' dir='ltr'><strong>catechizatur</strong></span> <span class='ocrx_word' id='word_1_465' title='bbox 1583 4695 1770 4762; x_wconf 85' lang='lat' dir='ltr'><strong>verbo,</strong></span> <span class='ocrx_word' id='word_1_466' title='bbox 1812 4697 1861 4753; x_wconf 91' lang='lat' dir='ltr'><strong>ei</strong></span> <span class='ocrx_word' id='word_1_467' title='bbox 1897 4707 1953 4755; x_wconf 90' lang='lat' dir='ltr'><strong>et</strong></span> <span class='ocrx_word' id='word_1_468' title='bbox 1987 4701 2080 4772; x_wconf 90' lang='lat' dir='ltr'><strong>qui</strong></span> 
     </span>
    </p>
   </div>
   <div class='ocr_carea' id='block_1_65' title="bbox 492 4769 2079 4863">
    <p class='ocr_par' dir='ltr' id='par_1_65' title="bbox 492 4769 2079 4863">
     <span class='ocr_line' id='line_1_65' title="bbox 492 4769 2079 4863; baseline 0.025 -47"><span class='ocrx_word' id='word_1_469' title='bbox 492 4780 512 4814; x_wconf 73' lang='grc' dir='ltr'>ι</span> <span class='ocrx_word' id='word_1_470' title='bbox 550 4769 855 4863; x_wconf 86' lang='lat' dir='ltr'><strong>catechizat</strong></span> <span class='ocrx_word' id='word_1_471' title='bbox 904 4772 959 4828; x_wconf 92' lang='lat' dir='ltr'><strong>in</strong></span> <span class='ocrx_word' id='word_1_472' title='bbox 990 4779 1243 4836; x_wconf 90' lang='lat' dir='ltr'><strong>omnibus</strong></span> <span class='ocrx_word' id='word_1_473' title='bbox 1280 4784 1457 4841; x_wconf 91' lang='lat' dir='ltr'><strong>bonis.</strong></span> <span class='ocrx_word' id='word_1_474' title='bbox 1495 4787 1671 4848; x_wconf 85' lang='lat' dir='ltr'><strong>Nolite</strong></span> <span class='ocrx_word' id='word_1_475' title='bbox 1700 4809 1906 4863; x_wconf 87' lang='lat' dir='ltr'><strong>errare,</strong></span> <span class='ocrx_word' id='word_1_476' title='bbox 1937 4769 2079 4857; x_wconf 75' lang='lat' dir='ltr'><strong>Deus</strong></span> 
     </span>
    </p>
   </div>
   <div class='ocr_carea' id='block_1_66' title="bbox 491 4861 2078 4949">
    <p class='ocr_par' dir='ltr' id='par_1_66' title="bbox 491 4861 2078 4949">
     <span class='ocr_line' id='line_1_66' title="bbox 491 4861 2078 4949; baseline 0.025 -39"><span class='ocrx_word' id='word_1_477' title='bbox 491 4874 510 4908; x_wconf 75' lang='grc' dir='ltr'>ι</span> <span class='ocrx_word' id='word_1_478' title='bbox 546 4874 654 4914; x_wconf 88' lang='lat' dir='ltr'><strong>non</strong></span> <span class='ocrx_word' id='word_1_479' title='bbox 681 4861 962 4921; x_wconf 89' lang='lat' dir='ltr'><strong>irridetur.</strong></span> <span class='ocrx_word' id='word_1_480' title='bbox 998 4869 1129 4936; x_wconf 65' lang='lat' dir='ltr'><strong>Quae</strong></span> <span class='ocrx_word' id='word_1_481' title='bbox 1175 4876 1317 4932; x_wconf 91' lang='lat' dir='ltr'><strong>enim</strong></span> <span class='ocrx_word' id='word_1_482' title='bbox 1353 4881 1704 4941; x_wconf 89' lang='lat' dir='ltr'><strong>seminaverit</strong></span> <span class='ocrx_word' id='word_1_483' title='bbox 1745 4888 1909 4946; x_wconf 91' lang='lat' dir='ltr'><strong>homo</strong></span> <span class='ocrx_word' id='word_1_484' title='bbox 1961 4891 2078 4949; x_wconf 89' lang='lat' dir='ltr'><strong>haec</strong></span> 
     </span>
    </p>
   </div>
   <div class='ocr_carea' id='block_1_67' title="bbox 489 4957 2076 5051">
    <p class='ocr_par' dir='ltr' id='par_1_67' title="bbox 489 4957 2076 5051">
     <span class='ocr_line' id='line_1_67' title="bbox 489 4957 2076 5051; baseline 0.026 -49"><span class='ocrx_word' id='word_1_485' title='bbox 489 4965 512 5002; x_wconf 70' lang='grc' dir='ltr'><strong>α</strong></span> <span class='ocrx_word' id='word_1_486' title='bbox 545 4959 601 5006; x_wconf 91' lang='lat' dir='ltr'><strong>et</strong></span> <span class='ocrx_word' id='word_1_487' title='bbox 630 4963 815 5010; x_wconf 86' lang='lat' dir='ltr'><strong>metet.</strong></span> <span class='ocrx_word' id='word_1_488' title='bbox 846 4957 1114 5026; x_wconf 90' lang='lat' dir='ltr'><strong>Quoniam</strong></span> <span class='ocrx_word' id='word_1_489' title='bbox 1147 4968 1242 5038; x_wconf 91' lang='lat' dir='ltr'><strong>qui</strong></span> <span class='ocrx_word' id='word_1_490' title='bbox 1274 4973 1508 5029; x_wconf 90' lang='lat' dir='ltr'><strong>seminat</strong></span> <span class='ocrx_word' id='word_1_491' title='bbox 1536 4976 1594 5032; x_wconf 92' lang='lat' dir='ltr'><strong>in</strong></span> <span class='ocrx_word' id='word_1_492' title='bbox 1642 4994 1808 5036; x_wconf 87' lang='lat' dir='ltr'><strong>carne</strong></span> <span class='ocrx_word' id='word_1_493' title='bbox 1838 4998 1956 5051; x_wconf 91' lang='lat' dir='ltr'><strong>sua,</strong></span> <span class='ocrx_word' id='word_1_494' title='bbox 2009 4987 2076 5042; x_wconf 92' lang='lat' dir='ltr'><strong>de</strong></span> 
     </span>
    </p>
   </div>
   <div class='ocr_carea' id='block_1_68' title="bbox 491 5056 2076 5135">
    <p class='ocr_par' dir='ltr' id='par_1_68' title="bbox 491 5056 2076 5135">
     <span class='ocr_line' id='line_1_68' title="bbox 491 5056 2076 5135; baseline 0.025 -40"><span class='ocrx_word' id='word_1_495' title='bbox 491 5057 510 5092; x_wconf 74' lang='grc' dir='ltr'>ι</span> <span class='ocrx_word' id='word_1_496' title='bbox 543 5058 707 5135; x_wconf 84' lang='lat' dir='ltr'><strong>carne</strong></span> <span class='ocrx_word' id='word_1_497' title='bbox 738 5056 794 5102; x_wconf 91' lang='lat' dir='ltr'><strong>et</strong></span> <span class='ocrx_word' id='word_1_498' title='bbox 834 5059 1003 5109; x_wconf 89' lang='lat' dir='ltr'><strong>metet</strong></span> <span class='ocrx_word' id='word_1_499' title='bbox 1035 5062 1461 5130; x_wconf 90' lang='lat' dir='ltr'><strong>corruptionem.</strong></span> <span class='ocrx_word' id='word_1_500' title='bbox 1491 5067 1594 5135; x_wconf 89' lang='lat' dir='ltr'><strong>Qui</strong></span> <span class='ocrx_word' id='word_1_501' title='bbox 1627 5082 1809 5129; x_wconf 90' lang='lat' dir='ltr'><strong>autem</strong></span> <span class='ocrx_word' id='word_1_502' title='bbox 1842 5078 2076 5134; x_wconf 90' lang='lat' dir='ltr'><strong>seminat</strong></span> 
     </span>
    </p>
   </div>
   <div class='ocr_carea' id='block_1_69' title="bbox 490 5133 2075 5226">
    <p class='ocr_par' dir='ltr' id='par_1_69' title="bbox 490 5133 2075 5226">
     <span class='ocr_line' id='line_1_69' title="bbox 490 5133 2075 5226; baseline 0.025 -39"><span class='ocrx_word' id='word_1_503' title='bbox 490 5149 511 5186; x_wconf 72' lang='grc' dir='ltr'><strong><em>ι</em></strong></span> <span class='ocrx_word' id='word_1_504' title='bbox 543 5133 599 5191; x_wconf 90' lang='lat' dir='ltr'><strong>in</strong></span> <span class='ocrx_word' id='word_1_505' title='bbox 633 5139 849 5210; x_wconf 89' lang='lat' dir='ltr'><strong>spiritu,</strong></span> <span class='ocrx_word' id='word_1_506' title='bbox 901 5145 968 5201; x_wconf 91' lang='lat' dir='ltr'><strong>de</strong></span> <span class='ocrx_word' id='word_1_507' title='bbox 999 5149 1199 5218; x_wconf 88' lang='lat' dir='ltr'><strong>spiritu</strong></span> <span class='ocrx_word' id='word_1_508' title='bbox 1233 5163 1402 5212; x_wconf 92' lang='lat' dir='ltr'><strong>metet</strong></span> <span class='ocrx_word' id='word_1_509' title='bbox 1434 5133 1602 5216; x_wconf 78' lang='lat' dir='ltr'><strong>vitam</strong></span> <span class='ocrx_word' id='word_1_510' title='bbox 1653 5173 1932 5224; x_wconf 84' lang='lat' dir='ltr'><strong>aeternam.</strong></span> <span class='ocrx_word' id='word_1_511' title='bbox 1973 5133 2075 5226; x_wconf 44' lang='lat' dir='ltr'><strong>Bo;</strong></span> 
     </span>
    </p>
   </div>
   <div class='ocr_carea' id='block_1_70' title="bbox 489 5237 2074 5334">
    <p class='ocr_par' dir='ltr' id='par_1_70' title="bbox 489 5237 2074 5334">
     <span class='ocr_line' id='line_1_70' title="bbox 489 5237 2074 5334; baseline 0.025 -52"><span class='ocrx_word' id='word_1_512' title='bbox 489 5246 509 5281; x_wconf 73' lang='grc' dir='ltr'>ί</span> <span class='ocrx_word' id='word_1_513' title='bbox 543 5245 673 5286; x_wconf 88' lang='lat' dir='ltr'><strong>num</strong></span> <span class='ocrx_word' id='word_1_514' title='bbox 721 5242 902 5292; x_wconf 91' lang='lat' dir='ltr'><strong>autem</strong></span> <span class='ocrx_word' id='word_1_515' title='bbox 948 5237 1210 5301; x_wconf 82' lang='lat' dir='ltr'><strong>facientes</strong></span> <span class='ocrx_word' id='word_1_516' title='bbox 1260 5264 1369 5304; x_wconf 91' lang='lat' dir='ltr'><strong>non</strong></span> <span class='ocrx_word' id='word_1_517' title='bbox 1419 5251 1756 5313; x_wconf 88' lang='lat' dir='ltr'><strong>deﬁciamus.</strong></span> <span class='ocrx_word' id='word_1_518' title='bbox 1807 5259 2074 5334; x_wconf 90' lang='lat' dir='ltr'><strong>Tempore</strong></span> 
     </span>
    </p>
   </div>
   <div class='ocr_carea' id='block_1_71' title="bbox 489 5323 2072 5424">
    <p class='ocr_par' dir='ltr' id='par_1_71' title="bbox 489 5323 2072 5424">
     <span class='ocr_line' id='line_1_71' title="bbox 489 5323 2072 5424; baseline 0.025 -51"><span class='ocrx_word' id='word_1_519' title='bbox 489 5335 512 5373; x_wconf 79' lang='grc' dir='ltr'>ι</span> <span class='ocrx_word' id='word_1_520' title='bbox 545 5323 691 5381; x_wconf 86' lang='lat' dir='ltr'><strong>enim</strong></span> <span class='ocrx_word' id='word_1_521' title='bbox 718 5343 845 5416; x_wconf 54' lang='lat' dir='ltr'><strong>~suo</strong></span> <span class='ocrx_word' id='word_1_522' title='bbox 887 5339 1186 5402; x_wconf 91' lang='lat' dir='ltr'><strong>metemus,</strong></span> <span class='ocrx_word' id='word_1_523' title='bbox 1237 5354 1345 5394; x_wconf 89' lang='lat' dir='ltr'><strong>non</strong></span> <span class='ocrx_word' id='word_1_524' title='bbox 1381 5340 1715 5404; x_wconf 87' lang='lat' dir='ltr'><strong>deﬁcientes.</strong></span> <span class='ocrx_word' id='word_1_525' title='bbox 1755 5349 1898 5424; x_wconf 88' lang='lat' dir='ltr'><strong>Ergo</strong></span> <span class='ocrx_word' id='word_1_526' title='bbox 1944 5323 2072 5412; x_wconf 76' lang='lat' dir='ltr'><strong>dum</strong></span> 
     </span>
    </p>
   </div>
   <div class='ocr_carea' id='block_1_72' title="bbox 490 5421 2067 5518">
    <p class='ocr_par' dir='ltr' id='par_1_72' title="bbox 490 5421 2067 5518">
     <span class='ocr_line' id='line_1_72' title="bbox 490 5421 2067 5518; baseline 0.023 -49"><span class='ocrx_word' id='word_1_527' title='bbox 490 5433 510 5466; x_wconf 77' lang='grc' dir='ltr'>ι</span> <span class='ocrx_word' id='word_1_528' title='bbox 541 5421 755 5488; x_wconf 89' lang='lat' dir='ltr'><strong>tempus</strong></span> <span class='ocrx_word' id='word_1_529' title='bbox 809 5421 1092 5495; x_wconf 89' lang='lat' dir='ltr'><strong>habemus,</strong></span> <span class='ocrx_word' id='word_1_530' title='bbox 1118 5444 1410 5500; x_wconf 89' lang='lat' dir='ltr'><strong>operemur</strong></span> <span class='ocrx_word' id='word_1_531' title='bbox 1455 5436 1660 5495; x_wconf 89' lang='lat' dir='ltr'><strong>bonum</strong></span> <span class='ocrx_word' id='word_1_532' title='bbox 1711 5443 1781 5499; x_wconf 88' lang='lat' dir='ltr'><strong>ad</strong></span> <span class='ocrx_word' id='word_1_533' title='bbox 1834 5421 2028 5507; x_wconf 79' lang='lat' dir='ltr'><strong>omnes</strong></span> <span class='ocrx_word' id='word_1_534' title='bbox 2051 5490 2067 5518; x_wconf 94' lang='lat'><strong>,</strong></span> 
     </span>
    </p>
   </div>
   <div class='ocr_carea' id='block_1_73' title="bbox 489 5511 1693 5588">
    <p class='ocr_par' dir='ltr' id='par_1_73' title="bbox 489 5511 1693 5588">
     <span class='ocr_line' id='line_1_73' title="bbox 489 5511 1693 5588; baseline 0.024 -28"><span class='ocrx_word' id='word_1_535' title='bbox 489 5524 511 5560; x_wconf 71' lang='grc' dir='ltr'><strong><em>ι</em></strong></span> <span class='ocrx_word' id='word_1_536' title='bbox 547 5511 782 5569; x_wconf 83' lang='lat' dir='ltr'><strong>maxime</strong></span> <span class='ocrx_word' id='word_1_537' title='bbox 813 5525 996 5574; x_wconf 88' lang='lat' dir='ltr'><strong>autem</strong></span> <span class='ocrx_word' id='word_1_538' title='bbox 1034 5521 1103 5577; x_wconf 90' lang='lat' dir='ltr'><strong>ad</strong></span> <span class='ocrx_word' id='word_1_539' title='bbox 1137 5522 1463 5585; x_wconf 90' lang='lat' dir='ltr'><strong>domesticos</strong></span> <span class='ocrx_word' id='word_1_540' title='bbox 1493 5529 1639 5588; x_wconf 91' lang='lat' dir='ltr'><strong>ﬁdei.</strong></span> <span class='ocrx_word' id='word_1_541' title='bbox 1672 5554 1693 5588; x_wconf 75' lang='grc' dir='ltr'><strong><em>ι</em></strong></span> 
     </span>
    </p>
   </div>
   <div class='ocr_carea' id='block_1_74' title="bbox 554 5598 2070 5702">
    <p class='ocr_par' dir='ltr' id='par_1_74' title="bbox 554 5598 2070 5702">
     <span class='ocr_line' id='line_1_74' title="bbox 554 5598 2070 5702; baseline 0.024 -46"><span class='ocrx_word' id='word_1_542' title='bbox 554 5598 622 5702; x_wconf 72' lang='lat' dir='ltr'><strong>Si</strong></span> <span class='ocrx_word' id='word_1_543' title='bbox 647 5604 865 5702; x_wconf 54' lang='lat' dir='ltr'><strong>givimus</strong></span> <span class='ocrx_word' id='word_1_544' title='bbox 889 5609 1100 5681; x_wconf 85' lang='lat' dir='ltr'><strong>spiritu,</strong></span> <span class='ocrx_word' id='word_1_545' title='bbox 1139 5615 1329 5685; x_wconf 84' lang='lat' dir='ltr'><strong>spiritu</strong></span> <span class='ocrx_word' id='word_1_546' title='bbox 1365 5627 1414 5676; x_wconf 86' lang='lat' dir='ltr'><strong>et</strong></span> <span class='ocrx_word' id='word_1_547' title='bbox 1439 5622 1784 5682; x_wconf 83' lang='lat' dir='ltr'><strong>ambulemus.</strong></span> <span class='ocrx_word' id='word_1_548' title='bbox 1813 5629 1915 5702; x_wconf 79' lang='lat' dir='ltr'><strong>(Ex</strong></span> <span class='ocrx_word' id='word_1_549' title='bbox 1943 5633 2070 5691; x_wconf 84' lang='lat' dir='ltr'><strong>Hie-</strong></span> 
     </span>
    </p>
   </div>
   <div class='ocr_carea' id='block_1_75' title="bbox 480 5692 2069 5796">
    <p class='ocr_par' dir='ltr' id='par_1_75' title="bbox 480 5692 2069 5796">
     <span class='ocr_line' id='line_1_75' title="bbox 480 5692 2069 5796; baseline 0.025 -49"><span class='ocrx_word' id='word_1_550' title='bbox 480 5692 628 5796; x_wconf 66' lang='lat' dir='ltr'><strong>ron.)</strong></span> <span class='ocrx_word' id='word_1_551' title='bbox 652 5695 880 5756; x_wconf 84' lang='lat' dir='ltr'><strong>Utamur</strong></span> <span class='ocrx_word' id='word_1_552' title='bbox 913 5703 1018 5760; x_wconf 88' lang='lat' dir='ltr'><strong>hoc</strong></span> <span class='ocrx_word' id='word_1_553' title='bbox 1067 5709 1376 5772; x_wconf 88' lang='lat' dir='ltr'><strong>testimonio</strong></span> <span class='ocrx_word' id='word_1_554' title='bbox 1409 5716 1671 5777; x_wconf 88' lang='lat' dir='ltr'><strong>adversus</strong></span> <span class='ocrx_word' id='word_1_555' title='bbox 1706 5692 1937 5796; x_wconf 45' lang='lat' dir='ltr'><strong>eos‘qui</strong></span> <span class='ocrx_word' id='word_1_556' title='bbox 1971 5745 2069 5785; x_wconf 85' lang='lat' dir='ltr'><strong>no-</strong></span> 
     </span>
    </p>
   </div>
   <div class='ocr_carea' id='block_1_76' title="bbox 480 5783 2064 5888">
    <p class='ocr_par' dir='ltr' id='par_1_76' title="bbox 480 5783 2064 5888">
     <span class='ocr_line' id='line_1_76' title="bbox 480 5783 2064 5888; baseline 0.024 -47"><span class='ocrx_word' id='word_1_557' title='bbox 480 5783 604 5843; x_wconf 90' lang='lat' dir='ltr'><strong>lunt</strong></span> <span class='ocrx_word' id='word_1_558' title='bbox 632 5790 946 5860; x_wconf 83' lang='lat' dir='ltr'><strong>Scrinturas</strong></span> <span class='ocrx_word' id='word_1_559' title='bbox 971 5799 1325 5870; x_wconf 85' lang='lat' dir='ltr'><strong>spiritualiter</strong></span> <span class='ocrx_word' id='word_1_560' title='bbox 1345 5808 1666 5887; x_wconf 90' lang='lat' dir='ltr'><strong>intelligere.</strong></span> <span class='ocrx_word' id='word_1_561' title='bbox 1699 5815 1833 5888; x_wconf 88' lang='lat' dir='ltr'><strong>Quis</strong></span> <span class='ocrx_word' id='word_1_562' title='bbox 1854 5783 1937 5879; x_wconf 70' lang='lat' dir='ltr'><strong>est</strong></span> 
     </span>
    </p>
   </div>
   <div class='ocr_carea' id='block_1_77' title="bbox 2201 1907 3804 1981">
    <p class='ocr_par' dir='ltr' id='par_1_77' title="bbox 2201 1907 3804 1981">
     <span class='ocr_line' id='line_1_77' title="bbox 2201 1907 3804 1981; baseline 0.002 -19"><span class='ocrx_word' id='word_1_563' title='bbox 2201 1917 2553 1974; x_wconf 89' lang='lat' dir='ltr'><strong>tutem,nunc</strong></span> <span class='ocrx_word' id='word_1_564' title='bbox 2577 1909 2772 1964; x_wconf 89' lang='lat' dir='ltr'><strong>vitium</strong></span> <span class='ocrx_word' id='word_1_565' title='bbox 2788 1909 3078 1981; x_wconf 87' lang='lat' dir='ltr'><strong>signiﬁcat.</strong></span> <span class='ocrx_word' id='word_1_566' title='bbox 3101 1907 3158 1965; x_wconf 91' lang='lat' dir='ltr'><strong>Si</strong></span> <span class='ocrx_word' id='word_1_567' title='bbox 3174 1910 3242 1965; x_wconf 89' lang='lat' dir='ltr'><strong>ab</strong></span> <span class='ocrx_word' id='word_1_568' title='bbox 3268 1908 3580 1965; x_wconf 89' lang='lat' dir='ltr'><strong>hominibus</strong></span> <span class='ocrx_word' id='word_1_569' title='bbox 3603 1924 3804 1980; x_wconf 70' lang='lat' dir='ltr'><strong>quacro</strong></span> 
     </span>
    </p>
   </div>
   <div class='ocr_carea' id='block_1_78' title="bbox 2197 2000 3806 2074">
    <p class='ocr_par' dir='ltr' id='par_1_78' title="bbox 2197 2000 3806 2074">
     <span class='ocr_line' id='line_1_78' title="bbox 2197 2000 3806 2074; baseline -0.001 -18"><span class='ocrx_word' id='word_1_570' title='bbox 2197 2002 2444 2074; x_wconf 88' lang='lat' dir='ltr'><strong>gloriam,</strong></span> <span class='ocrx_word' id='word_1_571' title='bbox 2476 2002 2668 2057; x_wconf 89' lang='lat' dir='ltr'><strong>vitium</strong></span> <span class='ocrx_word' id='word_1_572' title='bbox 2694 2010 2801 2069; x_wconf 89' lang='lat' dir='ltr'><strong>est,</strong></span> <span class='ocrx_word' id='word_1_573' title='bbox 2837 2010 2892 2058; x_wconf 92' lang='lat' dir='ltr'><strong>et</strong></span> <span class='ocrx_word' id='word_1_574' title='bbox 2924 2002 3103 2058; x_wconf 89' lang='lat' dir='ltr'><strong>inanis</strong></span> <span class='ocrx_word' id='word_1_575' title='bbox 3135 2003 3336 2058; x_wconf 91' lang='lat' dir='ltr'><strong>dicitur</strong></span> <span class='ocrx_word' id='word_1_576' title='bbox 3360 2001 3554 2074; x_wconf 84' lang='lat' dir='ltr'><strong>gloria,</strong></span> <span class='ocrx_word' id='word_1_577' title='bbox 3594 2001 3666 2057; x_wconf 91' lang='lat' dir='ltr'><strong>de</strong></span> <span class='ocrx_word' id='word_1_578' title='bbox 3704 2000 3806 2056; x_wconf 83' lang='lat' dir='ltr'><strong>tali</strong></span> 
     </span>
    </p>
   </div>
   <div class='ocr_carea' id='block_1_79' title="bbox 2197 2093 3807 2165">
    <p class='ocr_par' dir='ltr' id='par_1_79' title="bbox 2197 2093 3807 2165">
     <span class='ocr_line' id='line_1_79' title="bbox 2197 2093 3807 2165; baseline 0 -17"><span class='ocrx_word' id='word_1_579' title='bbox 2197 2095 2344 2149; x_wconf 86' lang='lat' dir='ltr'><strong>enim</strong></span> <span class='ocrx_word' id='word_1_580' title='bbox 2369 2094 2540 2164; x_wconf 86' lang='lat' dir='ltr'><strong>gloria</strong></span> <span class='ocrx_word' id='word_1_581' title='bbox 2572 2096 2835 2164; x_wconf 89' lang='lat' dir='ltr'><strong>scriptum</strong></span> <span class='ocrx_word' id='word_1_582' title='bbox 2868 2103 2952 2150; x_wconf 91' lang='lat' dir='ltr'><strong>est</strong></span> <span class='ocrx_word' id='word_1_583' title='bbox 2981 2113 2992 2149; x_wconf 89' lang='lat'><strong>:</strong></span> <span class='ocrx_word' id='word_1_584' title='bbox 3027 2093 3220 2149; x_wconf 84' lang='lat' dir='ltr'><strong>Omnia</strong></span> <span class='ocrx_word' id='word_1_585' title='bbox 3259 2093 3484 2164; x_wconf 83' lang='lat' dir='ltr'><strong>faciunt,</strong></span> <span class='ocrx_word' id='word_1_586' title='bbox 3525 2103 3587 2148; x_wconf 88' lang='lat' dir='ltr'><strong>ut</strong></span> <span class='ocrx_word' id='word_1_587' title='bbox 3632 2093 3807 2165; x_wconf 86' lang='lat' dir='ltr'><strong>glori-</strong></span> 
     </span>
    </p>
   </div>
   <div class='ocr_carea' id='block_1_80' title="bbox 2196 2185 3806 2260">
    <p class='ocr_par' dir='ltr' id='par_1_80' title="bbox 2196 2185 3806 2260">
     <span class='ocr_line' id='line_1_80' title="bbox 2196 2185 3806 2260; baseline 0.003 -21"><span class='ocrx_word' id='word_1_588' title='bbox 2196 2185 2420 2254; x_wconf 84' lang='lat' dir='ltr'><strong>ﬁcentur</strong></span> <span class='ocrx_word' id='word_1_589' title='bbox 2446 2187 2510 2242; x_wconf 85' lang='lat' dir='ltr'><strong>ab</strong></span> <span class='ocrx_word' id='word_1_590' title='bbox 2553 2188 2851 2243; x_wconf 84' lang='lat' dir='ltr'><strong>hominibus</strong></span> <span class='ocrx_word' id='word_1_591' title='bbox 2890 2186 3121 2259; x_wconf 79' lang='lat' dir='ltr'><strong>(Matth.</strong></span> <span class='ocrx_word' id='word_1_592' title='bbox 3155 2188 3256 2260; x_wconf 70' lang='grc' dir='ltr'><strong>γι).</strong></span> <span class='ocrx_word' id='word_1_593' title='bbox 3296 2186 3355 2243; x_wconf 89' lang='lat' dir='ltr'><strong>Si</strong></span> <span class='ocrx_word' id='word_1_594' title='bbox 3386 2204 3418 2242; x_wconf 91' lang='lat' dir='ltr'><strong>a</strong></span> <span class='ocrx_word' id='word_1_595' title='bbox 3446 2189 3562 2244; x_wconf 91' lang='lat' dir='ltr'><strong>Deo</strong></span> <span class='ocrx_word' id='word_1_596' title='bbox 3601 2204 3806 2259; x_wconf 61' lang='lat' dir='ltr'><strong>quaero</strong></span> 
     </span>
    </p>
   </div>
   <div class='ocr_carea' id='block_1_81' title="bbox 2197 2278 3808 2355">
    <p class='ocr_par' dir='ltr' id='par_1_81' title="bbox 2197 2278 3808 2355">
     <span class='ocr_line' id='line_1_81' title="bbox 2197 2278 3808 2355; baseline 0.004 -23"><span class='ocrx_word' id='word_1_597' title='bbox 2197 2278 2441 2351; x_wconf 86' lang='lat' dir='ltr'><strong>gloriam,</strong></span> <span class='ocrx_word' id='word_1_598' title='bbox 2474 2281 2647 2338; x_wconf 87' lang='lat' dir='ltr'><strong>virtus</strong></span> <span class='ocrx_word' id='word_1_599' title='bbox 2670 2290 2774 2338; x_wconf 89' lang='lat' dir='ltr'><strong>est.</strong></span> <span class='ocrx_word' id='word_1_600' title='bbox 2803 2283 2882 2338; x_wconf 90' lang='lat' dir='ltr'><strong>De</strong></span> <span class='ocrx_word' id='word_1_601' title='bbox 2903 2283 3000 2338; x_wconf 91' lang='lat' dir='ltr'><strong>tali</strong></span> <span class='ocrx_word' id='word_1_602' title='bbox 3025 2284 3173 2338; x_wconf 91' lang='lat' dir='ltr'><strong>enim</strong></span> <span class='ocrx_word' id='word_1_603' title='bbox 3195 2282 3393 2354; x_wconf 87' lang='lat' dir='ltr'><strong>gloria,</strong></span> <span class='ocrx_word' id='word_1_604' title='bbox 3419 2283 3509 2355; x_wconf 87' lang='lat' dir='ltr'><strong>qui</strong></span> <span class='ocrx_word' id='word_1_605' title='bbox 3544 2300 3629 2340; x_wconf 90' lang='lat' dir='ltr'><strong>me</strong></span> <span class='ocrx_word' id='word_1_606' title='bbox 3679 2281 3808 2354; x_wconf 84' lang='lat' dir='ltr'><strong>glo-</strong></span> 
     </span>
    </p>
   </div>
   <div class='ocr_carea' id='block_1_82' title="bbox 2196 2370 3576 2449">
    <p class='ocr_par' dir='ltr' id='par_1_82' title="bbox 2196 2370 3576 2449">
     <span class='ocr_line' id='line_1_82' title="bbox 2196 2370 3576 2449; baseline 0.003 -24"><span class='ocrx_word' id='word_1_607' title='bbox 2196 2370 2425 2441; x_wconf 74' lang='lat' dir='ltr'><strong>riﬁcant,</strong></span> <span class='ocrx_word' id='word_1_608' title='bbox 2454 2373 2784 2444; x_wconf 77' lang='lat' dir='ltr'><strong>gloriﬁcabo,</strong></span> <span class='ocrx_word' id='word_1_609' title='bbox 2815 2375 2944 2432; x_wconf 87' lang='lat' dir='ltr'><strong>dicit</strong></span> <span class='ocrx_word' id='word_1_610' title='bbox 2965 2375 3223 2431; x_wconf 86' lang='lat' dir='ltr'><strong>Dominus</strong></span> <span class='ocrx_word' id='word_1_611' title='bbox 3256 2375 3311 2449; x_wconf 89' lang='grc' dir='ltr'><strong>(Ι</strong></span> <span class='ocrx_word' id='word_1_612' title='bbox 3331 2375 3459 2447; x_wconf 86' lang='lat' dir='ltr'><strong>Reg.</strong></span> <span class='ocrx_word' id='word_1_613' title='bbox 3490 2373 3576 2449; x_wconf 80' lang='grc' dir='ltr'><strong>ιι).</strong></span> 
     </span>
    </p>
   </div>
   <div class='ocr_carea' id='block_1_83' title="bbox 2267 2486 3802 2568">
    <p class='ocr_par' dir='ltr' id='par_1_83' title="bbox 2267 2486 3802 2568">
     <span class='ocr_line' id='line_1_83' title="bbox 2267 2486 3802 2568; baseline 0.007 -27"><span class='ocrx_word' id='word_1_614' title='bbox 2267 2486 2498 2544; x_wconf 86' lang='lat' dir='ltr'><strong>Invicem</strong></span> <span class='ocrx_word' id='word_1_615' title='bbox 2525 2500 2883 2560; x_wconf 82' lang='lat' dir='ltr'><strong>provocantes,</strong></span> <span class='ocrx_word' id='word_1_616' title='bbox 2924 2493 3144 2548; x_wconf 87' lang='lat' dir='ltr'><strong>invicem</strong></span> <span class='ocrx_word' id='word_1_617' title='bbox 3171 2493 3480 2550; x_wconf 83' lang='lat' dir='ltr'><strong>invidentes.</strong></span> <span class='ocrx_word' id='word_1_618' title='bbox 3511 2493 3629 2568; x_wconf 78' lang='lat' dir='ltr'><strong>(Ex</strong></span> <span class='ocrx_word' id='word_1_619' title='bbox 3667 2493 3802 2552; x_wconf 85' lang='lat' dir='ltr'><strong>Hie-</strong></span> 
     </span>
    </p>
   </div>
   <div class='ocr_carea' id='block_1_84' title="bbox 2197 2579 3798 2659">
    <p class='ocr_par' dir='ltr' id='par_1_84' title="bbox 2197 2579 3798 2659">
     <span class='ocr_line' id='line_1_84' title="bbox 2197 2579 3798 2659; baseline 0.006 -24"><span class='ocrx_word' id='word_1_620' title='bbox 2197 2579 2343 2654; x_wconf 90' lang='lat' dir='ltr'><strong>ron.)</strong></span> <span class='ocrx_word' id='word_1_621' title='bbox 2363 2581 2442 2637; x_wconf 91' lang='lat' dir='ltr'><strong>Ita</strong></span> <span class='ocrx_word' id='word_1_622' title='bbox 2471 2583 2618 2640; x_wconf 91' lang='lat' dir='ltr'><strong>hunc</strong></span> <span class='ocrx_word' id='word_1_623' title='bbox 2637 2583 2817 2640; x_wconf 91' lang='lat' dir='ltr'><strong>locum</strong></span> <span class='ocrx_word' id='word_1_624' title='bbox 2843 2601 2968 2641; x_wconf 92' lang='lat' dir='ltr'><strong>cum</strong></span> <span class='ocrx_word' id='word_1_625' title='bbox 2998 2586 3374 2657; x_wconf 88' lang='lat' dir='ltr'><strong>superioribus</strong></span> <span class='ocrx_word' id='word_1_626' title='bbox 3394 2587 3798 2659; x_wconf 85' lang='lat' dir='ltr'><strong>copulavimus.</strong></span> 
     </span>
    </p>
   </div>
   <div class='ocr_carea' id='block_1_85' title="bbox 2199 2669 3803 2750">
    <p class='ocr_par' dir='ltr' id='par_1_85' title="bbox 2199 2669 3803 2750">
     <span class='ocr_line' id='line_1_85' title="bbox 2199 2669 3803 2750; baseline 0.005 -24"><span class='ocrx_word' id='word_1_627' title='bbox 2199 2669 2258 2727; x_wconf 91' lang='lat' dir='ltr'><strong>Si</strong></span> <span class='ocrx_word' id='word_1_628' title='bbox 2295 2673 2489 2744; x_wconf 90' lang='lat' dir='ltr'><strong>spiritu</strong></span> <span class='ocrx_word' id='word_1_629' title='bbox 2528 2675 2784 2744; x_wconf 87' lang='lat' dir='ltr'><strong>vivimus,</strong></span> <span class='ocrx_word' id='word_1_630' title='bbox 2820 2677 3037 2748; x_wconf 87' lang='lat' dir='ltr'><strong>spiritui</strong></span> <span class='ocrx_word' id='word_1_631' title='bbox 3090 2678 3552 2750; x_wconf 89' lang='lat' dir='ltr'><strong>obtemperamus,</strong></span> <span class='ocrx_word' id='word_1_632' title='bbox 3587 2695 3803 2750; x_wconf 82' lang='lat' dir='ltr'><strong>nequa-</strong></span> 
     </span>
    </p>
   </div>
   <div class='ocr_carea' id='block_1_86' title="bbox 2196 2766 3800 2839">
    <p class='ocr_par' dir='ltr' id='par_1_86' title="bbox 2196 2766 3800 2839">
     <span class='ocr_line' id='line_1_86' title="bbox 2196 2766 3800 2839; baseline 0.006 -21"><span class='ocrx_word' id='word_1_633' title='bbox 2196 2779 2359 2834; x_wconf 90' lang='lat' dir='ltr'><strong>quam</strong></span> <span class='ocrx_word' id='word_1_634' title='bbox 2386 2781 2483 2836; x_wconf 88' lang='lat' dir='ltr'><strong>per</strong></span> <span class='ocrx_word' id='word_1_635' title='bbox 2515 2766 2709 2839; x_wconf 87' lang='lat' dir='ltr'><strong>legem,</strong></span> <span class='ocrx_word' id='word_1_636' title='bbox 2737 2769 2830 2824; x_wconf 84' lang='lat' dir='ltr'><strong>sed</strong></span> <span class='ocrx_word' id='word_1_637' title='bbox 2859 2785 2959 2839; x_wconf 88' lang='lat' dir='ltr'><strong>per</strong></span> <span class='ocrx_word' id='word_1_638' title='bbox 2980 2771 3327 2836; x_wconf 88' lang='lat' dir='ltr'><strong>charitatem,</strong></span> <span class='ocrx_word' id='word_1_639' title='bbox 3370 2771 3532 2826; x_wconf 89' lang='lat' dir='ltr'><strong>nobis</strong></span> <span class='ocrx_word' id='word_1_640' title='bbox 3557 2770 3800 2827; x_wconf 85' lang='lat' dir='ltr'><strong>invicem</strong></span> 
     </span>
    </p>
   </div>
   <div class='ocr_carea' id='block_1_87' title="bbox 2196 2858 3802 2934">
    <p class='ocr_par' dir='ltr' id='par_1_87' title="bbox 2196 2858 3802 2934">
     <span class='ocr_line' id='line_1_87' title="bbox 2196 2858 3802 2934; baseline 0.003 -21"><span class='ocrx_word' id='word_1_641' title='bbox 2196 2858 2516 2925; x_wconf 85' lang='lat' dir='ltr'><strong>servientes,</strong></span> <span class='ocrx_word' id='word_1_642' title='bbox 2566 2876 2675 2916; x_wconf 90' lang='lat' dir='ltr'><strong>non</strong></span> <span class='ocrx_word' id='word_1_643' title='bbox 2710 2861 2973 2918; x_wconf 87' lang='lat' dir='ltr'><strong>debemus</strong></span> <span class='ocrx_word' id='word_1_644' title='bbox 3000 2863 3067 2920; x_wconf 88' lang='lat' dir='ltr'><strong>de</strong></span> <span class='ocrx_word' id='word_1_645' title='bbox 3099 2864 3496 2934; x_wconf 89' lang='lat' dir='ltr'><strong>scripturarum</strong></span> <span class='ocrx_word' id='word_1_646' title='bbox 3522 2863 3802 2934; x_wconf 87' lang='lat' dir='ltr'><strong>interpre—</strong></span> 
     </span>
    </p>
   </div>
   <div class='ocr_carea' id='block_1_88' title="bbox 2195 2951 3802 3024">
    <p class='ocr_par' dir='ltr' id='par_1_88' title="bbox 2195 2951 3802 3024">
     <span class='ocr_line' id='line_1_88' title="bbox 2195 2951 3802 3024; baseline 0.007 -20"><span class='ocrx_word' id='word_1_647' title='bbox 2195 2951 2402 3006; x_wconf 88' lang='lat' dir='ltr'><strong>tatione</strong></span> <span class='ocrx_word' id='word_1_648' title='bbox 2463 2954 2826 3021; x_wconf 88' lang='lat' dir='ltr'><strong>contendere,</strong></span> <span class='ocrx_word' id='word_1_649' title='bbox 2869 2964 2924 3010; x_wconf 89' lang='lat' dir='ltr'><strong>et</strong></span> <span class='ocrx_word' id='word_1_650' title='bbox 2951 2956 3156 3024; x_wconf 89' lang='lat' dir='ltr'><strong>dicere,</strong></span> <span class='ocrx_word' id='word_1_651' title='bbox 3193 2956 3548 3013; x_wconf 89' lang='lat' dir='ltr'><strong>Circumcisio</strong></span> <span class='ocrx_word' id='word_1_652' title='bbox 3600 2956 3802 3014; x_wconf 87' lang='lat' dir='ltr'><strong>melior</strong></span> 
     </span>
    </p>
   </div>
   <div class='ocr_carea' id='block_1_89' title="bbox 2195 3035 3800 3121">
    <p class='ocr_par' dir='ltr' id='par_1_89' title="bbox 2195 3035 3800 3121">
     <span class='ocr_line' id='line_1_89' title="bbox 2195 3035 3800 3121; baseline 0.004 -21"><span class='ocrx_word' id='word_1_653' title='bbox 2195 3051 2310 3109; x_wconf 89' lang='lat' dir='ltr'><strong>est,</strong></span> <span class='ocrx_word' id='word_1_654' title='bbox 2348 3061 2488 3113; x_wconf 90' lang='lat' dir='ltr'><strong>non,</strong></span> <span class='ocrx_word' id='word_1_655' title='bbox 2521 3048 2615 3103; x_wconf 88' lang='lat' dir='ltr'><strong>sed</strong></span> <span class='ocrx_word' id='word_1_656' title='bbox 2638 3050 2986 3121; x_wconf 83' lang='lat' dir='ltr'><strong>praeputium.</strong></span> <span class='ocrx_word' id='word_1_657' title='bbox 3018 3035 3430 3107; x_wconf 82' lang='lat' dir='ltr'><strong>Contemnenda</strong></span> <span class='ocrx_word' id='word_1_658' title='bbox 3458 3051 3714 3117; x_wconf 86' lang='lat' dir='ltr'><strong>historia,</strong></span> <span class='ocrx_word' id='word_1_659' title='bbox 3743 3060 3800 3107; x_wconf 87' lang='lat' dir='ltr'><strong>et</strong></span> 
     </span>
    </p>
   </div>
   <div class='ocr_carea' id='block_1_90' title="bbox 2197 3136 3798 3216">
    <p class='ocr_par' dir='ltr' id='par_1_90' title="bbox 2197 3136 3798 3216">
     <span class='ocr_line' id='line_1_90' title="bbox 2197 3136 3798 3216; baseline 0.006 -26"><span class='ocrx_word' id='word_1_660' title='bbox 2197 3136 2454 3209; x_wconf 84' lang='lat' dir='ltr'><strong>allegoria</strong></span> <span class='ocrx_word' id='word_1_661' title='bbox 2484 3142 2780 3212; x_wconf 88' lang='lat' dir='ltr'><strong>sequenda.</strong></span> <span class='ocrx_word' id='word_1_662' title='bbox 2812 3142 2926 3198; x_wconf 91' lang='lat' dir='ltr'><strong>Imo</strong></span> <span class='ocrx_word' id='word_1_663' title='bbox 2951 3142 3210 3216; x_wconf 88' lang='lat' dir='ltr'><strong>allegoria</strong></span> <span class='ocrx_word' id='word_1_664' title='bbox 3235 3159 3379 3198; x_wconf 88' lang='lat' dir='ltr'><strong>vana</strong></span> <span class='ocrx_word' id='word_1_665' title='bbox 3411 3151 3528 3211; x_wconf 89' lang='lat' dir='ltr'><strong>est,</strong></span> <span class='ocrx_word' id='word_1_666' title='bbox 3581 3152 3639 3199; x_wconf 91' lang='lat' dir='ltr'><strong>et</strong></span> <span class='ocrx_word' id='word_1_667' title='bbox 3670 3161 3798 3199; x_wconf 86' lang='lat' dir='ltr'><strong>um-</strong></span> 
     </span>
    </p>
   </div>
   <div class='ocr_carea' id='block_1_91' title="bbox 2062 3216 3799 3306">
    <p class='ocr_par' dir='ltr' id='par_1_91' title="bbox 2062 3216 3799 3306">
     <span class='ocr_line' id='line_1_91' title="bbox 2062 3216 3799 3306; baseline 0.008 -25"><span class='ocrx_word' id='word_1_668' title='bbox 2062 3233 2072 3248; x_wconf 77' lang='grc'><strong><em>³</em></strong></span> <span class='ocrx_word' id='word_1_669' title='bbox 2121 3216 2165 3280; x_wconf 88' lang='lat' dir='ltr'><strong>C</strong></span> <span class='ocrx_word' id='word_1_670' title='bbox 2197 3229 2444 3301; x_wconf 84' lang='lat' dir='ltr'><strong>bratica,</strong></span> <span class='ocrx_word' id='word_1_671' title='bbox 2468 3242 2526 3289; x_wconf 89' lang='lat' dir='ltr'><strong>et</strong></span> <span class='ocrx_word' id='word_1_672' title='bbox 2566 3235 2768 3292; x_wconf 90' lang='lat' dir='ltr'><strong>nullius</strong></span> <span class='ocrx_word' id='word_1_673' title='bbox 2793 3237 3042 3294; x_wconf 89' lang='lat' dir='ltr'><strong>veritatis</strong></span> <span class='ocrx_word' id='word_1_674' title='bbox 3082 3237 3218 3294; x_wconf 86' lang='lat' dir='ltr'><strong>fulta</strong></span> <span class='ocrx_word' id='word_1_675' title='bbox 3262 3239 3559 3306; x_wconf 89' lang='lat' dir='ltr'><strong>radicibus,</strong></span> <span class='ocrx_word' id='word_1_676' title='bbox 3592 3255 3661 3294; x_wconf 70' lang='lat' dir='ltr'><strong>ex</strong></span> <span class='ocrx_word' id='word_1_677' title='bbox 3705 3240 3799 3296; x_wconf 84' lang='lat' dir='ltr'><strong>his</strong></span> 
     </span>
    </p>
   </div>
   <div class='ocr_carea' id='block_1_92' title="bbox 2194 3323 3797 3386">
    <p class='ocr_par' dir='ltr' id='par_1_92' title="bbox 2194 3323 3797 3386">
     <span class='ocr_line' id='line_1_92' title="bbox 2194 3323 3797 3386; baseline 0.006 -10"><span class='ocrx_word' id='word_1_678' title='bbox 2194 3323 2342 3378; x_wconf 87' lang='lat' dir='ltr'><strong>enim</strong></span> <span class='ocrx_word' id='word_1_679' title='bbox 2382 3325 2823 3384; x_wconf 89' lang='lat' dir='ltr'><strong>contentionibus</strong></span> <span class='ocrx_word' id='word_1_680' title='bbox 2868 3328 3013 3384; x_wconf 88' lang='lat' dir='ltr'><strong>inter</strong></span> <span class='ocrx_word' id='word_1_681' title='bbox 3039 3328 3253 3386; x_wconf 65' lang='lat' dir='ltr'><strong>Iudaeos</strong></span> <span class='ocrx_word' id='word_1_682' title='bbox 3292 3337 3348 3386; x_wconf 88' lang='lat' dir='ltr'><strong>et</strong></span> <span class='ocrx_word' id='word_1_683' title='bbox 3388 3328 3635 3386; x_wconf 88' lang='lat' dir='ltr'><strong>Gentiles</strong></span> <span class='ocrx_word' id='word_1_684' title='bbox 3663 3338 3797 3386; x_wconf 86' lang='lat' dir='ltr'><strong>tunc</strong></span> 
     </span>
    </p>
   </div>
   <div class='ocr_carea' id='block_1_93' title="bbox 2193 3417 3799 3494">
    <p class='ocr_par' dir='ltr' id='par_1_93' title="bbox 2193 3417 3799 3494">
     <span class='ocr_line' id='line_1_93' title="bbox 2193 3417 3799 3494; baseline 0.008 -25"><span class='ocrx_word' id='word_1_685' title='bbox 2193 3417 2456 3486; x_wconf 82' lang='lat' dir='ltr'><strong>temporis</strong></span> <span class='ocrx_word' id='word_1_686' title='bbox 2500 3420 2918 3490; x_wconf 89' lang='lat' dir='ltr'><strong>provocationes</strong></span> <span class='ocrx_word' id='word_1_687' title='bbox 2961 3423 3168 3494; x_wconf 90' lang='lat' dir='ltr'><strong>pariter</strong></span> <span class='ocrx_word' id='word_1_688' title='bbox 3214 3423 3585 3481; x_wconf 88' lang='lat' dir='ltr'><strong>nascebantur</strong></span> <span class='ocrx_word' id='word_1_689' title='bbox 3610 3433 3670 3480; x_wconf 89' lang='lat' dir='ltr'><strong>et</strong></span> <span class='ocrx_word' id='word_1_690' title='bbox 3709 3426 3799 3482; x_wconf 84' lang='lat' dir='ltr'><strong>in-</strong></span> 
     </span>
    </p>
   </div>
   <div class='ocr_carea' id='block_1_94' title="bbox 2191 3507 2369 3562">
    <p class='ocr_par' dir='ltr' id='par_1_94' title="bbox 2191 3507 2369 3562">
     <span class='ocr_line' id='line_1_94' title="bbox 2191 3507 2369 3562; baseline 0.011 -2"><span class='ocrx_word' id='word_1_691' title='bbox 2191 3507 2369 3562; x_wconf 71' lang='lat' dir='ltr'><strong>vidize.</strong></span> 
     </span>
    </p>
   </div>
   <div class='ocr_carea' id='block_1_95' title="bbox 2263 3604 3793 3687">
    <p class='ocr_par' dir='ltr' id='par_1_95' title="bbox 2263 3604 3793 3687">
     <span class='ocr_line' id='line_1_95' title="bbox 2263 3604 3793 3687; baseline 0.007 -29"><span class='ocrx_word' id='word_1_692' title='bbox 2263 3604 2506 3673; x_wconf 85' lang='lat' dir='ltr'><strong>Fratres,</strong></span> <span class='ocrx_word' id='word_1_693' title='bbox 2535 3617 2587 3664; x_wconf 87' lang='lat' dir='ltr'><strong>et</strong></span> <span class='ocrx_word' id='word_1_694' title='bbox 2619 3610 2666 3664; x_wconf 88' lang='lat' dir='ltr'><strong>si</strong></span> <span class='ocrx_word' id='word_1_695' title='bbox 2698 3620 3096 3682; x_wconf 70' lang='lat' dir='ltr'><strong>praeoccupatus</strong></span> <span class='ocrx_word' id='word_1_696' title='bbox 3127 3612 3289 3682; x_wconf 81' lang='lat' dir='ltr'><strong>fuerit</strong></span> <span class='ocrx_word' id='word_1_697' title='bbox 3324 3614 3480 3669; x_wconf 85' lang='lat' dir='ltr'><strong>homo</strong></span> <span class='ocrx_word' id='word_1_698' title='bbox 3518 3616 3576 3670; x_wconf 90' lang='lat' dir='ltr'><strong>in</strong></span> <span class='ocrx_word' id='word_1_699' title='bbox 3613 3616 3793 3687; x_wconf 67' lang='lat' dir='ltr'><strong>aliqua</strong></span> 
     </span>
    </p>
   </div>
   <div class='ocr_carea' id='block_1_96' title="bbox 2189 3696 3793 3781">
    <p class='ocr_par' dir='ltr' id='par_1_96' title="bbox 2189 3696 3793 3781">
     <span class='ocr_line' id='line_1_96' title="bbox 2189 3696 3793 3781; baseline 0.01 -31"><span class='ocrx_word' id='word_1_700' title='bbox 2189 3696 2398 3753; x_wconf 85' lang='lat' dir='ltr'><strong>delicto.</strong></span> <span class='ocrx_word' id='word_1_701' title='bbox 2432 3700 2535 3773; x_wconf 84' lang='lat' dir='ltr'><strong>(Ex</strong></span> <span class='ocrx_word' id='word_1_702' title='bbox 2587 3701 2856 3775; x_wconf 88' lang='lat' dir='ltr'><strong>Primas.)</strong></span> <span class='ocrx_word' id='word_1_703' title='bbox 2884 3703 3309 3777; x_wconf 77' lang='lat' dir='ltr'><strong>Przeoccupatur</strong></span> <span class='ocrx_word' id='word_1_704' title='bbox 3338 3708 3580 3765; x_wconf 88' lang='lat' dir='ltr'><strong>humana</strong></span> <span class='ocrx_word' id='word_1_705' title='bbox 3624 3709 3793 3781; x_wconf 81' lang='lat' dir='ltr'><strong>fragi-</strong></span> 
     </span>
    </p>
   </div>
   <div class='ocr_carea' id='block_1_97' title="bbox 2190 3790 3794 3874">
    <p class='ocr_par' dir='ltr' id='par_1_97' title="bbox 2190 3790 3794 3874">
     <span class='ocr_line' id='line_1_97' title="bbox 2190 3790 3794 3874; baseline 0.011 -30"><span class='ocrx_word' id='word_1_706' title='bbox 2190 3790 2317 3846; x_wconf 89' lang='lat' dir='ltr'><strong>litas</strong></span> <span class='ocrx_word' id='word_1_707' title='bbox 2355 3792 2411 3846; x_wconf 90' lang='lat' dir='ltr'><strong>in</strong></span> <span class='ocrx_word' id='word_1_708' title='bbox 2456 3792 2754 3852; x_wconf 76' lang='lat' dir='ltr'><strong>levioribus</strong></span> <span class='ocrx_word' id='word_1_709' title='bbox 2797 3798 3059 3868; x_wconf 89' lang='lat' dir='ltr'><strong>peccatis,</strong></span> <span class='ocrx_word' id='word_1_710' title='bbox 3093 3816 3215 3870; x_wconf 71' lang='lat' dir='ltr'><strong>quae</strong></span> <span class='ocrx_word' id='word_1_711' title='bbox 3246 3801 3530 3874; x_wconf 87' lang='lat' dir='ltr'><strong>insperato</strong></span> <span class='ocrx_word' id='word_1_712' title='bbox 3574 3812 3633 3858; x_wconf 88' lang='lat' dir='ltr'><strong>ct</strong></span> <span class='ocrx_word' id='word_1_713' title='bbox 3676 3805 3794 3860; x_wconf 86' lang='lat' dir='ltr'><strong>sine</strong></span> 
     </span>
    </p>
   </div>
   <div class='ocr_carea' id='block_1_98' title="bbox 2187 3883 3791 3967">
    <p class='ocr_par' dir='ltr' id='par_1_98' title="bbox 2187 3883 3791 3967">
     <span class='ocr_line' id='line_1_98' title="bbox 2187 3883 3791 3967; baseline 0.009 -30"><span class='ocrx_word' id='word_1_714' title='bbox 2187 3883 2538 3942; x_wconf 90' lang='lat' dir='ltr'><strong>meditatione</strong></span> <span class='ocrx_word' id='word_1_715' title='bbox 2567 3890 2910 3962; x_wconf 85' lang='lat' dir='ltr'><strong>contingunt.</strong></span> <span class='ocrx_word' id='word_1_716' title='bbox 2952 3891 3220 3948; x_wconf 87' lang='lat' dir='ltr'><strong>Caeterum</strong></span> <span class='ocrx_word' id='word_1_717' title='bbox 3257 3911 3364 3951; x_wconf 90' lang='lat' dir='ltr'><strong>non</strong></span> <span class='ocrx_word' id='word_1_718' title='bbox 3401 3907 3487 3953; x_wconf 90' lang='lat' dir='ltr'><strong>est</strong></span> <span class='ocrx_word' id='word_1_719' title='bbox 3513 3913 3791 3967; x_wconf 71' lang='lat' dir='ltr'><strong>praeoccu-</strong></span> 
     </span>
    </p>
   </div>
   <div class='ocr_carea' id='block_1_99' title="bbox 2187 3979 3789 4057">
    <p class='ocr_par' dir='ltr' id='par_1_99' title="bbox 2187 3979 3789 4057">
     <span class='ocr_line' id='line_1_99' title="bbox 2187 3979 3789 4057; baseline 0.01 -26"><span class='ocrx_word' id='word_1_720' title='bbox 2187 3979 2360 4050; x_wconf 85' lang='lat' dir='ltr'><strong>patio,</strong></span> <span class='ocrx_word' id='word_1_721' title='bbox 2393 3981 2612 4050; x_wconf 89' lang='lat' dir='ltr'><strong>quando</strong></span> <span class='ocrx_word' id='word_1_722' title='bbox 2643 3981 2864 4054; x_wconf 90' lang='lat' dir='ltr'><strong>aliquod</strong></span> <span class='ocrx_word' id='word_1_723' title='bbox 2890 3994 3181 4057; x_wconf 87' lang='lat' dir='ltr'><strong>peccatum</strong></span> <span class='ocrx_word' id='word_1_724' title='bbox 3217 3988 3448 4046; x_wconf 91' lang='lat' dir='ltr'><strong>consilio</strong></span> <span class='ocrx_word' id='word_1_725' title='bbox 3493 3990 3587 4046; x_wconf 90' lang='lat' dir='ltr'><strong>diu</strong></span> <span class='ocrx_word' id='word_1_726' title='bbox 3618 3993 3789 4047; x_wconf 87' lang='lat' dir='ltr'><strong>medi-</strong></span> 
     </span>
    </p>
   </div>
   <div class='ocr_carea' id='block_1_100' title="bbox 2185 4073 2715 4130">
    <p class='ocr_par' dir='ltr' id='par_1_100' title="bbox 2185 4073 2715 4130">
     <span class='ocr_line' id='line_1_100' title="bbox 2185 4073 2715 4130; baseline 0.011 -6"><span class='ocrx_word' id='word_1_727' title='bbox 2185 4079 2302 4126; x_wconf 89' lang='lat' dir='ltr'><strong>tato</strong></span> <span class='ocrx_word' id='word_1_728' title='bbox 2330 4073 2715 4130; x_wconf 90' lang='lat' dir='ltr'><strong>committitur.</strong></span> 
     </span>
    </p>
   </div>
   <div class='ocr_carea' id='block_1_101' title="bbox 2269 4160 3784 4248">
    <p class='ocr_par' dir='ltr' id='par_1_101' title="bbox 2269 4160 3784 4248">
     <span class='ocr_line' id='line_1_101' title="bbox 2269 4160 3784 4248; baseline 0.011 -32"><span class='ocrx_word' id='word_1_729' title='bbox 2269 4160 2373 4218; x_wconf 85' lang='lat' dir='ltr'><strong>Vos</strong></span> <span class='ocrx_word' id='word_1_730' title='bbox 2403 4165 2494 4236; x_wconf 90' lang='lat' dir='ltr'><strong>qui</strong></span> <span class='ocrx_word' id='word_1_731' title='bbox 2528 4167 2831 4238; x_wconf 85' lang='lat' dir='ltr'><strong>spirituales</strong></span> <span class='ocrx_word' id='word_1_732' title='bbox 2858 4171 2983 4227; x_wconf 86' lang='lat' dir='ltr'><strong>estis</strong></span> <span class='ocrx_word' id='word_1_733' title='bbox 3022 4171 3334 4244; x_wconf 85' lang='lat' dir='ltr'><strong>hujusmodi</strong></span> <span class='ocrx_word' id='word_1_734' title='bbox 3379 4174 3650 4230; x_wconf 80' lang='lat' dir='ltr'><strong>instruite.</strong></span> <span class='ocrx_word' id='word_1_735' title='bbox 3684 4177 3784 4248; x_wconf 77' lang='lat' dir='ltr'><strong>(Ex</strong></span> 
     </span>
    </p>
   </div>
   <div class='ocr_carea' id='block_1_102' title="bbox 2188 4253 3775 4334">
    <p class='ocr_par' dir='ltr' id='par_1_102' title="bbox 2188 4253 3775 4334">
     <span class='ocr_line' id='line_1_102' title="bbox 2188 4253 3775 4334; baseline 0.009 -25"><span class='ocrx_word' id='word_1_736' title='bbox 2188 4253 2436 4329; x_wconf 84' lang='lat' dir='ltr'><strong>Hieron.)</strong></span> <span class='ocrx_word' id='word_1_737' title='bbox 2475 4257 2614 4313; x_wconf 88' lang='lat' dir='ltr'><strong>Eum</strong></span> <span class='ocrx_word' id='word_1_738' title='bbox 2652 4275 2869 4332; x_wconf 90' lang='lat' dir='ltr'><strong>quoque</strong></span> <span class='ocrx_word' id='word_1_739' title='bbox 2903 4263 2996 4334; x_wconf 90' lang='lat' dir='ltr'><strong>qui</strong></span> <span class='ocrx_word' id='word_1_740' title='bbox 3025 4264 3325 4334; x_wconf 84' lang='lat' dir='ltr'><strong>spiritualis</strong></span> <span class='ocrx_word' id='word_1_741' title='bbox 3356 4273 3445 4321; x_wconf 87' lang='lat' dir='ltr'><strong>est</strong></span> <span class='ocrx_word' id='word_1_742' title='bbox 3494 4266 3775 4332; x_wconf 87' lang='lat' dir='ltr'><strong>hortatur,</strong></span> 
     </span>
    </p>
   </div>
   <div class='ocr_carea' id='block_1_103' title="bbox 2186 4357 3782 4432">
    <p class='ocr_par' dir='ltr' id='par_1_103' title="bbox 2186 4357 3782 4432">
     <span class='ocr_line' id='line_1_103' title="bbox 2186 4357 3782 4432; baseline 0.008 -28"><span class='ocrx_word' id='word_1_743' title='bbox 2186 4366 2253 4405; x_wconf 89' lang='lat' dir='ltr'><strong>ne</strong></span> <span class='ocrx_word' id='word_1_744' title='bbox 2292 4361 2471 4407; x_wconf 90' lang='lat' dir='ltr'><strong>cesset</strong></span> <span class='ocrx_word' id='word_1_745' title='bbox 2521 4370 2741 4410; x_wconf 89' lang='lat' dir='ltr'><strong>manum</strong></span> <span class='ocrx_word' id='word_1_746' title='bbox 2782 4357 3063 4428; x_wconf 86' lang='lat' dir='ltr'><strong>porrigere</strong></span> <span class='ocrx_word' id='word_1_747' title='bbox 3112 4360 3412 4417; x_wconf 80' lang='lat' dir='ltr'><strong>corruenti.</strong></span> <span class='ocrx_word' id='word_1_748' title='bbox 3451 4359 3520 4416; x_wconf 86' lang='lat' dir='ltr'><strong>Et</strong></span> <span class='ocrx_word' id='word_1_749' title='bbox 3556 4362 3782 4432; x_wconf 86' lang='lat' dir='ltr'><strong>pulchre</strong></span> 
     </span>
    </p>
   </div>
   <div class='ocr_carea' id='block_1_104' title="bbox 2185 4449 3784 4526">
    <p class='ocr_par' dir='ltr' id='par_1_104' title="bbox 2185 4449 3784 4526">
     <span class='ocr_line' id='line_1_104' title="bbox 2185 4449 3784 4526; baseline 0.008 -28"><span class='ocrx_word' id='word_1_750' title='bbox 2185 4456 2625 4517; x_wconf 67' lang='lat' dir='ltr'><strong>praeoccupatum</strong></span> <span class='ocrx_word' id='word_1_751' title='bbox 2677 4449 2733 4502; x_wconf 90' lang='lat' dir='ltr'><strong>in</strong></span> <span class='ocrx_word' id='word_1_752' title='bbox 2780 4449 2978 4507; x_wconf 90' lang='lat' dir='ltr'><strong>delicto</strong></span> <span class='ocrx_word' id='word_1_753' title='bbox 3024 4454 3301 4510; x_wconf 86' lang='lat' dir='ltr'><strong>hominem</strong></span> <span class='ocrx_word' id='word_1_754' title='bbox 3334 4463 3517 4523; x_wconf 87' lang='lat' dir='ltr'><strong>vocat,</strong></span> <span class='ocrx_word' id='word_1_755' title='bbox 3547 4472 3617 4513; x_wconf 73' lang='lat' dir='ltr'><strong>ex</strong></span> <span class='ocrx_word' id='word_1_756' title='bbox 3669 4457 3784 4526; x_wconf 92' lang='lat' dir='ltr'><strong>ipso</strong></span> 
     </span>
    </p>
   </div>
   <div class='ocr_carea' id='block_1_105' title="bbox 2185 4537 3783 4615">
    <p class='ocr_par' dir='ltr' id='par_1_105' title="bbox 2185 4537 3783 4615">
     <span class='ocr_line' id='line_1_105' title="bbox 2185 4537 3783 4615; baseline 0.011 -26"><span class='ocrx_word' id='word_1_757' title='bbox 2185 4537 2404 4594; x_wconf 89' lang='lat' dir='ltr'><strong>nomine</strong></span> <span class='ocrx_word' id='word_1_758' title='bbox 2449 4538 2805 4611; x_wconf 88' lang='lat' dir='ltr'><strong>fragilitatem</strong></span> <span class='ocrx_word' id='word_1_759' title='bbox 2851 4545 3179 4602; x_wconf 88' lang='lat' dir='ltr'><strong>conditionis</strong></span> <span class='ocrx_word' id='word_1_760' title='bbox 3225 4550 3540 4615; x_wconf 89' lang='lat' dir='ltr'><strong>ostendens,</strong></span> <span class='ocrx_word' id='word_1_761' title='bbox 3590 4558 3655 4604; x_wconf 89' lang='lat' dir='ltr'><strong>ut</strong></span> <span class='ocrx_word' id='word_1_762' title='bbox 3707 4550 3783 4605; x_wconf 86' lang='lat' dir='ltr'><strong>di-</strong></span> 
     </span>
    </p>
   </div>
   <div class='ocr_carea' id='block_1_106' title="bbox 2185 4629 3781 4712">
    <p class='ocr_par' dir='ltr' id='par_1_106' title="bbox 2185 4629 3781 4712">
     <span class='ocr_line' id='line_1_106' title="bbox 2185 4629 3781 4712; baseline 0.012 -32"><span class='ocrx_word' id='word_1_763' title='bbox 2185 4642 2323 4698; x_wconf 86' lang='lat' dir='ltr'><strong>gnus</strong></span> <span class='ocrx_word' id='word_1_764' title='bbox 2348 4629 2422 4684; x_wconf 92' lang='lat' dir='ltr'><strong>sit</strong></span> <span class='ocrx_word' id='word_1_765' title='bbox 2441 4631 2622 4698; x_wconf 87' lang='lat' dir='ltr'><strong>venia,</strong></span> <span class='ocrx_word' id='word_1_766' title='bbox 2652 4633 2745 4703; x_wconf 91' lang='lat' dir='ltr'><strong>qui</strong></span> <span class='ocrx_word' id='word_1_767' title='bbox 2777 4633 2924 4690; x_wconf 90' lang='lat' dir='ltr'><strong>velut</strong></span> <span class='ocrx_word' id='word_1_768' title='bbox 2949 4637 3112 4693; x_wconf 88' lang='lat' dir='ltr'><strong>homo</strong></span> <span class='ocrx_word' id='word_1_769' title='bbox 3149 4640 3379 4709; x_wconf 88' lang='lat' dir='ltr'><strong>erravit,</strong></span> <span class='ocrx_word' id='word_1_770' title='bbox 3408 4641 3646 4712; x_wconf 86' lang='lat' dir='ltr'><strong>denique</strong></span> <span class='ocrx_word' id='word_1_771' title='bbox 3675 4657 3781 4699; x_wconf 87' lang='lat' dir='ltr'><strong>non</strong></span> 
     </span>
    </p>
   </div>
   <div class='ocr_carea' id='block_1_107' title="bbox 2182 4723 3778 4805">
    <p class='ocr_par' dir='ltr' id='par_1_107' title="bbox 2182 4723 3778 4805">
     <span class='ocr_line' id='line_1_107' title="bbox 2182 4723 3778 4805; baseline 0.01 -30"><span class='ocrx_word' id='word_1_772' title='bbox 2182 4723 2426 4792; x_wconf 88' lang='lat' dir='ltr'><strong>peccatis</strong></span> <span class='ocrx_word' id='word_1_773' title='bbox 2470 4724 2741 4794; x_wconf 91' lang='lat' dir='ltr'><strong>pluribus,</strong></span> <span class='ocrx_word' id='word_1_774' title='bbox 2796 4728 2892 4784; x_wconf 86' lang='lat' dir='ltr'><strong>sed</strong></span> <span class='ocrx_word' id='word_1_775' title='bbox 2947 4728 3082 4785; x_wconf 89' lang='lat' dir='ltr'><strong>vitio</strong></span> <span class='ocrx_word' id='word_1_776' title='bbox 3129 4730 3313 4803; x_wconf 91' lang='lat' dir='ltr'><strong>aliquo</strong></span> <span class='ocrx_word' id='word_1_777' title='bbox 3364 4743 3778 4805; x_wconf 61' lang='lat' dir='ltr'><strong>praeoccupatus</strong></span> 
     </span>
    </p>
   </div>
   <div class='ocr_carea' id='block_1_108' title="bbox 2183 4813 3778 4893">
    <p class='ocr_par' dir='ltr' id='par_1_108' title="bbox 2183 4813 3778 4893">
     <span class='ocr_line' id='line_1_108' title="bbox 2183 4813 3778 4893; baseline 0.01 -27"><span class='ocrx_word' id='word_1_778' title='bbox 2183 4813 2410 4880; x_wconf 89' lang='lat' dir='ltr'><strong>erravit,</strong></span> <span class='ocrx_word' id='word_1_779' title='bbox 2439 4813 2684 4873; x_wconf 87' lang='lat' dir='ltr'><strong>lenitatis</strong></span> <span class='ocrx_word' id='word_1_780' title='bbox 2719 4819 2973 4889; x_wconf 90' lang='lat' dir='ltr'><strong>spiritum</strong></span> <span class='ocrx_word' id='word_1_781' title='bbox 3001 4829 3056 4876; x_wconf 90' lang='lat' dir='ltr'><strong>et</strong></span> <span class='ocrx_word' id='word_1_782' title='bbox 3079 4825 3538 4893; x_wconf 88' lang='lat' dir='ltr'><strong>mansuetudinis,</strong></span> <span class='ocrx_word' id='word_1_783' title='bbox 3573 4826 3628 4881; x_wconf 91' lang='lat' dir='ltr'><strong>in</strong></span> <span class='ocrx_word' id='word_1_784' title='bbox 3660 4841 3778 4882; x_wconf 90' lang='lat' dir='ltr'><strong>cor-</strong></span> 
     </span>
    </p>
   </div>
   <div class='ocr_carea' id='block_1_109' title="bbox 2179 4903 3771 4985">
    <p class='ocr_par' dir='ltr' id='par_1_109' title="bbox 2179 4903 3771 4985">
     <span class='ocr_line' id='line_1_109' title="bbox 2179 4903 3771 4985; baseline 0.009 -29"><span class='ocrx_word' id='word_1_785' title='bbox 2179 4903 2422 4959; x_wconf 87' lang='lat' dir='ltr'><strong>rectione</strong></span> <span class='ocrx_word' id='word_1_786' title='bbox 2463 4907 2767 4974; x_wconf 90' lang='lat' dir='ltr'><strong>peccantis,</strong></span> <span class='ocrx_word' id='word_1_787' title='bbox 2796 4910 3124 4979; x_wconf 62' lang='lat' dir='ltr'><strong>praedicator</strong></span> <span class='ocrx_word' id='word_1_788' title='bbox 3163 4913 3466 4985; x_wconf 89' lang='lat' dir='ltr'><strong>spiritualis</strong></span> <span class='ocrx_word' id='word_1_789' title='bbox 3497 4914 3771 4983; x_wconf 86' lang='lat' dir='ltr'><strong>adhibeat,</strong></span> 
     </span>
    </p>
   </div>
   <div class='ocr_carea' id='block_1_110' title="bbox 2171 4994 3772 5081">
    <p class='ocr_par' dir='ltr' id='par_1_110' title="bbox 2171 4994 3772 5081">
     <span class='ocr_line' id='line_1_110' title="bbox 2171 4994 3772 5081; baseline 0.009 -33"><span class='ocrx_word' id='word_1_790' title='bbox 2171 5009 2282 5050; x_wconf 80' lang='lat' dir='ltr'><strong>nec</strong></span> <span class='ocrx_word' id='word_1_791' title='bbox 2311 4994 2542 5067; x_wconf 77' lang='lat' dir='ltr'><strong>rigidus,</strong></span> <span class='ocrx_word' id='word_1_792' title='bbox 2568 5014 2672 5055; x_wconf 87' lang='lat' dir='ltr'><strong>nec</strong></span> <span class='ocrx_word' id='word_1_793' title='bbox 2712 5001 2906 5067; x_wconf 87' lang='lat' dir='ltr'><strong>iratus,</strong></span> <span class='ocrx_word' id='word_1_794' title='bbox 2944 5013 2998 5059; x_wconf 91' lang='lat' dir='ltr'><strong>et</strong></span> <span class='ocrx_word' id='word_1_795' title='bbox 3040 5005 3215 5061; x_wconf 88' lang='lat' dir='ltr'><strong>tristis</strong></span> <span class='ocrx_word' id='word_1_796' title='bbox 3261 5009 3542 5080; x_wconf 89' lang='lat' dir='ltr'><strong>corrigere</strong></span> <span class='ocrx_word' id='word_1_797' title='bbox 3595 5010 3772 5081; x_wconf 86' lang='lat' dir='ltr'><strong>cupiat</strong></span> 
     </span>
    </p>
   </div>
   <div class='ocr_carea' id='block_1_111' title="bbox 2180 5091 3768 5171">
    <p class='ocr_par' dir='ltr' id='par_1_111' title="bbox 2180 5091 3768 5171">
     <span class='ocr_line' id='line_1_111' title="bbox 2180 5091 3768 5171; baseline 0.012 -31"><span class='ocrx_word' id='word_1_798' title='bbox 2180 5094 2480 5156; x_wconf 89' lang='lat' dir='ltr'><strong>errantem,</strong></span> <span class='ocrx_word' id='word_1_799' title='bbox 2527 5091 2622 5146; x_wconf 90' lang='lat' dir='ltr'><strong>sed</strong></span> <span class='ocrx_word' id='word_1_800' title='bbox 2668 5103 2926 5162; x_wconf 87' lang='lat' dir='ltr'><strong>provocet</strong></span> <span class='ocrx_word' id='word_1_801' title='bbox 2959 5112 3081 5168; x_wconf 87' lang='lat' dir='ltr'><strong>eum</strong></span> <span class='ocrx_word' id='word_1_802' title='bbox 3105 5139 3120 5163; x_wconf 93' lang='lat'><strong>,</strong></span> <span class='ocrx_word' id='word_1_803' title='bbox 3175 5101 3449 5171; x_wconf 90' lang='lat' dir='ltr'><strong>spondens</strong></span> <span class='ocrx_word' id='word_1_804' title='bbox 3497 5102 3768 5168; x_wconf 88' lang='lat' dir='ltr'><strong>salutem,</strong></span> 
     </span>
    </p>
   </div>
   <div class='ocr_carea' id='block_1_112' title="bbox 2180 5181 3772 5264">
    <p class='ocr_par' dir='ltr' id='par_1_112' title="bbox 2180 5181 3772 5264">
     <span class='ocr_line' id='line_1_112' title="bbox 2180 5181 3772 5264; baseline 0.011 -29"><span class='ocrx_word' id='word_1_805' title='bbox 2180 5181 2399 5237; x_wconf 88' lang='lat' dir='ltr'><strong>veniam</strong></span> <span class='ocrx_word' id='word_1_806' title='bbox 2458 5185 2867 5255; x_wconf 89' lang='lat' dir='ltr'><strong>repromittens.</strong></span> <span class='ocrx_word' id='word_1_807' title='bbox 2911 5189 3108 5259; x_wconf 78' lang='lat' dir='ltr'><strong>Aliter,</strong></span> <span class='ocrx_word' id='word_1_808' title='bbox 3155 5192 3202 5247; x_wconf 89' lang='lat' dir='ltr'><strong>si</strong></span> <span class='ocrx_word' id='word_1_809' title='bbox 3247 5194 3372 5264; x_wconf 90' lang='lat' dir='ltr'><strong>quis</strong></span> <span class='ocrx_word' id='word_1_810' title='bbox 3425 5195 3681 5252; x_wconf 87' lang='lat' dir='ltr'><strong>inﬁrmus</strong></span> <span class='ocrx_word' id='word_1_811' title='bbox 3719 5196 3772 5252; x_wconf 87' lang='lat' dir='ltr'><strong>in</strong></span> 
     </span>
    </p>
   </div>
   <div class='ocr_carea' id='block_1_113' title="bbox 2181 5269 3770 5358">
    <p class='ocr_par' dir='ltr' id='par_1_113' title="bbox 2181 5269 3770 5358">
     <span class='ocr_line' id='line_1_113' title="bbox 2181 5269 3770 5358; baseline 0.013 -34"><span class='ocrx_word' id='word_1_812' title='bbox 2181 5269 2286 5327; x_wconf 89' lang='lat' dir='ltr'><strong>ﬁde</strong></span> <span class='ocrx_word' id='word_1_813' title='bbox 2315 5278 2418 5338; x_wconf 90' lang='lat' dir='ltr'><strong>est,</strong></span> <span class='ocrx_word' id='word_1_814' title='bbox 2447 5281 2504 5327; x_wconf 92' lang='lat' dir='ltr'><strong>et</strong></span> <span class='ocrx_word' id='word_1_815' title='bbox 2528 5274 2707 5330; x_wconf 89' lang='lat' dir='ltr'><strong>adhuc</strong></span> <span class='ocrx_word' id='word_1_816' title='bbox 2757 5275 2895 5334; x_wconf 91' lang='lat' dir='ltr'><strong>lacte</strong></span> <span class='ocrx_word' id='word_1_817' title='bbox 2942 5282 3186 5338; x_wconf 89' lang='lat' dir='ltr'><strong>nutritur</strong></span> <span class='ocrx_word' id='word_1_818' title='bbox 3217 5282 3488 5354; x_wconf 68' lang='lat' dir='ltr'><strong>infantiae,</strong></span> <span class='ocrx_word' id='word_1_819' title='bbox 3535 5303 3640 5343; x_wconf 89' lang='lat' dir='ltr'><strong>nec</strong></span> <span class='ocrx_word' id='word_1_820' title='bbox 3679 5303 3770 5358; x_wconf 89' lang='lat' dir='ltr'><strong>po-</strong></span> 
     </span>
    </p>
   </div>
   <div class='ocr_carea' id='block_1_114' title="bbox 2179 5365 3765 5450">
    <p class='ocr_par' dir='ltr' id='par_1_114' title="bbox 2179 5365 3765 5450">
     <span class='ocr_line' id='line_1_114' title="bbox 2179 5365 3765 5450; baseline 0.013 -34"><span class='ocrx_word' id='word_1_821' title='bbox 2179 5368 2289 5417; x_wconf 89' lang='lat' dir='ltr'><strong>test</strong></span> <span class='ocrx_word' id='word_1_822' title='bbox 2311 5372 2421 5420; x_wconf 90' lang='lat' dir='ltr'><strong>tam</strong></span> <span class='ocrx_word' id='word_1_823' title='bbox 2447 5365 2555 5421; x_wconf 91' lang='lat' dir='ltr'><strong>cito</strong></span> <span class='ocrx_word' id='word_1_824' title='bbox 2585 5383 2618 5422; x_wconf 89' lang='lat' dir='ltr'><strong>a</strong></span> <span class='ocrx_word' id='word_1_825' title='bbox 2643 5366 2805 5440; x_wconf 86' lang='lat' dir='ltr'><strong>legali</strong></span> <span class='ocrx_word' id='word_1_826' title='bbox 2845 5373 3227 5434; x_wconf 86' lang='lat' dir='ltr'><strong>observatione</strong></span> <span class='ocrx_word' id='word_1_827' title='bbox 3263 5378 3332 5435; x_wconf 92' lang='lat' dir='ltr'><strong>ad</strong></span> <span class='ocrx_word' id='word_1_828' title='bbox 3377 5380 3646 5450; x_wconf 88' lang='lat' dir='ltr'><strong>spiritalia</strong></span> <span class='ocrx_word' id='word_1_829' title='bbox 3679 5396 3765 5436; x_wconf 84' lang='lat' dir='ltr'><strong>sa-</strong></span> 
     </span>
    </p>
   </div>
   <div class='ocr_carea' id='block_1_115' title="bbox 2178 5462 3767 5540">
    <p class='ocr_par' dir='ltr' id='par_1_115' title="bbox 2178 5462 3767 5540">
     <span class='ocr_line' id='line_1_115' title="bbox 2178 5462 3767 5540; baseline 0.016 -33"><span class='ocrx_word' id='word_1_830' title='bbox 2178 5465 2458 5515; x_wconf 87' lang='lat' dir='ltr'><strong>cramenta</strong></span> <span class='ocrx_word' id='word_1_831' title='bbox 2493 5462 2748 5529; x_wconf 87' lang='lat' dir='ltr'><strong>transire,</strong></span> <span class='ocrx_word' id='word_1_832' title='bbox 2782 5481 2879 5524; x_wconf 92' lang='lat' dir='ltr'><strong>vos</strong></span> <span class='ocrx_word' id='word_1_833' title='bbox 2899 5469 2994 5539; x_wconf 91' lang='lat' dir='ltr'><strong>qui</strong></span> <span class='ocrx_word' id='word_1_834' title='bbox 3013 5470 3362 5540; x_wconf 64' lang='lat' dir='ltr'><strong>;robustiores</strong></span> <span class='ocrx_word' id='word_1_835' title='bbox 3386 5475 3522 5530; x_wconf 91' lang='lat' dir='ltr'><strong>estis</strong></span> <span class='ocrx_word' id='word_1_836' title='bbox 3551 5475 3610 5530; x_wconf 91' lang='lat' dir='ltr'><strong>in</strong></span> <span class='ocrx_word' id='word_1_837' title='bbox 3641 5474 3767 5540; x_wconf 89' lang='lat' dir='ltr'><strong>ﬁde,</strong></span> 
     </span>
    </p>
   </div>
   <div class='ocr_carea' id='block_1_116' title="bbox 2175 5549 3771 5638">
    <p class='ocr_par' dir='ltr' id='par_1_116' title="bbox 2175 5549 3771 5638">
     <span class='ocr_line' id='line_1_116' title="bbox 2175 5549 3771 5638; baseline 0.013 -37"><span class='ocrx_word' id='word_1_838' title='bbox 2175 5551 2231 5601; x_wconf 90' lang='lat' dir='ltr'><strong>et</strong></span> <span class='ocrx_word' id='word_1_839' title='bbox 2273 5549 2584 5617; x_wconf 88' lang='lat' dir='ltr'><strong>spirituales</strong></span> <span class='ocrx_word' id='word_1_840' title='bbox 2633 5552 2832 5624; x_wconf 84' lang='lat' dir='ltr'><strong>eﬁ‘ecti,</strong></span> <span class='ocrx_word' id='word_1_841' title='bbox 2874 5557 2993 5629; x_wconf 90' lang='lat' dir='ltr'><strong>ejus</strong></span> <span class='ocrx_word' id='word_1_842' title='bbox 3039 5575 3180 5618; x_wconf 90' lang='lat' dir='ltr'><strong>onus</strong></span> <span class='ocrx_word' id='word_1_843' title='bbox 3230 5571 3480 5635; x_wconf 91' lang='lat' dir='ltr'><strong>portate,</strong></span> <span class='ocrx_word' id='word_1_844' title='bbox 3533 5580 3636 5623; x_wconf 89' lang='lat' dir='ltr'><strong>nec</strong></span> <span class='ocrx_word' id='word_1_845' title='bbox 3671 5581 3771 5638; x_wconf 84' lang='lat' dir='ltr'><strong>per</strong></span> 
     </span>
    </p>
   </div>
   <div class='ocr_carea' id='block_1_117' title="bbox 2175 5641 3768 5732">
    <p class='ocr_par' dir='ltr' id='par_1_117' title="bbox 2175 5641 3768 5732">
     <span class='ocr_line' id='line_1_117' title="bbox 2175 5641 3768 5732; baseline 0.014 -36"><span class='ocrx_word' id='word_1_846' title='bbox 2175 5641 2457 5703; x_wconf 90' lang='lat' dir='ltr'><strong>scientiam</strong></span> <span class='ocrx_word' id='word_1_847' title='bbox 2497 5656 2754 5720; x_wconf 88' lang='lat' dir='ltr'><strong>vestram,</strong></span> <span class='ocrx_word' id='word_1_848' title='bbox 2785 5651 2956 5711; x_wconf 85' lang='lat' dir='ltr'><strong>frater</strong></span> <span class='ocrx_word' id='word_1_849' title='bbox 3005 5667 3192 5729; x_wconf 87' lang='lat' dir='ltr'><strong>pereat</strong></span> <span class='ocrx_word' id='word_1_850' title='bbox 3227 5675 3328 5732; x_wconf 90' lang='lat' dir='ltr'><strong>pro</strong></span> <span class='ocrx_word' id='word_1_851' title='bbox 3378 5676 3488 5732; x_wconf 88' lang='lat' dir='ltr'><strong>quo</strong></span> <span class='ocrx_word' id='word_1_852' title='bbox 3519 5660 3768 5718; x_wconf 89' lang='lat' dir='ltr'><strong>Christus</strong></span> 
     </span>
    </p>
   </div>
   <div class='ocr_carea' id='block_1_118' title="bbox 2175 5747 2555 5798">
    <p class='ocr_par' dir='ltr' id='par_1_118' title="bbox 2175 5747 2555 5798">
     <span class='ocr_line' id='line_1_118' title="bbox 2175 5747 2555 5798; baseline 0.013 -6"><span class='ocrx_word' id='word_1_853' title='bbox 2175 5747 2424 5798; x_wconf 88' lang='lat' dir='ltr'><strong>mortuus</strong></span> <span class='ocrx_word' id='word_1_854' title='bbox 2449 5751 2555 5798; x_wconf 90' lang='lat' dir='ltr'><strong>est.</strong></span> 
     </span>
    </p>
   </div>
   <div class='ocr_carea' id='block_1_119' title="bbox 2244 5831 3763 5924">
    <p class='ocr_par' dir='ltr' id='par_1_119' title="bbox 2244 5831 3763 5924">
     <span class='ocr_line' id='line_1_119' title="bbox 2244 5831 3763 5924; baseline 0.013 -33"><span class='ocrx_word' id='word_1_855' title='bbox 2244 5831 2315 5891; x_wconf 82' lang='lat' dir='ltr'><strong>In</strong></span> <span class='ocrx_word' id='word_1_856' title='bbox 2358 5835 2551 5906; x_wconf 75' lang='lat' dir='ltr'><strong>spiritu</strong></span> <span class='ocrx_word' id='word_1_857' title='bbox 2590 5836 2839 5898; x_wconf 84' lang='lat' dir='ltr'><strong>lenitatis.</strong></span> <span class='ocrx_word' id='word_1_858' title='bbox 2889 5843 2972 5903; x_wconf 80' lang='lat' dir='ltr'><strong>Ad</strong></span> <span class='ocrx_word' id='word_1_859' title='bbox 3010 5845 3319 5908; x_wconf 89' lang='lat' dir='ltr'><strong>Corinthios</strong></span> <span class='ocrx_word' id='word_1_860' title='bbox 3371 5863 3590 5924; x_wconf 90' lang='lat' dir='ltr'><strong>quoque</strong></span> <span class='ocrx_word' id='word_1_861' title='bbox 3644 5850 3763 5910; x_wconf 88' lang='lat' dir='ltr'><strong>ait:</strong></span> 
     </span>
    </p>
   </div>
  </div>
