4026 6472
243 438 354 511 457

1091 443 1611 504 COLLECTIONES
1651 443 1714 498 IN
1755 443 2134 525 EPlS'l‘OLAS
2171 448 2260 504 ET
2297 447 2710 508 EVANGELIA.

241 567 314 626 In
334 569 483 640 virga
512 569 715 623 veniam
739 567 810 621 ad
832 583 919 622 vos
945 565 997 639 (ι
1023 565 1147 622 Cor.
1174 567 1287 637 1v)?
1316 565 1415 621 Hic
1447 573 1628 621 autem
1667 563 1828 636 spiri-
1856 570 1910 632 Α
1931 579 2036 618 non
2065 580 2131 620 ex
2156 564 2380 620 alterius
2416 575 2641 635 peccato
2679 575 2734 621 et
2766 566 3172 638 comparatione
3203 567 3511 634 deterioris,

241 659 479 715 tualihus
515 657 680 713 dicit:
706 657 962 714 Instruite
1002 660 1058 714 in
1102 659 1292 729 spiritu
1328 657 1578 712 lenitatis.
1625 659 1826 714 Verum

240 751 318 809 ibi
362 752 432 806 ad
462 767 558 807 eos
591 751 722 807 dicit
765 769 779 806 :
811 752 916 819 Qui
949 761 1074 822 post
1114 760 1400 822 peccatum
1447 767 1557 807 non
1593 751 1827 807 scientes

237 859 485 902 errorem
531 860 710 911 suum,
747 845 1003 902 nolebant
1029 844 1328 914 majoribus
1365 846 1522 901 subdi
1571 853 1626 901 et
1652 843 1826 915 paeni-

237 935 410 991 tentia
461 935 680 1006 corrigi.
734 936 836 992 Ubi
871 951 1000 992 vero
1045 945 1300 1006 peccator
1352 935 1660 1006 intelligens
1707 933 1826 988 vul-

233 1041 343 1081 nus
388 1041 568 1092 suum,
605 1026 827 1082 tradidit
869 1027 1080 1082 medico
1126 1043 1185 1083 se
1230 1027 1555 1094 curandum,
1584 1027 1676 1083 ubi
1715 1042 1822 1083 non

233 1126 320 1176 est
351 1119 502 1189 virga
531 1120 856 1185 necessaria,
895 1120 992 1176 sed
1033 1120 1259 1192 spiritus
1303 1121 1569 1177 lenitatis.

309 1207 663 1266 Considerans
689 1211 909 1282 teipsum
935 1229 999 1267 ne
1025 1222 1073 1268 et
1091 1223 1146 1266 tu
1169 1215 1405 1268 tenteris.
1429 1213 1532 1286 (Ex
1563 1212 1821 1285 Primas.)

235 1301 314 1358 Ac
346 1303 392 1359 si
421 1304 651 1369 diceret,
683 1303 810 1374 quia
837 1312 892 1360 et
927 1312 984 1359 tu
1008 1305 1171 1361 homo
1193 1321 1274 1371 es,
1297 1314 1353 1360 et
1373 1314 1528 1377 potes
1553 1306 1610 1362 in
1641 1306 1822 1377 aliquo

233 1393 453 1457 tentari,
470 1401 526 1447 et
555 1390 825 1462 adiutorio
843 1394 1109 1465 indigere,
1133 1403 1189 1450 et
1217 1394 1338 1451 ideo
1364 1395 1527 1451 debes
1553 1396 1820 1454 sustinere

231 1487 526 1550 tentatum,
567 1483 661 1555 qui
693 1484 836 1540 enim
880 1485 980 1539 sub
1023 1485 1331 1541 conditione
1363 1486 1697 1544 infirmitatis
1724 1504 1819 1560 po-

231 1575 328 1630 siti
350 1584 477 1631 sunt
501 1577 700 1633 merito
729 1577 975 1634 inﬁrmos
1007 1579 1293 1634 sustinent.

303 1665 455 1721 Alter
502 1666 722 1724 alterius
746 1686 906 1725 onera
927 1678 1154 1741 portate.
1195 1671 1297 1742 (Ex
1341 1669 1588 1744 Hieron.)
1632 1672 1818 1730 Portat

229 1771 450 1829 quoque
469 1757 656 1814 fratris
675 1761 1075 1827 necessitatem,
1101 1762 1192 1832 qui
1213 1770 1500 1833 gravatum
1525 1779 1816 1836 pauperem

228 1863 401 1906 onere
427 1854 686 1922 egestatis
731 1853 969 1924 adjuvat.
1011 1855 1079 1910 Et
1109 1854 1242 1910 facit
1262 1853 1364 1912 sibi
1391 1857 1599 1913 amicos
1621 1857 1687 1913 de
1712 1858 1817 1913 ini-

227 1956 340 2012 qua
367 1957 695 2012 mammona,
727 1954 788 2002 ut
813 1948 1000 2003 audiat
1035 1963 1068 2003 ε
1098 1948 1328 2005 Domino
1371 1966 1386 2003 ε
1426 1947 1622 2016 venue,
1665 1951 1816 2007 θεηε.
1843 1948 1891 2008 Β
1917 1936 2184 2004 pravitate
2208 1951 2488 2007 perversa,
2516 1937 2887 1994 catecbizatur
2924 1946 3126 2005 autem,
3164 1940 3528 1997 eruditur'et'

227 2034 360 2088 dicti
389 2033 569 2092 Patris
610 2040 742 2106 mei,
790 2040 1038 2111 pereipite
1069 2057 1285 2112 regnum
1307 2042 1446 2112 quod
1478 2042 1619 2097 vobis
1653 2061 1812 2114 para-

228 2131 342 2178 tum
369 2136 444 2182 est
473 2128 537 2182 ab
569 2131 769 2200 origine
813 2133 1017 2198 mundi,
1052 2133 1177 2203 quia
1227 2133 1420 2196 esurivi
1443 2172 1458 2198 ,
1503 2141 1552 2187 et
1591 2133 1810 2189 dedistis

225 2216 359 2270 mihi
391 2219 733 2287 manducare,
761 2222 920 2288 sitivi,
960 2231 1007 2276 et
1035 2221 1251 2277 dedistis
1285 2223 1415 2276 mihi
1454 2223 1625 2278 bibere
1676 2233 1806 2290 etc.,

226 2304 446 2375 (Matth.
473 2309 628 2381 xxv).

297 2397 369 2452 Et
395 2400 471 2453 sic
497 2400 844 2472 adimplebitis
865 2402 1027 2474 legem
1041 2403 1254 2459 Christi.
1287 2404 1388 2476 (Ex
1414 2405 1670 2478 Primas.)
1698 2407 1808 2463 Lex

221 2483 432 2542 Christi
455 2489 694 2547 cbaritas
713 2500 818 2558 est,
843 2491 910 2546 de
929 2509 1035 2564 qua
1064 2494 1207 2549 idem
1237 2494 1499 2551 Dominus
1527 2497 1631 2551 ait:
1652 2496 1808 2553 Man-

220 2576 411 2631 datum
438 2597 631 2635 novum
668 2582 736 2636 do
771 2583 930 2649 vobis,
964 2594 1021 2638 ut
1044 2584 1278 2656 diligatis
1309 2604 1395 2642 vos
1424 2588 1644 2643 invicem
1671 2591 1806 2644 sicut

219 2673 271 2720 et
295 2683 390 2737 ego
421 2667 583 2723 dilexi
613 2687 700 2725 vos
725 2671 909 2744 (Joan.
938 2674 1081 2746 xm).
1107 2673 1165 2730 Si
1191 2689 1320 2747 ergo
1343 2676 1615 2748 diligimus
1635 2677 1805 2735 Deum

221 2763 280 2811 et
302 2757 629 2826 proximum,
657 2761 1016 2820 misereamur
1033 2765 1279 2837 pauperi,
1302 2767 1444 2822 sicut
1466 2775 1521 2822 et
1543 2767 1804 2826 Dominus

219 2845 482 2903 misertus
503 2858 587 2904 est
616 2850 795 2908 nobis.

295 2935 439 2991 Nam
469 2939 516 2992 si
541 2941 659 3010 quis
685 2943 949 2998 existimat
976 2961 1030 3000 se
1051 2944 1252 3018 aliquid
1269 2964 1401 3015 esse,
1415 2965 1534 3003 cum
1554 2948 1687 3005 nihil
1709 2951 1800 3019 sit,

217 3027 331 3098 ipse
359 3045 414 3083 se
439 3031 660 3087 seducit.
705 3033 807 3105 (Ex
829 3034 1075 3108 Hieron.)
1114 3037 1170 3093 Si
1195 3039 1319 3109 quis
1349 3055 1457 3095 non
1482 3040 1598 3097 vult
1633 3055 1803 3099 onera

215 3119 395 3175 aliena
438 3132 677 3193 portare,
714 3136 770 3182 et
810 3127 1198 3186 immisericors
1237 3147 1337 3188 suo
1377 3142 1590 3190 tantum
1634 3151 1802 3208 opere

215 3220 274 3268 et
308 3213 507 3272 virtute
552 3227 841 3277 contentus
865 3231 968 3290 est,
1005 3240 1115 3280 non
1161 3242 1412 3298 quaerens
1455 3244 1576 3300 quae
1618 3229 1798 3285 aliena

213 3393 335 3465 ipse
375 3411 432 3452 se
460 3397 689 3456 seducit.
720 3402 1018 3474 Dupliciter
1055 3418 1234 3464 autem
1284 3411 1545 3482 distingui
1591 3421 1795 3482 potest.

211 3485 317 3542 Vel
343 3487 388 3542 si
419 3489 541 3560 quis
558 3492 834 3550 existimat
863 3511 922 3552 se
949 3497 1153 3570 aliquid
1194 3515 1347 3571 esse,
1383 3519 1509 3559 cum
1539 3505 1611 3560 sit
1638 3505 1797 3572 nihil,

208 3579 300 3669 vel
330 3580 423 3645 ita,
451 3583 497 3637 si
535 3585 657 3654 quis
681 3586 957 3644 existimat
988 3607 1048 3647 se
1073 3592 1276 3665 aliquid
1311 3611 1454 3664 esse,
1485 3608 1677 3669 postea
1707 3603 1795 3659 in-

207 3668 516 3741 ferendum,
548 3691 671 3731 cum
693 3678 766 3734 sit
790 3680 948 3748 nihil,
974 3682 1091 3752 ipse
1129 3700 1189 3740 se
1218 3687 1448 3755 seducit,
1478 3668 1535 3746 et
1563 3701 1647 3747 est
1674 3710 1798 3750 sen-

209 3776 331 3829 sus,
365 3763 422 3818 in
473 3780 540 3821 eo
589 3769 734 3839 quod
782 3786 840 3827 se
874 3781 1030 3843 putat
1058 3790 1180 3831 esse
1207 3777 1432 3848 aliquid,
1462 3790 1519 3836 et
1562 3798 1672 3839 non
1727 3801 1792 3840 ex

209 3852 500 3910 clementia
530 3857 585 3912 in
605 3861 931 3929 proximum,
961 3864 1059 3920 sed
1097 3882 1196 3922 suo
1234 3883 1400 3938 opere
1430 3879 1486 3927 et
1508 3872 1694 3931 labore
1737 3891 1797 3932 se

202 3943 435 4014 iudicat,
463 3963 560 4004 sua
602 3959 810 4008 tantum
858 3955 1058 4014 virtute
1102 3969 1411 4030 contentus,
1440 3963 1546 4020 iste
1589 3982 1658 4021 ex
1690 3969 1796 4024 hac

209 4035 331 4108 ipsa
361 4045 676 4112 arrogantia
706 4046 840 4102 nihil
870 4047 930 4102 fit
954 4057 1009 4104 et
1029 4050 1145 4121 ipse
1171 4068 1230 4108 se
1268 4055 1488 4127 decipit.

283 4128 436 4201 Opus
466 4145 640 4189 autem
673 4154 827 4192 suum
855 4141 1035 4211 probet
1061 4147 1416 4218 unusquisque
1435 4157 1484 4203 et
1514 4149 1590 4203 sic
1618 4151 1674 4205 in
1715 4168 1796 4206 se-

205 4223 428 4293 metipso
450 4234 656 4281 tantum
670 4227 893 4298 gloriam
917 4231 1142 4299 habebit,
1170 4245 1218 4290 et
1237 4253 1340 4291 non
1361 4239 1417 4291 in
1443 4237 1631 4294 altero.
1661 4240 1796 4298 Sen—

206 4328 305 4370 sus
342 4314 446 4370 iste
467 4325 572 4385 est,
599 4325 657 4372 tu
690 4321 782 4390 qui
810 4329 863 4377 te
887 4323 1126 4380 aestimas
1147 4327 1447 4396 spiritalem
1482 4339 1539 4386 et
1567 4331 1794 4389 alterius

205 4404 528 4463 inﬁrmitate
575 4408 850 4468 robustior
884 4429 974 4480 es,
1011 4430 1120 4471 non
1162 4417 1328 4474 debes
1363 4420 1794 4478 imbecillitatem

199 4495 460 4568 jacentis,
484 4500 578 4556 sed
602 4509 752 4558 tuam
793 4503 1168 4563 fortitudinem
1200 4510 1569 4567 considerare.
1604 4512 1794 4584 Neque

203 4589 355 4644 enim
395 4590 443 4645 si
492 4590 632 4648 alius
676 4592 918 4663 perfecte
956 4612 1064 4651 non
1101 4607 1279 4668 potest
1325 4601 1392 4654 ad
1441 4601 1792 4660 Christianis-

202 4693 359 4734 mum
390 4695 422 4734 a
469 4679 747 4739 Judaismo
791 4686 1056 4754 transire,
1103 4690 1306 4745 idcirco
1333 4699 1389 4745 tu
1431 4692 1706 4763 perfectus
1731 4711 1791 4752 es

167 4767 569 4841 .Christianus,
607 4776 703 4831 sed
728 4776 775 4831 si
813 4785 867 4833 te
906 4780 1124 4850 propria
1169 4783 1500 4840 conscientia
1543 4802 1651 4842 non
1697 4802 1790 4844 re-

202 4865 440 4932 mordet,
464 4867 631 4924 habes
646 4869 700 4924 in
723 4871 1011 4942 temetipso
1036 4873 1359 4942 gloriam,et
1376 4892 1484 4931 non
1502 4878 1557 4933 in
1588 4879 1782 4936 altero.

201 4954 438 5028 lntelligi
475 4966 657 5030 potest
703 4968 760 5014 et
805 4961 991 5027 aliter,
1041 4965 1133 5033 qui
1185 4967 1575 5024 conscientiam
1624 4971 1790 5027 habet

169 5048 387 5118 ~operis
408 5047 554 5117 boui,
581 5058 638 5107 et
659 5052 898 5124 seipsum
920 5056 1291 5123 considerans,
1321 5075 1458 5128 opus
1483 5075 1640 5115 suum
1679 5079 1786 5120 non

201 5139 574 5208 reprehendit,
604 5157 712 5196 non
741 5143 901 5199 debet
929 5145 995 5201 de
1038 5146 1140 5203 hoc
1169 5150 1311 5218 apud
1339 5150 1505 5204 alium
1537 5152 1778 5222 gloriari,

199 5228 302 5283 sed
358 5229 412 5282 in
461 5232 752 5302 semetipso
793 5233 991 5290 habeat
1016 5236 1274 5308 gloriam,
1325 5248 1381 5294 et
1423 5242 1609 5299 dicat:
1652 5243 1788 5300 Mihi

199 5330 383 5376 autent
413 5322 544 5378 absit
568 5325 811 5396 gloriari,
846 5329 948 5383 nisi
968 5329 1023 5385 in
1050 5348 1200 5387 cruce
1226 5333 1441 5391 Domini
1464 5340 1628 5393 nostri
1655 5339 1786 5396 Iesu

202 5411 428 5467 Christi.

279 5501 647 5578 Unusquisque
672 5509 811 5562 enim
833 5527 962 5566 onus
983 5529 1137 5567 suum
1159 5515 1406 5582 portabit.
1433 5518 1658 5576 Videtur
1694 5538 1783 5578 su-

198 5597 514 5670 perioribus
555 5601 846 5666 contraire,
876 5601 969 5656 ubi
998 5603 1074 5657 ait
1113 5623 1125 5658 :
1167 5605 1313 5660 Alter
1360 5608 1578 5666 alterius
1624 5630 1784 5669 onera

199 5699 431 5762 portate,
462 5692 556 5747 sed
579 5691 655 5746 ibi
696 5693 971 5763 praecepit,
999 5702 1061 5748 ut
1097 5705 1387 5765 peccantes
1424 5701 1479 5755 in
1524 5703 1626 5760 hac
1671 5707 1784 5762 vita

201 5801 308 5841 nos
337 5785 568 5841 invicem
603 5792 986 5853 sustentemus,
1019 5795 1075 5842 et
1110 5789 1428 5846 alterutrum
1473 5795 1674 5851 auxilio
1705 5798 1782 5853 si-

203 5893 353 5946 mus,
381 5877 469 5932 hic
493 5884 674 5930 autem
701 5884 766 5931 de
795 5880 1209 5936 resurrectionis
1230 5881 1359 5937 dicit
1374 5881 1599 5953 judicio,
1641 5889 1784 5958 quod

492 5971 769 6033 ΡΑτιιοι..
806 5967 938 6032 CII.

1929 657 2022 713 sed
2049 656 2196 727 juxta
2221 667 2466 713 nostrum
2493 673 2630 728 opus
2658 665 2751 714 aut
2783 668 3098 728 peccatores
3121 659 3190 714 ab
3221 650 3288 714 eo
3307 657 3516 728 judice-

1927 765 2052 804 mur
2081 758 2177 805 aut
2202 751 2399 806 sancti.

1997 841 2355 897 Communicet
2383 850 2576 909 autem,
2627 849 2732 898 etc.
2760 842 3208 900 Imbecillioribus
3237 850 3291 898 et
3313 857 3510 900 cama-

1924 931 2067 989 libus
2093 934 2373 1004 discipulis
2403 935 2654 1005 imperat,
2680 943 2740 989 ut
2763 936 3032 1005 quomodo
3057 936 3159 1005 ipsi
3187 951 3216 989 a
3233 935 3512 1007 magistris
3607 931 3622 998 ’ἵ

1923 1026 2223 1096 spiritualis
2257 1037 2485 1094 metunt,
2533 1028 2613 1083 sic
2640 1027 2915 1098 magistris
2948 1027 3189 1082 carnalia
3233 1029 3535 1099 praebeant

1923 1115 1980 1170 in
2010 1117 2262 1173 omnibus
2286 1117 2466 1184 bonis,
2499 1117 2554 1173 id
2574 1125 2678 1184 est,
2728 1118 2782 1172 in
2822 1117 2970 1173 victu
2998 1126 3054 1172 et
3079 1118 3426 1182 vestimento,
3455 1125 3511 1170 et

1923 1210 2137 1265 caeteris
2186 1211 2461 1277 omnibus,
2496 1225 2618 1282 qua:
2661 1211 2910 1266 homines
2937 1211 3081 1265 inter
3129 1211 3271 1264 bona
3319 1225 3535 1293 numej

1923 1309 2066 1356 rant.
2101 1301 2254 1358 Unde
2281 1311 2338 1358 et
2365 1302 2467 1358 Job
2494 1320 2508 1357 :
2551 1301 2612 1358 Si
2639 1302 2774 1357 bona
2827 1302 3114 1373 accipimus
3137 1341 3151 1366 ,
3207 1301 3402 1370 inquit,
3445 1302 3510 1357 de

1920 1407 2084 1446 manu
2117 1391 2332 1447 Domini
2379 1392 2522 1466 (Job.
2553 1391 2638 1465 ιι).
2667 1392 2736 1447 Et
2777 1392 3040 1448 Dominus
3081 1390 3137 1446 in
3162 1390 3458 1461 Evangelio
3491 1411 3505 1445 :

1919 1479 1980 1536 Si
2008 1499 2098 1538 vos
2121 1499 2240 1536 cum
2262 1483 2376 1538 sitis
2418 1483 2571 1550 mali,
2600 1485 2762 1539 nostis
2803 1483 3110 1538 bona.dare
3149 1482 3277 1553 ﬁliis
3320 1483 3509 1538 vestris

1919 1569 2137 1642 (Matth.
2178 1573 2312 1646 vn)?
2334 1572 2508 1628 Aliter
2533 1573 2626 1628 dat
2651 1574 2930 1645 discipulis
2957 1574 3296 1638 mandatum,
3322 1581 3381 1630 ut
3423 1573 3510 1630 eis

1917 1660 2011 1730 qui
2034 1675 2092 1715 se
2121 1661 2396 1716 instruunt
2420 1661 2617 1728 verbo,
2650 1662 3075 1729 communicent,
3103 1665 3504 1733 obsequantur,
3558 1671 3562 1674 ’

1918 1752 2143 1819 dociles,
2180 1753 2477 1826 facilesque
2503 1770 2562 1811 se
2601 1755 2898 1825 praebeant,
2935 1756 2990 1811 in
3027 1757 3113 1813 his
3153 1765 3335 1813 tamen
3384 1773 3507 1828 qua:

1917 1842 2058 1898 bona
2088 1853 2213 1900 sunt
2240 1855 2296 1901 et
2339 1845 2665 1918 spiritualis,
2713 1862 2822 1903 non
2856 1847 3112 1902 haeretica
3158 1848 3240 1902 vel
3278 1847 3504 1907 Judaica

1912 2025 2226 2098 castigatur,
2262 2027 2605 2099 intelligitur.

1981 2116 2091 2189 (Ea:
2118 2115 2374 2192 Primus.)
2405 2119 2807 2190 nequir-endam
2845 2121 3113 2190 quomodo
3147 2122 3312 2180 verbo
3342 2123 3502 2179 disci-

1907 2205 2066 2276 pulus
2094 2207 2355 2278 magistro
2387 2209 2791 2266 communicare
2810 2210 3046 2277 dicatur,
3072 2226 3196 2266 cum
3218 2219 3342 2267 eum
3386 2217 3527 2268 ma-‘

1908 2298 1992 2369 gis
2030 2300 2198 2354 verbo
2243 2301 2501 2371 magister
2544 2301 2831 2368 instituat,
2879 2303 2975 2360 sed
3005 2305 3232 2359 verbum
3273 2304 3532 2376 intelligi

1907 2388 2078 2444 voluit
2100 2390 2400 2446 devotionis
2420 2390 2679 2460 fructum,
2707 2402 2762 2449 et
2783 2394 2911 2449 boni
2946 2397 3129 2465 operis
3156 2396 3489 2468 largitatem.

1906 2480 2042 2536 Nam
2068 2491 2122 2537 et
2159 2484 2384 2539 verbum
2409 2499 2510 2553 pro
2529 2499 2692 2554 opere
2719 2484 2856 2541 solet
2886 2485 3069 2541 dicere
3099 2485 3406 2557 Scriptura,
3438 2496 3527 2545 ιιι·

1905 2571 2038 2626 illud
2065 2572 2132 2627 de
2157 2571 2328 2628 David
2356 2591 2367 2627 :
2401 2572 2541 2640 Quia
2567 2574 2737 2643 fecisti
2766 2575 2974 2629 verbum
3001 2576 3098 2631 hoc
3123 2576 3208 2650 (11
3239 2576 3369 2649 Reg.
3387 2577 3493 2650 ιιι).

1903 2663 1975 2719 Et
2002 2663 2305 2721 Moses-ait
2339 2683 2351 2719 :
2391 2663 2667 2732 Quomodo
2697 2665 2876 2736 palam
2914 2667 3113 2736 factum
3160 2677 3238 2724 est
3282 2668 3497 2726 verbum

1911 2757 2049 2811 istud
2072 2758 2100 2811 Ρ

1911 2758 1924 2770 ⁹
1955 2758 2049 2811 tud
2072 2758 2100 2811 2’

1903 2774 1950 2812 u
1977 2848 2157 2904 Nolite
2181 2865 2380 2917 errare,
2404 2849 2546 2905 Deus
2583 2867 2688 2906 non
2719 2850 2990 2908 irridetur.
3013 2851 3072 2909 Id
3099 2860 3200 2919 est,
3246 2855 3338 2927 qui
3375 2855 3490 2913 Deo

1900 2942 2018 2998 vult
2056 2943 2295 3009 mentiri,
2319 2952 2413 2999 aut
2442 2945 2697 3015 praecepti
2723 2947 3114 3016 praevaricator
3137 2961 3276 3018 esse,
3307 2964 3367 3006 se
3400 2953 3497 3009 de-

1905 3043 2082 3198 alii;
2113 3125 2360 3198 Hieron.)
2384 3127 2691 3184 Praevidens
2716 3127 2929 3198 spiritu,
2962 3144 3057 3186 eos
3079 3130 3173 3201 qui
3203 3132 3488 3202 docentur,

3414 413 3528 512 45s.

3603 917 3629 966 3

1901 3224 1958 3273 et
1984 3217 2180 3273 debent
2201 3219 2474 3287 magistris
2496 3229 2744 3290 sumptus
2766 3220 3097 3287 ministrare,
3115 3237 3273 3294 posse
3298 3224 3488 3282 obten-
3588 3234 3591 3237 '

214 3314 365 3372 sunt,
397 3307 493 3362 sed
515 3323 634 3378 quae
661 3326 783 3378 sua,
812 3313 896 3368 sui
938 3323 1146 3371 tantum
1184 3327 1416 3384 amator,
1446 3328 1502 3375 et
1542 3336 1653 3376 non
1679 3321 1794 3388 Dei,
1829 3305 1874 3369 C
1905 3308 2033 3364 dere
2057 3316 2453 3378 Paupertatem:
2494 3317 2551 3364 ει
2570 3309 2752 3366 dicere
2783 3324 2798 3363 ³
2835 3310 2979 3381 Ager
3003 3327 3156 3368 meus
3201 3314 3306 3370 Ῑιοο
3339 3331 3489 3372 anno

1903 3401 2149 3456 siccitate
2191 3402 2356 3468 aruit,
2399 3401 2612 3457 vineam
2643 3403 2848 3475 grando
2871 3405 3147 3471 contrivit,
3175 3421 3284 3461 non
3314 3406 3491 3463 habeo

1902 3492 2047 3549 unde
2084 3492 2317 3546 tribuam
2349 3484 2750 3563 quodjubetur,
2782 3492 3018 3562 adjecit:
3046 3492 3228 3549 Nolite
3267 3512 3448 3550 errare
3469 3536 3487 3563 ,

1901 3579 2043 3636 Deus
2078 3597 2182 3634 non
2220 3581 2494 3661 irridetur,
2524 3582 2628 3638 scit
2659 3584 2823 3640 corda
2854 3592 3069 3650 vestra,
3106 3599 3215 3640 non
3264 3586 3483 3658 ignorat

1900 3670 2206 3740 facultates,
2223 3681 2277 3728 et
2292 3674 2568 3730 excusatio
2587 3675 2738 3732 verbi
2759 3676 3032 3732 hominem
3057 3685 3239 3748 potest
3266 3677 3480 3748 fallere,

1899 3761 2070 3817 Deum
2103 3779 2210 3818 non
2236 3773 2431 3835 potest.

1973 3854 2105 3921 Qute
2129 3858 2267 3912 enim
2289 3859 2622 3913 seminaverit
2642 3859 2797 3914 homo
2819 3859 2932 3915 haec
2960 3868 3008 3914 et
3026 3869 3200 3917 metet.
3224 3860 3326 3933 (Ex
3358 3861 3481 3920 Pri-

1897 3947 2062 4019 mas.)
2100 3949 2158 4004 Id
2185 3957 2288 4015 est,
2321 3949 2449 4004 talia
2478 3951 2722 4020 recipiet,
2754 3951 2936 4023 qualia
2969 3953 3176 4023 egerit,
3203 3953 3251 4010 si
3289 3969 3486 4026 pecca-

1899 4046 2012 4094 tum
2040 4043 2357 4110 pmnitentia
2381 4059 2489 4098 non
2513 4052 2790 4114 sequatur.

1967 4129 2086 4202 (Ea:
2130 4131 2400 4207 Primos.)
2430 4133 2690 4190 Hortatur
2729 4137 2798 4192 ad
2845 4137 2900 4192 id
2956 4137 3101 4208 quod
3146 4147 3477 4210 praeceptum

1895 4231 2015 4288 est,
2053 4224 2417 4278 exhibendum
2465 4239 2651 4280 semen
2682 4227 2970 4282 nominans
2993 4267 3008 4292 ,
3047 4241 3116 4283 ne
3168 4237 3320 4299 putet
3352 4245 3477 4301 per-

1895 4313 2107 4380 ditum,
2151 4314 2295 4384 quod
2360 4314 2718 4384 multiplicato
2765 4315 2953 4372 fenore
3003 4326 3320 4389 recepturus
3369 4329 3473 4378 est.

1894 4415 1899 4421 ’
1967 4413 2229 4479 Quoniam
2252 4415 2344 4486 qui
2360 4414 2582 4470 seminat
2606 4417 2663 4470 in
2682 4433 2842 4471 carne
2861 4434 2980 4482 sua,
2996 4417 3060 4472 de
3080 4435 3238 4474 carne
3253 4431 3303 4475 et
3327 4430 3484 4478 metet

1893 4509 2301 4579 corruptionem,
2331 4509 2421 4580 qui
2441 4517 2617 4562 autem
2635 4509 2858 4564 seminat
2883 4510 2937 4564 in
2958 4512 3168 4581 spiritu,
3203 4511 3268 4567 de
3289 4514 3478 4584 spiritu

1892 4609 2045 4654 metet
2071 4601 2229 4655 vitam
2251 4611 2520 4656 wternam.
2551 4601 2723 4658 Omne
2753 4603 2897 4674 quod
2916 4604 3205 4674 loquimur,
3243 4607 3477 4678 agimus,

1815 4669 1868 4730 Ῑ)
1895 4693 2216 4762 cogitamus,
2242 4693 2296 4747 in
2321 4693 2529 4748 duobus
2565 4669 2864 4749 seminatur
2885 4669 3053 4767 agris,
3097 4712 3262 4752 carne
3279 4669 3337 4754 et
3368 4700 3479 4770 spi-

1892 4783 2020 4847 ritu,
2053 4783 2098 4837 si
2129 4783 2268 4837 bona
2300 4792 2570 4854 suntquae
2600 4784 2666 4838 de
2697 4798 2892 4850 manu,
2922 4800 3017 4841 ore
3043 4793 3099 4842 et
3141 4789 3305 4844 corde
3348 4805 3474 4859 pro-

1893 4882 2131 4940 muntur,
2157 4876 2420 4930 seminata
2454 4876 2510 4930 in
2563 4875 2753 4953 spiritu
2783 4877 2909 4932 vita:
2940 4887 3158 4934 aeterna:
3206 4881 3475 4938 fructibus

1891 4968 2287 5024 redundabant.
2320 4966 2378 5023 Si
2409 4967 2552 5022 mala
2577 4969 2646 5023 ab
2691 4983 2822 5040 agro
2865 4970 3048 5025 carnis
3077 4979 3326 5043 excepta,
3347 4987 3474 5028 cor-

1891 5059 2156 5129 ruptionis
2203 5058 2359 5113 nobis
2390 5065 2627 5130 segetem
2657 5058 3016 5128 pullulabunt.
3051 5059 3246 5128 Aliter,
3270 5062 3363 5133 qui
3390 5062 3470 5118 le-

1893 5163 2016 5220 gem
2046 5147 2338 5203 carnaliter
2358 5147 2628 5220 intelligit,
2656 5150 3107 5220 repromissiones
3126 5167 3339 5223 quoque
3359 5167 3472 5207 car-

1890 5243 2039 5298 nales
2062 5283 2077 5308 ,
2115 5251 2170 5298 et
2206 5259 2326 5314 quae
2360 5243 2415 5296 iu
2470 5245 2725 5313 prmsenti
2774 5245 2972 5302 saeculo
3026 5253 3470 5315 corrumpuntur,

1889 5341 2186 5402 exspectat.
2232 5332 2334 5400 Qui
2366 5341 2546 5389 autem
2579 5335 2876 5405 spiritualis
2919 5334 3135 5405 adjutor
3172 5343 3276 5402 est,
3304 5338 3470 5393 semi-

1887 5433 1984 5481 nat
2009 5426 2064 5480 in
2093 5427 2316 5496 spiritu,
2343 5436 2400 5482 et
2441 5427 2506 5483 de
2536 5428 2732 5498 spiritu
2765 5436 2934 5484 metet
2966 5427 3131 5482 vitam
3189 5429 3474 5502 sempiter-

1891 5534 2038 5574 nam.
2097 5518 2231 5573 Illud
2261 5519 2426 5574 etiam
2481 5520 2687 5590 pariter
2734 5517 3130 5576 observandum
3187 5520 3331 5590 quod
3382 5537 3471 5578 se-

1893 5611 2066 5665 minat
2125 5611 2181 5665 in
2235 5626 2430 5676 carne,
2491 5625 2614 5666 cum
2676 5611 3045 5666 additamento
3109 5625 3222 5668 sua:
3285 5615 3472 5672 carnis

1889 5703 2128 5774 ponitur.
2183 5701 2284 5770 Qui
2327 5710 2506 5758 autem
2550 5703 2783 5758 seminat
2830 5701 2884 5755 in
2932 5701 3156 5771 spiritu,
3205 5719 3312 5760 non
3384 5706 3471 5763 di-

1893 5796 1968 5851 cit
2018 5795 2071 5850 in
2127 5796 2317 5866 spiritu
2351 5811 2469 5860 suo,
2506 5795 2600 5849 sed
2653 5792 2970 5864 simpliciter
3008 5794 3062 5851 in
3097 5797 3321 5869 spiritu;
3375 5803 3468 5871 qui

1890 5887 2033 5942 enim
2071 5889 2209 5943 bona
2244 5887 2478 5942 seminat
2567 5901 2674 5941 non
2705 5886 2760 5940 in
2805 5900 2903 5941 suo
2953 5888 3244 5960 quippiam,
3275 5893 3368 5947 sed
3409 5893 3462 5948 in

2875 5978 2950 6040 15
