4026 6474
512 348 616 420 εόθ

1787 333 2139 393 SMARAGDI
2174 332 2469 392 ABBATIS
2544 279 2556 292 .

3671 331 3786 386 460

514 468 610 525 Dei
639 465 833 539 spiritu
862 461 1114 530 seminat,
1141 461 1208 518 de
1235 455 1350 534 ifuo
1390 462 1446 516 et
1469 455 1637 514 vitam
1676 459 1761 511 est
1805 467 2086 510 messurus
2112 459 2167 524 Α
2197 467 2217 499 ‹
2255 449 2337 521 gis
2363 464 2494 515 vos,
2536 447 2779 506 minimae
2811 447 2959 507 ﬁdei.
2995 446 3175 506 Nolite
3219 458 3353 520 ergo
3392 442 3605 502 solliciti
3662 461 3800 503 esse

513 571 788 618 aeternam.

581 656 788 712 Bonum
837 661 1008 708 autem
1037 651 1286 722 facientes
1332 665 1435 703 non
1484 645 1810 716 deﬁciamus,
1859 650 2089 714 tempore

511 751 650 808 enim
693 765 790 804 suo
840 755 1094 802 metamus
1127 760 1228 797 non
1258 741 1576 810 deﬁcientes.
1622 737 1954 794 Cohortatur
1994 749 2090 789 eos

512 845 579 900 ad
608 843 839 898 studium
859 834 1405 910 perseverantiae,qui
1431 833 1483 886 in
1514 832 1618 886 hac
1644 832 1750 885 vita
1781 828 2088 884 mercedem

511 935 637 1004 boni
667 933 847 1006 operis
871 935 1206 1001 exspectant,
1243 927 1564 988 nescientes,
1597 923 1721 993 quia
1753 921 1895 976 sicut
1926 921 1980 973 in
2006 933 2090 974 se-

509 1027 656 1082 mine
687 1024 830 1079 aliud
857 1019 1104 1084 sationis,
1139 1018 1282 1080 aliud
1309 1017 1499 1071 messis
1525 1023 1609 1070 est
1638 1023 1851 1083 tempus
1873 1053 1886 1078 ,
1929 1013 2009 1066 sic
2035 1018 2094 1066 et

509 1119 565 1174 in
584 1114 836 1187 praesenti
865 1114 975 1167 vita
1000 1109 1256 1166 sementis
1282 1115 1364 1162 est
1385 1115 1614 1175 tempus,
1650 1115 1704 1161 et
1730 1105 1783 1159 in
1826 1113 2090 1159 :eternum

510 1210 615 1264 erit
651 1205 914 1269 metendi,
965 1217 1126 1272 quam
1168 1210 1402 1271 segetem
1451 1213 1610 1270 nemo
1656 1204 1836 1270 potest
1885 1203 2091 1249 metere

509 1301 782 1363 deﬁciens,
807 1300 896 1371 qui
917 1297 1061 1352 enim
1104 1293 1502 1366 perseveraverit
1537 1307 1702 1366 usque
1726 1291 1781 1345 in
1812 1290 1970 1359 ﬁnem
2006 1289 2090 1344 hic

509 1393 684 1468 salvus
710 1391 806 1446 erit
841 1388 1057 1460 (Matth.
1084 1386 1162 1458 ι).

580 1483 704 1558 (Ea:
753 1479 1016 1554 Primus.)
1050 1479 1203 1535 Nune
1239 1486 1454 1549 tempus
1504 1474 1806 1532 seminantii
1852 1481 1938 1530 est
1981 1488 2090 1529 non

511 1576 784 1640 metendi,
817 1590 922 1629 non
954 1588 1083 1643 ergo
1128 1572 1216 1627 hic
1262 1579 1504 1624 nostram
1534 1567 1840 1623 mercedem
1889 1581 2094 1637 quaere.

510 1681 636 1723 mus
677 1664 942 1736 accipere,
973 1677 1041 1718 ne
1082 1670 1269 1716 tenera
1306 1660 1476 1718 herba
1529 1658 1722 1714 hiemis
1767 1657 1946 1728 rigore
1999 1660 2092 1712 de-

509 1774 712 1822 messa,
756 1772 863 1812 non
894 1755 1102 1827 prosit,
1130 1761 1183 1808 et
1209 1768 1315 1806 non
1361 1752 1431 1806 sit
1454 1765 1575 1821 quae
1606 1750 1658 1804 in
1707 1748 1887 1803 futuro
1921 1755 2093 1801 meta-

2197 562 2216 595 ¢
2255 543 2548 599 dicentes:
2599 543 2740 612 Quid
2789 544 3260 608 manducabimus,
3310 551 3408 597 aut
3456 541 3586 611 quid
3639 542 3799 599 bibo-

2197 654 2217 687 ‹
2260 653 2399 699 mus,
2429 645 2521 691 aut
2563 653 2670 707 quo
2703 638 3030 707 operiemur.
3086 637 3212 692 Haec
3239 635 3386 689 enim
3437 634 3621 689 omnia
3657 650 3798 706 gen-

2197 745 2218 779 ς
2258 736 2342 782 tes
2371 727 2672 797 inquirunt.
2716 725 2833 781 Scit
2875 726 3021 782 enim
3064 725 3231 784 Pater
3258 733 3458 788 vester,
3515 725 3645 793 quia
3700 725 3798 782 his

2197 837 2216 871 ι
2261 819 2514 875 omnibus
2567 819 2847 890 indigetis.
2895 817 3134 886 Quaerite
3185 826 3365 873 autem
3423 817 3661 886 primum
3705 832 3799 870 re-

2201 935 2222 968 ‹
2258 931 2423 988 gnum
2465 914 2584 980 Dei,
2630 923 2686 969 et
2705 915 2974 986 justitiam
3005 913 3146 984 ejus,
3194 920 3251 969 et
3287 912 3406 967 haec
3439 912 3626 967 omnia
3656 912 3800 982 adji-

2198 1029 2219 1063 ι
2255 1011 2471 1067 cientur
2498 1009 2674 1064 vobis.
2715 1028 2734 1063 ι

2265 1125 2433 1184 Nemo
2460 1133 2622 1194 potest
2649 1122 2852 1177 duobus
2881 1121 3109 1175 dominis
3137 1118 3349 1174 servire.
3401 1115 3503 1188 (Ex
3535 1115 3800 1188 August.)

2193 1213 2293 1283 Qui
2345 1221 2474 1276 sunt
2499 1215 2607 1268 duo
2631 1213 2831 1267 domini
2861 1211 3119 1281 deinceps
3148 1209 3419 1274 ostendit,
3464 1223 3587 1262 cum
3618 1207 3795 1262 dicit:

2191 1304 2311 1362 Non
2344 1306 2570 1376 potestis
2617 1305 2725 1360 Deo
2754 1304 2960 1358 servire
2991 1311 3045 1356 et
3090 1315 3432 1355 mammonae.
3483 1299 3800 1355 Mammona

2192 1398 2334 1467 apud
2388 1395 2645 1452 Hebraeos
2700 1396 2815 1450 sive
2868 1393 3074 1464 Syros,
3131 1391 3333 1446 divitia:
3384 1402 3796 1461 nuncupantur.

2193 1485 2455 1559 Congruit
2487 1497 2540 1542 et
2570 1486 2832 1540 Punicum
2878 1498 3109 1549 nomen,
3154 1498 3281 1538 nam
3321 1483 3531 1536 lucrum
3571 1483 3800 1537 Punica:

2193 1596 2468 1637 mammon
2502 1579 2702 1634 dicitur
2751 1576 2858 1650 (Ea:
2887 1574 3134 1646 Hieron.)
3179 1575 3378 1629 Audiat
3425 1575 3529 1629 hoc
3569 1590 3796 1640 avarus,

2194 1673 2378 1728 audiat
2403 1671 2770 1735 Christianus,
2794 1685 2901 1723 non
2928 1683 3087 1739 posse
3117 1667 3364 1722 se‘simul
3388 1667 3595 1721 divitiis
3640 1666 3801 1722 Chrio

2197 1771 2389 1832 stoque
2418 1759 2645 1826 servire,
2677 1769 2733 1814 et
2764 1769 2945 1814 tamen
2976 1773 3082 1813 non
3114 1758 3286 1813 dixit:
3329 1758 3430 1825 Qui
3462 1757 3628 1811 habet
3661 1758 3802 1812 divi.

511 1858 621 1908 tur.
657 1847 872 1910 Dicellll‘
907 1846 1050 1900 θηῖῖη
1099 1843 1254 1898 "oms
1291 1860 1303 1894 τ
1347 1839 1654 1912 Βθεοβῖδῑίδ
1693 1842 1834 1895 bona
1878 1845 2091 1903 “sua:
2124 1835 2171 1896 Β
2201 1854 2323 1918 tias,
2358 1852 2453 1924 sed
2483 1851 2574 1920 qui
2604 1849 2773 1904 servit
2794 1848 3015 1903 divitiis.
3037 1847 3138 1916 Qui
3166 1848 3308 1902 enim
3337 1848 3657 1902 divitiarum
3685 1862 3800 1902 ser-

508 1952 568 2004 et
595 1944 790 2000 iterum
814 1960 827 1995 :
858 1939 1174 2010 Receperunt
1204 1935 1487 1989 mercedem
1515 1949 1685 2004 suam.

580 2034 726 2108 Ergo
769 2032 893 2090 dum
936 2041 1135 2102 tempus
1163 2027 1434 2090 habemus,
1475 2039 1749 2095 operemur
1788 2021 1978 2076 bonum
2022 2019 2092 2074 ad

509 2143 708 2185 omnes.
753 2125 855 2196 (Ex
887 2121 1130 2193 Hieron.)
1179 2118 1415 2192 Tempus
1461 2115 1820 2178 seminantis,
1863 2119 1924 2166 ut
1960 2109 2097 2165 dixi-

511 2235 674 2286 mus,
718 2229 960 2288 praesens
989 2220 1072 2266 est
1101 2209 1248 2274 vita,
1295 2209 1347 2261 in
1399 2221 1504 2278 qua
1550 2205 1678 2260 licet
1721 2202 1876 2258 nobis
1933 2200 2096 2256 semis

508 2326 678 2375 nare,
720 2322 846 2378 cum
887 2313 1070 2360 autem
1107 2300 1411 2366 transierit,
1450 2297 1713 2372 operandi
1743 2303 1955 2364 tempus
1994 2308 2093 2362 au-

508 2400 703 2468 fertur.

583 2489 704 2567 (Ea:
759 2484 1028 2560 Primos.)
1071 2482 1326 2541 Ultimum
1373 2478 1767 2542 seminantibus
1801 2477 1908 2532 hoc
1959 2482 2097 2531 tem-

508 2575 614 2657 pus
662 2589 786 2651 est,
839 2578 1154 2634 festinemus
1187 2590 1315 2646 ergo
1364 2587 1584 2642 campos
1631 2585 1821 2625 omnes
1867 2579 2092 2630 serere,

509 2675 748 2733 maxime
776 2687 904 2736 eos,
935 2670 1024 2739 qui
1056 2677 1180 2723 sunt
1225 2667 1486 2722 uberrimi
1535 2663 1837 2732 repleamus
1857 2701 1874 2725 ,
1912 2675 1980 2714 ne
2015 2658 2098 2711 in-

509 2769 778 2844 cipiamus
819 2773 1060 2842 tempore
1103 2759 1296 2820 messis
1329 2757 1448 2812 aliis
1491 2753 1834 2824 epulantibus
1862 2749 2092 2806 esurire.

585 2857 821 2930 Maxime
857 2866 1029 2910 autem
1066 2852 1134 2911 ad
1163 2851 1472 2926 domesticos
1519 2848 1664 2918 ﬁdei.
1701 2846 1798 2916 (Ex
1849 2841 2096 2916 Hieron.)

507 2953 792 3012 Imitemur
831 2946 1048 3004 Patrem
1079 2953 1345 3007 nostrum,
1385 2942 1475 3012 qui
1521 2948 1605 2995 est
1651 2940 1770 2994 fons
1799 2935 2093 2998 bonitatis,

514 3054 570 3102 et
607 3043 776 3116 solem
805 3055 960 3096 suum
982 3038 1114 3094 oriri
1159 3035 1288 3090 facit
1327 3049 1488 3104 super
1520 3037 1688 3088 bonos
1709 3039 1764 3086 et
1815 3028 2010 3095 malos,
2043 3033 2099 3080 et

509 3135 649 3211 pluit
680 3131 1033 3204 superjustos
1055 3137 1109 3185 et
1145 3127 1391 3196 iniustos,
1422 3133 1475 3179 et
1507 3123 1757 3179 omnibus
1790 3117 2096 3176 benet‘acia-

2193 1959 2294 1998 vus
2346 1951 2468 2009 est,
2528 1941 2746 1997 divitias
2802 1939 3040 1995 custodit
3087 1946 3146 1994 ut
3195 1954 3405 1994 servus.
3453 1938 3558 2006 Qui
3613 1950 3800 1994 autem

2200 2034 2482 2091 servitutis
2539 2032 2781 2089 excussit
2830 2030 3020 2106 iugum
3047 2072 3063 2098 ,
3120 2031 3408 2086 distribuet
3448 2045 3544 2086 eas
3595 2038 3660 2085 ut
3706 2033 3799 2086 do-

2196 2129 2398 2183 minus.

2268 2222 2374 2274 Aut
2405 2219 2544 2274 enim
2560 2233 2724 2272 unum
2750 2217 2872 2271 odio
2893 2211 3124 2281 habebit,
3151 2224 3198 2270 et
3227 2214 3452 2269 alterum
3477 2214 3686 2285 diliget,
3709 2223 3799 2270 aut

2198 2328 2362 2366 unum
2390 2309 2701 2374 sustinebit,
2734 2317 2782 2362 et
2813 2307 3038 2361 alterum
3069 2316 3379 2360 contemnet.
3433 2305 3682 2362 Patietur
3705 2310 3799 2362 du-

2197 2419 2320 2459 rum
2351 2411 2406 2458 et
2433 2401 2800 2474 perniciosum
2823 2399 3123 2464 dominum,
3154 2398 3402 2470 quisquis
3432 2400 3605 2454 servit
3633 2416 3798 2455 mam-

2199 2508 2392 2558 monte,
2425 2507 2523 2547 sua
2552 2491 2698 2546 enim
2725 2489 3018 2560 cupiditate
3050 2487 3378 2558 implicatus,
3410 2489 3667 2545 subditur
3694 2492 3797 2545 dia-

2198 2584 2343 2648 bolo,
2376 2582 2471 2637 sed
2519 2590 2697 2635 tamen
2727 2581 2952 2650 patitur,
2989 2578 3217 2632 alterum
3255 2587 3434 2632 autem
3475 2580 3791 2635 contemnit.

2201 2675 2317 2730 Non
2344 2675 2479 2730 dixit
2509 2692 2522 2726 :
2559 2673 2695 2728 Odio
2726 2673 2922 2738 habet,
2963 2671 3161 2726 nullius
3189 2672 3332 2725 enim
3366 2670 3483 2726 fere
3511 2675 3796 2729 conscien-

2202 2769 2276 2822 tia
2320 2767 2488 2820 Deum
2537 2766 2717 2821 odisse
2759 2773 2970 2836 potest,
3003 2775 3318 2821 contemnet
3344 2751 3563 2833 autem,
3613 2767 3796 2835 idest,

2201 2874 2312 2913 non
2345 2858 2514 2926 timet.

2273 2947 2402 3002 Ideo
2430 2947 2547 3000 dico
2575 2946 2739 3010 vobis,
2771 2963 2834 2999 ne
2860 2946 3074 3000 solliciti
3100 2946 3214 3000 sitis
3237 2947 3428 3001 animm
3459 2957 3648 3002 uestris
3674 2948 3796 3019 quid

2200 3037 2557 3102 manducetis,
2611 3053 2774 3107 neque
2814 3037 3022 3107 corpori
3069 3048 3232 3090 vestro
3291 3037 3417 3108 quid
3473 3039 3791 3092 induamini.

2205 3130 2276 3187 Ut
2302 3129 2570 3201 intelligas
2610 3143 2734 3182 eum
2765 3129 2856 3197 qui
2889 3128 3035 3184 dedit
3061 3130 3330 3194 animam,
3382 3129 3555 3184 multo
3586 3130 3795 3186 facilius

514 3203 658 3300 inus,
684 3203 918 3296 maxime
956 3221 1266 3278 domesticis
1312 3219 1456 3286 fidei,
1490 3217 1592 3272 hoc
1624 3223 1707 3270 est
1750 3211 2095 3276 Christianis,

2207 3236 2388 3278 escam
2417 3236 2539 3276 esse
2568 3221 2849 3284 daturum,
2887 3227 2943 3273 et
2965 3221 3055 3289 qui
3089 3236 3286 3292 corpus
3312 3221 3479 3284 dedit,
3518 3224 3689 3276 multo
3717 3222 3793 3276 fa-

512 3324 605 3398 qui
647 3321 897 3380 eumdem
941 3318 1142 3372 habent
1196 3314 1433 3369 Patrem.
1485 3309 1714 3365 Videtur
1764 3307 1897 3363 mihi
1946 3306 2097 3362 locus

511 3417 616 3478 iste
643 3428 802 3486 posse
827 3420 882 3468 et
919 3407 1289 3480 superioribus
1318 3406 1593 3468 cohmrere
1613 3442 1630 3467 ,
1679 3407 1738 3456 ut
1768 3398 2095 3454 domesticos

510 3506 637 3574 ﬁdei
689 3504 977 3575 magistros
1007 3500 1278 3561 nominet,
1309 3495 1503 3568 quibus
1552 3506 1718 3564 supra
1765 3492 1945 3544 omnia
1977 3501 2097 3558 qua:

511 3603 776 3667 putantur
829 3594 968 3648 bona
1029 3590 1098 3644 ab
1154 3587 1491 3644 auditoribus
1544 3583 1657 3639 suis
1700 3582 1940 3653 iusserat
1991 3579 2095 3633 mi-

513 3683 773 3750 nistrare,
811 3683 865 3736 id
909 3690 1016 3747 est,
1060 3678 1285 3751 paganis
1326 3686 1490 3746 atque
1524 3672 1882 3736 Christianis,
1913 3679 1968 3724 et
2001 3670 2097 3723 bo-

515 3777 606 3846 nis,
647 3783 702 3832 et
738 3773 896 3848 malis
945 3770 1376 3842 misericordiam
1419 3766 1699 3844 faciamus,
1755 3778 1824 3817 ne
1849 3763 1928 3817 eis
1951 3761 2097 3831 quod

514 3866 659 3936 Deus
683 3881 792 3936 non
819 3872 979 3940 negat
1013 3864 1357 3934 denegemus.
1400 3856 1631 3914 Maxime
1675 3864 1854 3910 tamen
1896 3853 1980 3907 bis
2003 3851 2093 3921 qui

514 3954 844 4030 peculiarem
883 3947 1008 4009 fidei
1038 3951 1206 4008 cultui
1238 3966 1303 4004 ac
1346 3947 1597 4026 religioni
1635 3945 1894 4000 exhibent
1920 3943 2096 3997 famu-

515 4049 707 4126 latum.

691 4125 694 4130 I
847 4151 1182 4195 εγΑκσειῐωι
1217 4148 1509 4198 ΜΑΤΤΠΕΙ,
1546 4145 1666 4187 CAP.
1701 4145 1776 4184 VI.

591 4252 610 4286 ι
645 4231 816 4290 Nemo
838 4239 1015 4306 potest
1039 4229 1248 4284 duobus
1287 4227 1520 4286 dominis
1553 4223 1778 4280 servire.
1811 4220 1920 4276 Aut
1947 4219 2094 4274 enim

522 4344 542 4379 ‹
579 4340 742 4379 unum
758 4324 882 4378 odio
898 4321 1114 4376 habebit
1129 4329 1182 4374 et
1199 4319 1429 4373 alterum
1452 4316 1661 4385 diliget,
1679 4321 1773 4368 aut
1794 4326 1958 4366 unum
1975 4325 2094 4364 sus-

523 4437 541 4470 ε
581 4417 791 4481 tinebit,
832 4424 887 4469 et
920 4415 1147 4469 alterum
1189 4420 1519 4466 contemnet.
1559 4407 1678 4463 Non
1726 4407 1954 4477 potestis
1987 4405 2096 4458 Deo

523 4527 542 4561 ι
585 4507 789 4562 servire
820 4513 873 4561 et
898 4517 1240 4559 mammonae.
1275 4501 1395 4555 Ideo
1441 4500 1563 4554 dico
1605 4499 1795 4562 vobis,
1847 4513 1912 4552 ne
1952 4495 2097 4550 solli-

2200 3313 2358 3369 cilius
2399 3313 2648 3368 daturum
2690 3326 2813 3367 esse
2861 3313 3260 3366 vestimentum.
3310 3313 3426 3379 Quo
3462 3311 3585 3366 loco
3627 3313 3796 3384 quaeri

2200 3408 2339 3464 solet
2389 3416 2569 3462 utrum
2615 3405 2684 3459 ad
2729 3405 2965 3458 animant
3005 3405 3158 3459 cibus
3191 3407 3292 3460 iste
3318 3407 3632 3478 pertineat,
3673 3420 3797 3462 cum

2200 3501 2378 3556 anima
2407 3501 2722 3568 incorporea
2767 3498 2876 3563 sit,
2924 3499 3028 3553 iste
3075 3508 3255 3554 autem
3297 3501 3452 3555 cibus
3501 3516 3798 3571 corporeus

2199 3601 2300 3648 est.
2347 3591 2454 3646 Sed
2481 3594 2717 3644 animam
2749 3605 2849 3659 pro
2896 3591 2997 3645 ista
3036 3593 3140 3645 vita
3175 3594 3487 3664 noverimus
3536 3595 3798 3664 positam,

2199 3685 2352 3753 cujus
2388 3685 2744 3741 retinaculum
2790 3694 2874 3741 est
2902 3686 3218 3742 alimentum
3287 3689 3598 3742 Secundum
3636 3690 3795 3744 istam

2199 3779 2648 3851 significationem
2676 3779 2879 3834 dictmn
2907 3789 3026 3835 est:
3062 3780 3166 3846 Qui
3186 3791 3328 3844 amat
3357 3781 3589 3834 animum
3621 3798 3794 3850 suam,

2197 3870 2374 3942 perdet
2412 3870 2598 3935 illam;
2647 3879 2702 3924 et
2742 3869 2935 3925 Pastor
2975 3873 3138 3925 bonus
3177 3873 3409 3926 animam
3457 3889 3610 3925 suam
3652 3874 3797 3942 ponit

2203 3959 2385 4032 (Joan.
2421 3975 2473 4025 χ,
2515 3959 2592 4030 2).
2646 3959 2801 4026 Quod
2849 3961 2952 4015 nisi
3000 3962 3066 4015 de
3109 3963 3210 4017 hac
3258 3962 3366 4016 vita
3399 3965 3791 4031 acceperimus,

2201 4051 2534 4105 contrarium
2562 4051 2665 4104 erit
2696 4051 2768 4105 illi
2798 4053 3104 4117 sententite,
3132 4068 3235 4121 qua
3267 4053 3468 4108 dictum
3497 4061 3580 4107 est
3607 4072 3619 4106 :
3657 4051 3794 4118 Quid

2202 4142 2456 4213 proderit,
2482 4142 2528 4195 si
2553 4151 2715 4194 totum
2741 4143 2992 4195 mundum
3014 4142 3264 4208 lucretur,
3291 4144 3481 4198 animo:
3500 4161 3612 4197 sure
3641 4142 3796 4196 detri-

2201 4242 2432 4286 mentum
2458 4235 2694 4302 patiatur
2723 4232 2935 4305 (Matth.
2979 4234 3089 4304 im)
3113 4234 3137 4287 ?

2278 4323 2468 4377 Nonne
2509 4325 2686 4377 anima
2721 4323 2842 4394 plus
2870 4334 2944 4377 cst
2975 4342 3132 4395 quam
3164 4341 3281 4378 esca
3301 4366 3315 4388 ,
3366 4334 3416 4379 et
3461 4341 3653 4394 corpus
3681 4325 3792 4398 plus

2201 4432 2359 4486 quam
2375 4417 2736 4468 vestimentum
2753 4416 2778 4468 Ρ
2793 4415 2887 4486 (Ex
2908 4415 3149 4487 Hieron.)
3169 4416 3319 4482 Quod
3336 4416 3466 4469 dicit
3489 4416 3794 4472 istiusmodi

2203 4515 2307 4572 est,
2343 4507 2432 4574 qui
2462 4504 2664 4576 majora
2690 4506 2939 4574 praestitit
2966 4508 3150 4575 utique
3177 4516 3230 4560 ct
3258 4506 3463 4559 minora
3494 4507 3790 4575 praestabit.

523 4615 542 4650 ‹
587 4597 681 4652 citi
728 4597 848 4650 sitis
897 4595 1090 4648 anilitas
1122 4601 1314 4646 vestrm
1344 4591 1471 4660 quid
1507 4586 1864 4651 manduceﬁs.
1919 4601 2094 4656 neque
2121 4563 2173 4623 Β
2200 4595 2458 4666 Respicite
2472 4596 2704 4650 volatilia
2727 4596 2863 4660 caeli,
2885 4598 3130 4667 quoniam
3162 4614 3266 4651 non
3294 4607 3471 4650 serunt
3506 4615 3674 4667 neque
3695 4615 3793 4652 me-

523 4707 542 4740 ι
587 4686 801 4756 corpori
850 4693 1071 4748 vestro,
1121 4682 1250 4753 quid
1304 4679 1622 4736 induamini.
1680 4677 1870 4731 Nonne
1917 4676 2096 4731 anima

523 4797 542 4832 ε
580 4777 700 4850 plus
719 4785 803 4832 est
827 4790 988 4848 quam
1013 4790 1162 4839 esca,
1191 4783 1246 4829 et
1272 4788 1470 4844 corpus
1495 4772 1776 4842 plusquam
1803 4771 2101 4826 veStimen-

522 4889 539 4922 s
582 4868 728 4923 tum?
759 4867 1032 4936 Respicite
1081 4864 1318 4918 volatilia
1371 4864 1516 4930 (εαξη,
1548 4863 1803 4932 quoniam
1857 4877 1963 4915 non
2013 4876 2099 4916 se-

522 4977 542 5012 t
580 4967 723 5020 runt,
751 4973 923 5028 neque
951 4965 1180 5020 metunt,
1226 4969 1397 5024 neque
1438 4963 1765 5025 congregant
1798 4953 1850 5007 in
1879 4953 2092 5016 horrea,

521 5069 540 5102 ι
584 5058 638 5104 et
665 5047 824 5104 Pater
849 5059 1022 5103 vester
1051 5047 1288 5102 caelestis
1313 5047 1479 5116 pascit
1508 5045 1616 5100 illa.
1643 5045 1831 5100 Nonne
1857 5061 1953 5100 vos
1979 5059 2095 5099 ma»

523 5161 542 5193 ι
584 5142 666 5215 gis
702 5139 873 5212 pluris
896 5139 1029 5195 estis
1050 5138 1190 5193 illis?
1211 5137 1344 5204 Quis
1367 5148 1546 5191 autem
1578 5146 1818 5191 vestrum
1853 5136 2099 5205 cogitans

523 5256 541 5289 ι
580 5242 757 5306 [uitest
787 5231 1021 5301 adjicere
1045 5231 1108 5284 ad
1137 5239 1400 5284 staturam
1430 5244 1584 5284 suam
1615 5229 1854 5284 cubitum
1887 5244 2052 5282 unum
2075 5229 2102 5282 ἓ

525 5345 543 5379 ι
587 5325 655 5381 Et
684 5327 750 5381 de
769 5324 1092 5381 vestimento
1119 5322 1246 5392 quid
1282 5323 1496 5378 solliciti
1537 5321 1708 5377 estis?
1742 5320 2100 5376 Considerate

527 5434 546 5467 α
588 5416 698 5471 lilia
746 5414 863 5486 agri
892 5412 1161 5485 quomodo
1187 5419 1456 5475 crescunt,
1491 5427 1598 5465 non
1646 5410 1895 5466 laborant
1921 5424 2100 5478 neque

527 5528 546 5561 α
589 5517 738 5565 nent.
786 5507 919 5564 Dico
968 5515 1148 5562 autem
1177 5505 1364 5569 vobis,
1406 5504 1662 5572 quoniam
1699 5517 1799 5558 nec
1842 5502 2103 5558 Salomon

529 5621 547 5654 ‹
587 5603 641 5657 in
685 5601 831 5656 omni
861 5599 1028 5672 gloria
1057 5613 1155 5653 sua
1200 5604 1488 5666 conpertus
1535 5605 1620 5651 est
1648 5597 1788 5652 sicut
1817 5612 1987 5651 unum
2034 5610 2102 5650 ex

533 5717 547 5748 ι
587 5695 724 5751 istis.
750 5693 809 5748 Si
837 5701 1015 5748 autem
1046 5689 1227 5747 fenum
1254 5689 1369 5762 agri
1393 5690 1537 5761 quod
1563 5689 1723 5744 hodie
1759 5697 1864 5755 est,
1895 5698 1951 5744 et
1978 5702 2112 5744 cras.

537 5809 552 5840 ε
593 5791 646 5845 in
675 5788 948 5845 clibanum
984 5785 1222 5842 mittitur
1251 5786 1394 5842 Deus
1422 5785 1503 5842 sic
1527 5784 1710 5850 vestit,
1744 5793 1952 5856 quanto
1985 5798 2104 5839 ma-

2197 4697 2310 4742 tunt
2353 4706 2515 4760 neque
2544 4700 2856 4759 congregant
2887 4691 2940 4742 in
2984 4691 3172 4744 horrea
3197 4730 3210 4754 ,
3245 4699 3291 4743 ct
3333 4689 3474 4743 Deus
3503 4696 3672 4760 pasci:
3704 4692 3791 4745 illa

2197 4779 2414 4851 (Matth.
2448 4782 2542 4854 vi).
2581 4780 2911 4851 Simpliciter
2939 4798 3066 4853 ergo
3107 4784 3504 4852 accipiendum,
3559 4783 3703 4852 quod
3746 4782 3790 4837 si

2195 4873 2432 4958 volatilia
2472 4874 2676 4942 absque.
2725 4890 2855 4928 cura
2902 4883 2957 4928 et
2985 4877 3239 4930 aerumnis
3277 4876 3369 4930 Dei
3413 4877 3636 4932 aluntur
3675 4889 3790 4944 pro-

2196 4963 2456 5028 videntia,
2479 4981 2598 5035 qua:
2630 4966 2787 5020 hodie
2811 4977 2938 5021 sunt
2963 4974 3018 5019 et
3043 4981 3164 5020 cras
3204 4983 3307 5020 non
3340 4976 3529 5029 erunt,
3562 4981 3787 5035 quorum

2201 5058 2378 5112 anima
2411 5059 2650 5113 mortalis
2693 5069 2810 5122 est,
2845 5068 3048 5113 etcum
3095 5075 3216 5114 esse
3246 5062 3584 5114 cessaverint
3607 5101 3621 5124 ,
3659 5059 3822 5114 sem?

2199 5164 2296 5218 per
2328 5166 2433 5203 non
2459 5159 2640 5215 erunt,
2675 5157 2878 5220 quanto
2905 5151 3074 5220 magis
3104 5150 3372 5214 homines,
3405 5152 3603 5220 quibus
3631 5161 3788 5215 acter-

2202 5240 2348 5294 nitas
2379 5241 2788 5310 repromittitur,
2820 5241 2914 5296 Dei
2943 5250 3200 5312 regantur
3225 5241 3480 5295 arbitrio!

2276 5328 2465 5385 Nonne
2491 5347 2575 5384 vos
2603 5331 2766 5401 magis
2793 5331 2960 5400 pluris
2989 5331 3110 5385 estis
3136 5331 3240 5386 illis
3259 5333 3284 5384 ?
3309 5333 3408 5402 (Ex
3435 5332 3691 5404 August.)
3737 5331 3791 5389 Id

2207 5430 2312 5486 est,
2349 5423 2623 5478 chariorcs
2665 5424 2794 5479 estis
2831 5440 2952 5491 vos,
2992 5434 3048 5481 et
3073 5424 3194 5496 plus
3219 5426 3430 5493 valetis,
3464 5428 3593 5498 quia
3620 5427 3785 5482 ratio-

2205 5515 2355 5570 nales
2378 5515 2530 5571 estis.

2280 5607 2410 5674 Quis
2456 5617 2629 5663 autem
2681 5619 2904 5665 vestrum
2956 5613 3189 5683 cogitans
3234 5622 3401 5684 potest
3450 5613 3683 5684 adjicere
3720 5611 3790 5665 ad

2205 5706 2461 5753 staturam
2485 5716 2635 5753 suam
2665 5701 2894 5756 cubitum
2918 5719 3079 5756 unum
3104 5704 3134 5756 ?'
3155 5702 3222 5756 Et
3247 5704 3311 5757 de
3331 5706 3630 5758 vestimenta
3662 5701 3785 5775 quid

2205 5785 2416 5841 solliciti
2452 5788 2615 5844 estis?
2641 5789 2698 5846 id
2727 5798 2830 5857 est,
2856 5791 2913 5848 in
2941 5793 3096 5864 cujus
3122 5802 3391 5864 potestate
3428 5801 3484 5848 et
3510 5793 3783 5850 dominatu
