4026 6494
454 380 561 443 465

1754 370 2110 429 SMARAGDI
2146 373 2435 431 ABBATIS

3605 363 3722 420 ια

454 502 677 570 praestat
709 495 956 559 ueteris,
995 504 1055 550 ut
1082 499 1262 566 patres
1296 506 1414 549 esse
1457 490 1724 547 dicantur.
1771 487 2043 556 Quieritur
2067 490 2283 550 Ahona
2311 504 2477 562 opera
2508 488 2781 561 pertinet,
2830 486 2953 557 quia
2991 486 3067 542 ibi
3104 482 3470 542 extenduntur
3508 496 3731 537 manus.

454 600 586 642 vero
607 601 768 655 quam
789 585 858 639 ob
879 600 1097 639 causam
1121 595 1175 638 et
1208 584 1261 638 in
1288 582 1443 638 caelis
1469 582 1538 637 ab
1559 596 1625 635 eo
1650 579 1827 635 omnis
1859 586 2042 649 pater—

454 675 598 731 nitas
619 675 936 745 appelletur.
963 674 1238 741 Quomodo
1260 690 1356 728 nos
1376 671 1716 743 patriarchas
1736 678 1791 726 et
1811 669 2045 739 prophe—

456 776 541 823 tas
573 775 788 823 nostros
828 774 1008 837 patres
1036 765 1287 829 dicimus,
1318 764 1393 818 ita
1433 773 1563 832 puto
1593 769 1649 816 et
1675 760 1908 832 Angelos
1939 773 2044 833 ca:-

452 864 710 927 terasque
736 857 961 911 virtutes
987 856 1189 911 habere
1208 855 1481 927 principes
1506 854 1588 908 sui
1613 852 1826 924 generis
1853 852 1909 905 in
1939 863 2044 905 cte-

454 946 701 1011 lestibus,
726 962 864 1017 quos
889 955 1072 1018 patres
1108 946 1379 1018 gaudeant
1400 944 1693 1018 appellare.
1736 943 2044 1013 Archange-

452 1040 539 1094 lus
564 1039 707 1094 enim
729 1039 833 1093 nisi
858 1038 1171 1107 angelorum
1196 1037 1300 1093 dici
1323 1052 1430 1092 non
1449 1044 1644 1108 potest,
1674 1043 1728 1091 et
1747 1033 2042 1090 dominatio

449 1131 785 1203 principatus
809 1137 865 1184 et
888 1138 1181 1200 potestates
1202 1129 1305 1184 nisi
1334 1128 1618 1184 inferiores
1643 1127 1915 1198 subjectos
1941 1126 2042 1181 ha-

452 1221 654 1288 beant,
695 1238 802 1277 non
828 1230 1109 1278 vocantur.
1156 1221 1342 1277 Potest
1366 1237 1496 1294 ergo
1535 1222 1717 1277 ethoc
1742 1219 1867 1285 dici,
1899 1217 2042 1289 quod

449 1316 595 1371 Deus
626 1316 839 1371 Domini
881 1316 1050 1370 nostri
1089 1314 1217 1371 Jesu
1242 1312 1649 1397 .Christi.juxta
1685 1311 2040 1368 substantiam

450 1414 608 1477 pater
633 1413 736 1472 est,
773 1414 830 1461 et
849 1406 1157 1478 unigenitus
1181 1422 1288 1461 non
1319 1414 1404 1462 est
1435 1405 1719 1476 adoptione
1748 1404 1891 1459 ﬁlius
1908 1444 1922 1469 ,
1948 1402 2040 1458 sed

450 1503 668 1561 natura.
701 1495 921 1551 Caetera:
942 1510 1155 1567 quoque
1186 1504 1448 1567 creatyrte
1473 1494 1813 1565 paternitatis
1842 1507 2039 1549 nomen

450 1585 741 1657 adoptione
774 1595 1112 1643 meruerunt.

452 1728 456 1733 .
525 1674 594 1731 Ut
627 1676 711 1730 det
739 1676 901 1741 vobis,
949 1684 1057 1732 etc.
1110 1676 1402 1747 Propterea
1448 1675 1618 1741 dicit,
1659 1689 1826 1730 curvo
1865 1686 2038 1745 genua

450 1782 572 1823 mea
606 1767 675 1822 ad
707 1774 939 1839 patrem,
1000 1776 1063 1821 ut
1101 1768 1305 1822 tribuat
1352 1766 1506 1822 vobis
1550 1765 1811 1820 virtutem
1856 1761 2040 1835 glorise

446 1873 579 1923 suae,
616 1858 670 1913 id
700 1864 799 1921 est,
833 1857 1133 1928 majestatis
1159 1873 1272 1913 sum
1299 1856 1502 1912 habere
1532 1854 1886 1919 consortium,
1916 1866 2039 1908 vos-
2064 1839 2113 1902 B

450 1963 558 2019 que
584 1934 804 2004 roboi'et
839 1956 1001 2019 atque
1024 1947 1308 2004 conﬁrmet
1346 1962 1443 2019 per
1477 1946 1726 2017 spiritum
1771 1950 2038 2010 sanctum,

450 2041 577 2111 quia
601 2040 747 2095 nulla
774 2039 1033 2096 fortitudo
1060 2042 1262 2112 absque
1289 2040 1493 2111 Spiritu
1521 2046 1707 2096 sancto
1727 2047 1829 2095 est.
1861 2036 2041 2092 Robo-

450 2140 535 2186 ret
560 2139 740 2186 autem
770 2139 934 2202 atque
963 2131 1247 2187 confirmet
1291 2132 1347 2186 in
1395 2131 1711 2187 interiorem
1734 2129 2036 2203 hominem.

449 2218 567 2274 Non
597 2220 742 2287 enim
768 2222 1113 2286 exteriorem,
1163 2221 1260 2277 sed
1300 2220 1613 2275 interiorem
1642 2206 1917 2276 hominem
1942 2234 2039 2274 cu-

449 2311 630 2380 pimus
652 2312 922 2379 roborari,
947 2320 1008 2369 ut
1030 2321 1319 2384 postquam
1346 2313 1669 2368 habitaverit
1701 2312 1947 2368 Christus
1983 2311 2040 2368 in

450 2402 708 2459 interiore
751 2404 992 2472 homine,
1023 2406 1078 2460 in
1109 2406 1279 2476 ipsius
1310 2405 1585 2461 interioris
1621 2406 1857 2461 hominis
1885 2405 2040 2460 habi-

449 2504 527 2553 tet
555 2497 859 2568 principali,
897 2499 951 2554 id
978 2508 1079 2564 est,
1107 2500 1162 2554 in
1189 2500 1444 2557 cordibus
1478 2501 1691 2556 vestris.
1724 2499 1838 2555 Hoc
1859 2506 2038 2555 autem

451 2597 624 2645 totum
652 2603 751 2659 per
790 2588 950 2645 ﬁdem
982 2588 1074 2645 ﬁet
1097 2630 1112 2655 ,
1149 2590 1195 2645 si
1223 2591 1510 2646 credamus
1554 2590 1609 2644 in
1644 2606 1786 2645 eum.
1839 2588 2041 2655 Quam-

447 2679 637 2735 obrem
675 2678 772 2744 ait,
816 2678 1062 2735 habitare
1090 2679 1368 2736 Christum
1395 2695 1494 2750 per
1520 2680 1680 2735 ﬁdem
1704 2681 1761 2735 in
1785 2679 2040 2735 cordibus

446 2773 667 2829 vestris.
690 2772 960 2843 Habitatio
982 2784 1162 2831 autem
1192 2776 1314 2842 ista,
1347 2793 1468 2847 qua:
1487 2793 1584 2847 per
1608 2777 1891 2832 exordium
1914 2774 2037 2831 ﬁdei

450 2862 785 2929 fabricatur,
830 2866 1040 2922 radices
1072 2874 1127 2923 et
1164 2866 1511 2924 fundamenta
1550 2868 1604 2923 in
1644 2868 1908 2924 charitate
1944 2869 2038 2924 ha-

447 2954 560 3021 bet,
597 2956 715 3013 haec
750 2966 835 3013 est
858 2960 968 3014 vita
1002 2960 1265 3026 cordium,
1304 2961 1357 3015 in
1391 2976 1493 3031 qua
1519 2961 1752 3015 vivimus
1781 2960 1837 3015 in
1867 2975 2037 3017 saecu-

446 3046 559 3104 lum
583 3049 787 3117 saeculi,
824 3051 892 3106 ab
918 3049 1073 3107 initio
1107 3050 1231 3106 ﬁdei
1258 3068 1427 3122 usque
1458 3052 1524 3107 ad
1553 3051 1715 3108 ﬁnem
1742 3052 1961 3123 speciei.

392 3214 401 3221 ἱ
518 3138 588 3194 In
624 3141 881 3197 charitate
908 3143 1156 3210 radicati,
1184 3152 1287 3199 etc.
1331 3144 1456 3200 Haec
1481 3153 1565 3201 est
1606 3147 1915 3202 communio
1942 3162 2037 3203 cu-

443 3228 657 3301 iusdam
677 3233 873 3290 divina:
896 3234 1240 3306 cmlestisque
1270 3237 1597 3307 reipublicae,
1634 3238 1762 3293 hinc
1787 3248 2035 3294 saturan-

446 3330 537 3378 tur
562 3339 867 3396 pauperes,
913 3341 1020 3381 non
1071 3342 1169 3382 sua
1220 3337 1559 3397 quaerentes,
1611 3329 1704 3383 sed
1748 3346 1869 3400 qua:
1905 3330 2036 3387 Jesu

445 3415 668 3473 Christi.
700 3417 836 3473 Nam
866 3419 932 3475 de
960 3419 1076 3490 ipso
1097 3434 1235 3489 pane
1266 3436 1374 3491 quo
1399 3420 1534 3476 tales
1560 3430 1873 3477 saturantur
1895 3438 2035 3493 quo-

444 3508 568 3565 dam
594 3510 711 3565 looo
738 3512 1027 3582 Apostolus
1056 3512 1187 3567 dicit
1214 3530 1227 3564 :
1282 3511 1429 3567 Unus
1458 3514 1631 3584 panis,
1659 3530 1822 3568 unum
1847 3530 2034 3570 coruus

448 3599 602 3655 multi
625 3618 807 3656 sumus
837 3601 888 3674 (Ι
917 3601 1039 3658 Cor.
1075 3602 1153 3676 χ).

518 3692 652 3758 Quae
692 3694 761 3747 sit
791 3692 1013 3748 latitudo
1040 3736 1054 3760 ,
1100 3702 1206 3750 etc.
1238 3694 1359 3765 lpsa
1385 3696 1628 3753 cbaritas
1653 3712 1776 3751 cum
1799 3697 1855 3751 in
1879 3697 2036 3754 bonis

444 3784 698 3855 Operibus
734 3784 1039 3841 dilectionis
1062 3795 1348 3859 exercetur
1369 3828 1384 3853 ,
1416 3787 1571 3856 quasi
1613 3786 1681 3842 ad
1705 3789 2032 3844 subvenien-

444 3874 573 3930 dum
610 3889 1042 3945 quaquaversum
1085 3884 1264 3947 potest
1297 3877 1529 3949 porrigi,
1561 3887 1617 3932 et
1655 3878 1771 3933 haec
1803 3878 2034 3935 latitudo

441 3979 547 4045 est.
593 3969 747 4025 Nunc
780 3970 1189 4043 longanimitate
1234 3972 1463 4027 adversa
1490 3973 1682 4026 tolerat
1720 3972 1774 4026 in
1802 3987 1867 4028 eo
1891 3972 2033 4042 quod

439 4064 712 4122 veraciter
742 4064 944 4129 ternuit,
993 4072 1339 4136 perseverat,
1386 4072 1441 4120 et
1475 4064 1591 4120 haec
1620 4063 1894 4136 longitudo
1924 4073 2029 4132 est,

438 4161 545 4217 hoc
582 4166 761 4213 autem
799 4166 968 4214 totum
1007 4166 1229 4229 propter
1257 4158 1659 4229 adipiscendam
1695 4159 1862 4213 vitam
1900 4157 2031 4214 facit

439 4256 703 4305 eternam
733 4266 853 4321 qua:
882 4249 957 4304 illi
979 4250 1315 4321 promittitur
1337 4250 1393 4305 in
1418 4250 1658 4316 excelso,
1681 4258 1738 4305 et
1762 4250 1878 4304 haec
1904 4248 2028 4304 alti-

438 4339 568 4393 tudo
594 4346 695 4394 est.
725 4340 921 4395 Existit
946 4356 1074 4396 vero
1104 4355 1170 4395 ex
1200 4340 1304 4396 hoc
1331 4340 1477 4395 cultu
1501 4340 1605 4395 ista
1642 4340 1901 4404 charitas,
1934 4340 2027 4396 ubi

438 4427 647 4483 fundati
678 4430 1071 4497 quodammodo
1096 4439 1150 4484 et
1178 4431 1402 4485 radicati
1434 4446 1620 4485 sumus
1639 4471 1655 4496 ,
1713 4431 1807 4486 ubi
1845 4446 2025 4487 causa:

2142 580 2442 652 Longitudo
2470 581 2524 636 in
2550 596 2616 636 eo
2644 579 2788 651 quod
2814 581 2881 635 ab
2905 579 3022 650 ipso
3044 578 3193 649 ligno
3216 590 3387 647 usque
3425 576 3494 629 ad
3523 582 3733 630 terram

2142 674 2491 744 conspicuum
2522 681 2625 729 est.
2675 672 2753 728 lbi
2800 672 2946 727 enim
2990 670 3388 741 quodammodo
3417 676 3622 733 statur,
3673 666 3738 722 id

2142 772 2245 832 est,
2269 765 2582 835 persistitur
2605 771 2660 819 et
2686 770 3087 834 perseveratur,
3113 760 3206 817 sed
3221 768 3277 815 et
3292 759 3569 814 tribuitur.
3593 756 3737 812 Alti-

2141 852 2374 913 tudo'est
2398 856 2454 911 in
2474 870 2537 912 ea
2564 855 2694 927 ligni
2721 862 2898 925 parte,
2925 870 3044 925 qua:
3067 855 3136 908 ab
3165 851 3257 907 illo
3283 852 3423 921 quod
3454 858 3739 905 transver-

2141 962 2260 1002 sum
2297 945 2478 1017 ﬁgitur
2513 960 2727 1000 sursum
2756 948 2947 1000 versus
2979 943 3339 1013 relinquitur,
3376 941 3478 996 hoc
3508 949 3615 1003 est,
3663 938 3736 994 ad

2141 1044 2305 1108 caput
2324 1034 2594 1101 cruciﬁxi,
2621 1035 2748 1105 quia
2763 1035 2901 1090 bene
2921 1034 3256 1105 sperantiuin
3274 1046 3505 1102 superna
3531 1046 3736 1100 exspe-

2140 1128 2306 1186 ctatio
2332 1136 2433 1185 est.
2479 1127 2599 1183 Jam
2634 1142 2765 1182 vero
2795 1126 2925 1181 illud
2960 1141 3029 1180 ex
3059 1125 3205 1196 ligno
3242 1123 3387 1194 quod
3429 1138 3538 1178 non
3567 1137 3739 1193 appa-

2140 1231 2258 1289 ret,
2301 1221 2443 1293 quod
2470 1220 2637 1277 ﬁxum
2665 1220 2989 1285 occultatur,
3016 1218 3159 1274 unde
3185 1225 3357 1273 totum
3383 1215 3514 1271 illud
3539 1229 3737 1269 exsur-

2140 1313 2244 1383 git,
2280 1311 2705 1383 profunditatem
2744 1309 3041 1381 signiﬁcat,
3082 1308 3376 1380 gratuitate
3402 1305 3621 1378 gratiae,
3678 1304 3738 1359 in

2140 1421 2248 1477 quo
2268 1406 2561 1461 multorum
2593 1403 2805 1475 ingenia
2829 1411 3186 1459 conteruntur
3206 1442 3222 1468 ,
3256 1400 3310 1455 id
3340 1398 3613 1470 vestigare
3641 1412 3739 1453 oo-

2138 1498 2347 1564 nantia,
2372 1505 2434 1553 ut
2457 1497 2525 1553 ad
2552 1505 2859 1552 extremum
2882 1495 2964 1551 eis
2988 1494 3232 1549 dicatur:
3265 1491 3311 1549 0
3333 1492 3513 1556 homo,
3539 1499 3597 1544 ιιι
3618 1490 3737 1543 auis

2139 1607 2218 1658 es,
2247 1601 2302 1645 ut
2340 1590 2652 1662 respondeas
2681 1589 2790 1644 Deo
2816 1588 2994 1660 (Rom.
3034 1587 3113 1659 Ix)

2211 1681 2281 1735 Ei
2306 1690 2483 1735 autem
2526 1682 2616 1752 qui
2664 1688 2843 1751 potens
2884 1688 3000 1745 est,
3041 1686 3147 1733 etc.
3182 1676 3283 1748 (Ex
3313 1675 3564 1747 Hieron.)
3618 1674 3739 1731 Hoc

2139 1774 2430 1829 ostendens
2485 1788 2542 1828 se
2579 1771 2798 1842 quidem
2830 1769 2985 1840 juxta
3028 1769 3454 1826 imbecillitatem
3494 1768 3741 1824 hominis

2138 1864 2474 1936 postulasse,
2511 1878 2631 1933 quae
2660 1863 2740 1918 eis
2771 1860 3131 1918 conducibilia
3170 1859 3515 1916 videbantur.
3565 1858 3741 1916 Crete-

2140 1971 2261 2013 rum
2284 1962 2545 2026 quantum
2575 1952 2645 2008 ad
2684 1952 2765 2008 rei
2799 1952 2968 2022 ipsius
2994 1951 3232 2023 pertinet
3272 1949 3564 2006 veritatem
3616 1950 3739 2021 plus

2139 2049 2311 2105 Deum
2333 2047 2515 2103 valere
2543 2047 2801 2113 tribuere,
2828 2060 2992 2115 quam
3021 2054 3261 2116 rogatur.
3311 2043 3606 2099 Praestabit
3637 2042 3736 2115 igi-

2139 2146 2231 2194 tur
2258 2152 2420 2208 super
2441 2151 2601 2207 quam
2630 2134 2864 2205 petimus
2890 2142 2983 2190 aut
3010 2134 3359 2205 intelligimus
3376 2173 3392 2196 ,
3428 2133 3734 2188 secundum

2138 2245 2261 2286 eam
2286 2230 2543 2284 virtutem
2572 2244 2693 2299 qua:
2721 2236 2977 2299 operatur
3003 2228 3056 2282 in
3080 2227 3256 2283 nobis.

2147 2345 2151 2348 ν
2212 2322 2325 2394 Ipsi
2354 2322 2523 2394 gloria
2555 2323 2612 2377 in
2638 2321 2879 2388 ecclesia,
2908 2329 3015 2377 etc.
3044 2320 3150 2392 lpsi
3173 2321 3359 2390 itaque
3380 2320 3494 2376 Deo
3526 2318 3603 2375 sit
3624 2318 3736 2389 glo-

2139 2415 2221 2471 ria
2239 2456 2254 2481 ,
2281 2415 2518 2486 primum
2545 2414 2598 2468 in
2631 2413 2864 2470 ecclesia
2892 2428 3012 2482 qua
3046 2421 3129 2468 est
3157 2427 3346 2482 supra,
3375 2425 3484 2466 non
3524 2409 3739 2467 habens

2139 2505 2430 2570 maculam,
2476 2519 2650 2574 neque
2685 2518 2899 2574 rugam,
2945 2509 3000 2558 et
3029 2517 3149 2573 quat
3180 2510 3471 2572 propterea
3506 2501 3737 2572 gloriam

2138 2598 2237 2654 Dei
2267 2596 2504 2666 recipere
2534 2602 2731 2667 potest,
2779 2594 2909 2666 quia
2931 2609 3124 2665 corpus
3150 2602 3235 2650 est
3258 2592 3462 2650 Christi
3486 2634 3501 2659 ,
3534 2594 3737 2649 deinde

2139 2690 2195 2745 in
2235 2687 2449 2744 Christo
2476 2683 2625 2751 Jesu,
2665 2686 2793 2756 quia
2819 2685 2874 2740 in
2911 2701 3134 2757 corpore
3163 2686 3431 2757 assumpti
3470 2686 3732 2747 hominis,

2140 2779 2294 2849 cujus
2320 2785 2445 2833 sunt
2470 2777 2725 2832 universa
2755 2777 2998 2833 membra
3033 2777 3389 2845 credentium,
3433 2778 3617 2833 omnis
3652 2777 3739 2833 di—

2138 2872 2337 2927 vinitas
2363 2869 2749 2941 corporaliter,
2786 2887 2907 2942 quae
2942 2870 3157 2940 quidem
3181 2870 3350 2941 gloria
3377 2886 3487 2928 non
3517 2870 3571 2926 in
3595 2886 3734 2942 pre-

2138 2979 2265 3021 sens
2293 2971 2503 3018 tantum
2548 2968 2760 3032 tempus
2803 2961 3141 3028 extenditur,
3190 2969 3247 3017 et
3286 2959 3486 3018 futuris
3519 2961 3736 3017 saxulis

2138 3054 2499 3118 terminatur,
2548 3051 2642 3107 sed
2673 3053 2728 3107 in
2758 3068 2947 3108 omnes
2976 3052 3349 3122 generationes
3386 3052 3442 3107 in
3473 3052 3733 3108 saeculum

2139 3146 2461 3203 saeculorum
2508 3143 2766 3199 inetl‘abili
2805 3144 3106 3200 :eternitate
3139 3151 3455 3214 permanet,
3507 3143 3732 3211 crescit,

2138 3246 2387 3310 augetur.

2528 3340 2867 3383 EVANGELIUI
2894 3341 3068 3394 ωσι,
3097 3342 3219 3382 ων.
3248 3341 3345 3382 νη.

2214 3437 2233 3470 ι
2276 3418 2394 3473 lbat
2420 3417 2578 3474 Jesus
2622 3416 2678 3472 in
2712 3417 2988 3473 civitatem
3032 3431 3153 3486 quae
3189 3426 3416 3472 vocatur
3440 3414 3600 3472 Naim
3624 3456 3643 3484 ,
3674 3424 3735 3474 et

2143 3527 2163 3560 ι
2198 3508 2351 3564 ibant
2381 3524 2505 3564 cum
2552 3506 2645 3563 illo
2692 3506 2945 3578 discipuli
2987 3504 3134 3575 ejus,
3182 3513 3238 3562 et
3279 3506 3437 3562 turba
3483 3506 3726 3577 copiosa.

2143 3616 2162 3651 ι
2196 3598 2332 3654 Cum
2358 3605 2539 3653 autem
2585 3596 3084 3668 appropinquarent
3112 3602 3285 3665 portae
3310 3595 3569 3660 civitatis,
3602 3610 3733 3653 ecce

2142 3708 2162 3743 ι
2201 3687 2490 3744 defunctus
2510 3685 2837 3742 efferebatur
2861 3727 2877 3752 ,
2910 3685 3054 3741 ﬁlius
3076 3686 3269 3743 unicus
3296 3687 3487 3743 matris
3512 3702 3646 3753 suae,
3676 3696 3731 3743 et

2142 3800 2161 3834 ι
2196 3783 2311 3837 haec
2338 3780 2498 3836 vidua
2530 3788 2680 3845 erat,
2722 3788 2779 3835 et
2802 3779 2961 3834 turba
3002 3779 3238 3836 civitatis
3279 3780 3447 3835 multa
3484 3795 3611 3836 cum
3638 3796 3725 3837 ea.

2140 3893 2161 3926 ι
2188 3873 2364 3940 Quam
2394 3887 2518 3926 cum
2552 3869 2779 3925 vidisset
2802 3868 2993 3936 Jesus,
3024 3870 3395 3927 misericordia
3434 3880 3724 3927 motusm-

2142 3987 2160 4020 ‹
2197 3983 2292 4039 per
2317 3980 2461 4029 eam,
2498 3962 2637 4019 dixit
2663 3962 2773 4017 illi:
2815 3961 2933 4017 Noli
2965 3961 3115 4018 ﬁere.
3160 3963 3228 4018 Et
3267 3964 3498 4020 accessit
3522 3971 3579 4019 et
3602 3963 3728 4019 tetio

2141 4080 2160 4114 σ
2195 4062 2274 4134 git
2306 4058 2563 4115 loculum.
2608 4056 2675 4113 Hi
2709 4066 2892 4112 autem
2934 4058 3028 4128 qui
3065 4058 3388 4129 portabant,
3432 4066 3724 4125 steterunt,

2140 4175 2159 4208 ι
2196 4165 2253 4213 et
2277 4156 2353 4210 ait
2378 4172 2389 4210 :
2416 4153 2779 4218 Adolescens,
2811 4153 2907 4208 tibi
2930 4153 3073 4217 dico,
3105 4168 3282 4225 surge.
3314 4152 3381 4207 Et
3404 4152 3608 4208 resedit
3630 4152 3724 4223 qui

2138 4264 2158 4298 ‹
2192 4254 2311 4302 erat
2330 4246 2606 4310 mortuus,
2632 4252 2690 4298 et
2720 4242 2886 4314 capit
2913 4242 3079 4313 loqui.
3109 4241 3180 4297 Et
3206 4242 3351 4298 dedit
3387 4242 3538 4298 illum
3561 4244 3726 4299 matri

2136 4355 2155 4388 ι
2190 4350 2320 4392 suat.
2359 4334 2583 4406 Accepit
2625 4344 2804 4389 autem
2832 4347 3021 4388 omnes
3063 4331 3260 4399 timor,
3307 4341 3363 4387 et
3405 4333 3723 4404 magniﬁca-

2136 4448 2154 4481 ι
2189 4429 2323 4485 bant
2354 4430 2523 4484 Deum
2555 4429 2833 4484 dicentes:
2881 4426 3019 4494 Quia
3043 4424 3311 4497 Propheta
3332 4442 3562 4498 magnus
3602 4442 3726 4483 sur-

438 4518 735 4573 voluntatis
779 4519 875 4573 Dei
904 4535 1010 4573 non
1050 4520 1422 4589 vestigantur.
1454 4529 1510 4575 et
1547 4521 1649 4575 hoc
1676 4529 1760 4575 est
1797 4520 2022 4591 profun-
2049 4552 2104 4612 D
2134 4540 2153 4573 ι
2191 4522 2336 4577 rexit
2385 4521 2441 4576 in
2490 4519 2646 4576 nobis
2741 4526 2798 4575 et
2848 4517 2976 4590 quia
3026 4517 3170 4574 Deus
3219 4518 3461 4575 visitavit
3504 4518 3722 4590 plebem

440 4608 588 4663 dum.
623 4606 864 4663 Altitudo
883 4608 1081 4679 quippe
1105 4623 1391 4664 commune
1419 4623 1613 4664 nomen
1633 4617 1717 4665 est
1734 4610 1951 4666 excelso
1970 4618 2027 4666 et

438 4697 726 4769 profundo.
771 4697 877 4754 Sed
916 4714 1040 4756 cum
1070 4700 1124 4755 in
1156 4700 1374 4757 excelso
1410 4701 1643 4768 dicitur,
1681 4702 2028 4761 sublimitatis

438 4792 731 4846 eminentia
768 4794 1199 4849 commendatur.
1251 4793 1385 4850 Cum
1425 4802 1605 4850 autem
1644 4794 1699 4850 in
1734 4795 2022 4867 profundo,

437 4883 726 4941 dillicultas
750 4886 1178 4957 investigationis
1203 4894 1258 4941 et
1283 4887 1625 4956 cognitionis,
1654 4888 1797 4944 unde
1817 4896 1873 4946 et
1895 4888 2026 4946 illud

438 4976 549 5032 Deo
589 4977 823 5032 dicitur:
866 4976 1039 5043 Quam
1070 4977 1413 5048 magniﬁcam
1440 4986 1561 5033 sunt
1589 4994 1745 5050 opera
1771 4987 1883 5045 tua,
1910 4978 2022 5032 Do-

435 5069 604 5133 mine,
653 5068 808 5122 nimis
858 5065 1138 5138 profunda
1178 5067 1333 5138 facta
1371 5077 1493 5123 sunt
1538 5070 1877 5141 cogitationes
1915 5080 2022 5126 tua:

435 5157 608 5231 (Psal.
634 5155 773 5230 cm).

507 5247 657 5303 Scire
680 5257 729 5303 et
750 5246 871 5320 jam
897 5248 1381 5319 supereminentem,
1436 5258 1544 5308 etc.
1593 5251 1652 5307 In
1676 5252 1782 5309 hoc
1822 5262 2021 5326 myste-

432 5332 515 5394 rio
553 5337 722 5411 ﬁgura
770 5339 952 5396 crucis
995 5339 1301 5395 ostenditur
1324 5380 1341 5407 ,
1387 5341 1480 5412 qui
1518 5342 1663 5398 enim
1694 5343 1822 5415 quia
1852 5344 2022 5401 voluit

434 5440 683 5490 mortuus
709 5442 815 5501 est,
843 5434 1113 5504 quomodo
1136 5432 1309 5489 voluit
1343 5443 1592 5490 mortuus
1615 5444 1716 5491 est.
1762 5435 1878 5491 Non
1909 5435 2020 5490 fru-

436 5534 548 5581 stra
582 5527 746 5596 igitur
790 5528 900 5585 tale
947 5546 1118 5601 genus
1163 5531 1358 5586 mortis
1387 5530 1586 5601 elegit,
1629 5531 1733 5586 nisi
1764 5539 1825 5586 ut
1858 5531 1911 5585 in
1953 5544 2019 5586 eo

436 5632 653 5699 quoque
674 5617 975 5677 latitudinis
1000 5619 1160 5691 hujus
1187 5628 1244 5676 et
1267 5619 1617 5692 longitudinis
1636 5630 1692 5677 et
1717 5619 2019 5677 altitudinis

436 5720 491 5767 et
513 5709 893 5782 profunditatis
920 5714 1175 5786 magister
1204 5714 1486 5770 existeret.
1516 5713 1649 5769 Nam
1675 5714 1907 5769 latitudo
1933 5723 2019 5771 est

2139 4633 2159 4667 ι
2198 4628 2372 4670 suam.
2404 4632 2426 4667 Ι

2203 4707 2322 4762 Ibat
2354 4706 2512 4762 Iesus
2538 4706 2595 4761 in
2623 4707 2886 4761 civitatem
2910 4720 3028 4776 qua:
3046 4711 3263 4759 vocatur
3288 4701 3468 4767 Naim,
3500 4710 3547 4756 et
3573 4702 3721 4756 ibant

2131 4817 2249 4855 cum
2274 4800 2366 4854 illo
2392 4794 2637 4870 discipuli
2663 4800 2797 4870 ejus,
2824 4808 2875 4854 et
2902 4797 3058 4852 turba
3080 4797 3310 4867 copiosa.
3340 4794 3499 4849 Naim
3526 4793 3721 4849 civitas

2130 4899 2214 4948 est
2239 4889 2458 4946 Galileae
2488 4890 2544 4943 in
2574 4892 2810 4945 secundo
2832 4888 3085 4945 milliario
3099 4886 3318 4941 Thabor
3342 4885 3561 4951 montis,
3587 4898 3719 4939 con-

2131 4992 2215 5038 tra
2247 4983 2549 5049 meridiem,
2582 4982 2738 5053 juxta
2767 4981 2970 5047 Endor,
3002 4980 3095 5050 qui
3116 4986 3199 5033 est
3221 4979 3375 5034 vicus
3410 4977 3631 5049 grandis
3654 4976 3713 5031 in

2127 5080 2323 5143 quarto
2348 5072 2600 5128 milliario
2624 5070 2864 5140 ejusdem
2889 5071 3089 5126 montis
3115 5070 3183 5125 ad
3211 5068 3515 5125 meridiem.
3540 5064 3715 5121 Inter-

2125 5174 2371 5237 pretatur
2398 5166 2543 5221 enim
2569 5164 2725 5221 Naim
2748 5163 2941 5221 ﬂuctus
2971 5163 3056 5219 vel
3079 5162 3388 5218 commotio.

2197 5255 2330 5312 Cum
2373 5267 2549 5312 autem
2577 5258 3013 5329 appropinquaret
3046 5263 3211 5326 porta:
3254 5254 3501 5308 civitatis.
3547 5252 3707 5309 Porta

2124 5348 2362 5405 civitatis
2389 5364 2496 5420 qua
2520 5348 2805 5404 defunctus
2838 5346 3181 5412 efferebatur,
3219 5354 3353 5417 puto
3379 5345 3614 5415 aliquem
3638 5343 3706 5399 de

2121 5439 2373 5497 sensibus
2393 5455 2514 5496 esse
2544 5440 2840 5510 corporeis,
2871 5440 2964 5511 qui
2993 5439 3136 5496 enim
3162 5440 3391 5495 seminat
3423 5439 3566 5495 inter
3598 5437 3706 5494 fra-

2120 5543 2235 5589 tres
2261 5533 2585 5598 discordias,
2626 5533 2717 5603 qui
2746 5533 3088 5602 iniquitatem
3120 5533 3176 5589 in
3199 5532 3414 5589 excelso
3442 5531 3703 5604 loquitur,

2120 5623 2169 5681 is
2196 5639 2295 5696 per
2330 5624 2445 5679 oris
2470 5631 2684 5694 portam
2719 5623 3031 5680 extrahitur
3057 5631 3320 5680 mortuus.
3360 5621 3463 5691 Qui
3507 5621 3703 5679 viderit

2120 5715 2401 5771 mulierem
2453 5716 2519 5771 ad
2568 5716 3052 5789 concupiscendam
3108 5730 3227 5773 eam
3278 5731 3377 5790 per
3420 5717 3699 5777 oculorum

436 5802 491 5857 in
519 5816 582 5859 eo
605 5801 748 5874 ligno
778 5803 919 5874 quod
946 5810 1313 5861 transversum
1343 5806 1571 5877 desuper
1595 5805 1794 5877 ﬁgitur,
1826 5806 1927 5861 hoc
1950 5807 2015 5862 ad
2117 5816 2331 5878 portam
2357 5808 2558 5866 amoris
2572 5807 2834 5881 judicium
2864 5808 3088 5883 profert.
3137 5810 3237 5879 Qui
3268 5810 3468 5867 fabulis
3490 5810 3699 5875 otiosis,
