4026 6460
1098 393 1611 454 COLLECTIONES
1644 395 1714 453 IN
1750 393 2127 454 EPISTOLAS
2163 393 2252 452 ΕΤ
2289 396 2692 458 EVANGEUA.

3410 404 3516 462 ιω

252 503 576 560 obscenisve
631 504 964 563 caminibus
1009 505 1094 563 vel
1147 505 1593 565 detractionibus
1639 523 1826 564 aurem
1853 525 1906 584 Α
1999 507 2207 582 Accepit
2233 517 2406 564 autem
2435 527 2612 566 omnes
2642 511 2816 577 timor,
2854 521 2904 567 et
2930 513 3362 586 magniﬁcabant,
3404 527 3513 577 etc.

253 595 488 654 libenter
517 598 720 671 aperit,
755 599 896 658 hanc
932 600 1128 657 animm
1168 617 1280 659 suae
1306 610 1520 674 portam
1543 601 1736 658 mortis
1759 599 1838 657 ef-

253 689 389 747 ficit.

322 781 463 838 Ecce
485 753 764 854 defuncti;
789 785 1104 856 efferebatur
1125 786 1270 858 ﬁlius
1290 787 1477 842 unicus
1505 786 1691 841 matris
1703 800 1834 840 sua.

248 875 551 933 Defunctus
576 878 686 942 hic,
730 879 820 949 qui
860 887 1012 934 extra
1038 889 1252 952 portam
1280 879 1516 936 civitatis
1548 878 1732 935 multis
1757 881 1841 933 est

249 967 588 1025 intuentibus
616 969 809 1036 elatus,
834 971 1106 1043 significat
1141 973 1417 1029 hominem
1445 973 1630 1030 lethali
1655 972 1842 1030 crimi-

248 1076 381 1117 num
411 1059 599 1117 funere
627 1071 939 1133 soporatum
957 1104 972 1130 ,
1003 1065 1358 1136 eamdemque
1394 1065 1614 1136 insuper
1646 1064 1841 1121 animm

248 1161 485 1211 mortem
513 1169 621 1210 non
647 1155 826 1212 cordis
868 1156 1043 1212 adhuc
1073 1157 1236 1213 cubili
1284 1165 1587 1229 tegentem,
1633 1156 1728 1212 sed
1771 1155 1842 1212 ad

247 1243 546 1301 multorum
588 1245 833 1302 notitiam
860 1261 960 1317 per
983 1247 1270 1304 locutionis
1295 1248 1542 1320 operisve
1583 1246 1667 1302 sui
1695 1245 1840 1302 indi-

253 1336 423 1402 cium,
453 1336 608 1407 quasi
635 1352 734 1408 per
759 1353 871 1393 suae
895 1338 1134 1394 civitatis
1159 1339 1298 1394 ostia
1317 1337 1704 1408 propalantem.
1736 1335 1840 1404 Qui

249 1429 391 1486 bene
415 1430 558 1486 filius
579 1431 772 1486 unicus
796 1433 988 1488 matris
1010 1447 1120 1488 sua:
1146 1431 1312 1488 fuisse
1334 1431 1650 1503 perhibetur
1667 1471 1683 1496 ,
1714 1431 1840 1502 quia

250 1519 382 1578 licet
416 1535 448 1576 e
487 1519 674 1576 multis
703 1521 930 1578 collecta
969 1537 1068 1593 per
1101 1522 1266 1579 fontis
1306 1521 1578 1578 lavacrum
1629 1537 1736 1577 una
1770 1523 1841 1578 sit

249 1612 495 1684 perfecta
523 1621 578 1666 et
601 1612 943 1668 immaculata
971 1614 1125 1685 virgo
1159 1619 1334 1668 mater
1363 1611 1616 1677 ecclesia,
1645 1611 1840 1684 singuli

248 1706 453 1778 quique
483 1715 663 1761 tamen
710 1706 950 1762 ﬁdelium
978 1706 1303 1762 universalis
1338 1721 1396 1762 se
1433 1705 1675 1762 ecclesia:
1703 1705 1841 1762 filios

248 1795 555 1852 rectissime
578 1794 838 1852 fatentur.
871 1795 1008 1852 Nam
1029 1805 1086 1853 et
1110 1797 1316 1853 electus
1349 1797 1596 1870 quilibet,
1623 1797 1838 1867 quando

1941 602 2153 671 Quanto
2197 601 2534 673 desperatior
2569 602 2763 660 animae
2807 620 2956 662 mors
2993 607 3061 662 ad
3088 609 3256 664 vitam
3293 624 3519 668 revoca-

1939 702 2062 760 tur,
2125 702 2274 750 tanto
2330 693 2516 765 plures
2583 695 2774 752 eodem
2835 697 3183 771 corriguntur
3245 701 3516 774 exemplo.

1939 785 2076 841 Vide
2132 785 2300 841 David
2331 787 2649 857 prophetam
2673 827 2689 854 ,
2743 788 2867 845 vide
2903 791 3208 862 apostolum
3268 792 3517 863 Petrum,

1940 893 2168 950 quorum
2210 893 2318 948 quo
2361 877 2560 950 gradus
2597 879 2793 946 altior,
2843 897 2909 938 eo
2943 891 3103 940 ‘casus
3136 885 3372 956 gravior.
3402 885 3522 956 Quo

1940 979 2120 1025 autem
2157 970 2373 1040 gravior
2409 986 2568 1027 casus
2595 1011 2612 1038 ,
2660 987 2725 1028 eo
2779 973 2955 1043 pietas
2989 966 3249 1048 erigentis
3286 979 3522 1050 gratior,

1940 1075 2047 1132 quo
2066 1076 2195 1117 vero
2220 1061 2424 1134 gratior
2439 1063 2494 1118 in
2505 1063 2584 1119 eis
2598 1062 2808 1119 Domini
2831 1065 3002 1136 pietas
3024 1070 3298 1139 apparuit,
3317 1085 3385 1128 eo
3401 1086 3526 1130 cer-

1939 1152 2048 1208 tior
2097 1155 2306 1212 cunctis
2344 1155 2731 1226 paenitentibus
2765 1171 2889 1226 spes
2934 1156 3123 1214 salutis
3162 1161 3434 1232 apparuit,
3462 1169 3528 1220 ut

1935 1242 2060 1314 jure
2090 1261 2280 1302 omnes
2308 1247 2400 1318 qui
2427 1247 2654 1304 audiunt
2681 1247 2888 1303 dicant:

2013 1334 2152 1401 Quia
2179 1337 2322 1392 Deus
2345 1337 2572 1392 uisitauit
2589 1336 2788 1409 plebem
2815 1355 2988 1394 suam.
3019 1339 3138 1396 Non
3165 1348 3375 1398 tantum
3397 1358 3526 1402 ver-

1939 1426 2068 1482 bum
2091 1443 2247 1482 suum
2273 1427 2440 1484 semel
2459 1429 2874 1500 incorporando,
2895 1432 2990 1488 sed
3009 1433 3172 1488 etiam
3194 1442 3378 1490 nostra
3395 1434 3527 1506 hoc,

1939 1526 2001 1576 ut
2025 1519 2274 1575 suscitari
2296 1518 2586 1576 debeamus
2614 1536 2828 1592 semper
2855 1523 2910 1579 in
2935 1524 3097 1580 corda
3132 1524 3416 1582 mittendo.

2081 1631 2501 1690 HEBDOMADA
2538 1634 2702 1692 XVlll
2739 1636 2914 1693 POST
2950 1638 3375 1697 PENTECOS'I‘.

1937 1718 2195 1759 εριετοιΑ
2233 1719 2392 1759 BEATI
2427 1722 2583 1760 PAULI
2609 1723 2865 1763 APOS'I'OLI
2897 1725 2964 1763 AD
2991 1725 3260 1779 EPBESIOS,
3291 1728 3412 1767 CAP.
3445 1728 3525 1770 ιν.

2016 1811 2035 1845 α
2066 1791 2303 1849 Obsecro
2315 1810 2410 1849 vos
2437 1810 2537 1866 ego
2557 1797 2770 1852 vinctus
2790 1815 2844 1852 in
2870 1797 3119 1866 Domino,
3143 1809 3204 1856 ut
3235 1801 3396 1874 digne
3415 1818 3530 1860 am-

248 1889 318 1945 ad
347 1889 508 1945 ﬁdem
548 1889 828 1956 imbuitur,
861 1889 1002 1946 ﬁlius
1044 1898 1162 1956 est,
1196 1890 1414 1960 quando
1453 1889 1590 1945 alios
1620 1889 1833 1956 imbuit,
1863 1880 1912 1940 B
1945 1901 1964 1935 ‹
1997 1884 2190 1940 buletis
2211 1886 2508 1949 vocatione,
2533 1903 2638 1957 qua
2664 1890 2837 1944 vocati
2857 1891 3010 1955 estis,
3039 1907 3164 1947 cum
3182 1894 3327 1948 omni
3350 1895 3530 1951 burni-

249 1990 446 2038 mater.
492 1982 576 2036 An
616 1996 727 2037 non
763 1991 1010 2038 materno
1045 1997 1172 2056 erga
1199 1981 1456 2054 parvulos
1495 1981 1685 2053 agebat
1711 1979 1840 2037 επε-

247 2081 365 2139 ctu,
393 2073 487 2143 qui
518 2073 635 2128 ait:
681 2071 863 2128 Filioli
894 2074 1030 2140 mei,
1058 2090 1188 2145 quos
1227 2074 1416 2129 iterum
1451 2072 1711 2144 parturio,
1746 2071 1842 2127 do-

250 2181 343 2219 nec
381 2164 640 2234 formetur
666 2161 927 2220 Christus.
1451 2228 1454 2229 ν

322 2253 392 2309 Et
419 2255 532 2310 lucc
576 2256 738 2310 uidua
773 2265 917 2322 erat,
966 2265 1016 2310 et
1061 2255 1214 2311 turba
1255 2254 1480 2311 civitatis
1518 2253 1686 2309 multa
1724 2270 1842 2308 cum

248 2344 363 2401 illa.
395 2345 629 2402 Viduam
662 2361 784 2403 esse
811 2347 1096 2404 ecclesiam
1115 2347 1292 2402 omnis
1316 2348 1493 2401 anima
1521 2345 1703 2416 sponsi
1734 2345 1844 2400 Do-

248 2435 496 2506 minique
525 2436 608 2491 sui
631 2451 689 2491 se
716 2446 892 2493 morte
918 2437 1252 2506 redemptam
1290 2436 1553 2502 meminit,
1578 2436 1840 2505 agnoscit.

250 2531 450 2588 Divino
483 2541 660 2587 autem
685 2538 818 2587 nutu
842 2529 1012 2586 multa
1049 2531 1336 2585 Dominum
1368 2531 1546 2595 turba,
1571 2529 1742 2584 multa
1767 2529 1846 2584 vi-

249 2625 416 2680 duam
466 2623 825 2680 comitabatur
850 2663 866 2688 ,
911 2630 973 2677 ut
1008 2621 1126 2677 viso
1167 2619 1317 2676 tanto
1363 2620 1648 2687 miraculo,
1691 2619 1846 2680 multi

249 2725 440 2782 testes,
487 2715 640 2770 multi
672 2715 766 2770 Dei
792 2713 986 2770 flerent
1015 2713 1344 2770 laudatores.

326 2807 500 2876 Quam
528 2824 648 2862 cum
676 2808 890 2863 vidisset
916 2806 1075 2862 Jesus
1092 2849 1107 2874 ,
1151 2808 1512 2863 misericordia
1551 2819 1724 2866 motus
1748 2828 1842 2866 su-

249 2915 346 2972 per
382 2916 520 2966 eam,
559 2899 735 2953 dixit:
775 2897 904 2954 Noli
947 2899 1095 2970 ﬂere.
1145 2897 1357 2954 Desiste
1381 2940 1396 2965 ,
1434 2900 1642 2970 inquit,
1688 2902 1843 2973 quasi

250 2999 528 3048 mortuum
547 2988 698 3058 flere,
737 3006 899 3062 quem
924 3005 1050 3046 mox
1082 2990 1264 3045 vivum
1306 3005 1588 3063 resurgere
1612 2993 1840 3061 videbis,

251 3091 313 3140 et
332 3081 556 3153 pulchre
580 3081 922 3152 Evangelista
953 3082 1122 3137 Deum
1157 3082 1308 3152 prius
1335 3083 1707 3139 misericordia
1729 3098 1846 3139 mo-

253 3184 371 3231 tum
395 3189 517 3230 esse
553 3188 718 3245 super
761 3182 989 3230 matrem
1012 3214 1027 3240 ,
1063 3188 1128 3229 ac
1157 3173 1238 3229 sic
1264 3173 1432 3228 lilium
1476 3174 1740 3231 suscitare
1767 3183 1844 3231 te-

252 3275 454 3335 statur,
483 3276 545 3322 ut
570 3241 637 3322 in—
661 3283 770 3324 uno
798 3267 954 3324 nobis
981 3267 1287 3338 exemplum
1330 3268 1604 3323 imitanda:
1625 3269 1844 3338 pietatis
1871 3241 1916 3305 Ο

251 3361 583 3429 ostenderet,
630 3362 685 3418 in
729 3361 902 3418 altero
935 3359 1097 3417 ﬁdem
1132 3359 1390 3416 miranda
1428 3361 1714 3430 potestatis
1759 3376 1848 3418 as-

253 3461 486 3509 trueret.
1625 3523 1632 3532 ι

331 3542 400 3597 Et
428 3546 644 3600 accessit
667 3554 716 3600 et
755 3545 919 3616 tetigit
955 3543 1205 3609 loculum,
1248 3545 1304 3598 hi
1333 3553 1507 3600 autem
1540 3543 1630 3617 qui
1669 3551 1848 3617 porta-

254 3633 383 3688 bant
427 3644 698 3690 steterunt.
764 3634 998 3691 Loculus
1050 3636 1104 3690 in
1152 3650 1258 3706 quo
1308 3642 1554 3690 mortuus
1600 3633 1845 3703 elfertur,

253 3726 400 3782 male
452 3742 640 3782 secura
692 3727 960 3798 desperati
1013 3729 1316 3798 peccatoris
1369 3729 1698 3785 conscientia
1740 3736 1842 3786 est.

251 3818 361 3886 Qui
384 3832 512 3874 vero
534 3818 900 3890 sepeliendum
926 3828 1177 3890 portant,
1217 3819 1301 3877 vel
1331 3820 1605 3876 immunda
1637 3820 1848 3877 deside-

255 3909 368 3975 ria,
395 3924 515 3980 qua:
544 3909 818 3966 hominem
842 3911 1061 3980 rapiunt
1088 3911 1142 3966 in
1172 3909 1472 3977 interitum,
1517 3911 1604 3966 vel
1643 3909 1848 3968 lenoci-

251 4001 353 4057 nia
377 4000 766 4056 blandientium
798 4010 925 4058 sunt
948 4011 1214 4058 venenata
1241 4005 1532 4060 sociorum.
1559 4002 1691 4072 Quae
1714 4020 1846 4076 pec-

249 4101 383 4150 cata
426 4093 704 4160 nimirum,
747 4093 875 4150 dum
905 4093 1180 4150 favoribus
1206 4095 1431 4163 tollunt,
1478 4097 1846 4164 accumulant,

248 4196 653 4260 peccantesque
671 4195 1004 4258 contemptu,
1022 4189 1178 4259 quasi
1199 4204 1394 4261 aggere
1410 4198 1569 4245 terra:
1589 4191 1844 4246 obruunt.

250 4280 341 4336 De
377 4280 573 4350 quibus
620 4279 746 4336 alibi
797 4279 1036 4336 dicitur:
1084 4279 1300 4335 Dimitte
1351 4289 1584 4335 mortuos
1633 4280 1848 4350 sepelire

249 4383 495 4430 mortuos
538 4391 660 4430 suos
693 4373 908 4448 (Matth.
938 4375 1079 4448 vm).
1127 4375 1368 4433 Mortuos
1399 4377 1596 4448 quippe
1648 4376 1848 4432 mortui

249 4467 559 4539 sepeliunt,
603 4484 727 4525 cum
752 4477 1065 4541 peccatores
1105 4469 1306 4541 quique
1351 4470 1432 4525 sui
1473 4469 1680 4526 similes
1714 4469 1849 4526 alios

252 4559 458 4615 nocivo
498 4559 683 4617 favore
718 4560 1044 4626 demulcent,
1092 4570 1348 4633 congesta
1383 4562 1632 4632 pessimae
1662 4560 1850 4617 adula-

251 4653 428 4712 tionis
453 4653 614 4720 mole,
643 4668 712 4710 ne
734 4669 840 4725 qua
865 4652 1154 4724 aliquando
1176 4668 1270 4724 spe
1298 4654 1612 4724 resurgendi
1638 4654 1849 4726 potian-

255 4757 356 4804 tur
388 4747 718 4820 opprimunt.
759 4747 988 4803 Domino
1018 4762 1148 4819 ergo
1190 4745 1427 4802 loculum
1457 4754 1729 4819 tangente,
1767 4745 1850 4801 fu-

252 4842 414 4901 neris
436 4839 600 4910 baiuli
630 4847 918 4906 steterunt,
953 4839 1079 4911 quia
1106 4839 1326 4910 superni
1357 4837 1644 4895 formidine
1659 4837 1851 4910 judicii

254 4943 469 5006 attacta
481 4935 831 4997 conscientia,
855 4942 911 4988 et
931 4931 1228 4988 carnalium
1252 4945 1393 5002 sape
1413 4929 1744 4986 afﬂuentiam
1756 4945 1852 4987 vo-

255 5028 555 5099 luptatum,
583 5035 641 5084 et
661 5028 858 5099 injuste
877 5025 1212 5081 laudantium
1243 5024 1458 5080 turbam
1481 5037 1757 5090 coercens,
1782 5022 1851 5078 ad

258 5121 503 5192 seipsam
537 5120 828 5176 revertitur
851 5161 865 5184 ,
898 5116 1218 5188 vocantique
1262 5115 1329 5171 ad
1354 5115 1522 5170 vitam
1546 5114 1740 5170 festina
1765 5127 1852 5170 re-

260 5211 499 5284 Spondet
529 5210 820 5277 Salvatori,
847 5209 988 5265 unde
1011 5216 1159 5264 recte
1189 5206 1434 5276 sequitur
1459 5224 1472 5261 :

341 5304 410 5360 Et
450 5303 584 5358 dixit
609 5301 945 5367 adolescenti,
980 5300 1072 5355 tibi
1093 5300 1210 5354 dico
1237 5315 1390 5369 surge
1413 5338 1426 5363 ,
1470 5307 1517 5351 et
1545 5297 1734 5352 resedit
1760 5296 1852 5369 qui

261 5405 381 5452 erat
419 5404 690 5461 mortuus,
735 5402 782 5449 et
833 5393 979 5464 coepit
1025 5391 1198 5462 loqui,
1241 5398 1290 5444 et
1333 5387 1474 5443 dedit
1515 5387 1665 5443 illum
1693 5387 1855 5442 matri

259 5502 402 5544 sua.
441 5485 663 5541 Resedit
685 5483 883 5555 quippe
921 5482 1013 5552 qui
1039 5489 1159 5537 erat
1184 5488 1454 5544 mortuus,
1489 5495 1614 5535 cum
1641 5479 1852 5534 interna

263 5577 686 5651 compnnctione
709 5575 984 5632 reviviscit
1021 5581 1295 5645 peccator,
1340 5573 1530 5643 incipit
1553 5572 1698 5642 loqui
1727 5586 1852 5627 cum

267 5670 488 5726 reducis
539 5668 740 5725 indicia
788 5668 913 5722 vitae
961 5666 1173 5721 cunctis
1229 5663 1317 5734 qui
1371 5671 1652 5733 peccatum
1701 5661 1855 5716 luxe-

268 5769 394 5815 rant
438 5760 696 5816 ostendit.
747 5758 1010 5814 Redditur
1053 5755 1253 5820 matri,
1295 5770 1416 5810 cum
1460 5769 1558 5824 per
1595 5754 1852 5810 sacerdo-

270 5838 408 5907 talis
436 5851 652 5908 decreta
683 5849 876 5921 iudicii
909 5845 1275 5906 communioni
1313 5844 1549 5908 sociatur
1589 5842 1851 5905 ecclesia.

1034 5983 1067 6018 ἢ

1061 6027 1076 6048 Κ

1948 1992 1968 2026 ι
1999 1973 2149 2030 litate
2172 1983 2226 2030 et
2248 1978 2682 2044 mansuetudine,
2712 1994 2835 2034 cum
2870 1981 3126 2052 patientia
3147 1993 3532 2055 supportantes

1948 2085 1966 2119 ι
2001 2067 2230 2122 invicem
2253 2069 2307 2123 in
2331 2069 2612 2124 charitate.
2639 2071 2865 2126 Solliciti
2888 2088 3106 2154 servare
3132 2077 3395 2133 unitatem
3416 2078 3530 2150 spi-

1948 2176 1966 2210 ι
1995 2157 2132 2214 ritus
2145 2158 2197 2214 in
2210 2159 2423 2216 vinculo
2437 2162 2605 2233 pacis.
2623 2161 2799 2218 Unum
2821 2179 3020 2236 corpus
3043 2174 3100 2221 et
3120 2184 3260 2224 unus
3274 2169 3524 2240 spiritus,

1949 2270 1968 2304 ‹
2002 2252 2142 2310 sicut
2161 2255 2335 2310 vocati
2349 2256 2481 2312 estis
2503 2256 2558 2310 in
2576 2274 2680 2312 una
2703 2274 2797 2330 spe
2822 2261 3122 2316 vocationis
3146 2270 3356 2322 vestrae.
3379 2261 3533 2320 Unus

1951 2364 1970 2398 ι
2004 2345 2262 2403 Dominus
2286 2355 2342 2404 et
2359 2364 2466 2404 una
2485 2349 2639 2417 fides,
2660 2367 2826 2406 unum
2847 2351 3134 2423 baptisma,
3153 2371 3292 2411 unus
3315 2356 3459 2412 Deus
3476 2363 3533 2413 et
3619 2349 3626 2354 ’

1952 2456 1970 2488 ι
2005 2445 2162 2508 pater
2190 2439 2451 2506 omnium,
2479 2441 2570 2510 qui
2602 2450 2686 2497 est
2719 2457 2882 2512 super
2919 2458 3110 2501 omnes
3137 2453 3195 2501 et
3225 2460 3323 2517 per
3349 2446 3533 2502 omnia

1952 2547 1971 2581 ι
2004 2536 2058 2584 ει
2081 2528 2134 2583 in
2157 2529 2408 2586 omnibus
2445 2532 2624 2588 nobis.
2655 2529 2756 2600 Qui
2785 2542 2868 2589 est
2899 2532 3216 2592 benedictus
3251 2536 3306 2592 in
3335 2535 3535 2594 sacula

1952 2640 1972 2674 ι
2005 2621 2349 2690 saeculorum,
2378 2623 2572 2679 Amen.
2611 2645 2631 2678 ι

2017 2712 2245 2770 Obsecro
2281 2715 2459 2788 itaque
2482 2731 2571 2770 vos
2605 2733 2699 2788 ego
2727 2717 2930 2773 vinctus
2951 2719 3006 2773 in
3027 2717 3275 2787 Domino,
3303 2731 3360 2777 ut
3380 2721 3537 2796 digne

1945 2803 2241 2872 ombuletis',
2262 2815 2366 2862 etc.
2399 2807 2502 2879 (Ex
2528 2806 2772 2880 Hieron.)
2801 2807 2982 2866 Potest
3016 2819 3072 2866 et
3108 2812 3160 2866 in
3191 2811 3393 2869 Christi
3419 2815 3539 2873 vin-

1945 2893 2100 2960 culis,
2130 2903 2186 2950 et
2226 2896 2281 2950 in
2321 2912 2542 2953 carcere
2585 2914 2684 2970 pro
2726 2901 2986 2972 martyrio
3028 2903 3371 2970 constitutus,
3418 2904 3537 2963 hac

1944 2988 2202 3044 scribere.
2235 2988 2425 3046 Melius
2453 3001 2632 3047 autem
2663 3003 2770 3060 est,
2801 2995 2846 3050 si
2878 2995 3118 3051 vinctum
3161 2995 3376 3052 Domini
3405 2998 3537 3054 cha—

1945 3078 2104 3134 ritate
2132 3080 2396 3137 dicamus.
2440 3083 2538 3139 Est
2576 3093 2630 3139 et
2670 3084 2777 3140 alia
2821 3088 3108 3157 expositio,
3139 3103 3260 3158 quae
3289 3104 3358 3144 an
3396 3088 3539 3144 reci-

1947 3171 2139 3240 pienda
2165 3172 2257 3238 sit,
2276 3174 2383 3228 erit
2402 3174 2457 3229 in
2483 3183 2750 3246 potestate
2775 3175 3014 3232 lectoris.
3031 3177 3317 3234 Vinculum
3344 3178 3539 3234 animm

1947 3277 2144 3333 corpus
2167 3264 2270 3320 hoc
2290 3265 2416 3331 dici,
2443 3276 2495 3322 et
2517 3267 2643 3338 quia
2665 3267 2865 3322 Paulus
2886 3269 2955 3324 ob
2977 3269 3337 3325 ministerium
3361 3268 3538 3325 Evan-

1946 3353 2072 3426 gelii
2103 3370 2296 3426 corpus
2322 3358 2614 3427 acceperit,
2653 3367 3050 3429 consequenter
3095 3359 3298 3415 Christi
3324 3359 3541 3419 vinctus

1948 3447 2020 3503 sit
2047 3447 2363 3518 appellatus.
2393 3448 2685 3505 Ambulare
2720 3449 3023 3506 credendus
3049 3456 3156 3516 cst,
3183 3451 3275 3520 qui
3297 3449 3539 3522 ingredi-

1947 3547 2038 3593 tur
2065 3555 2162 3610 per
2186 3555 2308 3596 cum
2337 3541 2427 3611 qui
2455 3540 2586 3596 dicit
2609 3559 2622 3595 :
2649 3540 2762 3612 Ego
2789 3559 2904 3597 sum
2931 3543 3034 3609 via,
3063 3550 3118 3598 et
3146 3557 3252 3596 non
3283 3541 3540 3610 declinet,

1948 3646 2123 3702 neque
2149 3633 2216 3688 ad
2245 3633 2521 3689 dexteram
2554 3648 2727 3704 neque
2768 3635 2833 3689 ad
2873 3633 3150 3691 sinistram
3182 3632 3366 3706 (Isaia:
3392 3646 3538 3702 xxx;

1948 3719 2109 3778 Prov.
2143 3722 2242 3794 iv),
2269 3733 2324 3780 et
2354 3725 2554 3780 avertit
2579 3725 2771 3795 pedem
2800 3740 2954 3780 suum
2986 3726 3052 3780 ab
3083 3725 3232 3780 omni
3261 3725 3346 3780 via
3372 3721 3536 3790 mala,

1950 3812 2358 3884 completurque
2395 3814 2450 3870 in
2479 3829 2546 3872 eo
2571 3834 2585 3870 :
2612 3815 2658 3870 A
2695 3815 2921 3872 Domino
2957 3833 3166 3888 gressus
3203 3814 3430 3872 hominis
3455 3813 3542 3872 di-

1948 3902 2193 3973 riguntur
2214 3902 2387 3977 (Psal.
2412 3903 2622 3977 xxxvi).

2019 3993 2152 4050 Cum
2191 3997 2332 4050 omni
2368 3994 2662 4051 humilitate
2708 4004 2759 4052 et
2805 3997 3236 4062 mansuetudine,
3285 4011 3405 4050 cum
3442 4011 3542 4066 pa-

1947 4087 2150 4142 tientia.
2189 4087 2292 4155 Qui
2324 4095 2527 4142 terram
2555 4096 2611 4142 et
2644 4087 2882 4144 cinerem
2910 4101 3115 4150 essese
3138 4087 3306 4154 novit,
3333 4096 3390 4142 et
3413 4093 3541 4157 post

1946 4177 2224 4248 paululum
2254 4177 2307 4233 in
2353 4173 2630 4250 pulverem
2659 4177 3078 4243 dissolvendum,
3125 4193 3403 4247 nunquam
3448 4191 3541 4232 su-

1947 4276 2130 4346 perbia
2167 4274 2486 4342 elevabitur,
2533 4283 2588 4330 et
2613 4276 2704 4345 qui
2747 4275 2844 4330 Dei
2882 4275 3184 4331 aeternitate
3232 4280 3539 4345 perspecta,

1947 4366 2110 4420 breve
2131 4373 2186 4421 et
2209 4380 2344 4436 pene
2373 4365 2440 4420 ad
2468 4367 2650 4436 puncti
2681 4365 2854 4421 instar
2883 4365 3131 4421 humana:
3158 4366 3281 4420 vitae
3304 4364 3540 4435 spatium

1901 4465 1910 4472 '
1949 4457 2219 4529 cogitarit,
2248 4466 2373 4513 ante
2391 4458 2576 4514 oculos
2597 4473 2724 4514 suos
2751 4472 2966 4530 semper
2991 4458 3212 4513 habebit
3233 4458 3540 4527 interitum,

1947 4557 2004 4604 et
2022 4549 2127 4604 erit
2153 4549 2371 4605 humilis
2394 4558 2556 4620 atque
2577 4548 2842 4618 dejectus:
2867 4549 3042 4605 omnis
3057 4557 3239 4605 autem
3262 4548 3560 4607 humilitas

1949 4656 2058 4696 non
2088 4650 2198 4696 tam
2227 4641 2282 4696 in
2311 4656 2560 4698 sermone
2587 4657 2750 4712 quam
2781 4641 2836 4696 in
2877 4650 3058 4696 mente
3088 4649 3192 4706 est,
3225 4649 3281 4694 ut
3310 4640 3544 4698 humiles

1947 4749 2048 4789 nos
2093 4747 2213 4789 esse
2259 4733 2589 4789 conscientia
2640 4732 2874 4800 noverit,
2924 4740 2981 4789 et
3018 4747 3292 4803 nunquam
3330 4747 3427 4786 nos
3458 4728 3541 4788 vel

1950 4827 2093 4884 scire
2147 4825 2232 4882 vel
2277 4825 2576 4897 intelligere
2629 4826 2713 4881 vel
2762 4840 2883 4882 esse
2933 4825 3136 4896 aliquid
3187 4825 3536 4881 aestimemus.

1951 4917 2303 4976 Mansuetudo
2331 4933 2544 4989 quoque
2565 4917 2654 4972 illa
2683 4926 2784 4985 est,
2831 4933 2951 4989 qua:
2981 4917 3120 4974 nulla
3154 4917 3400 4989 passione
3428 4926 3541 4972 tur-

1952 5014 2133 5080 batur,
2180 5021 2236 5068 et
2283 5010 2589 5082 specialiter
2618 5010 2697 5066 ira
2733 5018 2788 5066 et
2831 5008 3013 5068 furore
3044 5010 3336 5079 rumpitur,
3375 5021 3540 5077 quam

1955 5107 2050 5179 qui
2083 5105 2352 5171 habuerit,
2396 5104 2807 5170 beatitudinem,
2855 5119 2976 5175 quae
3013 5101 3225 5157 Domini
3257 5087 3389 5156 voce
3415 5112 3542 5168 pro-

1954 5204 2120 5260 missa
2155 5211 2255 5266 est,
2295 5208 2674 5270 consequetur.

2026 5293 2403 5366 Supportantes
2431 5293 2645 5348 invicem
2676 5292 2731 5347 in
2759 5291 3034 5348 charitate.
3059 5289 3171 5343 Hoc
3201 5287 3374 5355 ipsum
3403 5282 3538 5338 mihi

1955 5383 2172 5440 videtur
2207 5383 2514 5456 signiﬁcare
2565 5392 2620 5440 et
2671 5383 2802 5438 illud
2853 5381 2992 5452 quod
3031 5380 3096 5434 ad
3140 5376 3360 5433 Galatas
3402 5377 3541 5430 scrt-

1957 5477 2106 5533 bitur
2148 5494 2162 5531 :
2209 5476 2530 5531 Alterutrum
2567 5492 2727 5530 onera
2771 5483 2941 5528 vestra
2980 5477 3182 5542 portate
3226 5465 3380 5540 (Gal.
3425 5463 3536 5539 Vt).

1953 5570 2287 5626 Alterutrum
2327 5585 2491 5625 onera
2543 5577 2781 5640 portare,
2825 5565 2912 5620 vel
2955 5562 3180 5619 suﬂ'erre
3209 5563 3438 5618 invicem
3481 5561 3541 5617 in

1955 5661 2221 5717 charitate
2265 5675 2358 5715 eos
2392 5659 2660 5730 complere
2717 5656 2966 5720 dicimus,
3016 5653 3106 5724 qui
3157 5653 3350 5709 divites
3389 5659 3538 5718 sunt,

1957 5761 2012 5810 et
2031 5752 2268 5824 inopiam
2298 5765 2591 5823 pauperum
2623 5746 2924 5802 sublevant.
2955 5743 3064 5800 Nec
3085 5753 3399 5816 peccantem
3427 5741 3538 5796 fra-

1958 5855 2117 5913 trem,
2145 5861 2247 5904 nec
2267 5845 2482 5916 inopem
2507 5840 2836 5916 consolatur,
2863 5841 2955 5912 qui
2980 5855 3086 5896 non
3116 5840 3280 5897 habet
3300 5837 3539 5894 charita-
