4026 6462
508 372 619 441 κτ

510 602 625 647 usus
669 595 849 647 autent
893 601 1026 653 nos,
1069 585 1160 658 qui
1201 586 1447 657 fortium
1485 604 1705 654 sumus,
1764 585 2097 656 inﬁrmitates

510 674 847 743 imbecillium
898 685 1113 748 ponto"
1132 716 1150 744 ,
1215 685 1266 732 et
1306 692 1416 735 non
1467 677 1846 749 nobismetipsis
1890 675 2099 748 placens

514 763 692 841 (Rom.
718 766 835 839 xv).

582 856 809 917 Solliciti
836 873 1045 915 seruare
1082 858 1338 917 unitatem
1373 859 1588 931 spiritus
1618 862 1676 915 in
1702 859 1905 914 vinculo
1931 859 2094 930 pacis.

510 946 777 1020 Ephesiis,
810 949 902 1018 qui
922 948 1043 1022 jam
1083 951 1347 1009 unitatem
1398 952 1572 1011 sancti
1613 950 1846 1021 Spiritus
1882 950 2101 1007 fuerant

512 1038 810 1105 consecuti,
848 1048 1007 1096 recte
1039 1040 1257 1122 dicitur,
1305 1040 1527 1099 solliciti
1572 1054 1791 1099 servare
1835 1041 2100 1101 unitatem

511 1128 737 1201 spiritus
770 1130 822 1186 in
852 1131 1066 1189 vinculo
1091 1133 1261 1202 pacis.
1295 1132 1397 1200 Qui
1432 1134 1577 1191 enim
1606 1135 1735 1204 quid
1766 1134 1948 1199 habet,
1983 1150 2101 1190 ser-

510 1219 671 1273 vandi
700 1219 778 1274 illi
807 1220 1110 1277 sollicitudo
1144 1206 1474 1295 praecipitur,
1518 1226 1612 1296 qui
1640 1235 1821 1281 autem
1868 1242 1977 1282 non
2003 1226 2101 1281 lia-

510 1308 629 1381 bet.
653 1311 891 1371 Studium
914 1312 993 1369 illi
1028 1322 1087 1368 ut
1112 1314 1315 1376 habere
1338 1318 1534 1383 valeat,
1573 1318 1910 1387 imperatur._

518 1472 525 1483 ,
587 1420 765 1478 Unum
788 1440 996 1495 corpus.
1022 1424 1117 1481 Vel
1144 1427 1461 1497 simpliciter
1483 1444 1648 1485 unum
1675 1446 1871 1500 corpus
1898 1426 2099 1487 Christi

516 1513 853 1586 intelligitur,
883 1530 1002 1585 quin
1026 1527 1111 1573 est
1136 1518 1401 1588 Ecclesia,
1432 1522 1514 1577 vel
1541 1531 1688 1577 certe
1715 1522 1856 1592 quod
1887 1538 1954 1577 ex
1985 1522 2100 1576 vir-

516 1608 639 1679 gine
688 1620 772 1667 est
808 1611 1070 1683 dignatus
1107 1629 1406 1680 assumere,
1448 1630 1516 1670 ne
1546 1614 1622 1671 illi
1666 1615 1883 1685 quidem
1913 1619 2104 1685 putent

516 1698 677 1755 toties
694 1712 1060 1772 corporatura,
1096 1706 1310 1776 quoties
1349 1706 1405 1760 in
1432 1705 1612 1762 Veteri
1644 1705 1894 1777 apparuit
1916 1705 2105 1761 Testa-

515 1800 718 1848 mento.

585 1901 740 1962 Unus
767 1907 1005 1980 spiritus.
1037 1908 1190 1967 Unus
1212 1910 1413 1983 quippe
1443 1910 1671 1983 largitor
1707 1916 1763 1967 et
1790 1909 2098 1966 sanctiﬁca-

512 2004 605 2050 ter
646 2005 731 2053 est
774 1999 1036 2065 omnium,
1090 2000 1176 2057 vel
1202 2011 1351 2057 certe
1401 2019 1566 2058 unum
1616 2018 1811 2073 corpus
1838 2001 1905 2057 ad
1934 2001 2102 2072 vitam

514 2086 751 2143 refertur
778 2097 833 2145 et
882 2105 1078 2162 opera,
1130 2107 1252 2162 qua:
1296 2091 1486 2151 (innec
1536 2094 1789 2150 dicuntur
1824 2093 2104 2168 πρακτικός

516 2178 644 2246 ϐιός,
682 2188 736 2233 et
759 2194 897 2236 unus
926 2182 1150 2254 spiritus
1172 2185 1241 2239 ad
1267 2186 1549 2241 scientiam
1596 2196 1653 2241 et
1693 2184 2104 2257 contemplatio-

514 2281 659 2336 nem,
688 2284 810 2340 qua:
828 2275 1049 2343 proprio
1072 2286 1321 2332 versatur
1348 2278 1404 2334 in
1432 2278 1615 2338 corde.
1646 2283 1700 2334 et
1738 2277 1807 2334 ab
1833 2277 1940 2335 illis
1975 2276 2105 2335 dici-

500 2367 605 2423 jﬂl‘
626 2363 814 2441 θεωρία

583 2474 734 2533 Sicut
754 2481 923 2536 vocati
947 2482 1071 2538 estis
1107 2483 1161 2540 in
1182 2502 1291 2542 una
1316 2503 1406 2558 spe
1427 2486 1712 2543 vocationis
1732 2492 1934 2543 vestra.
1964 2483 2103 2543 Cum

509 2570 641 2640 ergo
672 2573 974 2629 membrum
994 2577 1118 2646 quis
1142 2576 1307 2632 fuerit
1330 2578 1607 2646 Ecclesiae,
1630 2594 1730 2635 nec
1757 2580 1826 2636 ab
1848 2593 1956 2634 uno
1983 2578 2102 2650 ejus

512 2662 703 2732 spiritu
732 2677 1036 2737 separatus,
1066 2679 1461 2742 consequenter
1503 2673 1610 2728 erit
1648 2673 1705 2727 in
1744 2687 1850 2731 una
1884 2686 1979 2742 spe
2009 2686 2103 2726 vo-

512 2753 764 2811 cationis.
826 2756 1095 2826 Quaeritur
1141 2762 1411 2831 quomodo
1460 2777 1570 2819 una
1627 2777 1751 2833 spes
1802 2762 2105 2819 vocationis

512 2840 617 2908 sit,
666 2857 789 2899 cum
842 2847 982 2917 apud
1029 2847 1248 2905 Patrem
1295 2851 1521 2908 diversae
1578 2853 1699 2923 sint,
1749 2853 2099 2923 mansiones,

514 2931 581 2986 ad
631 2935 777 3004 quod
823 2951 987 2992 unam
1027 2953 1178 3008 spem
1227 2943 1524 3000 vocationis
1557 2959 1782 3016 regnum
1811 2943 2096 3014 cmlorum,

515 3026 671 3097 quasi
712 3044 880 3084 unum
927 3030 1127 3087 bonum
1175 3034 1271 3093 Dei
1320 3034 1498 3093 Patris
1549 3053 1669 3095 esse
1721 3039 1993 3107 dicemus,
2043 3046 2102 3098 et

511 3112 569 3173 in
618 3133 725 3175 una
762 3121 922 3178 domo
970 3124 1149 3182 varias
1194 3128 1524 3186 mansiones.
1560 3130 1680 3185 Alia
1735 3131 1880 3188 enim
1925 3130 2097 3203 gloria

1284 410 1289 413 ι
1350 430 1355 435 .
1804 372 2167 435 ειίΑιιΑαυι
2200 372 2492 432 ABBATIS

510 504 642 561 ιω,
661 495 959 559 «unum
986 496 1152 552 verba
1191 494 1437 565 Λυκιοιὶ
1464 494 1859 552 commentis
1887 512 1902 549 :
1933 492 2098 548 Debe-
2121 490 2178 557 Δ,
2199 488 2334 545 mini
2362 485 2666 552 Trinitatis,
2708 493 2765 542 et
2796 485 2919 543 ideo
2950 498 3098 542 unus
3137 485 3301 551 Deus,
3326 492 3384 542 et
3402 499 3516 541 nun
3539 484 3708 554 ﬁds,
3737 494 3804 544 (ιι

2200 590 2368 635 unum
2392 579 2661 649 baptisma
2697 592 2795 651 ore
2833 577 3126 647 apostolico
3155 579 3500 649 prmdicatur.

2271 671 2375 736 Qui
2395 688 2549 741 super
2567 687 2763 736 omnes,
2787 679 2834 724 et
2862 687 2954 741 per
2972 672 3167 734 omnia,
3191 682 3239 725 et
3268 672 3324 725 in
3346 670 3585 726 omnibus
3612 670 3801 738 nobis,

2198 766 2289 837 qui
2316 773 2393 820 est
2417 764 2714 820 benedictus
2753 764 2811 818 in
2847 762 3065 821 sa’cuia.
3117 765 3413 821 Diversitns
3440 770 3624 821 autem
3652 779 3796 834 prse-

2196 854 2547 924 positionum,
2594 855 2650 909 in
2680 855 2878 924 quibus
2919 854 3158 912 dicitur:
3193 855 3340 911 Unus
3371 856 3516 912 Deus
3548 868 3603 913 et
3642 868 3806 927 pater

2198 947 2452 1012 omnium,
2480 962 2571 1017 quo
2595 964 2751 1018 super
2771 963 2949 1002 omnes
2971 958 3021 1003 et
3046 964 3140 1019 per
3160 950 3362 1013 ωηιξη,
3391 960 3438 1002 et
3462 951 3520 1003 in
3543 950 3805 1005 omnibus

2198 1038 2469 1095 diversam
2497 1037 2907 1107 intelligentiam
2935 1040 3095 1109 sapit.
3125 1038 3302 1109 Super
3323 1040 3505 1094 omnia
3530 1040 3685 1096 enim
3716 1049 3805 1096 em

2197 1126 2343 1189 Deus
2368 1128 2546 1194 Pater,
2579 1129 2670 1197 qui
2702 1138 2895 1185 auctor
2930 1139 3012 1185 est
3038 1132 3300 1196 omnium,
3348 1147 3449 1202 per
3471 1133 3663 1187 omnia
3718 1133 3805 1189 Fi-

2198 1218 2319 1283 lius,
2352 1219 2444 1289 qui
2482 1226 2677 1275 cuncta
2708 1222 3028 1277 transcurrit
3065 1222 3321 1293 vaditque
3366 1239 3464 1293 per
3504 1226 3699 1279 omnia
3746 1226 3805 1280 ὴ

2198 1309 2450 1367 omnibus
2486 1308 2721 1380 Spiritus
2747 1320 2992 1377 sanctus,
3017 1313 3145 1381 quia
3182 1313 3319 1368 nihil
3353 1314 3557 1384 absque
3586 1329 3664 1370 eo
3692 1323 3801 1371 est.

2200 1401 2429 1469 Quidam
2458 1403 2583 1468 hoc,
2612 1404 2754 1472 quo]
2789 1404 3052 1474 scriptum
3079 1414 3201 1462 est:
3231 1404 3403 1475 Super
3424 1422 3602 1461 orunrs
3626 1418 3683 1461 et
3708 1424 3805 1478 per

2201 1493 2398 1558 omnia,
2426 1503 2473 1547 et
2503 1493 2557 1548 in
2584 1496 2823 1551 omnibus
2843 1497 2910 1550 ad
2936 1495 3175 1562 Patrem,
3195 1505 3252 1553 et
3274 1496 3491 1563 Filium,
3520 1507 3576 1553 et
3620 1498 3803 1570 Spiri»

2201 1593 2316 1642 tum
2336 1596 2583 1643 sanctum
2611 1589 2684 1643 sit
2709 1590 2976 1645 aestimant
3009 1603 3131 1645 esse
3161 1588 3526 1655 referendum,
3553 1600 3615 1645 ut
3640 1608 3805 1662 super

2202 1677 2398 1742 omnia,
2422 1677 2583 1735 Pater
2606 1680 2698 1746 sit,
2732 1681 2858 1751 quia
2881 1689 3072 1737 auctor
3098 1689 3186 1738 est
3207 1683 3469 1747 omnium,
3496 1699 3595 1753 per
3616 1683 3805 1739 omnia

2201 1769 2418 1833 Filium,
2450 1772 2576 1841 quia
2604 1787 2702 1842 per
2725 1771 2920 1828 Filium
2947 1784 3130 1829 creata
3154 1783 3282 1830 sant
3307 1772 3511 1839 omnia,
3532 1774 3590 1829 in
3617 1776 3802 1829 omni-

2125 1870 2179 1939 n
2206 1860 2302 1919 bus
2326 1862 2564 1933 Spiritus
2580 1872 2821 1926 sanctus,
2855 1864 2968 1934 ipse
2990 1865 3136 1921 enim
3162 1865 3511 1921 credentibus
3535 1865 3728 1929 datur,
3748 1873 3807 1923 ut

2206 1955 2465 2025 templum
2499 1972 2690 2013 sumus
2741 1956 2976 2029 Spiritus
3019 1959 3215 2026 sancti,
3255 1967 3313 2016 et
3337 1958 3503 2015 Pater
3524 1967 3585 2016 et
3624 1956 3804 2016 Filius

2204 2047 2454 2105 habth
2481 2050 2539 2106 in
2559 2050 2736 2106 nobis.
3362 2076 3365 2079 δ

2582 2202 2923 2247 ενλιωειιωί
2958 2201 3132 2253 ωσι,
3170 2200 3290 2242 CAP.
3330 2200 3442 2240 XIV.

2279 2334 2301 2371 s
2328 2316 2463 2376 Cum
2486 2318 2718 2377 intraret
2734 2318 2893 2377 Jesus
2914 2319 2968 2376 in
2991 2318 3209 2376 domum
3234 2316 3513 2387 cujusdam
3533 2314 3805 2386 principis

2211 2425 2232 2463 α
2256 2405 2653 2467 Pharisaeorum
2697 2410 2924 2467 sabbato
2966 2411 3295 2466 manducare
3341 2423 3560 2479 panem.
3593 2414 3655 2462 et
3700 2406 3803 2476 illi

2210 2517 2231 2553 ι
2262 2502 2626 2561 observabant
2652 2519 2798 2560 eum.
2828 2503 2897 2559 Et
2937 2517 3065 2561 ecce
3095 2502 3257 2561 homo
3281 2502 3499 2573 quidam
3535 2499 3803 2572 byth-cpio

2208 2608 2231 2647 ι
2259 2608 2356 2650 cus
2381 2601 2503 2649 erat
2533 2602 2660 2650 ante
2688 2594 2858 2651 illum.
2895 2594 2964 2650 Et
2989 2595 3324 2665 respondens
3358 2590 3517 2650 Iesus
3562 2591 3710 2648 dixit
3736 2589 3804 2646 ad

2210 2702 2230 2736 ί
2260 2684 2602 2757 legisperitos
2640 2695 2696 2741 et
2743 2687 3091 2745 Pharisaeos:
3133 2688 3193 2744 Si
3237 2687 3367 2745 licet
3418 2686 3654 2742 sabbato
3702 2697 3802 2740 en-

2208 2794 2228 2829 (
2264 2778 2418 2833 rare?
2447 2779 2519 2833 At
2564 2778 2644 2834 illi
2687 2788 2994 2836 tacuerunt.
3056 2780 3176 2852 Ipse
3216 2793 3349 2836 vero
3394 2777 3803 2849 apprehensum

2207 2886 2227 2922 s
2264 2871 2475 2925 sanavit
2514 2886 2639 2927 eum
2686 2887 2751 2928 ac
2793 2873 3017 2929 dimisit.
3066 2872 3135 2930 Et
3179 2871 3511 2941 respondens
3559 2869 3629 2925 ad
3680 2867 3807 2927 illas

2208 2981 2227 3016 ι
2256 2964 2394 3020 dixit
2425 2982 2439 3019 :
2468 2964 2633 3035 Cujus
2658 2975 2898 3023 vestrum
2919 2966 3106 3023 asinus
3135 2974 3229 3023 aut
3252 2966 3350 3022 bos
3372 2966 3424 3020 in
3448 2972 3676 3036 puteum
3704 2977 3804 3019 ca-

2206 3074 2226 3109 ι
2259 3056 2368 3122 det,
2413 3065 2471 3114 et
2513 3074 2619 3114 non
2660 3059 2916 3115 continuo
2957 3060 3209 3116 extrahet
3254 3073 3378 3115 eum
3421 3057 3506 3113 die
3541 3054 3805 3117 sabbati!

2205 3168 2225 3201 ι
2270 3149 2338 3205 Et
2398 3166 2508 3207 non
2553 3158 2804 3222 poterant
2844 3152 2929 3208 -ad
2990 3151 3107 3208 haec
3159 3149 3485 3220 respondere
3532 3146 3631 3203 illi.
3696 3145 3799 3201 Di-

510 3209 642 3268 solis
665 3213 821 3312 ,._alia
848 3213 1029 3312 luntel,
1071 3216 1177 3274 alia
1213 3210 1490 3279 stellarum
1537 3221 1605 3297 (Ι
1642 3223 1762 3280 Cor.
1825 3225 1952 3299 xv),
1998 3232 2171 3303 autc
2206 3258 2226 3294 s
2261 3240 2419 3297 cebat
2468 3209 2653 3297 autem
2708 3242 2775 3298 ad
2814 3241 3071 3299 invitatos
3109 3209 3452 3312 parabolam,
3502 3237 3807 3294 intendens

511 3312 661 3362 certe
693 3305 823 3363 illud
868 3306 1121 3368 subtilius
1166 3311 1460 3381 indicatur,
1487 3315 1631 3387 quod
1660 3315 1714 3371 iu
1743 3314 1851 3372 line
1873 3325 1932 3373 et
1962 3333 2093 3375 con-

510 3397 872 3455 summatione
910 3415 1092 3458 rerum
1120 3401 1173 3458 in
1207 3404 1491 3475 pristinum
1532 3413 1732 3463 statum
1763 3409 2099 3469 restituenda

509 3484 620 3543 sint
659 3489 862 3556 omnia,
903 3492 1118 3562 quando
1149 3509 1338 3552 omnes
1368 3512 1534 3554 unum
1571 3514 1767 3569 corpus
1814 3498 2095 3571 ellicimur,

509 3584 566 3633 et
610 3576 666 3632 in
699 3580 875 3635 virum
918 3580 1213 3653 perlectum
1257 3585 1640 3658 reformamur,
1684 3600 1738 3646 et
1779 3594 1954 3649 oratio
2001 3610 2100 3664 pro

510 3666 668 3725 nobis
717 3668 1012 3729 Salvatoris
1056 3675 1310 3749 impletur
1346 3696 1359 3731 :
1403 3677 1586 3746 Pater,
1632 3682 1703 3737 da
1742 3692 1799 3738 ut
1837 3685 2099 3756 quomodo

510 3774 604 3831 ego
632 3769 683 3815 et
707 3770 764 3816 tu
806 3779 970 3820 unum
1006 3782 1209 3836 sumus,
1250 3769 1327 3827 sic
1352 3779 1401 3826 et
1435 3772 1521 3831 isti
1546 3773 1601 3827 in
1629 3774 1777 3835 nobis
1804 3792 1968 3832 unum
1992 3778 2099 3835 sint

513 3850 695 3924 (Joan.
718 3855 877 3928 xvu).

589 3943 736 4003 Unus
762 3947 1020 4006 Dominus
1049 3960 1099 4009 et
1138 3968 1245 4011 una
1274 3954 1426 4025 ﬁdes,
1465 3974 1627 4015 unum
1659 3958 1937 4032 baptisma,
1962 3976 2100 4017 unus

512 4034 654 4094 Deus
679 4050 729 4096 et
759 4039 943 4109 Pater,
971 4053 1079 4103 etc.
1109 4046 1258 4105 Unus
1298 4059 1381 4106 est
1424 4049 1702 4121 Dominus,
1733 4062 1789 4109 et
1833 4070 1973 4113 unus
2015 4062 2102 4114 est

510 4124 675 4200 Deus,
718 4135 845 4207 quia
884 4135 1062 4194 Patris
1107 4148 1165 4197 et
1198 4140 1317 4197 Filii
1346 4144 1638 4202 demutatio
1687 4162 1793 4203 una
1842 4148 2099 4205 divinitas

512 4236 618 4314 est,
648 4239 935 4302 propterea
962 4242 1017 4289 et
1047 4234 1180 4292 ﬁdes
1217 4254 1321 4294 una
1362 4241 1579 4313 dicitur,
1609 4245 1735 4314 quia
1764 4245 2013 4301 similiter
2042 4246 2099 4304 in

508 4308 747 4387 Patrem,
776 4332 830 4380 et
856 4324 909 4379 in
938 4325 1157 4395 Filium,
1178 4340 1231 4385 et
1260 4331 1314 4387 in
1344 4308 1605 4403 Spiritum
1627 4308 1888 4393 sanctum
1924 4339 2101 4395 credi-

510 4426 668 4479 mus;
697 4422 753 4470 et
773 4416 1038 4488 baptisma
1056 4437 1245 4489 unum,
1269 4427 1457 4481 eodem
1485 4428 1632 4483 enim
1662 4432 1820 4486 modo
1841 4433 1971 4489 etin
2000 4432 2102 4487 Pa-
2137 4450 2149 4460 ·

514 4509 676 4574 trem,
699 4516 753 4564 et
782 4510 837 4563 in
864 4510 1081 4578 Filium,
1115 4522 1169 4569 et
1204 4515 1259 4569 in
1287 4516 1545 4587 Spiritum
1576 4529 1823 4576 sanctum
1860 4522 2100 4593 baptiza-

2209 3351 2228 3387 (
2265 3332 2536 3401 quomodo
2576 3333 2783 3403 primos
2840 3334 3123 3391 accubitus
3171 3332 3452 3402 eligerent,
3492 3328 3691 3385 dicens
3730 3328 3806 3387 ad

2207 3440 2227 3474 (
2260 3420 2383 3476 illos
2407 3436 2421 3475 :
2450 3421 2586 3477 Cum
2610 3422 2869 3477 invitatus
2892 3422 3058 3478 fueris
3081 3422 3149 3477 ad
3176 3422 3409 3493 nuptias,
3434 3435 3539 3475 non
3558 3419 3807 3477 discum-

2208 3532 2227 3569 (
2259 3514 2435 3569 basin
2468 3515 2645 3584 primo
2682 3514 2823 3579 loco,
2856 3531 2925 3571 ne
2970 3513 3111 3569 forte
3139 3514 3454 3569 honoratior
3481 3512 3554 3568 sit
3574 3519 3627 3567 te
3653 3510 3805 3567 iuvi-

2207 3622 2226 3656 (
2260 3613 2408 3661 tatus
2432 3603 2632 3667 abillo,
2664 3612 2718 3660 et
2739 3605 2964 3661 veniens
2996 3606 3042 3659 is
3078 3605 3171 3675 qui
3201 3613 3253 3660 te
3287 3612 3343 3658 et
3376 3603 3524 3659 illum
3550 3603 3801 3669 vocavit,

2207 3714 2227 3749 (
2259 3695 2404 3752 dicat
2424 3696 2520 3752 tibi
2546 3715 2559 3751 :
2586 3697 2663 3752 Da
2687 3697 2812 3754 huic
2840 3697 3036 3764 locum,
3060 3706 3110 3753 et
3139 3705 3265 3752 tunc
3295 3696 3519 3767 incipias
3546 3711 3671 3752 cum
3706 3711 3806 3750 rn-

2207 3803 2228 3838 (
2260 3786 2394 3842 bore
2420 3786 2773 3842 novissimum
2802 3786 2979 3842 locum
3008 3797 3209 3843 tenere.
3260 3784 3365 3842 Sed
3404 3800 3527 3841 cum
3566 3794 3806 3843 vocatus

2182 3898 2227 3936 ο(
2261 3878 2455 3944 fueris,
2482 3880 2636 3944 vade,
2686 3879 2940 3935 recumbe
2985 3880 3038 3934 in
3073 3878 3367 3935 novissimo
3411 3876 3551 3943 loco,
3578 3886 3640 3934 ut
3666 3893 3805 3937 calt

2206 3987 2227 4027 ι
2263 3971 2477 4026 venerit
2502 3970 2595 4039 qui
2624 3979 2675 4027 te
2702 3970 2974 4038 invitavit,
3004 3970 3145 4027 dicat
3170 3971 3302 4027 tibi:
3328 3970 3539 4035 Amice,
3563 3971 3806 4028 ascende

2206 4083 2226 4117 ί
2259 4064 2531 4135 superius,
2576 4072 2704 4120 tunc
2729 4066 2837 4121 erit
2878 4065 2976 4121 tibi
3025 4064 3199 4136 gloria
3249 4079 3437 4121 coram
3476 4064 3638 4121 simul
3678 4065 3803 4121 dis-

2206 4174 2226 4208 (
2257 4154 2656 4221 cumbeutibus,
2696 4157 2825 4226 quia
2859 4156 3035 4213 omnis
3066 4157 3157 4226 qui
3205 4170 3266 4212 se
3300 4157 3508 4213 esaltat
3537 4155 3802 4212 humilia-

2205 4265 2226 4302 ι
2257 4247 2424 4314 bitur,
2456 4257 2512 4305 et
2538 4249 2630 4319 qui
2660 4264 2719 4304 se
2747 4249 2993 4304 bumiliat
3020 4250 3369 4305 exaltabitur.
3409 4269 3430 4305 ι

2270 4336 2402 4394 Cum
2432 4341 2651 4395 intraret
2676 4339 2834 4396 Iesus
2868 4341 2922 4396 in
2967 4342 3179 4396 domum
3222 4340 3502 4411 cujusdam
3544 4340 3800 4413 principis

2200 4429 2597 4489 Pharisa‘orum
2632 4433 2846 4488 sabbato
2885 4434 3206 4490 manducare
3236 4452 3445 4506 panem,
3478 4446 3527 4489 et
3571 4436 3673 4505 ipsi
3704 4436 3803 4492 ob-

2200 4525 2475 4580 servabant
2503 4542 2644 4590 eum,
2673 4536 2720 4580 et
2749 4543 2865 4581 ecce
2905 4527 3057 4581 homo
3086 4529 3299 4599 quidam
3323 4530 3646 4600 hydropicus
3684 4537 3801 4587 erat

512 4611 658 4663 mur,
710 4606 767 4655 et
814 4609 897 4654 ter
940 4604 1258 4679 mergimur,
1290 4616 1348 4661 ut
1378 4607 1618 4667 Trinitas
1654 4628 1819 4667 unum
1844 4624 2103 4684 appareat
2124 4610 2179 4675 ι)
2207 4625 2328 4671 ante
2368 4616 2541 4672 illam.
2590 4618 2688 4689 (Ex
2711 4616 2899 4689 Beda.)
2927 4619 3190 4692 Hydropis
3220 4622 3443 4677 morbus
3492 4623 3563 4678 ab
3591 4636 3798 4691 aquoso

512 4697 930 4790 sacramentum.
962 4692 1029 4753 Et
1055 4710 1161 4753 non
1194 4694 1534 4769 baptizamur
1574 4702 1627 4758 in
1664 4705 1969 4765 nominibus
1992 4707 2096 4764 Pa-
2198 4708 2426 4764 humore
2462 4710 2784 4765 vocabulum
2830 4711 3014 4766 trahit.
3059 4710 3246 4768 Grzece
3284 4713 3433 4767 enim
3472 4712 3613 4790 ὕδωρ
3655 4726 3799 4784 aqua

514 4779 633 4846 tris,
662 4788 715 4837 et
738 4780 882 4848 Filii,
910 4792 966 4839 et
994 4784 1229 4858 Spiritus
1271 4791 1469 4856 sancti,
1509 4794 1604 4849 sed
1634 4795 1687 4850 in
1719 4812 1826 4852 uno
1854 4802 2094 4869 nomine,
2198 4810 2444 4856 vocatur.
2472 4802 2567 4857 Est
2600 4812 2781 4859 autem
2812 4804 3006 4857 humor
3033 4804 3423 4870 subentaneus,
3457 4805 3525 4861 de
3545 4779 3681 4862 vitio
3706 4820 3797 4861 ve-

512 4873 652 4942 quod
678 4872 992 4946 intelligitur
1016 4876 1180 4935 Deus.
1213 4880 1393 4941 Potest
1428 4900 1593 4943 unum
1621 4887 1884 4961 baptisma
1928 4903 1984 4949 et
2018 4895 2097 4953 ita

513 4962 641 5027 dici,
672 4965 812 5035 quod
853 4967 980 5024 licet
1010 4979 1092 5025 ter
1138 4971 1476 5043 baptizemur
1513 4988 1735 5050 propter
1779 4987 2096 5054 mysterium

513 5058 814 5129 Trinitatis,
866 5071 1045 5121 tamen
1083 5082 1250 5123 unum
1292 5070 1560 5141 baptisma
1588 5085 1884 5145 reputatur.
1920 5078 2098 5139 Unum

511 5169 726 5226 quoque
761 5155 1027 5226 baptisma
1067 5161 1226 5215 estin
1258 5177 1421 5232 aqua,
1447 5173 1502 5220 et
1530 5167 1747 5237 spiritu,
1783 5179 1838 5225 et
1884 5171 2016 5242 igni,
2045 5180 2103 5233 et

511 5246 580 5303 de
620 5263 726 5319 quo
757 5248 1017 5307 Dominus
1044 5253 1281 5324 loquitur
1306 5274 1318 5309 :
1349 5256 1618 5330 Baptisma
1652 5262 1815 5318 habeo
1844 5264 2103 5336 baptizari

512 5336 665 5408 (Luc.
708 5340 833 5414 xu),
876 5351 934 5398 et
976 5344 1102 5401 alibi
1152 5364 1165 5399 :
1207 5346 1532 5419 Baptismate
1594 5370 1704 5409 meo
1759 5354 2101 5426 baptisamins'

512 5428 617 5501 (Ex
636 5429 818 5506 Vulg.)
841 5433 945 5503 Qui
973 5435 1262 5494 salubriter
1286 5442 1458 5496 credit
1494 5442 1548 5499 in
1581 5443 1761 5513 Patre,
1789 5452 2098 5509 necessarie

512 5523 684 5578 credit
704 5532 762 5580 et
794 5523 931 5583 Filio
957 5535 1011 5583 et
1034 5526 1256 5600 Spiritui
1283 5541 1493 5601 sancto,
1518 5550 1618 5590 nec
1645 5537 1802 5593 alicui
1826 5540 1882 5595 in
1909 5553 2097 5599 sancta

513 5612 780 5673 Trinitate
820 5623 1111 5692 separatim
1176 5626 1469 5684 credulitas
1527 5630 1848 5699 exhibetur,
1902 5637 2097 5695 unitati

512 5708 658 5763 enim
688 5711 883 5768 divina:
924 5730 1029 5771 una
1072 5718 1307 5775 servitus
1333 5719 1458 5789 jure
1485 5722 1730 5789 debetur,
1761 5726 1886 5795 quia
1914 5737 1971 5783 et
2004 5730 2097 5785 ba-

512 5799 784 5871 ptismatis
823 5804 999 5879 gratia
1035 5806 1470 5884 inseparabiliter
1506 5827 1616 5873 uno
1658 5815 1967 5878 tribuuntur
2000 5834 2099 5879 uo-

2202 4893 2329 4949 sicae
2369 4902 2546 4958 natus,
2597 4911 2720 4952 cum
2751 4894 3027 4952 inﬂatione
3069 4905 3317 4967 turgente
3345 4905 3400 4952 et
3441 4898 3689 4955 anhelitu
3717 4896 3795 4955 fe-

2202 4983 2333 5038 tido.
2360 4982 2754 5056 Propriumque
2778 4996 2859 5042 est
2884 4987 3185 5058 hydropici,
3211 4997 3414 5059 quanto
3437 4990 3614 5060 magis
3632 4991 3797 5046 abun-

2174 5074 2298 5149 ‘dat
2342 5077 2570 5134 humore
2612 5079 2955 5147 inordinata,
3014 5088 3166 5135 tanto
3217 5081 3452 5152 amplius
3506 5082 3684 5137 sitire.
3728 5080 3795 5137 Et

2203 5164 2326 5220 ideo
2358 5178 2703 5238 comparatur
2738 5169 2785 5224 ci
2825 5184 2987 5238 quem
3021 5168 3199 5225 ﬂuxus
3223 5171 3522 5228 carnalium
3554 5171 3794 5243 volupta-

2203 5261 2318 5309 tum
2346 5259 2649 5314 exuberans
2678 5270 2956 5332 aggravat.
3003 5262 3366 5332 Comparatur
3408 5265 3563 5320 diviti
3608 5279 3786 5329 avaro,

2202 5348 2297 5419 qui
2328 5359 2528 5419 quanto
2565 5359 2649 5406 est
2677 5352 2946 5422 copiosior
2990 5354 3218 5423 divitiis,
3253 5358 3454 5427 quibus
3499 5373 3609 5415 non
3657 5357 3795 5419 bene

2203 5439 2393 5503 utitur,
2425 5449 2577 5497 tanto
2604 5443 2882 5500 ardentius
2905 5447 3032 5502 talia
3062 5451 3413 5519 concupiuit.

2274 5539 2345 5595 Et
2374 5543 2688 5613 respondens
2713 5546 2869 5604 Iesus
2909 5551 3043 5605 dixit
3067 5552 3136 5607 ad
3172 5552 3497 5625 legisperitos
3517 5565 3567 5610 et
3596 5552 3792 5610 Phari-

2160 5686 2161 5693 η
2200 5635 2421 5695 swos,si
2445 5633 2562 5689 licet
2588 5637 2805 5693 sabbato
2831 5643 3060 5696 curare?
3086 5653 3138 5697 at
3180 5643 3259 5698 illi
3298 5655 3597 5700 tacuerunt.
3635 5644 3789 5712 Quod

2202 5724 2401 5779 dicitur
2422 5730 2762 5796 respondisse
2788 5731 2965 5799 Jcsus,
2995 5736 3062 5790 ad
3088 5734 3191 5791 hoc
3232 5736 3451 5806 reapicit
3479 5738 3620 5806 quod
3652 5751 3791 5806 pra:-

2202 5823 2430 5883 missum
2453 5834 2557 5896 est,
2587 5837 2644 5886 et
2661 5828 2768 5903 ipsi
2799 5829 3162 5891 observabant
3182 5846 3331 5891 eum.
3356 5832 3620 5893 Dominus
3643 5831 3791 5892 enim
