4026 6462
292 314 401 373 469

1103 318 1625 383 οοιιιιατιοιιιιε
1658 322 1730 382 ΙΝ
1754 322 2147 386 marem
2180 322 2272 385 ET
2310 326 2707 386 EVANGELIA

3474 326 3583 386 “0

293 424 447 480 novit
477 425 836 498 cogitationes
869 429 1173 501 hominum,
1216 436 1311 491 sed
1342 436 1541 494 merito
1569 436 1972 511 interrogatirA.
1994 437 2167 506 tollat,
2195 448 2255 497 et
2279 441 2499 513 quidem
2541 442 2760 499 studeat
2781 439 2936 512 juxta
2974 439 3197 499 alterius
3220 440 3586 513 lociparaho-

290 522 500 583 tacent,
532 519 623 589 qui
652 528 839 577 contra
867 538 927 578 se
960 523 1165 581 dictum
1207 527 1468 599 quidquid
1505 529 1763 598 dixerint,
1807 531 1890 589 vi-

291 606 443 663 dent.
470 608 605 664 Nam
633 610 681 667 si
705 612 829 669 licet
859 612 1084 673 sabbato
1104 632 1318 684 curare,
1347 636 1517 692 quare
1548 621 1888 681 Salvatorem

1989 533 2115 601 lam,
2134 542 2285 593 veste
2310 536 2537 609 nuptiali
2558 538 2811 604 vestitus.
2838 537 2945 595 hoc
2963 544 3070 603 est,
3085 536 3349 593 virtutum
3366 537 3587 611 irrigare

1988 645 2249 687 coruscus
2283 646 2565 704 apparere,
2603 632 2698 689 sed
2744 632 2985 705 ipsarum
3012 631 3278 690 ambitum
3310 632 3583 698 virtutum

289 714 360 755 an
387 714 543 758 curet
573 703 900 764 Observaut?
928 707 986 766 Si
1014 726 1123 767 non
1149 710 1296 781 licet,
1334 729 1504 785 quare
1527 716 1633 790 ipsi
1661 720 1899 778 sabbato
1988 721 2107 780 loco
2133 724 2339 781 devotae
2357 703 2686 782 humilitatis
2706 703 2957 786 adornet.

286 804 491 863 pecora
523 805 737 853 curant.

362 886 488 960 Ipse
534 907 652 945 vero
698 895 1079 965 apprehensum
1130 902 1338 956 sanavit
1380 919 1446 957 ac
1496 903 1716 960 dimisit.
1759 905 1889 965 Pre-

276 978 415 1035 ‘vida
445 980 847 1053 dispensatione
869 986 1127 1047 Dominus
1151 1000 1277 1048 ante
1303 994 1640 1067 legisperitos
1661 1007 1717 1055 et
1746 997 1886 1057 Pha-

288 1072 482 1130 ris:eos
510 1074 863 1148 hydropicum
892 1092 1065 1146 curat,
1097 1094 1155 1141 et
1195 1102 1323 1143 mox
1362 1096 1553 1145 contra
1597 1092 1886 1149 avaritiam

287 1162 548 1260 disputat,
578 1179 637 1225 ut
664 1171 912 1230 videlicet
932 1192 1031 1247 per
1060 1178 1220 1247 hujus
1245 1183 1615 1253 aegritudinem
1640 1189 1887 1260 corporis

288 1257 486 1351 melius
512 1264 914 1332 exprimeretur
938 1271 1201 1341 aegritudo
1246 1276 1445 1332 cordis.
1478 1257 1886 1351 Denique‘post

286 1348 458 1404 multa
510 1352 893 1424 disputationis
952 1360 1069 1431 ejus
1134 1363 1475 1423 hortamenta
1538 1348 1885 1440 subjunctum

286 1448 393 1506 est,
423 1442 711 1500 audiebant
735 1457 916 1505 autem
944 1454 1127 1510 omnia
1163 1455 1277 1513 hzec
1304 1459 1582 1529 Pharismi,
1604 1465 1698 1535 qui
1726 1475 1887 1523 erasit

285 1533 448 1630 avari
471 1536 891 1630 etgderidebaut
925 1544 1094 1602 illum.
1133 1547 1471 1623 liydropicus
1511 1533 1732 1629 quippe,
1776 1576 1886 1630 quo

284 1626 518 1697 amplius
545 1628 747 1688 biberit
779 1637 1010 1708 amplius
1044 1640 1180 1707 sitit,
1211 1653 1265 1699 et
1291 1647 1471 1704 omnis
1509 1626 1707 1707 avarus
1735 1626 1885 1710 sitim

281 1719 633 1816 multiplicat,
665 1726 758 1816 qui
790 1744 912 1784 cum
955 1746 1019 1787 ea
1046 1749 1168 1803 quae
1196 1738 1401 1807 appetit
1442 1740 1669 1815 adeptus
1693 1743 1881 1816 fuerit,

282 1808 354 1866 ad
378 1816 680 1884 appetenda
712 1814 817 1876 alia
850 1824 1085 1895 amplius
1112 1828 1352 1886 anhelat.

354 1901 425 1960 Et
453 1911 767 1980 respondens
792 1915 863 1970 ad
893 1916 1014 1973 illos
1035 1919 1171 1976 dixit
1194 1937 1214 1975 .°
1244 1923 1411 1996 Cujus
1446 1938 1673 1985 nstrum
1704 1934 1886 1990 asiam

283 2005 378 2051 aut
401 1997 491 2055 bos
513 2001 567 2057 in
586 2014 801 2074 puteum
822 2009 994 2076 cadet,
1014 2022 1066 2067 et
1087 2031 1190 2070 non
1206 2021 1459 2076 continuo
1475 2025 1714 2080 πίνακα
1732 2025 1886 2083 illum

283 2088 369 2146 die
396 2091 647 2152 sabbati?
673 2096 766 2156 Sic
790 2100 1171 2179 observatores
1201 2111 1283 2167 sui
1327 2111 1634 2174 Pharisaeos
1661 2121 1886 2180 convin-

281 2183 380 2287 cit,
407 2196 491 2287 ut-
511 2192 733 2249 eosdem
770 2198 1016 2258 avaritia:
1040 2204 1369 2264 condemnet
1394 2227 1408 2264 :
1439 2209 1499 2267 Si
1542 2228 1658 2281 vos,
1686 2213 1883 2287 inquit,

2059 816 2146 875 Ne
2166 817 2301 890 forte
2326 821 2637 877 honoratior
2660 831 2711 877 te
2734 822 2804 879 sit
2832 823 3084 881 invitatus
3104 826 3171 880 ab
3191 840 3273 889 so,
3298 832 3349 880 et
3372 823 3587 881 ueniens

1985 898 2035 968 is
2068 913 2159 984 qui
2196 923 2247 968 te
2279 922 2329 969 et
2367 912 2518 969 illum
2549 915 2771 982 vocavit,
2800 916 2941 971 dicat
2966 918 3102 973 tibi:
3134 918 3216 972 Da
3243 918 3366 972 huic
3388 916 3584 986 locum,

1987 1012 2037 1059 et
2066 1012 2190 1059 tunc
2212 1005 2429 1077 incipies
2457 1022 2575 1062 cum
2613 1006 2803 1062 rubore
2828 1007 3166 1063 muissimum
3191 1008 3363 1064 locum
3391 1010 3585 1066 tenere.

1990 1099 2337 1157 Honoratiori
2361 1110 2483 1174 post
2510 1103 2734 1158 invitato
2756 1101 2936 1158 locum
2963 1101 3059 1158 dat
3083 1104 3193 1169 ille,
3215 1103 3308 1175 qui
3329 1105 3398 1159 de
3427 1102 3589 1174 longe

1991 1206 2103 1249 suae
2131 1195 2564 1251 conversationis
2607 1193 2932 1251 cdnlidtmtiu
2968 1194 3219 1252 securior
3248 1195 3441 1262 tactus,
3465 1190 3591 1251 vitae

1990 1287 2208 1343 illorum
2232 1289 2324 1358 qui
2348 1302 2411 1345 se
2453 1286 2507 1343 in
2535 1287 2755 1344 Christo
2781 1288 2953 1344 secuti
2995 1294 3146 1352 sunt,
3174 1287 3417 1357 agilitate
3438 1294 3590 1358 prte-

1989 1378 2117 1435 isur.
2144 1378 2353 1435 Etcum
2379 1379 2576 1436 rubore
2597 1378 2951 1435 advissimum
2976 1378 3154 1435 locum
3178 1380 3345 1443 tenet,
3369 1377 3588 1447 quasillo

1990 1470 2060 1527 de
2088 1469 2217 1527 aliis
2231 1471 2456 1528 meliora
2485 1472 2837 1544 mouens,
2876 1470 3139 1541 quimuid
3166 1469 3235 1525 de
3273 1478 3370 1525 sua
3396 1475 3592 1540 spars-

1990 1564 2140 1621 tione
2180 1566 2390 1622 celsum
2436 1566 2707 1622 sentiebat
2751 1558 3017 1626 bumiliat,
3061 1560 3251 1619 dicens
3287 1568 3415 1618 eum
3454 1557 3592 1618 Pro-

1980 1657 2155 1726 pheta
2202 1674 2216 1712 :
2249 1656 2425 1729 Egens
2453 1666 2572 1713 sunt
2614 1668 2732 1731 ego,
2770 1670 2821 1713 et
2860 1658 2915 1712 in
2950 1656 3222 1712 laboribus
3267 1666 3301 1710 ιι
3318 1655 3595 1727 iuventute

1990 1766 2107 1804 mea
2140 1769 2161 1808 :
2206 1749 2472 1807 excitatus
2510 1758 2689 1808 autem
2729 1750 3041 1807 humiliatus
3088 1765 3211 1806 sum
3250 1760 3301 1805 et
3338 1749 3597 1807 missu

1904 1832 1965 1911 ιδ
1994 1841 2170 1915 (Psat.
2196 1840 2469 1916 uxx'vu).

2065 1934 2173 1992 δή
2192 1949 2312 1990 cum
2337 1942 2551 1990 vomas
2577 1934 2742 2004 fueris
2768 1932 2840 1988 ad
2870 1934 3104 2005 nuptias,
3153 1933 3303 2000 esse,
3352 1922 3595 1988 recusatis

1988 2032 2049 2087 in
2072 2031 2354 2086 novissimo
2377 2030 2513 2085 loco.
2537 2028 2753 2096 Quanto
2787 2036 3021 2099 magnus
3044 2036 3127 2093 es,
3159 2026 3367 2096 inquit,
3407 2024 3592 2080 humi-

1988 2122 2060 2178 ita
2088 2132 2151 2180 te
2165 2124 2218 2177 in
2238 2122 2510 2179 omnibus.
2539 2121 2607 2177 Et
2628 2116 2916 2176 Psalmista
2933 2118 3197 2190 gtoriatur
3220 2134 3235 2173 :
3264 2114 3595 2172 ﬂammatus

1983 2228 2109 2270 sunt
2128 2224 2523 2286 usquequaque,
2550 2211 2796 2278 Domine,
2824 2210 3029 2280 eiuiﬁca’
3061 2218 3144 2263 me
3171 2207 3454 2264 secundum
3482 2209 3595 2261 ver-

281 2274 338 2331 in
356 2279 605 2377 sabbato
633 2286 846 2343 asinum
885 2300 983 2346 aut
1021 2293 1238 2363 bovem,
1276 2308 1373 2356 aut
1417 2301 1563 2361 aliud
1607 2274 1889 2376 quodlibet

1990 2304 2114 2360 bum
2139 2274 2289 2360 tuum
2307 2274 2486 2377 lPsal.
2508 2274 2732 2377 resvm),
2763 2274 3049 2358 muniteste
3074 2300 3390 2370 signiﬁcans
3426 2298 3503 2353 ita
3532 2308 3596 2354 se

279 2371 501 2478 animal.
533 2374 591 2431 in
629 2388 852 2478 puteum
888 2382 1148 2444 decidens
1187 2390 1403 2461 eripere
1446 2371 1735 2463 festinatis,
1773 2414 1883 2458 non

278 2559 461 2658 magis
496 2576 596 2658 ego
636 2562 934 2637 hominem,
979 2574 1074 2643 qui
1117 2577 1286 2635 multo
1321 2582 1515 2639 melior
1539 2594 1626 2641 est
1660 2559 1879 2658 pecore,

277 2644 455 2747 debeo
499 2651 772 2713 liberare?
815 2660 1297 2741 cumqu
1342 2644 1702 2747 ιιγιηορεουιὲι
1760 2644 1882 2738 sui:

276 2741 433 2839 mali,
459 2749 619 2839 Aquod
658 2751 856 2809 cecidit
879 2755 935 2812 in
962 2768 1209 2830 puteum,
1263 2741 1616 2839 comparavit,
1649 2772 1882 2835 humore

275 2836 424 2893 enim
458 2837 759 2913 laborabat,
789 2847 935 2904 sicut
975 2851 1121 2909 illam
1162 2836 1447 2918 mulierem
1492 2836 1656 2935 quam
1686 2866 1879 2926 decem

276 2937 339 3030 et
362 2939 485 2987 octo
507 2935 665 3030 annis
687 2938 963 3012 alligatam
991 2945 1264 3017 dixerant,
1290 2961 1347 3008 et
1369 2953 1441 3010 ab
1466 2957 1657 3014 eadem
1684 2960 1879 3030 alliga-

277 3023 434 3124 tione
453 3027 716 3087 solvebat.
746 3032 1098 3107 Comparavit
1120 3041 1394 3114 jumento,
1434 3052 1578 3119 quod
1622 3023 1875 3124 solvitur,

275 3125 341 3172 ut
367 3119 435 3174 ad
478 3135 673 3192 aquam
721 3125 1050 3197 ducatur,“
1091 3134 1233 3193 bene
1279 3147 1511 3211 utroque
1536 3142 1656 3201 loco
1681 3119 1879 3205 bovem

1984 2412 2021 2453 ιι
2048 2397 2277 2454 Domino
2303 2412 2465 2469 posse
2501 2394 2789 2464 viviﬁcari,
2826 2396 2877 2452 si
2905 2392 2973 2452 de
3009 2391 3594 2464 suis'ipse‘virtutihus

1987 2492 2217 2560 humilia
2241 2491 2490 2547 sentiret.

2060 2582 2131 2639 Ut
2156 2584 2497 2640 surripuerit
2514 2582 2605 2656 qui
2631 2590 2683 2637 te
2707 2576 3026 2645 insitaseiit,
3054 2578 3197 2633 dicat
3223 2577 3320 2632 tibi
3340 2590 3360 2631 :
3388 2576 3605 2644 Amice,

1983 2677 2217 2745 munde
2243 2677 2508 2748 superius.
2564 2670 2795 2731 Veniens
2828 2668 3290 2743 ’Dominus'quem
3331 2668 3596 2725 humilem

1983 2772 2277 2837 invenerit,
2309 2771 2485 2826 amice
2514 2768 2731 2825 nomine
2751 2765 3091 2831 beatificsns,
3122 2765 3374 2836 superius
3399 2778 3593 2820 ascen-

1981 2865 2113 2921 dere
2140 2862 2441 2935 prtecipiet.
2472 2858 2786 2932 Quicume
2813 2858 2951 2914 enim
2985 2854 3337 2913 humiliorem
3356 2868 3435 2919 se.
3455 2853 3595 2910 sicut

1979 2956 2234 3031 parvulus
2267 2957 2354 3012 hic
2404 2962 2484 3012 est
2532 2953 2710 3026 major
2757 2950 2816 3006 in
2861 2952 3022 3023 regno
3072 2947 3324 3005 caelorum
3370 2945 3591 3021 (Matth.

1979 3062 2164 3108 ινιιι).

2230 3143 2330 3197 erit
2365 3140 2463 3197 tibi
2493 3139 2666 3213 gloria
2705 3148 2885 3194 eorum
2922 3134 3082 3194 simul
3120 3132 3586 3192 distunibtdttbttt.

273 3211 462 3281 posuit
482 3223 537 3268 et
558 3216 792 3285 asinum,
824 3221 952 3291 quia
973 3223 1091 3281 sive
1116 3228 1389 3299 sapientes
1415 3246 1661 3307 quosque
1699 3246 1755 3295 et
1780 3241 1878 3298 be-
1905 3230 1955 3300 (ἶ
1985 3230 2218 3290 Pulchre
2245 3233 2471 3297 dicitur,
2498 3211 2654 3289 tunc
2684 3232 2791 3288 erit
2815 3230 2912 3288 tibi
2941 3231 3137 3303 gratia,
3178 3241 3246 3283 ne
3270 3238 3415 3282 nunc
3440 3234 3593 3296 qtae-

273 3300 455 3402 betes,
492 3305 607 3363 sive
631 3318 691 3366 ut
732 3326 897 3384 supra
924 3315 1133 3375 dictum
1161 3330 1266 3389 est,
1299 3300 1592 3398 utrumque
1618 3330 1877 3402 populum

274 3394 577 3491 signiﬁcari
602 3405 925 3474 sentiamus,
965 3422 1094 3466 eum
1140 3414 1394 3474 videlicet
1416 3394 1571 3491 cujus
1607 3394 1879 3481 cervicem

268 3485 463 3561 iugum
487 3491 623 3563 legis
664 3498 896 3567 attrivit,
937 3509 1251 3574 atquecum
1275 3525 1438 3582 quem
1463 3485 1689 3585 quilibet
1719 3518 1880 3573 sedu-

274 3588 402 3639 ctor
425 3588 650 3658 reperit,
678 3592 834 3661 quasi
861 3594 1086 3652 brutum
1124 3600 1343 3668 animal,
1372 3612 1431 3659 et
1458 3604 1619 3660 nulla
1666 3608 1879 3665 ratione

271 3678 543 3747 renitens,
567 3696 678 3752 quo
702 3684 872 3742 voluit
897 3702 1088 3763 errore
1123 3692 1426 3765 subtraxit,
1454 3708 1649 3756 omnes
1679 3698 1876 3758 Salva-

273 3778 369 3827 tor
395 3773 689 3833 adveniens
733 3778 952 3848 Sam
998 3782 1231 3842 vinculis
1279 3789 1555 3858 astriutos‘,
1586 3803 1776 3848 ornnes
1820 3794 1877 3849 in

272 3862 393 3920 imo
416 3869 869 3938 concupiscentiae
890 3882 1058 3945 puteo
1084 3877 1354 3936 dimersos
1382 3881 1607 3938 invenit.
1636 3882 1753 3940 Non
1792 3891 1879 3941 est

269 3956 427 4049 enim
473 3959 752 4018 distinctio
782 3981 795 4018 :
833 3964 1031 4024 Ouum
1071 3971 1211 4025 enirn
1249 3981 1591 4044 peccaverant
1628 3980 1680 4032 et
1728 3986 1879 4049 egent

267 4044 450 4143 gloria
493 4049 613 4107 Dei.
641 4051 935 4124 ludiﬁcati
980 4062 1147 4129 gratis
1194 4077 1288 4133 per
1331 4069 1558 4135 gratiam
1586 4044 1879 4143 ipsius'per

269 4135 705 4216 redemptionem,
726 4165 845 4219 quae
866 4162 941 4205 est
966 4154 1025 4207 in
1054 4152 1259 4210 Christo
1278 4156 1411 4214 Iesu
1437 4135 1617 4233 (Rom.
1642 4163 1750 4235 ιιι).

351 4235 569 4292 Dicebat
595 4251 772 4296 autent
806 4254 855 4297 et
878 4244 948 4298 ad
979 4246 1221 4303 inritatos
1239 4251 1568 4320 parabolas»,
1602 4255 1875 4315 intendens

267 4331 539 4402 quomodo
560 4334 757 4405 primos
790 4338 1062 4394 accubitus
1088 4340 1360 4412 eligerent,
1401 4345 1583 4400 dicens
1618 4345 1690 4401 ad
1714 4346 1834 4404 illos
1855 4361 1876 4403 :

271 4419 415 4477 Cum
453 4423 699 4483 inuitatus
735 4429 899 4498 [acris
933 4432 1003 4486 ad
1052 4435 1286 4506 nuptias,
1327 4450 1429 4491 non
1473 4438 1773 4497 discuntbas
1820 4442 1877 4500 in

268 4517 452 4589 primo
478 4516 611 4573 loco.
642 4520 845 4592 Aperte
873 4524 1093 4593 quidem
1133 4527 1202 4581 ad
1250 4528 1487 4587 litteram
1517 4541 1602 4589 εει
1630 4534 1746 4592 haec
1781 4535 1879 4592 ad-

1984 3336 2109 3382 rere
2139 3325 2384 3397 incipias,
2417 3324 2562 3396 quod
2591 3323 2687 3381 tibi
2713 3331 2966 3379 servatur
2991 3321 3047 3376 in
3087 3319 3214 3384 line,
3258 3319 3405 3388 quia,
3449 3310 3591 3373 sicut

1985 3416 2251 3475 Salomon
2286 3417 2362 3472 ait
2392 3435 2407 3471 :
2441 3413 2742 3472 Hereditas
2778 3414 2850 3469 ad
2873 3429 3031 3487 quam
3062 3411 3345 3482 festinatur
3368 3410 3423 3463 in
3444 3408 3594 3480 prin-

1984 3513 2143 3585 cipio,
2159 3513 2216 3568 in
2237 3513 2516 3569 novissimo
2537 3509 2894 3567 benedictione
2912 3506 3107 3563 carebit
3132 3500 3313 3579 (Prov.
3339 3503 3457 3574 xx).
3480 3494 3590 3558 Po-

1982 3610 2094 3661 test
2128 3612 2309 3661 autem
2342 3605 2398 3660 in
2439 3604 2545 3660 hac
2589 3603 2702 3658 vita
2750 3599 3002 3672 intelligi,
3050 3598 3145 3671 qui
3189 3599 3243 3655 ln
3292 3597 3591 3653 noVi‘ssimo

1983 3694 2107 3752 loco
2130 3695 2455 3752 recumbens
2480 3693 2759 3751 invenitur
2792 3688 3022 3747 Domino
3048 3689 3297 3746 veniente
3332 3680 3591 3744 sublima-

1984 3790 2094 3846 tiis.
2127 3786 2267 3857 Quia
2295 3786 2539 3859 quotidie
2564 3784 2829 3843 Dominus
2851 3794 2979 3841 snas
3004 3780 3221 3854 nuptias
3244 3781 3429 3846 intrat,
3455 3789 3591 3849 quo-

1983 3883 2118 3940 tidie
2144 3894 2346 3949 mares,
2387 3880 2564 3945 sedes,
2598 3877 2820 3936 habitus
2866 3874 3271 3934 convivantium
3306 3872 3588 3946 diiudicat,

1982 3982 2041 4031 et
2084 3973 2350 4045 superbos
2393 3972 2721 4042 despiciens,
2760 3964 3059 4026 humilibus
3099 3974 3243 4036 Saepe
3286 3973 3434 4019 tanta
3476 3964 3592 4021 suis

1984 4066 2210 4138 spiritus
2249 4078 2476 4120 munera
2505 4070 2750 4136 praestat,
2785 4071 2846 4118 ut
2891 4072 2987 4116 eos
3027 4057 3223 4114 merito
3267 4054 3427 4111 simul
3472 4053 3589 4111 dis-

1983 4158 2380 4224 cumbentium,
2420 4158 2524 4214 hoc
2564 4165 2670 4222 est,
2718 4156 2773 4229 in
2822 4154 2927 4210 ﬁde
2972 4151 3368 4224 quiescentium
3412 4154 3592 4204 caelus

1983 4253 2240 4311 minima
2264 4251 2623 4307 admiratione
2643 4245 2931 4321 gloriﬁcet,
2960 4255 3291 4315 stupensque
3320 4242 3373 4297 in
3402 4250 3591 4298 aucto-

1985 4348 2064 4404 ris
2117 4348 2201 4401 sui
2252 4344 2616 4400 laudationem
2656 4340 2907 4412 prosiliat
2946 4340 3132 4396 dicens
3172 4354 3187 4395 :
3229 4335 3364 4391 Mjlii
3410 4328 3597 4391 autem

1985 4441 2141 4498 nimi:
2172 4436 2502 4509 honori/icati
2526 4445 2647 4492 sunt
2683 4435 2845 4491 amici
2870 4434 2967 4501 tui,
2991 4432 3153 4497 Deus,
3186 4432 3341 4487 nimis
3376 4429 3591 4496 confor-

1980 4542 2127 4588 tatus
2153 4540 2229 4588 est
2250 4531 2575 4604 principatus
2604 4538 2786 4584 eorum
2810 4522 2986 4600 (Psal.
3011 4522 3298 4596 cxxxvm).

269 4609 509 4665 monitio
537 4610 853 4682 Salvatoris,
901 4617 1102 4674 demus
1152 4620 1530 4693 humilitatem,
1562 4643 1668 4685 non
1698 4629 1872 4687 solum
1900 4610 1957 4673 Β
2056 4641 2199 4710 Quia
2227 4642 2396 4696 omnis
2423 4640 2513 4712 qui
2556 4657 2612 4696 se
2657 4638 2855 4695 exaltat
2904 4636 3289 4702 Ituntiliabitur,
3327 4643 3376 4691 et
3411 4636 3503 4708 qui
3530 4651 3589 4693 ss

270 4704 423 4773 apud
450 4705 638 4771 Deum.
667 4710 765 4765 sed
803 4711 968 4767 etiam
998 4713 1139 4784 apud
1179 4716 1425 4775 homines
1468 4732 1588 4777 esse
1628 4721 1874 4781 laudabi-

268 4795 410 4854 lem.
444 4798 549 4856 Sed
573 4804 829 4872 quoniam
859 4805 1000 4862 hanc
1037 4807 1381 4881 Evengelista
1407 4828 1515 4869 non
1545 4813 1745 4872 frustra
1772 4833 1873 4889 pa-

270 4890 528 4950 rabolam
566 4906 749 4962 vocat,
787 4897 1026 4957 breviter
1054 4900 1371 4961 intuendum
1403 4908 1532 4979 quid
1562 4912 1728 4966 etiam
1760 4929 1878 4986 my-

270 4983 421 5042 stice
452 4986 648 5059 signet.
692 4989 919 5063 Nuptias
967 4994 1228 5065 appellari
1272 4994 1477 5055 Christi
1523 5011 1578 5058 et
1617 4983 1877 5061 Ecclesia:

270 5076 720 5147 conjunctionem
757 5087 941 5144 multis
978 5088 1112 5146 locis
1138 5102 1384 5163 apparet,
1416 5108 1448 5149 e
1481 5097 1679 5167 quibus
1707 5116 1877 5156 unum

269 5177 370 5228 est
399 5185 414 5225 :
449 5170 705 5246 Nunquid
727 5188 942 5248 possunt
972 5179 1079 5250 ﬁlii
1110 5183 1414 5254 nuptiarum
1446 5186 1680 5258 quandiu
1720 5206 1878 5261 spon-

267 5281 376 5321 sus
406 5283 529 5323 cum
564 5269 675 5326 illis
702 5281 777 5327 est
791 5271 1043 5343 jejuuare
1076 5274 1290 5347 (Matth.
1317 5278 1437 5351 Ix)?
1457 5279 1654 5341 Aliud:
1688 5282 1878 5342 Simile

270 5355 487 5413 factum
531 5370 617 5417 est
659 5377 884 5434 regnum
931 5366 1195 5422 caelorum
1224 5370 1430 5425 homini
1459 5371 1590 5444 regi,
1622 5374 1714 5444 qui
1749 5373 1880 5432 fecit

274 5453 508 5523 nuptias
534 5455 646 5510 lilio
672 5469 796 5523 suo,
824 5464 881 5512 et
907 5457 1056 5514 misit
1083 5470 1273 5516 servos
1296 5476 1426 5518 suos
1456 5472 1650 5520 vocare
1681 5464 1879 5523 invita-

275 5552 374 5599 tos
400 5545 468 5600 ad
498 5546 736 5617 nuptias.
769 5546 879 5603 llas
915 5560 1049 5619 ergo
1086 5551 1305 5620 nuptias
1340 5554 1584 5623 quisquis
1614 5554 1874 5614 invitatus

279 5639 508 5707 adierit,
544 5642 599 5697 id
624 5650 710 5699 est
734 5642 988 5700 Ecclesia:
1015 5660 1075 5700 se
1099 5645 1359 5702 membris
1389 5646 1509 5704 ﬁdei
1539 5652 1712 5722 gratia
1743 5669 1875 5710 con-

272 5727 547 5801 iunxerit,
584 5749 692 5791 non
719 5735 1027 5792 discumbat
1055 5737 1109 5792 in
1135 5738 1313 5809 primo
1342 5738 1483 5806 loco,
1513 5743 1613 5797 hoc
1634 5753 1738 5812 est,
1766 5764 1875 5805 non

285 5840 357 5884 se
381 5825 1199 5917 “nmmum-quasi
1224 5830 1509 5896 sublimior
1532 5842 1879 5904 exterisex'é

1981 4733 2226 4790 humiliut
2266 4730 2606 4788 cxaltabitur.
2656 4732 2724 4787 Et
2749 4747 2814 4787 ex
2856 4732 2959 4787 hac
2986 4730 3354 4796 conclusione,
3410 4729 3590 4787 mani-

1981 4826 2122 4883 feste
2148 4827 2327 4890 docet,
2359 4824 2759 4895 praecedentem
2808 4824 3019 4880 Domini
3052 4840 3359 4882 sermonem
3406 4824 3587 4897 typice

1984 4919 2413 4991 intelligendum.
2445 4916 2633 4988 Neque
2660 4918 2804 4974 enim
2835 4935 2958 4974 mox
2984 4921 3163 4975 omnis
3198 4918 3291 4989 qui
3315 4933 3374 4975 se
3396 4932 3587 4975 coram

1982 5011 2295 5069 hominibus
2321 5010 2545 5077 exultat,
2590 5010 2982 5078 humiliahitur,
3007 5021 3102 5067 aut
3129 5012 3223 5083 qui
3264 5026 3324 5067 se
3364 5014 3423 5066 in
3447 5026 3582 5067 con-

1979 5112 2171 5178 spectu
2202 5103 2485 5159 hominum
2511 5102 2784 5170 bumiliat,
2814 5104 3145 5160 exaltabitur
3182 5106 3252 5161 ab
3280 5106 3379 5162 eis.
3415 5102 3527 5161 Sed
3550 5121 3584 5162 υ

1981 5196 2259 5254 contrario
2286 5210 2696 5267 nonnunquam,
2719 5196 2812 5267 qui
2837 5210 2895 5252 se
2920 5198 3005 5252 vel
3027 5196 3079 5251 in
3107 5204 3260 5267 apice
3279 5195 3605 5265 dignitatis,

1980 5286 2069 5342 vel
2090 5287 2144 5341 in
2167 5285 2272 5341 alia
2293 5284 2531 5357 qualibet
2555 5286 2886 5369 acquirenda
2917 5287 3088 5361 gloria
3115 5287 3381 5351 sublevat,
3410 5301 3583 5357 usque

1982 5379 2040 5436 in
2068 5378 2227 5435 linem
2250 5378 2479 5434 exaltari
2504 5396 2612 5435 non
2636 5389 2834 5437 cessat.
2863 5380 3128 5436 Similiter
3148 5387 3203 5434 et
3223 5377 3443 5435 humilis
3459 5378 3582 5450 qui-

1980 5468 2116 5526 libet
2136 5486 2201 5525 ac
2224 5470 2583 5537 verecundus,
2613 5472 2667 5526 in
2691 5486 2810 5537 sua,
2833 5486 2940 5541 qua
2967 5478 3255 5526 contentus
3278 5477 3383 5536 est,
3407 5483 3583 5542 usque

1984 5562 2056 5619 ad
2082 5562 2208 5621 vita:
2237 5563 2527 5619 terminum
2572 5565 2946 5620 mediocritate
2989 5572 3324 5635 perseverat.
3363 5564 3432 5621 Et
3460 5566 3582 5623 ideo

1985 5657 2111 5729 quia
2136 5657 2290 5729 juxta
2314 5658 2563 5713 veritatis
2590 5657 2936 5723 sententiam,
2959 5659 3136 5714 omnis
3158 5658 3252 5729 qui
3278 5674 3339 5716 se
3365 5660 3580 5717 incaute

1987 5752 2056 5809 de
2099 5752 2311 5808 meritis
2348 5751 2561 5835 allevat,
2586 5750 2981 5835 ihumiiiab‘itur
3020 5766 3053 5807 a
3096 5751 3347 5821 Domino,
3389 5760 3445 5810 et
3485 5753 3577 5825 qui

1984 5834 2213 5925 protide
2241 5860 2301 5906 se
2335 5832 2405 5907 de
2430 5841 2729 5907 benefactis
2752 5832 3005 5910 hutniliat
3027 5846 3357 5912 exaltabitur
3381 5848 3449 5910 ab
3486 5865 3575 5922 eo,

2750 6016 2801 6032 ον·-
2838 6024 2847 6030 ι
2951 6006 3010 6035 4
