4026 6494
384 774 416 862 ‘i

469 352 566 411 471

1761 335 2117 398 SMARAGDI
2149 334 2442 396 ABBATIS

3647 336 3758 400 τη

471 478 526 531 in
549 467 796 530 eumdem
844 463 1032 540 procul
1065 461 1230 520 dubio
1278 473 1495 519 sensum
1521 458 1838 531 praemissus
1873 471 2053 512 sermo
2079 457 2133 520 Α
2159 475 2180 510 ι
2224 459 2332 513 ritu
2358 465 2519 515 vocat
2545 469 2670 512 eum
2697 453 3012 521 Dominum,
3044 451 3232 511 dicens
3257 473 3272 510 :
3305 453 3450 513 Dixit
3474 454 3763 518 Dominus

470 562 869 635 Redemptoris,
899 573 1008 632 quo
1035 558 1242 630 primos
1264 557 1321 612 in
1341 557 1544 628 nuptiis
1574 554 1854 611 accubitus
1885 552 2056 624 quaeri

437 704 442 710 .
469 664 638 724 vetat,
668 652 937 727 congruit.

633 766 1055 829 HEBDOMADA
1091 765 1215 822 XIX
1253 762 1430 820 POST
1467 760 1888 818 PENTECOST.

472 879 729 921 EPISTOLA
785 876 944 917 ΒΕΔΤΙ
999 874 1156 915 PAULI
1219 851 1475 914 APOSTOLI
1532 872 1600 911 AD
1651 868 1968 910 CORINTHIOS
2013 868 2055 921 1,

1195 944 1312 984 CAP.
1365 944 1407 982 Ι.

546 1043 567 1078 s
610 1022 827 1080 Gratias
851 1037 953 1093 ago
978 1021 1091 1075 Deo
1111 1034 1232 1075 meo
1255 1031 1470 1088 semper
1487 1030 1589 1086 pro
1608 1015 1777 1082 vobis,
1808 1016 1863 1070 in
1885 1017 2058 1087 gratia

475 1135 496 1170 ι
539 1130 661 1188 quae
687 1115 816 1172 data
834 1121 919 1170 est
943 1112 1098 1168 vobis
1122 1111 1174 1166 in
1203 1109 1422 1167 Christo
1445 1107 1594 1173 Jesu,
1621 1109 1748 1178 quia
1786 1109 1843 1162 in
1884 1108 2060 1164 omni-

475 1222 496 1258 ι
540 1205 643 1262 bus
671 1205 866 1260 divites
895 1201 1024 1258 facti
1050 1201 1182 1257 estis
1205 1200 1258 1254 in
1286 1199 1397 1264 illo,
1443 1199 1498 1254 in
1532 1200 1678 1254 omni
1703 1199 1871 1254 verbo
1910 1206 1966 1253 et
2003 1199 2059 1253 in

474 1315 496 1350 ι
540 1298 689 1354 omni
714 1294 962 1362 scientia,
985 1294 1124 1350 sicut
1152 1292 1518 1348 testimonium
1540 1291 1742 1348 Christi
1773 1291 2060 1346 conﬁrma—

474 1405 497 1444 s
540 1399 653 1446 tum
678 1395 763 1444 est
789 1387 845 1442 in
869 1387 1044 1451 vobis,
1075 1385 1148 1440 ita
1192 1393 1253 1439 ut
1299 1383 1434 1439 nihil
1463 1385 1619 1439 vobis
1662 1384 1803 1439 desit
1850 1384 1903 1438 in
1949 1383 2060 1439 ulla

473 1497 497 1534 ι
539 1481 737 1555 gratia,
778 1478 1214 1548 exspectantibus
1244 1475 1626 1531 revelationem
1648 1475 1861 1530 Domini
1889 1475 2059 1530 nostri

475 1589 498 1625 s
540 1570 668 1628 Jesu
690 1570 916 1627 Christi.
939 1569 1043 1637 Qui
1066 1577 1123 1624 et
1141 1567 1486 1624 conﬁrmabit
1507 1581 1606 1622 vos
1625 1582 1797 1636 usque
1812 1567 1866 1621 in
1895 1567 2060 1622 ﬁnem

475 1687 495 1721 ι
538 1667 657 1724 sine
697 1667 924 1723 crimine
981 1667 1037 1721 in
1073 1667 1163 1722 die
1199 1666 1461 1722 adventus
1488 1664 1699 1720 Domini
1733 1665 1901 1720 nostri
1930 1663 2060 1720 Jesu

447 1776 498 1823 .s
539 1757 762 1814 Christi.
813 1778 831 1810 ι

2163 567 2182 603 ι
2227 551 2453 606 Domino
2479 565 2630 615 meo,
2662 549 2788 604 sede
2825 563 2857 603 a
2883 548 3092 604 dextris
3135 549 3293 604 meis.
3325 549 3506 607 Donec
3543 567 3763 622 ponam

2163 661 2183 695 ι
2229 642 2476 697 inimicos
2543 650 2700 708 tuos,
2765 639 3059 696 scabellum
3107 640 3308 710 pedum
3374 650 3614 700 tuomm.
3694 645 3761 702 Si

2163 752 2183 786 ι
2227 749 2356 804 ergo
2390 734 2556 789 David
2592 741 2750 789 vocat
2785 747 2908 788 eum
2947 733 3259 801 Dominum,
3298 737 3572 805 quomodo
3608 737 3766 794 ﬁlius

2163 847 2182 881 ι
2227 827 2344 897 ejus
2372 828 2496 883 est?
2533 826 2601 882 Et
2629 842 2789 882 nemo
2815 833 3029 897 poterat
3055 827 3385 896 respondere
3415 828 3467 884 ei
3493 830 3766 896 verbum,

2165 939 2185 974 ι
2229 936 2404 991 neque
2431 935 2593 976 ausus
2616 918 2717 974 fuit
2735 920 3024 990 quisquam
3051 935 3118 975 ex
3146 918 3239 974 illa
3257 920 3342 975 die
3362 937 3489 976 eum
3514 921 3767 992 amplius

2167 1032 2184 1066 ι
2231 1014 2587 1083 interrogare.
2619 1031 2638 1065 ι

2229 1106 2567 1160 Accesserant
2590 1103 2659 1158 ad
2682 1103 2863 1158 Iesum
2878 1101 3185 1169 Sadducwi,
3210 1112 3258 1157 et
3274 1103 3618 1174 interrogavit
3637 1121 3766 1158 eum

2159 1216 2294 1253 unus
2323 1214 2386 1252 ex
2405 1199 2479 1253 eis
2507 1198 2634 1268 legis
2655 1197 2855 1262 doctor,
2887 1205 3089 1250 tentans
3119 1213 3237 1250 cum
3261 1210 3279 1247 :
3309 1195 3585 1264 Magister,
3615 1197 3766 1268 quod

2159 1304 2234 1350 est
2263 1295 2571 1350 mandatum
2599 1310 2847 1364 magnum
2875 1293 2928 1346 in
2951 1292 3080 1363 lege,
3113 1292 3246 1347 etc.?
3276 1291 3374 1362 (Ex
3401 1289 3599 1362 Beda.)
3634 1293 3767 1348 Pri-

2161 1402 2307 1440 mum
2342 1385 2582 1440 omnium
2610 1400 2716 1439 non
2744 1399 2842 1453 pro
2870 1383 3082 1446 ordine,
3115 1383 3208 1437 sed
3237 1398 3338 1452 pro
3374 1383 3644 1454 dignitate
3673 1384 3765 1438 in-

2159 1477 2337 1549 tellige
2362 1478 2596 1541 dictum,
2630 1475 2684 1530 id
2713 1484 2830 1541 est,
2867 1474 3164 1528 maximum
3198 1474 3440 1528 omnium
3480 1475 3603 1529 sive
3647 1475 3764 1544 pri-

2161 1585 2327 1624 mum.
2351 1568 2486 1636 Quia
2510 1577 2636 1623 ante
2656 1567 2836 1622 omnia
2857 1566 3117 1620 debemus
3143 1565 3336 1621 intimo
3366 1566 3419 1620 in
3448 1566 3624 1621 corde
3652 1567 3766 1622 sin-

2159 1661 2304 1732 guli,
2351 1659 2508 1730 quasi
2554 1659 2776 1714 unicum
2813 1657 3032 1727 pietatis
3079 1656 3489 1711 fundamentum
3545 1657 3761 1713 locare.

2161 1755 2305 1826 Ergo
2331 1754 2566 1824 primum
2613 1752 2855 1807 omnium
2901 1759 2957 1805 et
2985 1751 3283 1805 maximum
3331 1751 3654 1806 mandatum
3681 1760 3767 1808 est

541 1847 754 1905 Gratias
782 1865 880 1920 ago
913 1848 1024 1903 Deo
1061 1865 1175 1903 meo
1209 1864 1412 1918 semper
1446 1864 1541 1919 pro
1581 1847 1748 1913 vobis,
1792 1847 1847 1901 in
1888 1846 2060 1918 gratia
2087 1832 2135 1892 Β
2163 1843 2399 1916 cognitio
2421 1851 2584 1913 atque
2609 1840 2880 1898 confessio
2907 1842 3101 1896 divinae
3114 1841 3359 1907 unitatis,
3383 1857 3505 1896 cum
3532 1858 3766 1899 exsecu-

469 1939 572 1996 Dei
595 1956 712 2012 quce
740 1941 865 1994 data
903 1949 979 1995 est
1004 1940 1146 1995 vobis
1172 1939 1226 1994 in
1257 1937 1464 1994 Christo
1504 1937 1655 1993 Iesu.
1703 1937 1920 1994 Gratias
1944 1938 2061 2007 qui-

470 2031 592 2086 dem
621 2045 742 2102 ago,
787 2029 931 2099 quod
971 2029 1183 2085 habetis
1213 2030 1498 2084 scientiam
1523 2037 1751 2085 matrem
1773 2029 2058 2093 virtutum,

450 2119 565 2187 sed
589 2120 711 2176 volo
731 2135 827 2176 vos
855 2120 1020 2186 scire,
1047 2121 1190 2191 quod
1236 2121 1327 2175 illa
1362 2121 1435 2176 sit
1473 2136 1603 2176 vera
1649 2121 1896 2185 scientia,
1941 2133 2061 2189 qua:

469 2214 524 2267 in
556 2213 860 2267 animorum
903 2213 1112 2268 unitate
1159 2211 1474 2278 concordat,
1515 2222 1578 2268 ut
1617 2213 1774 2278 solet,
1824 2213 2060 2283 primum

450 2305 617 2372 ‘molli
648 2305 864 2376 eloquio
885 2314 1168 2376 provocat,
1198 2316 1252 2362 et
1278 2307 1470 2361 blanda
1502 2307 1660 2363 laude
1688 2306 1962 2362 sollicitat.

541 2400 681 2466 Quia
704 2401 762 2455 in
787 2401 1026 2456 omnibus
1053 2402 1237 2457 divites
1260 2401 1391 2472 facti
1427 2404 1552 2458 estis
1591 2404 1647 2458 in
1684 2401 1798 2457 illo.
1839 2401 1953 2457 Hoc
1981 2402 2062 2458 di-

468 2493 637 2549 cendo
661 2493 949 2562 Apostolus
973 2495 1208 2551 ostendit
1240 2510 1355 2563 eos,
1383 2496 1599 2566 quando
1625 2496 1691 2551 ad
1713 2497 1873 2552 ﬁdem
1901 2495 2061 2551 Chri-

469 2586 536 2640 sti
553 2596 926 2652 accesserunt,
953 2588 1100 2643 omni
1130 2589 1302 2660 gratia
1334 2597 1463 2644 tunc
1485 2604 1606 2644 esse
1632 2587 1851 2653 ditatos,
1879 2588 1933 2642 id
1953 2595 2058 2654 est,

459 2677 717 2745 omnibus
773 2676 1088 2742 virtutibus,
1147 2678 1408 2748 sapientia
1429 2719 1443 2744 ,
1498 2693 1619 2749 qua:
1674 2679 1964 2748 prophetas
2007 2687 2063 2732 et

467 2768 674 2824 amicos
705 2767 802 2822 Dei
833 2767 1131 2822 constituit.

535 2854 604 2911 In
624 2857 765 2910 omni
788 2857 938 2910 verbo
969 2867 1016 2911 et
1042 2857 1097 2912 in
1130 2858 1272 2912 omni
1312 2859 1553 2914 scientia.
1595 2858 1653 2914 Id
1679 2867 1783 2925 est,
1817 2868 1930 2915 tam
1953 2862 2060 2917 Ve-

467 2948 602 3020 teris
633 2947 987 3015 Testamenti,
1039 2964 1202 3018 quam
1252 2949 1387 3005 Novi
1425 2951 2055 3017 eruditione,'dicendo:

466 3040 668 3095 Divites
692 3039 820 3110 facti
844 3042 987 3106 estis,
1011 3049 1066 3096 et
1089 3042 1352 3110 addendo,
1379 3042 1448 3098 In
1476 3045 1619 3098 omni
1648 3044 1797 3099 verba
1819 3055 1867 3099 et
1890 3045 2062 3100 scien-

466 3135 562 3199 tia,
592 3135 646 3188 in
673 3149 781 3205 quo
805 3143 986 3190 essent
1012 3135 1228 3202 divites,
1249 3137 1530 3192 evidenter
1551 3138 1816 3193 ostendat.

537 3224 687 3280 Sicut
713 3227 1067 3281 testimonium
1096 3227 1294 3283 Christi
1320 3228 1690 3296 conﬁrmatum
1713 3239 1786 3285 est
1811 3231 1864 3284 in
1890 3230 2050 3287 vobis.

463 3314 522 3371 ld
549 3323 652 3379 est,
672 3317 951 3387 utriusque
972 3317 1266 3374 voluminis
1293 3326 1711 3384 sacramentum,
1737 3321 1878 3390 quod
1901 3319 2055 3376 Chri-

461 3409 530 3464 sti
575 3407 662 3464 vel
690 3411 1054 3480 prophetavit,
1097 3411 1184 3466 vel
1223 3411 1459 3467 ostendit
1503 3411 1813 3476 adventum,
1851 3411 1918 3466 de
1946 3428 2054 3482 quo

461 3497 536 3553 ait
563 3517 577 3554 :
611 3497 748 3564 Quia
776 3502 943 3554 omnis
973 3501 1146 3555 scriba
1178 3501 1363 3555 doctus
1392 3500 1578 3555 similis
1621 3510 1694 3556 est
1733 3502 1933 3556 homini
1956 3520 2054 3573 pa-

459 3587 783 3658 trifamilias,
808 3591 897 3662 qui
921 3591 1120 3661 profert
1149 3591 1214 3645 de
1237 3593 1482 3646 thesauro
1517 3609 1612 3646 suo
1637 3609 1768 3647 nova
1802 3602 1851 3645 et
1878 3602 2054 3648 vetera

462 3678 682 3752 (Matth.
717 3681 841 3751 xu),
869 3697 991 3751 quae
1027 3683 1364 3740 credentium
1403 3687 1567 3742 corda
1598 3686 1939 3742 conﬁrmant.

534 3769 620 3824 Ita
644 3778 701 3825 ut
733 3771 861 3826 nihil
899 3773 1039 3827 vobis
1080 3773 1212 3828 desit
1243 3775 1298 3829 in
1337 3774 1448 3828 ulla
1481 3777 1673 3846 gratia.
1719 3776 1872 3832 Sicut
1907 3765 2054 3834 ~dicit

462 3856 755 3914 Salomon:
799 3857 1056 3917 Venerunt
1088 3864 1219 3918 mihi
1247 3865 1424 3919 omnia
1452 3864 1612 3920 simul
1639 3883 1755 3921 cum
1777 3884 1839 3922 ea
1864 3865 2047 3940 (Prov.

460 3949 692 4022 ultimo),
728 3952 781 4006 id
809 3961 914 4018 est,
938 3970 1062 4009 cum
1098 3957 1384 4025 sapientia.
1473 4029 1475 4031 ι

531 4041 970 4113 Exspectantibus
1013 4046 1402 4115 revelationem,
1446 4058 1552 4106 etc.
1599 4050 1725 4107 Ideo
1767 4053 2051 4108 revelatio-

459 4148 583 4187 nem
629 4133 800 4200 dixit,
846 4135 968 4205 quia
1024 4153 1167 4193 nunc
1212 4139 1322 4194 vita
1375 4149 1564 4195 nostra
1613 4142 1926 4198 abscondita
1967 4151 2054 4200 est

461 4239 584 4280 cum
607 4225 842 4294 Christo,
859 4242 980 4299 qua:
1005 4239 1131 4286 tunc
1151 4233 1509 4303 corporaliter
1538 4235 1681 4290 illius
1705 4237 1886 4292 saeculi
1904 4253 2053 4294 reve-

460 4313 677 4372 labitur.

535 4405 640 4471 Qui
669 4418 717 4463 et
755 4411 1084 4481 conﬁrmabit
1125 4431 1232 4480 vos,
1275 4425 1379 4471 etc.
1424 4416 1576 4472 Sicut
1620 4420 1694 4473 ait
1736 4419 2048 4491 Propheta:

2165 1935 2310 1990 tione
2350 1935 2504 1990 home
2533 1933 2886 2004 operationis.
2907 1933 3087 1987 oBona
3130 1941 3314 1988 autem
3343 1935 3590 2002 operatio
3621 1935 3762 1990 dile-

2161 2029 2341 2082 ctione
2369 2026 2465 2082 Dei
2489 2035 2545 2081 et
2572 2025 2803 2096 proximi
2830 2025 3128 2096 perﬁcitur,
3168 2025 3311 2096 quod
3344 2025 3588 2080 breviter
3636 2026 3764 2082 aliis

2162 2118 2344 2174 verbis
2395 2115 2740 2172 commendat
2792 2115 3086 2187 Apostolus
3141 2117 3329 2172 dicens
3377 2115 3492 2170 :In
3545 2113 3760 2170 Christo

2161 2211 2297 2263 enim
2325 2208 2361 2262 Ι
2364 2225 2454 2263 esu
2483 2224 2645 2278 neque
2667 2208 2993 2261 circumcisio
3022 2206 3222 2278 aliquid
3249 2205 3406 2273 valet,
3429 2223 3594 2278 neque
3614 2225 3761 2278 prcr-

2161 2303 2402 2371 putium,
2455 2300 2545 2354 sed
2587 2299 2719 2368 ﬁdes
2744 2339 2760 2365 ,
2813 2316 2932 2370 qua
2974 2313 3067 2370 per
3110 2298 3444 2353 dilectionem
3483 2309 3759 2370 operatur.

2161 2393 2409 2450 Ostendit
2457 2407 2525 2447 ex
2571 2391 2678 2446 hac
2725 2395 3076 2461 respousxbne
3113 2390 3308 2446 scribae
3353 2406 3580 2462 gravem
3614 2408 3761 2463 sape

2162 2487 2304 2542 inter
2333 2485 2552 2540 Scribas
2597 2486 2654 2538 et
2673 2476 2974 2539 Pharisams
3007 2482 3359 2554 quaestionem
3397 2500 3520 2541 esse
3566 2500 3760 2540 versa-

2164 2588 2295 2644 tam,
2327 2578 2470 2649 quod
2499 2585 2643 2633 esset
2686 2577 3004 2632 mandatum
3044 2577 3281 2647 primum
3308 2578 3424 2632 sive
3453 2578 3760 2634 maximum

2162 2672 2357 2728 divinze
2385 2669 2539 2740 legis.
2581 2668 2914 2737 Quibusdam
2941 2668 3193 2724 videlicet
3223 2669 3434 2724 hostias
3461 2679 3520 2725 et
3549 2672 3762 2727 sacriﬁ-

2162 2768 2244 2824 cia
2273 2765 2636 2833 laudantibus,
2661 2765 2782 2822 aliis
2808 2781 2940 2822 vero
2966 2767 3171 2837 majore
3192 2769 3521 2824 auctoritate
3543 2769 3674 2824 ﬁdei
3705 2778 3762 2826 et

2162 2857 2469 2915 dilectionis
2512 2871 2678 2927 opera
2723 2857 3139 2927 praeferentibus
3164 2899 3180 2924 ,
3231 2873 3298 2914 eo
3342 2860 3488 2930 quod
3533 2860 3760 2930 plurimi

2160 2958 2376 3022 patrum
2405 2958 2531 3006 ante
2557 2949 2735 3023 legem
2777 2949 2982 3022 absque
3007 2951 3154 3007 omni
3193 2951 3543 3006 victimarum
3585 2962 3641 3008 et
3665 2968 3761 3007 sa-

2162 3043 2489 3100 criﬁciorum
2517 3045 2909 3100 consuetudine
2945 3059 3012 3100 ex
3054 3043 3158 3100 ﬁde
3196 3052 3403 3100 tantum
3429 3087 3446 3112 ,
3491 3062 3616 3117 qua:
3659 3061 3761 3117 per

2161 3135 2509 3191 dilectionem
2535 3145 2791 3206 operatur
2817 3135 3095 3207 placerent
3113 3137 3247 3204 Deo,
3279 3139 3590 3209 summique
3613 3139 3762 3209 apud

2162 3229 2339 3300 ipsum
2363 3227 2467 3285 loci
2491 3229 2843 3284 haberentur.
2875 3227 3044 3285 Nemo
3073 3238 3257 3285 autem
3280 3246 3521 3300 unquam
3549 3232 3762 3302 absque

2156 3319 2263 3376 ﬁde
2293 3335 2358 3376 ac
2386 3320 2673 3377 dilectione
2699 3335 2798 3390 per
2828 3321 3145 3377 holocausta
3175 3322 3352 3379 solum
3381 3332 3436 3378 et
3479 3321 3760 3380 sacriﬁcia

2157 3412 2267 3466 Deo
2300 3411 2568 3483 placuisse
2602 3411 2974 3480 inveniretur,
3023 3413 3079 3468 in
3105 3429 3213 3484 qua
3249 3416 3519 3470 sententia
3563 3415 3756 3472 scriba

2157 3506 2259 3562 iste
2290 3507 2457 3560 etiam
2479 3521 2538 3560 se
2559 3505 2727 3562 fuisse
2765 3506 3082 3563 declaravit.

2225 3594 2312 3650 Ait
2339 3596 2418 3651 illi
2446 3595 2604 3653 Iesus
2631 3616 2645 3652 :
2673 3597 2872 3669 Diliges
2886 3598 3169 3654 Dominum
3185 3599 3354 3654 Deum
3382 3608 3530 3654 tuum
3556 3617 3623 3654 ex
3643 3609 3757 3655 toto

2155 3687 2310 3741 corde
2331 3696 2451 3753 tuo,
2480 3697 2528 3742 et
2553 3704 2618 3742 ea:
2644 3696 2753 3742 tota
2789 3690 2970 3744 anima
2997 3700 3109 3755 tua,
3141 3699 3192 3746 et
3216 3691 3272 3744 in
3303 3700 3414 3745 tota
3439 3703 3609 3744 mente
3633 3700 3755 3757 tua,

2155 3778 2252 3832 hoc
2273 3788 2348 3832 est
2367 3779 2675 3845 maximum,
2693 3786 2799 3835 etc.
2820 3780 3291 3852 (ExAug.)Totam
3318 3782 3755 3853 magnitudinem

2155 3869 2562 3944 etlatitudinem
2587 3869 2892 3926 divinorum
2916 3872 3258 3944 eloquiorum
3281 3890 3470 3930 secura
3504 3873 3757 3945 possidet

2155 3959 2415 4026 charitas,
2450 3975 2558 4030 qua
2594 3961 2764 4017 Deum
2787 3964 3207 4035 proximumque
3234 3965 3525 4037 diligimus.
3579 3968 3755 4023 Docet

2155 4066 2254 4106 nos
2275 4051 2420 4106 enim
2451 4052 2692 4110 cmlestis
2711 4071 2853 4110 unus
2878 4056 3138 4127 magister
3154 4058 3357 4114 etdicit
3380 4077 3392 4114 :
3425 4058 3626 4131 Diliges
3641 4059 3756 4116 Do-

2155 4143 2356 4196 minum
2371 4141 2539 4198 Deum
2566 4152 2714 4198 tuum
2743 4156 2927 4202 extoto
2947 4149 3102 4203 corde
3129 4159 3239 4215 tuo,
3265 4157 3369 4207 etc.
3399 4150 3458 4207 Si
3484 4167 3614 4223 ergo
3639 4166 3753 4210 non

2155 4238 2313 4286 vacat
2351 4246 2544 4288 omnes
2571 4234 2872 4305 scripturas
2914 4247 3132 4294 sanctas
3171 4243 3528 4311 perscrutari,
3564 4242 3750 4300 omnia

2156 4323 2435 4380 involucra
2453 4341 2765 4382 sermonum
2790 4327 2956 4401 (quod
2982 4331 3218 4388 volvitur
3245 4335 3393 4390 enim
3422 4338 3748 4411 scrutatur),

2153 4417 2337 4471 omnia
2382 4419 2775 4489 scripturarum
2806 4429 3018 4477 secreta
3046 4434 3357 4494 penetrare,
3411 4436 3540 4486 tene
3566 4430 3749 4486 chari-

461 4493 730 4607 C‘onﬁrma
759 4519 841 4607 me
864 4502 920 4556 in
945 4499 1110 4558 verbis
1148 4507 1272 4559 tuis.
1307 4506 1375 4559 Et
1425 4506 1551 4561 illud
1580 4526 1591 4560 :
1627 4507 1894 4577 Conﬁrma
1929 4511 2048 4578 hoc,
2077 4547 2130 4607 Β
2157 4515 2323 4563 tatem
2358 4509 2447 4564 ubi
2477 4510 2713 4579 pendent
2743 4513 2927 4568 omnia
2950 4554 2964 4579 ,
3010 4493 3086 4569 ita
3136 4517 3348 4573 tenebis
3380 4519 3523 4589 quod
3555 4520 3628 4576 ibi
3671 4522 3749 4577 di-

462 4585 626 4654 Deus,
660 4578 800 4660 quod
825 4603 1070 4662 operatus
1104 4612 1158 4648 es
1187 4596 1241 4649 in
1270 4595 1435 4650 nobis.

764 4697 1102 4740 EVANGELIUI
1138 4701 1422 4753 ΜΑΤΤΠᾸΞΙ,
1454 4702 1572 4743 CAP.
1602 4705 1738 4744 XXII.

487 4786 494 4791 ·
539 4792 558 4825 ‹
600 4775 964 4833 Accesserunt
985 4780 1052 4835 ad
1081 4778 1266 4836 Iesum
1312 4779 1614 4849 Sadducrei,
1661 4793 1714 4839 et
1752 4785 2055 4859 interroga-

475 4886 495 4920 ‹
541 4869 621 4924 vit
646 4885 771 4925 eum
785 4886 930 4927 unus
953 4887 1020 4928 ex
1044 4874 1122 4930 eis
1141 4874 1278 4945 legis
1293 4876 1499 4942 doctor,
1532 4885 1914 4934 tentanseum:
1945 4881 2055 4935 Ma-

473 4977 495 5012 s
539 4960 721 5030 gister,
760 4963 904 5033 quod
946 4971 1030 5019 est
1065 4967 1376 5022 mandatum
1407 4984 1658 5039 magnum
1698 4971 1752 5024 in
1781 4970 1937 5040 lege?
1962 4971 2055 5026 Ait

467 5068 487 5102 s
533 5050 610 5105 illi
637 5050 834 5110 Jesus:
874 5055 1074 5128 Diliges
1101 5057 1386 5115 Dominum
1417 5063 1585 5118 Deum
1615 5074 1788 5125 tuum.
1835 5081 1902 5119 ex
1935 5072 2050 5120 toto

464 5160 487 5195 ι
529 5145 691 5200 corde
722 5153 845 5212 tuo,
874 5155 929 5201 et
955 5164 1022 5203 ex
1049 5158 1162 5204 tota
1199 5153 1376 5206 anima
1408 5162 1494 5208 tua
1519 5196 1532 5220 ,
1563 5156 1696 5210 etin
1726 5163 1837 5210 tota
1868 5163 2050 5212 mente

463 5251 486 5286 ι
529 5242 641 5291 tua.
672 5235 784 5293 Hoc
807 5246 890 5293 est
916 5241 1151 5310 primum
1184 5252 1238 5297 ct
1264 5246 1558 5300 maximum
1588 5248 1924 5302 mandatum.
1958 5247 2051 5306 Se-

465 5342 484 5376 ‹
529 5327 764 5382 cundum
789 5337 968 5384 autem
996 5332 1169 5387 simile
1193 5343 1276 5387 est
1317 5335 1442 5391 huic
1473 5356 1484 5390 :
1519 5338 1716 5408 Diliges
1739 5339 2049 5408 proximum

462 5429 484 5466 ι
529 5421 684 5471 tuum
701 5417 850 5498 sicut
880 5422 1129 5491 teipsum.
1171 5422 1228 5476 In
1260 5424 1324 5479 iis
1351 5426 1560 5482 duobus
1592 5429 1894 5495 mandatis,
1922 5429 2046 5483 uni-

465 5515 687 5562 s'versa
732 5508 817 5565 lex
855 5514 1051 5581 pendet
1081 5523 1136 5567 et
1175 5513 1477 5586 Propheta.
1531 5516 1887 5590 Congregatis
1918 5536 2046 5591 ergo

464 5613 485 5646 α
529 5594 854 5666 Ριιοιδίετείε,
897 5603 1248 5674 interrogavit
1296 5622 1389 5662 eos
1415 5605 1592 5672 Jesus,
1644 5611 1866 5665 dicens:
1909 5613 2046 5680 Quid

463 5705 482 5738 ι
531 5688 686 5742 vobis
708 5683 941 5746 'videtur
977 5695 1041 5749 de
1066 5695 1304 5769 Christo,
1347 5699 1500 5769 cujus
1525 5699 1667 5753 ﬁlius
1692 5701 1821 5756 est?
1855 5702 2050 5757 Dicunt

426 5796 483 5831 -ι
530 5778 601 5845 ei,
633 5778 822 5837 David.
861 5779 956 5876 Ait
981 5783 1123 5875 mn:
1173 5768 1451 5855 Quomodo
1477 5804 1608 5866 ergo
1635 5789 1807 5848 David
1847 5791 1904 5848 in
1939 5793 2051 5865 spi-

2156 4599 2357 4665 dicisti,
2381 4601 2588 4657 tenebis
2614 4603 2780 4658 etiam
2802 4605 2947 4675 quod
2970 4607 3211 4662 nondum
3232 4609 3488 4666 didicisti.
3521 4610 3578 4668 Si
3602 4614 3747 4669 enim

2156 4691 2298 4747 nosti
2345 4692 2666 4751 charitatem
2691 4736 2706 4761 ,
2751 4695 2956 4768 aliquid
2995 4699 3140 4755 nosti
3177 4701 3323 4756 unde
3360 4710 3416 4757 et
3443 4703 3576 4758 illud
3614 4721 3749 4774 pen-

2157 4783 2248 4838 det
2288 4783 2433 4853 quod
2470 4783 2608 4840 forte
2640 4801 2749 4840 non
2778 4789 2959 4855 nosti,
3005 4798 3063 4845 et
3092 4791 3147 4845 in
3175 4806 3242 4846 eo
3271 4794 3416 4863 quod
3461 4795 3749 4866 scripturis

2158 4872 2414 4944 intelligis
2458 4875 2698 4931 charitas
2735 4886 2907 4946 patet.
2957 4879 3050 4935 Ille
3086 4882 3269 4953 itaque
3301 4892 3471 4948 tenet,
3514 4893 3570 4941 et
3604 4886 3748 4957 quod

2158 4971 2342 5034 patet,
2373 4973 2431 5020 et
2455 4967 2598 5035 quod
2626 4967 2756 5022 latet
2784 4969 2838 5024 in
2873 4971 3072 5026 divinis
3098 4975 3463 5040 sermonibus,
3494 4978 3589 5047 qui
3617 4978 3748 5034 cha-

2157 5058 2373 5114 ritatem
2401 5068 2544 5115 tenet
2567 5061 2621 5116 in
2649 5063 2906 5128 moribus,
2937 5072 2992 5119 et
3014 5064 3117 5120 hoc
3143 5074 3262 5120 est:
3296 5067 3608 5123 Breviatum
3637 5085 3748 5124 ser-

2156 5169 2361 5208 monem
2387 5152 2545 5224 faciet
2571 5155 2831 5212 Dominus
2863 5175 3020 5230 super
3046 5168 3262 5214 terram.

2228 5240 2568 5314 Congregatis
2594 5256 2768 5300 autem
2784 5244 3095 5316 Pharisteis,
3126 5250 3466 5322 interrogavit
3487 5270 3576 5308 eos
3590 5253 3745 5309 Iesus

2155 5331 2373 5386 dicens:
2421 5333 2562 5400 Quid
2592 5335 2734 5390 vobis
2778 5337 2984 5414 videtur
3021 5340 3085 5394 de
3119 5339 3352 5408 Christo,
3404 5343 3557 5413 cujus
3599 5345 3744 5415 ﬁlius

2157 5425 2277 5478 est?
2312 5424 2412 5498 (Ex
2453 5427 2698 5501 Hieron.)
2747 5430 2847 5498 Qui
2876 5433 2946 5486 ad
2972 5435 3290 5490 tentandum
3312 5434 3499 5492 Jesum
3520 5437 3746 5496 fuerant

2158 5518 2490 5587 congregati,
2539 5528 2594 5574 et
2615 5521 2898 5578 veritatem
2931 5524 3271 5582 fraudulenta
3315 5528 3746 5603 interrogatione

2155 5628 2348 5682 capere
2380 5615 2714 5684 nitebantur,
2751 5622 3093 5677 occasionem
3119 5625 3467 5693 prtebuerunt
3498 5627 3745 5682 confuta-

2155 5705 2290 5760 tioni
2325 5723 2462 5774 suze,
2496 5709 3002 5784 interroganturque
3023 5715 3098 5782 de
3121 5715 3337 5772 Christo
3359 5756 3374 5782 ,
3405 5717 3743 5788 cujus‘lilitts

2091 5881 2097 5884 -
2154 5797 2271 5852 sit?
2321 5798 2681 5876 Interrogatio
2732 5802 2860 5860 Jesu
2909 5803 3064 5890 nobis
3109 5804 3323 5877 proﬁcit
3354 5821 3538 5888 usque
3581 5807 3748 5866 hochc
