4026 6468
224 351 340 411 ιτδ

1025 349 1541 414 COLLECTIONES
1576 353 1643 412 IN
1680 349 2058 413 EPISTOLAS
2095 351 2185 414 ET
2223 355 2636 417 EVANGELIA.

3376 353 3481 420 m

225 480 422 529 contra
447 468 680 530 Iudaeos.
707 473 776 530 Et
792 474 849 531 hi
873 474 1039 540 enim,
1063 477 1154 545 qui
1180 473 1507 532 conﬁtentur
1527 473 1802 530 Christum
1828 473 1882 535 Α
1903 479 1958 526 et
1982 487 2150 529 onera
2177 482 2234 530 et
2251 475 2484 541 vincula,
2502 474 2697 546 quibus
2719 473 3028 550 alligantur,
3051 489 3219 534 onera
3231 477 3484 549 spiritua-

223 578 351 619 esse
387 574 674 619 venturum
705 564 978 620 hominem
1005 565 1304 637 simplicem
1333 581 1396 621 ac
1421 573 1688 631 sanctum,
1717 577 1810 619 ve-
1849 589 1855 595 -
1907 563 2032 620 liter
2057 566 2398 638 intelligenda
2426 569 2553 623 sint.

223 674 350 714 rum
397 667 650 715 asserunt
675 660 740 713 de
777 674 973 731 genere
999 658 1188 714 David.
1237 659 1636 730 lnterrogemus
1677 673 1806 728 ergo

220 765 322 806 eos
350 749 492 806 docti
519 767 549 806 a
579 751 826 816 Domino,
858 751 902 806 si
934 751 1160 821 simplex
1187 752 1349 806 homo
1381 759 1486 816 est,
1516 759 1571 805 et
1597 759 1802 805 tantum

221 839 372 897 ﬁlius
415 841 610 906 David,
663 842 930 912 quomodo
965 841 1130 896 David
1176 850 1336 897 vocat
1361 857 1485 897 eum
1513 840 1801 896 Dominum

220 935 424 992 suum?
468 934 586 990 Non
613 935 816 990 erroris
849 935 1086 1000 incerto,
1117 949 1216 990 nec
1240 934 1462 1005 propria
1501 931 1799 999 voluntate,

221 1029 319 1084 sed
347 1029 400 1083 in
428 1025 632 1096 Spiritu
662 1036 868 1082 sancto.

293 1139 488 1195 Dicunt
531 1141 620 1194 ei:
664 1139 854 1194 David.
897 1139 982 1192 Ait
1018 1138 1123 1194 illis
1148 1153 1167 1192 :
1206 1136 1511 1205 Quomodo,
1560 1145 1665 1194 etc.
1697 1137 1800 1210 (Ex

218 1232 412 1304 Beda.)
445 1232 561 1288 Non
579 1242 756 1287 autem
779 1232 1264 1302 reprehenduntur,
1294 1233 1420 1303 quia
1434 1230 1601 1286 David
1628 1230 1798 1285 ﬁlium

219 1323 442 1389 dicunt,
494 1323 588 1379 sed
611 1324 733 1392 quia
765 1323 860 1382 Dei
889 1321 1056 1376 ﬁlium
1077 1337 1184 1378 non
1214 1323 1462 1378 credunt.
1517 1320 1798 1392 Siquidem

220 1415 338 1487 ipse
365 1423 421 1473 et
455 1415 715 1472 Dominus
753 1415 922 1471 David
951 1424 1054 1481 est,
1088 1417 1229 1472 Deus
1257 1425 1382 1472 ante
1412 1425 1653 1488 tempora
1682 1432 1798 1472 ma-

216 1507 416 1572 nendo,
455 1514 512 1562 et
547 1505 688 1561 ﬁlius
716 1506 884 1560 David
912 1507 1181 1575 apparuit,
1208 1507 1370 1561 homo
1402 1507 1454 1560 in
1493 1514 1796 1576 temporum

217 1598 326 1652 ﬁne
353 1599 643 1654 nascendo.
678 1597 832 1666 Quod
855 1606 1032 1652 autem
1061 1614 1090 1652 a
1117 1606 1270 1667 patre
1300 1598 1661 1668 subjiciuntur
1690 1597 1793 1652 ini-

214 1690 345 1746 mici
369 1731 385 1757 ,
426 1706 532 1746 non
559 1689 928 1745 inﬁrmitatem
957 1689 1090 1755 ﬁlii,
1127 1690 1219 1745 sed
1249 1689 1514 1745 unitatem
1564 1700 1787 1756 naturae,

213 1785 342 1855 quia
370 1784 423 1838 in
450 1784 621 1840 altero
646 1783 784 1840 alter
804 1794 1078 1854 operatur,
1101 1784 1388 1856 signiﬁcat.
1414 1784 1548 1839 Nam
1569 1792 1624 1839 et
1649 1784 1792 1842 ﬁlius

214 1872 432 1944 subiicit
461 1875 708 1932 inimicos
734 1877 910 1947 patri,
942 1877 1064 1945 quia
1096 1885 1306 1946 patrem
1335 1877 1600 1932 clariﬁcat
1628 1893 1792 1947 super

213 1973 439 2022 tenam.
473 1964 612 2023 Sede
662 1983 694 2022 a
743 1967 948 2023 dextris
980 1967 1138 2034 meis,
1165 1975 1272 2024 etc.

283 2079 394 2153 (Ex
418 2078 602 2152 Fulg.)
632 2079 732 2136 Hic
755 2080 926 2136 sessio
950 2079 1298 2135 stabilitatem
1328 2079 1614 2148 signiﬁcat.
1651 2080 1790 2150 Apte

212 2173 356 2227 enim
383 2171 496 2228 ﬁlio
527 2181 649 2244 post
693 2173 962 2243 passionis
997 2173 1237 2228 laborem
1267 2173 1502 2229 dicitur:
1536 2172 1706 2240 Sede,
1735 2173 1790 2230 id

211 2272 296 2320 est
341 2265 520 2320 victor
559 2265 614 2320 in
658 2265 868 2336 gloria;
922 2283 955 2320 a
997 2264 1232 2328 dextris,
1283 2279 1390 2318 non
1438 2262 1652 2328 locum,
1693 2263 1789 2319 sed

209 2356 574 2426 aequalitatem
602 2357 773 2427 patris
799 2355 1086 2426 signiﬁcat.
1138 2356 1318 2410 Donec
1340 2371 1438 2424 pro
1465 2368 1679 2424 semper
1714 2355 1792 2409 in-

208 2449 421 2504 ﬁnitum
454 2448 764 2518 signiﬁcat,
813 2456 874 2502 ut
919 2446 1090 2502 illud:
1143 2447 1314 2502 donec
1351 2447 1648 2501 senescatis
1688 2459 1788 2516 ego

206 2554 362 2605 sum,
411 2554 475 2594 ac
511 2539 556 2594 si
593 2539 834 2594 diceret:
874 2538 952 2593 Tu
985 2553 1197 2608 semper
1235 2538 1384 2604 sede,
1424 2537 1548 2607 quia
1577 2551 1790 2607 semper

207 2629 414 2684 inimici
454 2631 554 2685 sub
591 2630 818 2700 pedibus
866 2630 973 2684 tuis
1011 2629 1368 2700 subjicientur
1392 2669 1406 2694 ,
1445 2630 1609 2699 pedes
1639 2627 1786 2683 enim

208 2719 425 2776 Domini
477 2719 564 2775 vel
616 2720 918 2776 incarnatio
1013 2719 1099 2776 vel
1150 2721 1252 2791 ipsi
1302 2719 1527 2790 apostoli
1584 2719 1784 2774 intelli-

207 2819 424 2883 guntur.

278 2903 348 2958 Et
378 2921 526 2959 nemo
551 2913 753 2976 poterat
775 2907 1083 2976 respondere
1102 2907 1151 2961 ei
1175 2907 1403 2973 verbum,
1436 2923 1598 2980 neque
1621 2923 1784 2963 ausus

207 2995 310 3065 fuit
335 2997 610 3067 quisquam
629 3013 692 3051 ex
713 2997 828 3064 illa,
852 3007 956 3053 etc.
982 2998 1240 3055 Pharisaei
1262 2998 1609 3055 etSadducmi
1638 3015 1786 3070 qua:-

208 3097 389 3144 rentes
412 3089 753 3145 occasionem
780 3090 1060 3145 calumnia:
1077 3131 1091 3157 ,
1120 3100 1175 3146 et
1202 3092 1424 3146 verbum
1452 3091 1669 3162 aliquod
1700 3091 1784 3146 in-

205 3185 411 3251 venire,
460 3185 604 3255 quod
645 3193 855 3255 pateret
884 3185 1130 3252 insidiis,
1177 3187 1302 3256 quia
1353 3185 1408 3240 in
1444 3186 1783 3243 sermonibus
1809 3191 1855 3255 C

205 3279 467 3336 confutati
505 3287 673 3347 sunt,
721 3280 863 3335 ultra
891 3294 998 3334 non
1027 3281 1390 3351 interrogant,
1424 3281 1519 3335 sed
1556 3281 1786 3350 apertis-

204 3373 342 3429 sime
371 3375 800 3443 conprehensum
827 3371 1086 3427 Romana:
1131 3373 1350 3427 tradunt
1376 3373 1666 3442 potestati,
1715 3389 1785 3430 ex

203 3486 315 3541 quo
342 3470 693 3543 intelligimus
719 3485 928 3526 venena
955 3471 1170 3526 invidia:
1191 3486 1350 3542 posse
1386 3471 1603 3541 quidem
1627 3486 1786 3542 supe-

203 3562 340 3628 rari,
369 3561 462 3618 sed
488 3562 704 3619 dillicile
725 3563 1130 3633 conquiescere.

230 3698 232 3701 ·
278 3675 422 3731 Tunc
447 3677 603 3732 Jesus
629 3677 834 3731 locutus
871 3686 946 3731 est
976 3677 1045 3730 ad
1074 3677 1254 3732 turbas
1292 3686 1342 3733 et
1382 3678 1453 3732 ad
1499 3677 1783 3750 discipulos

200 3787 344 3834 suos,
377 3771 587 3837 dicens,
621 3781 726 3827 etc.
763 3771 902 3839 Quid
941 3773 1292 3836 mansuetius,
1345 3772 1470 3842 quid
1496 3772 1783 3845 benignius

199 3860 450 3928 Domino,
487 3871 723 3918 tentatur
750 3878 781 3916 a
804 3861 1106 3927 Pharisaeis,
1137 3861 1552 3933 conl‘ringuntur
1574 3865 1782 3920 insidia:

199 3969 424 4020 eorum,
465 3963 520 4008 et
554 3955 847 4009 secundum
883 3953 1260 4009 PsalmiStam:
1293 3953 1512 4024 Sagitta:
1534 3955 1781 4026 parvulo-

198 4061 323 4098 rum
349 4044 503 4114 facta
528 4054 647 4099 sunt
676 4043 845 4114 plaga:
866 4061 1045 4098 eorum
1082 4041 1253 4116 (Psal.
1291 4044 1468 4115 Lxm),
1499 4054 1554 4100 et
1587 4046 1782 4102 nihilo.

195 4138 384 4194 minus
427 4145 650 4208 propter
691 4135 1051 4191 sacerdotium
1082 4144 1137 4190 et
1179 4137 1414 4192 nominis
1456 4137 1780 4208 dignitatem

198 4229 453 4284 hortatur
470 4227 718 4297 populos,
743 4235 802 4280 ut
823 4225 1176 4296 subjiciantur
1213 4226 1314 4290 eis,
1341 4242 1446 4281 non
1473 4242 1656 4296 opera,
1686 4229 1781 4284 sed

197 4320 507 4378 doctrinam
553 4317 976 4373 considerantes.
1023 4315 1176 4383 Quod
1217 4324 1398 4371 autem
1443 4318 1557 4371 ait:
1611 4319 1782 4389 Super

193 4411 504 4469 cathedram
531 4407 667 4463 Mosi
695 4407 937 4462 sederunt
967 4405 1165 4463 Scriba:
1191 4416 1241 4462 et
1264 4407 1546 4472 Pharisaei,
1573 4425 1671 4479 per
1693 4423 1781 4465 ca-

191 4502 449 4559 thedram
475 4500 778 4555 doctrinam
808 4499 942 4570 legis
967 4498 1223 4569 ostendit,
1253 4513 1384 4570 ergo
1402 4507 1456 4553 et
1481 4499 1608 4554 illud
1634 4500 1779 4569 quod

1954 655 2169 712 .Omnia
2189 674 2307 713 vero
2336 675 2493 728 opera
2523 675 2623 714 sua
2651 664 2877 730 faciunt,
2909 669 2966 716 ut
2995 660 3271 716 videantur
3294 661 3359 714 ab
3391 659 3487 715 ho-

1904 745 2148 801 minibus.
2197 745 2513 818 Quicunque
2555 748 2722 820 igitur
2749 750 2823 805 ita
2865 750 2996 806 facit
3021 751 3297 822 quodlibet
3321 757 3384 806 ut
3405 750 3485 806 vi-

1903 835 2096 892 deatur
2116 837 2185 893 ab
2212 839 2542 907 hominibus,
2569 840 2750 896 scriba
2777 849 2858 896 est
2883 849 2939 896 et
2958 840 3286 898 Pharisaaus.

1974 928 2213 984 Dilatant
2239 931 2375 985 enim
2393 930 2716 1002 phylacteria
2734 949 2852 986 sua.
2884 932 3141 988 Dominus
3163 948 3284 988 cum
3307 932 3486 988 dedis-

1901 1028 1985 1075 set
2007 1020 2259 1076 mandata
2287 1021 2418 1092 legis
2448 1036 2546 1092 per
2588 1021 2770 1076 Mosen
2791 1061 2807 1087 ,
2834 1021 2902 1076 ad
2925 1028 3226 1077 extremum
3266 1019 3480 1076 intulit:

1899 1108 2113 1180 Ligabis
2142 1127 2203 1165 ea
2231 1112 2287 1166 in
2325 1129 2487 1166 manu
2521 1121 2648 1178 tua,
2690 1120 2740 1166 et
2773 1120 2925 1166 erunt
2956 1105 3173 1166 immota
3202 1121 3323 1166 ante
3352 1128 3484 1166 ocu-

1900 1198 1978 1253 los
2005 1210 2120 1253 tuos
2168 1199 2346 1272 (Deut.
2374 1201 2492 1273 Vl);
2537 1210 2593 1256 et
2632 1209 2719 1256 est
2759 1215 2989 1256 sensus:
3038 1199 3312 1271 Praecepta
3360 1215 3486 1257 mea

1899 1291 2006 1346 sint
2036 1291 2090 1345 in
2117 1306 2281 1346 manu
2317 1300 2433 1358 tua,
2482 1301 2543 1348 ut
2575 1307 2738 1364 Opere
2769 1291 3178 1363 compleantur;
3221 1291 3330 1346 sint
3357 1299 3488 1349 ante

1898 1383 2085 1440 oculos
2113 1395 2235 1439 tuos
2256 1424 2273 1451 ,
2304 1393 2366 1439 ut
2409 1385 2497 1440 die
2524 1399 2587 1440 ac
2616 1391 2775 1440 nocte
2814 1382 3091 1438 mediteris
3120 1381 3175 1436 in
3210 1382 3290 1436 eis
3313 1420 3328 1446 ,
3379 1381 3487 1438 hoc

1896 1472 2153 1529 Pharisaei
2195 1473 2333 1527 male
2379 1472 2831 1542 interpretantes,
2877 1471 3188 1527 scribebant
3227 1470 3284 1525 in
3312 1482 3487 1524 mem-

1896 1561 2137 1617 branulis
2162 1561 2478 1632 decalogum
2502 1560 2656 1626 Mosi,
2687 1562 2741 1616 id
2767 1569 2870 1627 est,
2901 1561 3090 1616 decem
3128 1559 3262 1629 legis
3287 1558 3481 1626 verba,

1895 1656 2280 1726 complicantes
2307 1670 2390 1721 ea,
2421 1663 2476 1710 et
2496 1654 2724 1725 ligantes
2753 1654 2807 1709 in
2838 1653 3038 1721 fronte,
3064 1662 3121 1710 et
3142 1653 3296 1724 quasi
3322 1666 3483 1708 coro-

1897 1763 2023 1803 nam
2052 1747 2246 1818 capitis
2274 1745 2553 1811 facientes,
2597 1753 2660 1800 ut
2697 1758 2911 1816 semper
2941 1752 3067 1799 ante
3093 1743 3281 1800 oculos
3303 1755 3487 1798 move-

1818 1832 1868 1893 B
1897 1849 2066 1903 retur,
2110 1837 2254 1908 quod
2292 1851 2464 1908 usque
2494 1835 2655 1891 hodie
2682 1835 2798 1890 lndi
2829 1844 2884 1890 et
2913 1833 3094 1891 Persae
3118 1842 3174 1891 et
3201 1833 3486 1906 Babylonii

1892 1927 2116 1993 faciunt,
2145 1937 2200 1984 et
2226 1929 2319 1998 qui
2346 1929 2450 1984 hoc
2491 1928 2760 1992 habuerit,
2791 1927 2948 1998 quasi
2976 1925 3262 1999 religiosus
3287 1927 3344 1981 in
3387 1940 3484 1996 po-

1889 2018 2030 2090 pulis
2051 2018 2346 2088 judicatur.
2397 2019 2466 2075 Et
2501 2020 2618 2075 haec
2647 2020 2762 2090 ipsa
2793 2019 3102 2090 pistariola,
3146 2017 3486 2091 phylacteria

1890 2112 2175 2176 vocabant,
2202 2110 2348 2182 quod
2371 2111 2677 2182 quicunque
2703 2112 2981 2168 habuisset
3003 2126 3090 2177 ea,
3118 2111 3276 2182 quasi
3298 2111 3369 2166 ob
3393 2125 3484 2167 cu-

1890 2202 2120 2256 stodiam
2145 2211 2200 2257 et
2225 2203 2619 2258 munimentum
2653 2203 2738 2258 sui
2771 2203 3018 2270 haberet,
3047 2217 3153 2258 non
3177 2200 3486 2273 intelligen-

1890 2293 2034 2347 tibus
2058 2292 2379 2360 Pharisaais,
2425 2294 2569 2365 quod
2598 2295 2714 2350 haec
2755 2295 2812 2350 in
2856 2295 3019 2350 corde
3062 2294 3324 2364 portanda
3371 2292 3485 2348 sint

1892 2395 2000 2435 non
2040 2381 2093 2434 in
2122 2396 2349 2450 corpore
2370 2422 2386 2448 ,
2425 2381 2665 2452 alioquin
2695 2391 2750 2436 et
2775 2383 3009 2438 armaria
3033 2389 3091 2437 et
3116 2397 3258 2439 arca:
3282 2382 3486 2439 habent

1891 2468 2064 2526 libros
2085 2479 2140 2526 et
2162 2471 2412 2526 notitiam
2442 2471 2539 2526 Dei
2566 2486 2673 2526 non
2697 2471 2914 2527 habent.

1960 2584 2306 2656 Magniﬁcam
2354 2585 2613 2655 ﬁmbrias.
2662 2583 2908 2640 Jusserat
2944 2600 3160 2657 quoque
3187 2583 3331 2640 aliud
3368 2582 3485 2639 Mo-

1889 2693 2010 2744 ses,
2056 2677 2198 2732 utin
2247 2685 2480 2746 quatuor
2526 2675 2738 2748 angulis
2778 2677 3103 2748 palliorum,
3139 2675 3486 2747 hyacintinas

1886 2767 2126 2823 ﬁmbrias
2140 2767 2402 2833 facerent,
2431 2767 2498 2821 ad
2517 2766 2731 2822 lsraelis
2756 2767 3014 2837 populum
3033 2765 3482 2836 dignoscendum,

1883 2869 1946 2916 ut
1985 2859 2256 2932 quomodo
2301 2859 2354 2914 in
2391 2859 2708 2930 corporibus
2748 2857 3091 2914 circumcisio
3133 2857 3347 2928 signum
3387 2854 3485 2910 Ju-

1884 2952 2053 3009 daicae
2094 2951 2270 3024 gentis
2294 2951 2523 3006 haberet
2547 2949 2784 3020 aliquam
2809 2948 3191 3015 differentiam,
3223 2947 3484 3019 supersti-

1883 3041 2008 3097 tiosi
2033 3039 2302 3112 magistri,
2333 3047 2613 3109 captantes
2639 3054 2826 3094 auram
2851 3038 3188 3110 popularem,
3223 3046 3385 3107 atque
3409 3051 3480 3093 ex

1883 3134 2217 3191 mulierculis
2257 3141 2527 3188 sectantes
2554 3132 2735 3199 lucra,
2771 3131 3042 3188 faciebant
3080 3131 3317 3202 grandes
3352 3128 3482 3185 ﬁm-

1885 3227 2064 3293 brias,
2113 3234 2169 3282 et
2191 3205 2532 3282 acutissimas
2559 3226 2613 3280 in
2639 3226 2720 3280 eis
2749 3224 2932 3295 spinas
2959 3223 3219 3295 ligabant,
3253 3232 3314 3278 ut
3334 3221 3482 3278 vide-

1885 3321 2013 3375 licet
2054 3317 2426 3383 ambulantes,
2465 3325 2523 3371 et
2551 3315 2802 3372 sedentes
2826 3355 2842 3382 ,
2877 3314 3147 3370 interdum
3173 3328 3479 3384 pungeren-

1887 3420 1994 3478 tur,
2033 3419 2089 3466 et
2116 3411 2270 3480 quasi
2306 3412 2408 3466 hac
2438 3409 2807 3465 admonitione
2834 3411 3243 3465 retraherentur
3265 3410 3332 3464 ad
3361 3407 3478 3466 οω-

1885 3506 2026 3562 cium
2058 3505 2183 3571 Dei,
2213 3513 2269 3559 et
2295 3504 2598 3560 ministeria
2639 3504 2919 3560 servitutis
2957 3501 3097 3572 ejus.
3147 3503 3257 3574 (Ea:
3296 3500 3479 3576 Orig.)

1881 3597 2191 3654 Istiusmodi
2217 3605 2336 3651 erat
2362 3595 2572 3650 ﬁmbria
2611 3610 2781 3666 parva
2803 3605 2858 3651 et
2881 3595 3065 3650 brevis
3089 3609 3155 3652 ex
3190 3595 3311 3664 lege
3335 3609 3479 3665 prae-

1884 3697 2062 3758 cepta,
2100 3703 2263 3758 quam
2287 3696 2342 3743 et
2370 3686 2566 3742 mulier
2595 3685 2684 3740 illa
2717 3701 2837 3756 qua:
2865 3687 3127 3757 sanguine
3163 3686 3364 3742 ﬂuebat
3391 3693 3476 3743 te-

1886 3779 2024 3852 tigit,
2056 3779 2108 3833 in
2135 3778 2350 3850 palliolo
2379 3778 2615 3844 Domini,
2660 3779 2755 3834 sed
2781 3792 2889 3833 non
2911 3785 2996 3834 est
3019 3786 3343 3848 compuncta
3378 3793 3472 3833 su-

1881 3869 2208 3941 perstitiosis
2231 3869 2475 3925 sentibus
2501 3868 2898 3925 Pharisaeorum
2917 3909 2933 3936 ,
2978 3868 3260 3941 magisque
3283 3875 3474 3925 sanata

1886 3963 1954 4018 ad
1984 3971 2188 4018 tactum
2217 3961 2353 4032 ejus.

1953 4073 2147 4127 Amant
2175 4087 2378 4142 quoque
2400 4070 2596 4142 primos
2638 4070 2898 4125 recubitus
2924 4071 2978 4124 in
3009 4069 3166 4123 caenis
3195 4077 3244 4123 et
3272 4068 3472 4139 primas

1883 4166 2159 4220 cathedras
2183 4165 2236 4219 in
2263 4164 2540 4234 synagogis
2567 4172 2616 4216 et
2645 4163 2957 4217 salvationes
2986 4161 3042 4215 in
3067 4161 3182 4232 [ora
3211 4171 3260 4215 et
3289 4161 3471 4215 vocari

1883 4258 1947 4310 ab
1973 4256 2288 4320 hominibus,
2336 4253 2522 4319 Rabbi,
2567 4271 2656 4309 vos
2681 4263 2854 4308 autem
2884 4253 3044 4308 nolite
3079 4254 3256 4308 uocari
3276 4251 3470 4321 Rabbi,

1880 4363 2018 4400 unus
2067 4355 2140 4400 est
2185 4345 2432 4416 magister
2469 4353 2669 4411 vester,
2720 4361 2895 4400 omnes
2935 4354 3108 4399 autem
3143 4361 3232 4399 vos
3277 4345 3471 4415 fratres

1881 4437 2025 4490 estis.
2077 4435 2393 4507 Arguuntur
2421 4450 2452 4490 a
2479 4434 2708 4492 Domino
2745 4435 2800 4490 in
2832 4433 3082 4506 reliquis,
3132 4435 3184 4489 id
3215 4443 3319 4502 est,
3369 4449 3472 4492 cur

1801 4545 1855 4605 D
1880 4535 2128 4597 quaerant
2165 4527 2372 4596 primos
2399 4525 2679 4582 accubitus
2706 4525 2762 4580 in
2797 4526 2998 4592 omnis,
3045 4532 3101 4581 et
3139 4525 3344 4595 primas
3377 4539 3469 4581 ca-

192 4594 501 4690 ἀίθξωτ-ίη
541 4592 790 4690 Ρ⁵Ϋ¹¹¹Ῐ⁰²
834 4592 903 4646 E‘
942 4594 998 4690 δῖ’
1035 4593 1283 4690 “Med”
1309 4593 1633 4690 ,Ρεδξίίθητίίε
1671 4612 1776 4690 ’⁸9η
1802 4592 1850 4605 ν
1879 4592 2094 4674 thedras
2123 4592 2183 4672 in
2207 4617 2516 4690 synagogis,
2547 4627 2602 4672 et
2634 4617 2688 4671 in
2719 4616 2934 4687 publico
2973 4592 3157 4688 gulam
3189 4623 3469 4672 sectentur

189 4687 354 4743 sedit.
410 4686 478 4740 Et
523 4685 809 4741 cathedras
850 4685 1200 4741 vendentium
1241 4686 1520 4743 columbas
1557 4689 1772 4756 evertit,

189 4780 500 4836 doctrinam
523 4779 778 4834 debemus
804 4779 1069 4849 accipere.

268 4891 381 4965 (Ex
402 4892 648 4963 August.)
693 4891 785 4946 llla
815 4909 944 4965 ergo
977 4894 1231 4950 cathedra
1274 4912 1381 4952 non
1422 4913 1642 4966 eorum,
1679 4900 1774 4956 sed

190 4985 333 5041 Mosi
357 4987 582 5057 cogebat
608 5000 700 5041 eos
730 4985 871 5040 bona
897 4987 1108 5053 dicere,
1158 4989 1320 5044 etiam
1362 5005 1470 5046 non
1505 4992 1646 5046 bona
1690 4991 1769 5047 fa-

187 5080 422 5136 cientes.
447 5077 694 5150 Agebant
717 5092 846 5146 ergo
874 5094 968 5134 sua
999 5079 1051 5134 in
1072 5079 1178 5134 vita
1207 5096 1322 5136 sua.
1361 5081 1561 5138 Docere
1589 5093 1768 5140 autem

187 5190 296 5230 sua
345 5173 603 5228 cathedra
653 5172 772 5228 illos
817 5187 924 5227 non
960 5173 1307 5243 permittebat
1349 5174 1544 5232 aliena.
1593 5175 1772 5232 Multis

190 5267 383 5335 itaque
405 5273 631 5336 prosunt
667 5264 894 5320 dicendo
930 5280 1050 5334 qum
1087 5281 1194 5321 non
1226 5265 1452 5334 faciunt,
1487 5268 1581 5324 sed
1615 5269 1772 5340 longe

187 5359 441 5432 pluribus
467 5358 785 5426 prodessent
813 5355 1060 5411 faciendo
1086 5373 1204 5427 qua:
1230 5358 1432 5413 dicunt.

264 5449 499 5520 Alligaru
527 5457 701 5503 autem
731 5464 889 5502 onera
915 5449 1093 5518 gravia
1119 5457 1167 5502 et
1192 5448 1564 5519 importabilia,
1594 5459 1644 5503 et
1670 5449 1772 5503 im-

188 5550 395 5614 ponunt
421 5542 475 5594 in
500 5537 728 5595 humeris
757 5540 1042 5602 hominum,
1072 5539 1234 5610 digito
1267 5551 1442 5596 autem
1463 5558 1558 5596 suo
1590 5541 1770 5597 nolunt

192 5651 256 5686 ea
294 5649 514 5686 movere.
567 5631 668 5703 (Ex
713 5630 962 5702 Hieron.)
995 5631 1106 5686 Hoc
1147 5631 1471 5702 generaliter
1514 5635 1774 5689 adversus

192 5740 390 5779 omnes
410 5723 726 5794 magistros,
754 5723 843 5791 qui
869 5721 1090 5792 grandia
1113 5721 1322 5790 jubent,
1350 5729 1405 5776 et
1431 5722 1637 5777 minora
1667 5737 1773 5777 non

199 5814 428 5874 faciunt.
471 5813 776 5882 Notandum
803 5822 982 5873 autem
1003 5815 1148 5888 quod
1171 5824 1226 5872 et
1263 5813 1474 5872 humeri
1499 5821 1553 5871 et
1580 5813 1778 5888 digitus

1875 4717 1932 4764 et
1961 4709 2204 4780 gloriam,
2239 4717 2295 4762 et
2340 4715 2600 4762 vocentur
2637 4706 2706 4760 ab
2729 4705 3039 4761 hominibus
3067 4705 3270 4772 Rabbi,
3319 4705 3466 4776 quod

1873 4802 2068 4857 Latino
2094 4815 2348 4856 sermone
2368 4799 2630 4868 magister
2661 4798 2878 4853 dicitur.

1946 4893 2054 4965 (Ex
2081 4889 2327 4962 August.)
2353 4888 2604 4960 Nunquid
2627 4889 2880 4959 putandae
2900 4896 3028 4944 sunt
3052 4887 3338 4958 scripturae
3363 4885 3462 4942 Dei

1874 4985 1977 5041 sibi
2003 4998 2122 5040 esse
2151 4980 2478 5038 contrariae?
2509 4987 2565 5035 et
2601 4980 2725 5036 ideo
2753 4979 3132 5052 negligendum
3167 4985 3270 5042 est,
3317 4976 3463 5048 quod

1876 5076 2139 5144 scriptum
2163 5083 2248 5130 est
2272 5091 2284 5126 :
2337 5069 2557 5125 Honora
2587 5079 2792 5142 patrem
2819 5079 2966 5125 tuum
2994 5079 3042 5124 et
3066 5078 3285 5124 matrem
3314 5077 3463 5122 tuam

1876 5166 2072 5240 (Exod.
2105 5166 2221 5238 xx),
2254 5179 2564 5235 quanquam
2592 5172 2652 5218 ut
2671 5171 2882 5235 patrem
2903 5163 3259 5235 intelligamus
3282 5161 3459 5231 ipsum

1875 5261 2064 5324 Deum,
2113 5267 2168 5314 et
2209 5265 2437 5314 matrem
2461 5272 2592 5313 vero
2630 5257 2950 5323 ecclesiam,
2988 5262 3360 5312 verumtamen
3400 5251 3458 5308 in

1876 5351 2126 5407 omnibus
2150 5365 2332 5405 rerum
2358 5349 2494 5404 ordo
2517 5349 2815 5405 servandus
2841 5358 2946 5413 est,
2976 5362 3081 5402 non
3113 5345 3257 5398 enim
3294 5342 3460 5397 hono-

1873 5447 2194 5504 riﬁcentiam
2237 5461 2357 5518 quae
2403 5446 2628 5502 debetur
2660 5443 2974 5516 parentibus
3019 5439 3278 5496 Dominus
3330 5453 3457 5495 eva-

1876 5541 2058 5597 cuabit
2078 5539 2300 5595 dicens:
2341 5537 2423 5593 Ne
2448 5538 2588 5593 vobis
2617 5536 2802 5592 vocetis
2833 5542 3032 5606 patrem
3061 5545 3217 5601 super
3237 5538 3455 5598 terram,

1877 5631 1972 5686 sed
1997 5645 2132 5700 quos
2161 5629 2403 5701 erigebat
2434 5629 2486 5683 in
2522 5643 2673 5698 spem
2697 5627 2821 5680 vita:
2857 5631 3074 5678 aeternae
3101 5621 3297 5688 salvos,
3324 5628 3460 5677 tem-

1878 5723 2092 5793 porales
2119 5723 2252 5778 istas
2278 5718 2705 5776 necessitudines
2734 5713 3071 5770 transitorias
3101 5711 3358 5778 docebat,
3395 5718 3458 5767 ut

1884 5815 1939 5870 in
1962 5828 2086 5872 eum
2113 5828 2173 5870 se
2210 5821 2419 5885 patrem
2443 5807 2826 5874 extenderent,
2853 5805 2942 5865 cui
2965 5821 3072 5864 non
3097 5798 3298 5864 mortui
3327 5817 3454 5862 sue—
