4026 6476
523 288 635 356 απ

1832 283 2190 343 SMARAGDI
2224 284 2509 345 ABBATIS

3700 286 3817 340 A76

525 424 736 471 cessuri
776 412 985 474 essent,
1029 404 1126 462 sed
1174 416 1296 460 cum
1332 400 1426 458 illa
1472 414 1688 473 semper
1722 399 1920 456 victuri
1963 409 2106 456 sunt.
2136 401 2190 464 Α
2213 401 2534 473 cognitionis
2572 399 2764 457 ﬁducia
2795 399 2920 457 freti
2956 400 3323 458 indubitanter
3350 399 3814 471 aggrederemur,

523 504 666 576 Ergo
687 501 845 559 nobis
874 508 1078 572 patres,
1116 506 1170 553 et
1198 494 1463 553 habemus
1495 505 1699 568 patres,
1732 505 1787 550 et
1811 510 1997 550 sumus
2021 511 2112 565 pa-

522 603 659 662 tres,
706 594 892 650 multis
920 591 1114 656 modis,
1165 591 1259 647 sed
1302 606 1411 645 uno
1448 599 1503 645 et
1533 588 1793 662 singulari
1834 590 1993 646 modo
2017 605 2112 646 eo—

522 687 754 758 demque
781 694 984 742 teterna
1014 680 1161 739 solus
1189 680 1331 738 Deus
1372 691 1527 751 pater
1556 689 1656 737 est.
2095 704 2098 707 -

594 779 663 835 Et
699 785 901 851 patrem
942 777 1102 834 nolite
1128 775 1480 832 vocarevobis
1522 792 1678 847 super
1709 785 1937 842 terram,
1975 792 2110 831 unus

520 880 596 929 est
623 870 761 926 enim
788 880 941 941 pater
984 880 1169 932 uester,
1213 869 1303 940 qui
1342 868 1397 922 in
1439 866 1580 922 culis
1620 876 1730 930 est,
1773 884 1835 921 ne
1861 867 2111 922 vacemini

436 942 448 1028 ξ
521 961 799 1032 magister,
840 962 964 1032 quia
992 959 1240 1031 magister
1263 969 1428 1014 uester
1453 976 1589 1014 unus
1616 970 1689 1014 est
1722 957 1960 1013 Christus
1979 1000 1994 1023 ,
2020 959 2110 1030 qui

436 1064 445 1125 j
518 1052 696 1123 major
717 1060 793 1108 est
822 1061 1072 1116 uestrum,
1101 1052 1199 1106 erit
1234 1051 1470 1105 minister
1507 1060 1691 1104 uester.
1734 1049 1833 1122 (Ex
1861 1049 2061 1106 Hieron
2088 1048 2107 1122 )

439 1137 442 1140 ’
678 1148 938 1219 magister
984 1161 1086 1201 nec
1127 1156 1283 1217 pater
1329 1144 1603 1200 vocandus
1647 1153 1733 1200 est
1780 1144 1954 1209 ullus,
2005 1143 2109 1199 nisi

436 1278 441 1283 ρ
518 1236 663 1296 Deus
693 1247 870 1311 pater,
905 1248 961 1296 et
984 1240 1243 1296 Dominus
1272 1236 1429 1294 .lesus
1457 1237 1724 1295 Christus.
1759 1237 1955 1304 Pater,
1982 1239 2111 1308 quia

519 1344 589 1388 ex
610 1331 729 1401 ipso
749 1340 877 1386 sunt
896 1330 1097 1386 omnia.
1132 1330 1403 1401 Magister,
1433 1330 1557 1399 quia
1587 1345 1683 1399 per
1706 1330 1878 1400 ipsum
1903 1329 2105 1396 omnia,

519 1422 606 1479 vel
638 1423 910 1494 quomodo
950 1438 1048 1493 per
1076 1423 1533 1494 dispensationem
1579 1422 1761 1477 carnis
1797 1436 1986 1477 omnes
2021 1437 2109 1479 re-

521 1513 798 1571 conciliati
837 1529 1024 1570 sumus
1066 1514 1196 1569 Deo.
1235 1513 1342 1568 Nos
1376 1514 1423 1570 si
1463 1514 1735 1569 hominem
1767 1521 1977 1584 patrem
2014 1529 2113 1569 voc

521 1619 731 1671 camus,
760 1604 1022 1662 honorem
1047 1607 1193 1663 tutati
1221 1605 1539 1671 deferimus,
1573 1620 1677 1660 non
1701 1614 1979 1660 auctorem
2013 1619 2110 1661 no-

520 1704 650 1754 strae
683 1696 1020 1753 ostendimus
1059 1697 1200 1752 vitae.
1252 1696 1509 1768 Magister
1549 1710 1764 1767 quoque
1801 1697 1999 1751 dicitur
2039 1711 2110 1751 ex

2209 494 2369 566 pauci
2396 495 2610 557 multas,
2659 494 2895 551 inermes
2942 503 3214 559 armatos,
3250 493 3483 549 humiles
3508 493 3817 564 superbos,

2211 586 2410 641 inﬁrmi
2460 580 2703 650 nobiles,
2754 586 2862 642 vivi
2909 596 3089 643 tamen
3136 584 3491 656 Spiritualiter
3530 596 3813 641 mortuos.

2209 677 2360 746 Quod
2398 687 2580 733 autem
2610 678 2687 734 ait
2711 721 2726 745 ,
2776 679 3111 749 significavit,
3145 679 3349 749 aliquid
3396 678 3562 733 etiam
3592 676 3818 732 futuro-

2210 787 2329 826 rum
2357 778 2411 826 ct
2439 770 2819 841 mysteriorum
2843 771 3101 826 ostendit.
3150 769 3261 825 Nec
3289 767 3581 841 superficie
3606 768 3815 825 litters

2209 880 2307 920 nos
2331 866 2501 921 voluit
2530 880 2813 921 remanere
2837 873 3140 930 contentos,
3170 880 3308 935 quos
3332 865 3398 919 ad
3426 864 3697 936 mysteria
3730 863 3815 918 al-

2209 957 2318 1011 tius
2342 955 2731 1027 perscrutanda
2757 956 3169 1029 signilicationis
3198 956 3363 1012 verba
3391 956 3519 1010 fecit
3542 958 3811 1009 intentos.

2210 1049 2377 1105 Recte
2419 1040 2553 1104 sane
2581 1048 2809 1118 adjecit,
2863 1065 2961 1120 per
3008 1049 3256 1121 angelum
3306 1065 3463 1105 suum
3499 1065 3530 1104 a
3582 1047 3815 1104 Christo

2209 1138 2375 1195 fuisse
2420 1139 2681 1211 discipula
2729 1141 3092 1197 demonstrata
3121 1181 3136 1207 ,
3188 1141 3275 1197 cui
3323 1156 3421 1213 per
3463 1148 3814 1209 assumptam

2209 1243 2535 1301 creaturam,
2585 1232 2725 1289 Deus
2752 1240 2808 1289 et
2839 1250 2977 1290 unus
3005 1233 3147 1291 illius
3171 1275 3188 1302 ,
3238 1246 3345 1291 non
3374 1246 3473 1304 per
3498 1231 3813 1288 divinitatis

2209 1327 2499 1381 essentiam
2529 1326 2803 1383 Christum
2836 1343 3052 1400 semper
3076 1328 3281 1384 clareat
3310 1329 3814 1413 apparuissqmar—

2209 1418 2426 1484 talibus,
2473 1428 2528 1475 et
2549 1430 2674 1477 ante
2703 1422 3130 1479 incarnationem
3170 1434 3225 1480 et
3250 1432 3375 1494 post
3399 1422 3809 1478 ascensionem.

2209 1504 2503 1581 Propterea
2548 1511 2594 1567 is
2630 1514 2724 1583 qui
2772 1527 2895 1569 eum
2941 1516 3258 1587 magistrum
3290 1520 3560 1580 noverat,
3615 1514 3673 1567 in
3712 1513 3812 1568 bo-

2210 1603 2357 1659 mine
2432 1614 2685 1676 susccpto
2755 1606 3129 1663 testimonium
3191 1607 3468 1678 perhibuit
3541 1604 3811 1660 invis.’bili

2210 1698 2404 1762 verba,
2475 1713 2540 1754 ac
2583 1714 2651 1755 ne
2703 1699 2869 1755 verba
2909 1709 3119 1755 tantum
3173 1701 3517 1757 sentiendum
3569 1701 3811 1773 quisque

519 1792 795 1850 consortia
834 1793 950 1850 veri
997 1793 1328 1864 magisterii,
1375 1801 1434 1848 et
1472 1806 1540 1847 ne
1582 1790 1792 1847 inﬁnita
1826 1790 2103 1862 replicem,
2132 1790 2181 1851 Β
2205 1797 2459 1859 putaret,
2533 1804 2729 1847 nomen
2775 1806 2964 1848 rursus
3005 1789 3165 1849 Jesus
3204 1792 3456 1849 Christus
3499 1791 3809 1862 subiunxit,

521 1888 795 1959 quomodo
819 1903 963 1945 unus
988 1903 1084 1960 per
1112 1896 1360 1943 naturam
1386 1886 1548 1952 Deus,
1585 1894 1639 1941 et
1670 1902 1810 1942 unus
1836 1885 1976 1942 (ilius
2000 1901 2108 1942 non

516 1977 835 2050 prmjudicat
862 1980 1106 2047 caeteris,
1150 1996 1221 2037 ne
1246 1994 1345 2052 per
1374 1980 1715 2051 adoptionem
1740 1978 1823 2035 Dii
1848 1987 2110 2035 vocentur

517 2078 574 2129 et
603 2069 736 2137 lilii,
786 2072 865 2127 ita
887 2080 945 2128 ct
975 2088 1115 2130 unus
1140 2080 1295 2144 pater
1322 2081 1377 2128 et
1410 2072 1668 2143 magister
1706 2087 1812 2127 non
1850 2068 2108 2143 praeiudi-

518 2171 611 2222 cat
651 2163 793 2234 aliis,
843 2174 906 2222 ut
950 2166 1175 2224 abusive
1215 2165 1556 2238 appellentur
1602 2173 1790 2237 patres
1835 2173 1892 2221 et
1935 2165 2110 2238 magi-

519 2255 644 2315 ltrl.

579 2346 699 2415 Qui
742 2363 800 2404 se
845 2347 1045 2406 «altat
1085 2349 1485 2415 knntiliabitur,
1531 2358 1584 2404 et
1626 2349 1719 2421 qui
1760 2365 1818 2404 se
1861 2349 2108 2405 humiliat

516 2440 858 2496 excitabitur.
919 2441 1325 2513 Expositionem
1386 2442 1543 2498 istius
1594 2442 1880 2498 sententis:
1921 2454 2107 2512 quaere

515 2533 769 2604 superius
795 2533 853 2591 in
877 2533 1221 2593 hebdomada
1257 2534 1663 2594 octavadecima
1688 2544 1815 2608 post
1845 2535 2107 2593 Penteco-

520 2631 664 2685 Itan.

517 2752 592 2813 tu
615 2755 897 2815 nunc
935 2718 1188 2818 sanari
1229 2757 1674 2820 sacomam
1711 2760 2100 2825 menaeus.

692 2885 953 2930 EPISTOLA
988 2888 1060 2930 EI
1097 2892 1416 2934 APOCALYPSI
1449 2894 1699 2946 JOANNIS,
1733 2895 1851 2937 CAP.
1884 2897 1902 2937 l

594 3026 618 3062 ι
649 3007 988 3082 Sigmlleavrt
1008 3011 1158 3069 Dens
1181 3028 1303 3085 quas
1320 3021 1536 3087 oportet
1558 3014 1675 3071 ﬁeri
1699 3015 1832 3081 cito,
1855 3023 1912 3073 et
1938 3015 2107 3088 signi-

522 3117 555 3154 s
587 3099 772 3158 ﬁcavit
794 3101 1141 3176 loquensper
1168 3106 1419 3175 angehrm
1443 3121 1604 3163 serva
1624 3123 1727 3164 suo
1756 3107 1972 3174 Joanni,
2006 3109 2103 3182 qui

2211 1881 2353 1951 quod
2402 1882 2471 1938 ad
2518 1883 2757 1956 suscepti
2802 1884 3038 1943 hominis
3082 1885 3314 1942 formam
3367 1886 3653 1958 pertinere
3700 1900 3810 1942 non

2197 1976 2404 2031 .nescit.

2281 2067 2440 2126 Serua
2479 2086 2575 2127 sua
2613 2069 2832 2127 Jaanm’.
2882 2071 3018 2130 Cum
3057 2072 3190 2130 dicit
3226 2074 3377 2129 omni
3411 2070 3712 2139 Ecclesim,
3750 2074 3807 2128 in

2208 2178 2319 2219 una
2350 2164 2590 2221 revelare
2612 2165 2800 2232 voluit,
2836 2182 2997 2237 quam
3032 2168 3088 2223 in
3124 2167 3331 2223 unitate
3363 2165 3637 2231 fundavit,
3686 2166 3809 2221 ideo

2208 2256 2338 2314 dicit
2371 2255 2546 2327 palam
2578 2255 2759 2314 facere
2793 2258 2966 2315 servis
3003 2260 3136 2326 Suis,
3168 2272 3276 2315 non
3312 2258 3484 2314 solum
3519 2270 3695 2313 unum
3738 2272 3806 2313 ex

2206 2348 2419 2415 multis,
2461 2350 2553 2406 sed
2580 2363 2670 2421 per
2712 2364 2876 2407 unum
2906 2352 3082 2422 potius
3114 2351 3401 2407 universis.
3450 2347 3610 2406 Sicut
3656 2346 3806 2421 regni

2206 2443 2464 2499 cmlorum
2490 2443 2635 2499 solus
2658 2441 2852 2501 Petrus
2877 2445 3056 2500 claves
3097 2445 3324 2515 accepit,
3356 2458 3464 2514 qua
3496 2451 3691 2498 tamen
3714 2458 3807 2513 po-

2208 2540 2402 2589 testate
2420 2534 2600 2589 omnis
2633 2534 2872 2591 Ecclesia
2913 2537 2990 2591 uti
3027 2535 3314 2591 sublimata
3349 2535 3683 2604 promemit.

2274 2622 2472 2682 Beatus
2493 2627 2583 2698 qui
2602 2627 2745 2698 legit,
2777 2637 2825 2682 et
2846 2628 2938 2700 qui
2957 2628 3109 2683 audit
3133 2626 3282 2683 verba
3307 2628 3599 2699 prophetia:
3618 2625 3801 2696 hujus.

2206 2717 2446 2775 Dicenda
2476 2721 2565 2790 qui
2599 2719 2748 2792 legit,
2795 2728 2851 2776 et
2874 2721 2966 2791 qui
2993 2720 3240 2782 audiunt.
3269 2730 3567 2791 personam
3609 2718 3801 2773 doeta.

2204 2828 2325 2867 rum
2368 2821 2426 2868 et
2454 2813 2776 2869 discentium
2828 2814 3262 2879 demonstravit,
3308 2822 3370 2867 ut
3405 2821 3461 2867 et
3496 2811 3686 2867 studia
3731 2810 3807 2866 ιε.

2206 2901 2364 2973 gendi
2396 2901 2652 2959 desidiam
2683 2908 2985 2959 removeret
3031 2908 3089 2960 et
3123 2902 3471 2960 servantibus
3508 2900 3806 2957 beatitudi-

2204 3003 2331 3047 nem
2362 2994 2742 3062 desponderet.

2270 3082 2346 3137 Et
2379 3096 2585 3140 servant
2612 3102 2695 3152 ea,
2725 3103 2842 3158 grue
2863 3086 2920 3140 in
2958 3086 3034 3141 eis
3055 3085 3250 3157 scripta
3276 3092 3418 3140 sunt.
3467 3080 3609 3151 Quia
3636 3084 3805 3139 utris-

523 3211 553 3249 ο
590 3156 961 3252 testimonium
985 3156 1451 3267 ρεῖυδεδιιίῖνενιιο
1494 3199 1609 3262 Dei,
1648 3206 1707 3255 et
1733 3156 2103 3257 testimonitim

2213 3194 2311 3250 que
2340 3194 2560 3235 servare
2585 3156 2862 3250 competit,
2891 3156 3461 3250 utrosqueeonvenit.
3504 3172 3631 3233 Non
3664 3177 3807 3232 enim

526 3304 555 3340 ι
589 3285 719 3344 Iesu
746 3286 973 3353 Christi,
992 3304 1332 3363 quacunque
1357 3292 1513 3347 vidit.
1544 3292 1740 3350 Beatus
1766 3295 1856 3365 qui
1887 3294 2021 3367 legit
2047 3304 2107 3351 et

520 3396 549 3434 s
587 3382 741 3437 audit
762 3381 926 3438 verba
950 3385 1251 3454 prophetia:
1266 3383 1495 3455 hujuset
1513 3396 1694 3443 servat
1717 3403 1803 3453 ea,
1825 3404 1947 3459 quae
1964 3389 2018 3444 in
2038 3403 2104 3445 ea

522 3488 553 3525 α
590 3472 795 3544 scripta
836 3485 983 3539 sum,
1009 3482 1227 3546 tempus
1243 3478 1388 3533 enim
1430 3494 1600 3551 prope
1622 3488 1725 3535 est.
1753 3478 1993 3536 Joannes
2016 3496 2105 3536 se-

520 3579 553 3615 s
583 3571 733 3634 ptem
757 3565 1027 3632 ecclesiis,
1058 3580 1181 3637 quia
1219 3579 1350 3625 sum
1389 3570 1444 3625 in
1471 3570 1621 3626 Asia.
1652 3570 1842 3627 Gratia
1869 3572 2023 3628 vobis
2048 3578 2106 3627 et

522 3669 549 3705 ι
576 3667 694 3724 pax
721 3656 903 3722 abeo,
950 3657 1045 3725 qui
1068 3666 1175 3723 est,
1224 3667 1281 3715 et
1321 3660 1594 3729 quierat,
1639 3671 1695 3717 et
1720 3663 1813 3732 qui
1842 3670 2105 3719 venturus

522 3760 557 3797 ς.
580 3753 695 3812 est,
718 3755 775 3802 et
794 3761 827 3801 a
854 3750 1377 3825 septsmspiritihus,
1406 3752 1500 3821 qui
1527 3754 1579 3807 in
1603 3763 1895 3825 conspectu
1921 3754 2104 3812 throni

520 3851 542 3885 ι
582 3832 701 3903 ejus
727 3845 875 3902 sunt,
901 3846 963 3893 et
986 3853 1021 3893 ι
1043 3836 1172 3895 Iesu
1210 3839 1429 3896 Christo
1446 3882 1468 3907 ,
1498 3844 1589 3913 qni
1616 3853 1703 3899 est
1728 3846 1880 3902 testis
1907 3846 2100 3914 ﬁdelis,

521 3942 541 3978 ι
584 3926 980 3999 primogenitus
1047 3938 1382 3986 mortuorum
1411 3974 1426 4000 ,
1490 3941 1545 3988 et
1604 3935 1859 4007 princeps
1914 3951 2101 4008 regum

521 4033 544 4069 ι
586 4026 764 4073 terrae.
812 4020 915 4086 Qui
954 4020 1140 4077 dilexit
1163 4039 1290 4090 nos,
1317 4031 1373 4079 et
1400 4024 1655 4081 lavit‘uos
1681 4041 1717 4081 a
1746 4027 1983 4097 peccatis
2007 4044 2103 4085 uo-

519 4125 542 4161 r
586 4110 717 4165 stris
745 4110 799 4165 in
840 4113 1103 4185 sanguine
1129 4108 1265 4178 suo,
1303 4124 1358 4170 et
1384 4114 1515 4171 fecit
1553 4133 1654 4173 nos
1683 4132 1906 4191 regnum
1933 4129 1989 4175 et
2012 4135 2102 4175 sa-

519 4219 540 4255 r
583 4203 831 4260 oerdotcs
862 4203 975 4261 Deo
1000 4215 1056 4260 et
1081 4207 1223 4277 patri
1250 4222 1367 4264 suo.
1397 4207 1503 4279 Ipsi
1530 4209 1701 4280 gloria
1735 4219 1791 4266 et
1816 4212 2102 4283 imperium

520 4311 541 4345 ι
586 4295 642 4349 in
671 4298 868 4352 saecula
897 4300 1235 4356 saeculorum.
1266 4301 1461 4358 Amen.
1498 4323 1518 4358 ι

584 4384 652 4440 In
690 4386 870 4442 diebus
916 4389 1023 4444 illis
1058 4392 1375 4461 signiﬁcavit
1414 4394 1556 4449 Deus
1602 4412 1720 4468 gate
1751 4404 1951 4466 oportet
1984 4396 2102 4466 ﬁeri

514 4476 637 4531 cito.
673 4477 774 4551 (Es
796 4478 982 4552 Beda.)
1026 4479 1140 4537 Hoc
1159 4491 1265 4549 est,
1293 4486 1609 4555 signiﬁcavit
1630 4501 1648 4538 :
1676 4489 1925 4558 mysticis
1947 4504 2098 4544 eam—

516 4569 638 4624 dem
666 4570 1025 4643 Apocalypsin
1052 4574 1214 4630 (lictis
1252 4576 1535 4643 innexuit,
1577 4595 1647 4635 ne
1675 4581 1885 4636 cunctis
1922 4583 2099 4638 mani-

516 4660 658 4719 festa
685 4663 984 4720 vilesceret.
1015 4664 1159 4732 Cito,
1209 4667 1262 4722 id
1286 4677 1400 4735 est,
1424 4684 1548 4741 (μω
1573 4670 1630 4727 in
1672 4673 1931 4742 praesenti
1960 4680 2100 4730 tem-

515 4770 649 4826 pore
670 4764 796 4811 sunt
822 4770 903 4812 eet
919 4756 1065 4812 lesia:
1090 4768 1340 4815 ventura.

586 4849 824 4920 Loquens
862 4867 956 4921 per
998 4851 1243 4922 angelum
1293 4868 1467 4909 suum.
1522 4854 1783 4912 Dominus
1822 4864 1979 4927 pater
2001 4870 2101 4928 per

514 4942 687 4999 ﬁlium
734 4959 916 5009 suum,
945 4945 1075 5016 quia
1128 4944 1366 5018 Angelus
1410 4949 1595 5019 magni
1634 4950 1845 5005 consilii
1900 4951 2100 5006 dicitur

514 5030 783 5091 Christus.
835 5033 962 5091 Sive
990 5036 1213 5108 angelus
1255 5038 1450 5095 Joanni
1492 5041 1549 5095 in
1590 5040 1759 5112 ﬁgura
1789 5040 1995 5099 Christi
2020 5042 2103 5097 vi-

514 5139 610 5183 sus
652 5134 779 5193 est,
825 5126 970 5183 sicut
1013 5127 1075 5185 in
1124 5131 1485 5202 sequentibus
1518 5131 1864 5190 manifestius
1929 5147 2099 5205 appan

515 5218 675 5275 robii.

583 5312 694 5386 (Ea:
722 5312 978 5388 Primus.)
1026 5316 1165 5385 Quas
1192 5325 1407 5389 oportet
1452 5319 1569 5375 ﬁeri
1605 5319 1718 5376 cito
1740 5360 1757 5386 ,
1799 5320 1981 5376 omnis
2007 5336 2103 5377 res

514 5421 636 5477 quae
666 5410 898 5479 geritur,
942 5412 1315 5482 temporaliter
1335 5412 1503 5469 habet
1534 5422 1781 5469 exortum
1806 5422 2096 5471 etcursum

513 5508 575 5555 et.
597 5503 907 5558 tenuisti.
935 5502 1070 5561 Post
1088 5514 1337 5562 exortum
1358 5513 1539 5561 autem
1558 5506 1819 5570 ecclesias,
1845 5522 1955 5575 qua
1983 5504 2101 5574 iam

512 5589 692 5648 fuerat
729 5595 1094 5665 apostolorum
1135 5598 1517 5669 prmdicatione
1561 5597 1784 5653 fundata
1808 5639 1823 5664 ,
1866 5598 2097 5654 revelari

511 5689 750 5757 oportuit
775 5689 1009 5760 qualiter
1038 5691 1233 5749 fuisset
1249 5692 1412 5749 latius
1444 5695 1810 5765 propaganda,
1840 5691 1923 5747 vel
1945 5692 2094 5762 quali

505 5781 683 5843 etiam
708 5781 823 5842 line
842 5792 1129 5856 «unus,
1167 5785 1631 5861 utpraedieatores
1656 5784 1902 5844 veritatis
1931 5784 2095 5857 hujus

2204 3273 2468 3328 auditores
2502 3273 2630 3345 legis
2644 3272 2780 3344 justi
2801 3284 2923 3329 sunt
2949 3274 3090 3344 apud
3116 3272 3304 3342 Deum,
3337 3270 3431 3327 sed
3464 3270 3703 3343 factores
3728 3269 3804 3324 ΐει

2202 3366 2283 3437 gis
2300 3368 2739 3438 jnstiﬁcabuntur
2768 3364 2945 3441 (llam.
2978 3366 3065 3439 η).

2276 3457 2500 3531 Tempus
2536 3459 2673 3513 enim
2709 3474 2867 3531 prope
2906 3467 3003 3515 est.
3054 3457 3297 3527 Scilicet,
3341 3464 3404 3515 ut
3436 3456 3652 3530 singula
3679 3468 3804 3530 qua

2202 3550 2425 3607 dicenda
2453 3560 2579 3607 sunt
2601 3552 2946 3621 impleantur.

2268 3643 2506 3701 Joannes
2545 3655 2736 3717 septem
2776 3644 3054 3712 Ecslesiis,
3098 3661 3217 3718 quis
3242 3652 3366 3700 sunt
3402 3645 3460 3700 in
3491 3643 3645 3699 Asia.
3682 3642 3800 3700 Hoc

2201 3745 2287 3794 est
2311 3778 2329 3803 ,
2373 3739 2467 3792 uni
2514 3737 2769 3793 Ecclesiae
2815 3737 3136 3809 septiformi.
3202 3735 3524 3807 Septenaria
3566 3748 3807 3789 numera

2202 3842 2343 3901 saepe
2370 3830 2552 3884 unitas
2597 3828 2882 3901 ﬁguratur,
2931 3844 2999 3885 ea
3025 3828 3170 3900 quod
3192 3843 3262 3884 ex
3299 3827 3478 3899 prima
3518 3826 3717 3896 impari
3745 3834 3803 3880 ct

2199 3920 2381 3991 primo
2405 3920 2544 3990 pari,
2577 3920 2629 3975 id
2658 3929 2742 3976 est
2766 3921 3010 3977 ternario
3035 3930 3092 3976 et
3113 3919 3484 3991 quaternaria,
3534 3928 3797 3987 tanquam

2200 4026 2272 4067 ex
2299 4011 2511 4066 diverso
2535 4012 2859 4067 universitas
2886 4020 2998 4067 tota
3022 4012 3328 4067 coniicitur.
3358 4009 3493 4064 Nam
3521 4019 3573 4065 et
3598 4010 3799 4064 animm

2201 4104 2552 4175 corporisque
2590 4104 2876 4161 diversius
2907 4105 3077 4176 ipsam
3106 4105 3369 4161 unitatem
3398 4104 3612 4160 numeri
3636 4103 3801 4174 huius

2201 4196 2597 4267 camplectitur,
2648 4195 2744 4253 sed
2780 4197 2851 4251 ad
2878 4198 3114 4252 animam
3142 4197 3246 4252 tria
3277 4198 3587 4267 pertinent,
3629 4207 3686 4252 et
3726 4194 3797 4251 ad

2201 4306 2401 4361 corpus
2428 4303 2681 4363 quatuor.
2715 4292 2926 4348 Dicitur
2952 4306 3190 4365 namque
3211 4293 3523 4364 diligendus
3537 4300 3629 4347 est
3649 4290 3795 4346 Deus

2200 4396 2269 4437 ex
2300 4391 2412 4438 tota
2437 4385 2619 4449 corde,
2643 4400 2709 4440 ex
2740 4393 2851 4440 tota
2881 4385 3083 4451 anima,
3114 4394 3170 4440 et
3190 4400 3257 4439 ex
3286 4393 3398 4439 tota
3428 4392 3633 4439 mente.
3664 4381 3801 4437 Carr

2200 4474 2350 4543 poris
2372 4484 2552 4530 autem
2579 4484 2735 4533 natas
2768 4477 3028 4534 habenas
3062 4486 3296 4547 quatuor
3324 4476 3616 4547 qualitates
3637 4515 3656 4540 ,
3698 4489 3793 4529 ca-

2203 4567 2369 4623 lidam
2395 4574 2451 4624 et
2486 4569 2733 4641 frigidam
2758 4610 2773 4636 ,
2816 4571 3019 4625 siccam
3070 4578 3127 4625 et
3166 4569 3445 4624 humidam
3473 4609 3489 4634 ,
3538 4577 3791 4639 propter.

2203 4675 2266 4715 ea
2295 4662 2460 4717 etiam
2506 4662 2724 4717 canitur
2761 4679 2775 4716 :
2821 4659 3023 4734 Septies
3049 4662 3106 4717 in
3145 4662 3234 4716 die
3271 4661 3483 4716 laudent
3539 4660 3655 4716 dixi
3693 4660 3789 4715 tibi

2203 4753 2377 4825 (Psal.
2407 4754 2619 4827 cxvm).

2273 4847 2460 4903 Gratia
2504 4848 2641 4903 vobis
2687 4857 2736 4903 et
2776 4864 2881 4919 pas:
2908 4848 2974 4903 ab
3002 4865 3062 4904 ea
3099 4850 3192 4922 qui
3213 4857 3312 4917 est,
3357 4860 3405 4906 et
3436 4848 3528 4922 qui
3560 4857 3697 4912 erat,
3734 4854 3786 4903 et

2199 4943 2289 5015 qui
2319 4952 2562 4997 venturus
2587 4952 2680 4997 est.
2712 4941 2865 4998 Licet
2881 4940 3037 5012 iusta
3066 4942 3405 5014 Apostolum,
3435 4942 3577 4997 Deus
3596 4950 3709 4995 erat
3728 4940 3787 4994 il

2201 5034 2407 5089 Christo
2438 5035 2689 5088 mundam
2716 5034 3060 5088 reconcilians
3079 5033 3181 5087 sibi
3196 5032 3247 5105 (1
3253 5032 3281 5086 l
3299 5032 3423 5088 Cor.
3451 5032 3531 5103 ν),
3556 5032 3665 5096 vel,
3681 5031 3787 5086 sio-

2199 5135 2261 5183 ut
2298 5128 2417 5198 ipse
2446 5135 2709 5193 testatur,
2757 5128 2851 5198 qui
2879 5140 2969 5182 me
2992 5128 3142 5183 misit
3183 5142 3394 5183 mecum
3423 5135 3530 5192 est,
3562 5134 3784 5197 propter

2196 5220 2461 5276 unitatem
2509 5222 2670 5276 unius
2702 5220 3054 5291 ejusdemque
3099 5227 3347 5286 naturas,
3393 5218 3461 5275 ad
3494 5233 3782 5289 personam

2198 5321 2378 5370 tamen
2424 5315 2520 5369 lilii
2570 5316 2660 5370 hic
2696 5316 2932 5385 propriae
2975 5314 3298 5384 redigendas
3344 5321 3432 5370 est
3479 5314 3650 5369 locus.
3690 5312 3786 5367 Est

2198 5410 2345 5464 enim
2382 5410 2508 5479 quia
2544 5410 2686 5465 idem
2712 5417 3023 5480 permanet,
3056 5417 3175 5465 erat
3200 5409 3295 5480 qui
3329 5424 3454 5465 eum
3483 5417 3643 5480 patre
3667 5421 3782 5464 om-

2196 5505 2287 5561 nia
2314 5506 2578 5570 condidit,
2610 5513 2872 5575 venturus
2891 5514 2973 5560 est
2996 5506 3065 5560 ad
3092 5503 3467 5575 iudicandum.

2266 5595 2336 5651 Et
2360 5615 2393 5652 a
2417 5608 2611 5669 septem
2637 5597 2908 5669 spiritibus
2929 5637 2945 5663 ,
2965 5598 3054 5669 qui
3074 5598 3130 5652 in
3155 5604 3433 5667 conspectu
3465 5593 3641 5650 throni
3665 5589 3781 5663 ejus

2194 5702 2335 5747 sunt.
2362 5691 2591 5763 Propter
2614 5693 2977 5764 septenariam
3004 5691 3376 5762 operationem
3393 5688 3627 5760 Spiritus
3652 5700 3779 5742 san-

2158 5830 2163 5835 .
2194 5785 2295 5855 eti,
2332 5784 2665 5858 semiformis
2687 5786 2915 5857 spiritus
2943 5785 3175 5854 dicitur,
3201 5784 3258 5842 id
3304 5795 3391 5844 est
3418 5783 3700 5859 sapientia
3720 5786 3779 5839 et
