4026 6464
294 402 417 469 ΨΠ
1119 412 1635 473 COLLECTIONES
1664 412 1739 470 IN
1773 411 1884 469 ΕΡ]

1991 410 2153 473 διλε
2190 414 2281 474 ET
2317 408 2728 477 EVANGELIA;
3464 418 3573 481 επ

296 524 643 593 intellectus,
671 522 880 583 consilii
916 535 969 583 et
998 524 1348 593 fortitudinis,
1377 530 1615 585 scientias
1644 538 1698 583 et
1720 529 1892 599 pieta-
1915 526 1972 589 Α
1993 528 2294 598 pnetatum,
2331 530 2423 599 qui
2477 530 2536 584 in
2568 528 2872 585 redditione
2905 528 3090 585 tributi
3129 528 3357 586 Domino
3396 529 3580 589 iuuat

288 620 410 687 tis,
438 628 493 676 et
521 620 732 675 timoris
759 619 873 673 Dei.
908 619 1077 675 Unius
1101 621 1245 675 enim
1271 636 1487 691 semper
1507 621 1729 691 spiritus
1752 622 1893 676 dona

299 709 562 785 legaliter
588 711 1056 776 commendantur,
1086 712 1300 781 quando
1319 726 1352 767 a
1380 720 1586 783 septem
1615 712 1894 784 spiritibus

296 820 423 878 pax
451 816 506 861 et
528 805 705 875 gratia
732 805 943 861 devotis
963 812 1241 875 optantur.

382 919 455 974 Et
483 920 548 973 ab
576 918 702 975 Iesu
731 917 961 984 Christo,
988 920 1078 991 qui
1101 929 1177 976 est
1199 920 1341 975 testis
1368 919 1561 990 ﬁdelis.
1591 919 1648 976 In
1676 921 1895 980 homine

298 1023 565 1085 suscepto
594 1014 901 1070 testimonio
930 1014 1200 1085 perhibuit
1240 1015 1376 1084 patri
1396 1055 1409 1075 ,
1440 1030 1561 1071 cum
1597 1016 1895 1084 prtedicans

301 1103 444 1161 dicit
470 1122 483 1160 :
538 1104 604 1160 Et
634 1117 812 1162 notum
844 1107 944 1177 feci
973 1107 1047 1161 eis
1086 1124 1270 1161 nomen
1300 1116 1443 1161 tuum
1471 1148 1485 1173 ,
1527 1119 1571 1161 et
1602 1117 1781 1161 notum
1813 1109 1896 1177 fa-

297 1197 451 1252 ciam
500 1195 683 1270 (Joan.
738 1199 910 1269 xvn),
957 1199 1098 1270 quod
1146 1198 1346 1254 Jurlasis
1391 1199 1591 1255 dudum
1643 1208 1893 1268 negatum

298 1287 624 1354 ostendens,
674 1286 841 1344 dicit:
896 1284 961 1343 Et
988 1307 1171 1345 nomen
1203 1300 1349 1344 tuum
1385 1290 1593 1344 Adonei
1626 1306 1726 1345 non
1756 1290 1895 1345 indi-

301 1378 431 1433 cavi
457 1379 529 1433 eis
554 1378 749 1451 (Exod.
792 1378 898 1437 ml.
946 1379 1160 1435 Credite
1188 1381 1331 1435 enim
1376 1381 1520 1445 ﬁlio,
1563 1383 1733 1452 patris
1762 1397 1895 1451 quo-

302 1483 419 1541 que
454 1469 645 1524 notitia
689 1469 1041 1526 nihilominus
1083 1470 1371 1525 revelatur.
1426 1470 1558 1526 Nam
1606 1471 1746 1527 ﬁlius
1784 1487 1892 1527 non

304 1558 604 1626 diceretur,
644 1560 747 1614 nisi
797 1569 1001 1630 patrem
1046 1562 1301 1626 haberet,
1333 1579 1508 1631 neque
1552 1573 1737 1635 pater,
1790 1564 1892 1621 nisi

301 1650 481 1704 filium
509 1650 801 1705 habuisset.
835 1650 987 1706 Alter
1014 1654 1196 1723 itaque
1245 1654 1469 1708 alterius
1508 1655 1892 1724 praedicatione

300 1742 673 1813 cognoscitur,
705 1743 828 1811 quia
858 1753 1012 1813 pater
1036 1744 1088 1798 in
1121 1743 1250 1808 lilio,
1280 1752 1335 1800 et
1374 1744 1515 1799 filius
1539 1746 1593 1800 in
1625 1753 1779 1815 patre
1804 1759 1893 1801 ve-

1992 630 2359 693 eomparatus,
2389 623 2510 677 ideo
2539 622 2874 692 interrogant
2899 640 2913 677 :
2946 622 3076 689 Quis
3114 623 3292 695 major
3310 623 3384 680 sit
3407 623 3465 680 in
3492 640 3576 681 n-

1993 728 2096 784 gno
2153 710 2446 795 calorum?
2508 711 2819 782 Videasque
2859 711 3017 769 Jesus
3068 713 3426 785 cogitationes
3479 728 3575 771 eo-

1993 818 2136 866 rum,
2168 812 2227 860 et
2251 818 2443 858 causas
2478 802 2682 858 erroris
2720 801 3042 874 intelligens,
3085 802 3200 859 vult
3246 804 3572 862 desiderium

1990 896 2179 967 gloria:
2209 894 2526 951 humilitatis
2553 896 2900 951 contentione
2928 911 3143 952 sanare.

2068 1008 2135 1065 Et
2174 1011 2434 1088 advocans
2477 1009 2631 1064 Jesus
2660 1008 2935 1080 parrulum
2958 1008 3140 1062 statuit
3168 1024 3286 1063 eant
3320 1010 3376 1064 in
3400 1007 3571 1064 medio

1994 1118 2196 1169 cortem,
2225 1113 2273 1157 et
2298 1103 2431 1158 dixit
2457 1117 2476 1156 :
2504 1104 2596 1158 Vel
2626 1102 2944 1173 simpliciter
2967 1101 3259 1171 quemlibet
3288 1105 3573 1173 parvulum

1992 1205 2053 1251 ut
2085 1204 2298 1251 :etatem
2319 1204 2610 1266 quaereret,
2632 1203 2687 1250 et
2710 1193 3112 1249 similitudinem
3138 1194 3456 1250 innocentia:
3481 1194 3575 1250 de-

1994 1294 2346 1351 monstraret,
2370 1286 2453 1341 vel
2485 1295 2635 1340 certe
2660 1284 2943 1356 parvulum
2972 1283 3161 1337 statuit
3187 1283 3238 1337 in
3270 1285 3447 1339 medio
3475 1298 3573 1340 eo-

1992 1392 2112 1431 rum
2140 1378 2397 1447 seipsum,
2433 1378 2524 1447 qui
2554 1391 2658 1432 non
2685 1376 2980 1431 ministrari
3009 1382 3251 1439 venerat,
3283 1375 3381 1429 sed
3414 1377 3576 1432 mini-

1994 1478 2191 1525 strare.
2233 1469 2302 1525 Ut
2330 1470 2410 1526 eis
2445 1470 2762 1525 humilitatis
2807 1469 3072 1524 tribueret
3103 1468 3427 1538 exemplum.
3467 1468 3576 1525 Alii

1990 1561 2274 1632 parvulum
2326 1562 2750 1633 interpretantur
2794 1563 3043 1634 spiritum
3096 1568 3365 1624 sanctum,
3413 1572 3576 1631 quem

1992 1653 2235 1723 posuerit
2272 1653 2325 1708 in
2360 1654 2613 1709 cordibus
2649 1653 3054 1725 discipulorum,
3094 1660 3155 1708 ut
3176 1653 3485 1724 superbiam
3516 1652 3573 1710 in

1993 1744 2353 1801 humilitatem
2380 1752 2641 1800 mutaret.

301 1834 512 1947 facite.r
533 1836 880 1947 aegrotum:
931 1836 1058 1892 Sive
1084 1837 1259 1947 testis.
1289 1837 1415 1907 quia
1446 1853 1544 1908 per
1570 1853 1719 1947 siut!)
1744 1854 1889 1942 πιεῖν·
1913 1883 1962 1947 Β
2061 1853 2226 1909 Amen
2269 1855 2386 1911 dico
2417 1855 2556 1910 vobis
2589 1870 2606 1907 .-
2638 1855 2760 1911 Nisi
2794 1857 3028 1911 conversi
3055 1855 3262 1927 fueritis
3295 1865 3344 1911 et
3382 1854 3576 1928 εῃιεια-

301 1930 421 1980 tem
473 1927 780 1981 testificavit
834 1925 1042 1983 Novum
1088 1929 1516 1984 Testamentum.
1576 1928 1689 1984 Nisi
1740 1930 1887 1985 enim

299 2023 434 2085 post
481 2024 711 2075 mortem
756 2018 991 2074 hominis
1047 2035 1155 2077 non
1209 2018 1516 2075 afﬁrmatur
1567 2018 1887 2076 Testamen-

300 2114 443 2164 tum.

380 2197 766 2271 Primogenitus
793 2209 1138 2254 mortuorum.
1182 2197 1318 2268 Quia
1352 2199 1562 2271 primus
1589 2200 1891 2256 resurrexit

300 2302 337 2344 a
372 2290 619 2356 mortuis,
644 2298 698 2344 et
717 2291 859 2360 quod
887 2290 1199 2346 testiilcavit
1223 2292 1290 2348 de
1315 2291 1718 2349 resurrectione
1743 2306 1887 2347 mor-

300 2386 529 2435 tuorum
561 2380 614 2434 in
641 2394 699 2435 se
731 2380 964 2450 primum
988 2383 1244 2438 ostendit.

381 2468 452 2524 Et
476 2470 714 2541 princeps
759 2486 936 2541 regum
983 2482 1155 2529 terras.
1195 2473 1255 2529 Id
1294 2479 1400 2540 est,
1443 2471 1807 2545 apostolorum
1835 2479 1893 2530 et

297 2563 551 2617 omnium
584 2572 915 2618 sanctorum.

381 2670 486 2738 Qui
526 2671 708 2727 dilexit
740 2691 833 2728 nos
873 2683 920 2728 et
952 2672 1077 2729 lavit
1105 2692 1198 2731 nos
1239 2693 1271 2731 a
1304 2676 1527 2748 peccatis
1556 2677 1611 2732 in
1636 2678 1891 2750 sanguine

299 2779 423 2819 suo.
452 2760 649 2819 Passus
675 2764 838 2819 etiam
870 2781 968 2821 suo
991 2782 1088 2821 nos
1114 2767 1374 2838 sanguine
1398 2768 1558 2823 solvit
1582 2783 1611 2822 a
1639 2777 1887 2841 peccato,

301 2856 401 2928 qui
431 2870 717 2929 resurgens
750 2852 878 2928 jure
918 2858 1306 2932 primogenitus
1341 2875 1372 2916 a
1416 2862 1646 2918 mortuis
1693 2859 1889 2934 praedi-

303 2955 467 3005 catur

601 3057 939 3100 ενλιιςειιωί
971 3057 1245 3107 ΙΑΤτῐιῶι,
1276 3059 1395 3101 CAP.
1427 3058 1583 3101 XVIII.

384 3176 407 3212 s
438 3158 797 3219 Assenserunt
829 3161 898 3217 ad
920 3158 1106 3217 Jesnni
1134 3161 1383 3233 discipuli
1417 3164 1536 3234 ejus
1558 3204 1573 3231 ,
1603 3164 1884 3223 dicentes:

1990 1945 2121 1999 mini
2148 1947 2283 1999 sicut
2302 1944 2531 2017 parvuli,
2563 1962 2667 2001 non
2696 1946 2960 2001 intrabiris
2989 1948 3044 2002 in
3065 1960 3277 2018 regnum
3306 1945 3574 2003 calorum.

1989 2035 2105 2091 Non
2132 2039 2443 2109 praecipitur
2474 2036 2732 2108 apostolis
2772 2047 2831 2093 ut
2856 2047 3071 2095 aetatem
3113 2039 3350 2095 habeant
3380 2050 3576 2110 parvu-

1988 2125 2188 2192 lorum,
2238 2128 2333 2182 sed
2369 2135 2429 2182 ut
2469 2128 2855 2195 innocentiam,
2902 2131 3126 2200 etquod
3174 2129 3249 2184 illi
3278 2142 3377 2200 per
3404 2140 3577 2186 annos

1989 2219 2288 2288 possident,
2320 2219 2374 2274 hi
2412 2220 2726 2290 possideant
2749 2234 2848 2291 per
2887 2220 3231 2290 industriam,
3265 2230 3324 2277 ut
3368 2220 3576 2278 malitia

1990 2326 2099 2366 non
2137 2312 2399 2380 sapientia
2426 2313 2636 2382 parvuli
2665 2312 2795 2368 sint.

2064 2398 2371 2471 Quicunque
2413 2418 2533 2473 ergo
2560 2402 2905 2458 humiliarerit
2930 2420 2986 2459 se
3014 2404 3147 2459 sicut
3169 2404 3420 2476 parvulus
3454 2406 3576 2474 ista,

1991 2492 2076 2547 hic
2114 2501 2191 2547 est
2219 2493 2414 2564 major,
2462 2504 2567 2550 etc.
2602 2494 2757 2552 Sicut
2783 2496 2886 2552 iste
2931 2498 3209 2569 parvulus,
3240 2498 3395 2568 cujus
3420 2499 3575 2558 vobis

1990 2585 2297 2657 exemplum
2340 2586 2540 2654 tribuo,
2571 2604 2678 2645 non
2709 2600 3015 2660 perseverat
3050 2591 3101 2645 in
3138 2590 3436 2657 iracundia,
3467 2602 3574 2648 non

1987 2673 2153 2731 laesus
2180 2678 2446 2743 meminit,
2474 2693 2577 2733 non
2600 2678 2791 2735 videns
2815 2680 3097 2750 pulchram
3125 2679 3402 2736 mulierem
3429 2681 3574 2738 dele-

1990 2775 2188 2835 ctatur,
2237 2782 2342 2825 non
2394 2768 2539 2824 aliud
2580 2769 2801 2842 cogitat,
2838 2780 2893 2826 et
2936 2771 3080 2827 aliud
3127 2770 3380 2842 loquitur,
3410 2772 3490 2827 sic
3519 2778 3574 2829 et

1986 2870 2106 2923 vos,
2163 2860 2269 2913 nisi
2318 2859 2474 2914 talem
2524 2860 2823 2916 habueritis
2871 2861 3271 2928 innocentiam,
3318 2870 3372 2917 et
3409 2858 3573 2917 animi

1987 2950 2306 3021 puritatem,
2342 2965 2566 3023 regnum
2603 2950 2865 3007 caelorum
2914 2967 3020 3008 non
3067 2953 3314 3024 poteritis
3345 2951 3571 3008 intrare.

1988 3040 2118 3097 Sive
2154 3043 2331 3108 aliter,
2354 3045 2652 3117 quicunque
2686 3044 3039 3101 humiliaverit
3067 3062 3123 3102 se
3159 3046 3293 3101 sicut
3319 3045 3572 3118 parvulus

1988 3135 2105 3201 iste,
2132 3136 2215 3190 hic
2250 3147 2324 3191 est
2367 3136 2541 3207 major
2568 3136 2622 3192 in
2671 3152 2827 3209 regno
2870 3137 3117 3193 caelorum
3146 3151 3166 3191 :
3192 3139 3281 3209 qui
3329 3137 3573 3195 imitatus

308 3270 333 3306 ε
381 3252 514 3319 Quis
539 3261 697 3323 pm“
718 3252 889 3323 major
914 3263 1003 3311 est
1040 3254 1095 3309 in
1122 3229 1293 3324 nam;
1307 3229 1610 3313 calo'mm'?
1637 3258 1705 3314 Et
1724 3259 1890 3316 πνο-
1914 3246 1960 3313 c
1990 3246 2079 3285 me
2104 3229 2288 3296 fuerit,
2334 3237 2411 3324 et,
2526 3229 2584 3324 in
2622 3229 2927 3301 exemplum
2964 3231 3071 3285 mei
3098 3230 3479 3324 humiliaverit,
3511 3234 3572 3289 ut

305 3359 335 3397 α
377 3358 511 3403 cans
534 3341 689 3401 Jesus
712 3344 1016 3416 parvulum,
1043 3347 1235 3402 statuit
1254 3362 1377 3403 eum
1399 3349 1451 3403 in
1478 3349 1654 3405 medio
1675 3365 1886 3420 eorum,

302 3452 335 3493 ι
373 3443 433 3495 et
457 3437 631 3493 dixit:
657 3436 830 3494 Amen
850 3437 973 3495 dico
1001 3439 1173 3505 vobis,
1197 3440 1300 3499 nisi
1321 3441 1571 3497 conversi
1596 3440 1808 3499 fueritis
1833 3452 1891 3501 et

304 3544 333 3584 s
375 3526 683 3586 eﬂiciamini
718 3528 857 3583 sicut
882 3528 1111 3597 parvuli,
1135 3544 1243 3585 non
1274 3531 1544 3587 intrabitis
1575 3533 1632 3588 in
1661 3548 1888 3604 regnum

302 3637 335 3677 ι
375 3618 657 3679 calorum.
688 3619 870 3690 thui
903 3620 1199 3690 susceperit
1233 3636 1398 3677 unum
1413 3622 1695 3692 parvulum
1723 3623 1888 3679 talem

302 3730 333 3770 s
364 3713 435 3771 .in
452 3714 671 3771 nomine
682 3728 825 3779 meo,
848 3730 935 3773 me
961 3715 1202 3785 suscipit.
1227 3714 1330 3781 Qui
1356 3726 1536 3771 autem
1556 3716 1890 3773 scandaliza-

304 3824 333 3861 ι
375 3808 516 3863 verit
555 3822 721 3863 unum
762 3806 830 3864 de
873 3806 1081 3878 pusillis
1109 3808 1258 3873 istis,
1302 3807 1394 3876 qui
1427 3806 1479 3867 in
1520 3822 1607 3862 me
1635 3807 1885 3876 credunt,

304 3916 329 3952 s
375 3898 592 3969 expedit
625 3899 676 3954 ei
710 3905 770 3953 ut
800 3898 1159 3969 suspendatur
1186 3897 1327 3953 mola
1370 3897 1603 3952 asinaria
1650 3897 1705 3952 in
1747 3898 1886 3957 collo

303 4007 330 4043 ι
373 3988 493 4060 ejus
514 3996 573 4042 et
587 3988 929 4058 demergatur
949 3987 1003 4041 in
1022 3985 1343 4056 profundum
1364 3986 1548 4041 maris.
1578 3987 1667 4043 Vae
1685 3989 1885 4046 mundo

302 4100 329 4134 ι
377 4081 445 4136 ab
489 4080 774 4137 scandatis.
821 4078 1051 4136 Necesse
1091 4087 1176 4135 est
1221 4079 1363 4133 enim
1405 4087 1464 4133 ut
1485 4079 1886 4136 veniantscan-

300 4190 330 4228 ι
374 4173 518 4229 dala.
550 4172 953 4238 Verumtamen,
982 4188 1061 4227 vae
1087 4171 1293 4227 homini
1333 4188 1427 4242 per
1455 4188 1613 4242 quem
1656 4174 1885 4230 scanda-

300 4285 329 4321 ι
371 4265 486 4323 lum
512 4266 679 4324 venit.
704 4264 761 4321 Si
791 4273 973 4319 autem
1006 4278 1200 4318 manus
1226 4271 1316 4316 tua
1349 4262 1431 4317 vel
1455 4278 1552 4332 pes
1576 4272 1699 4318 tuus
1728 4278 1885 4320 sean-

302 4378 327 4412 s
374 4357 575 4413 dalizat
603 4364 673 4421 te,
722 4355 978 4412 abscinde
1014 4372 1158 4420 eum,
1190 4364 1245 4411 et
1281 4352 1482 4426 projice
1524 4355 1621 4410 abs
1662 4364 1734 4411 te.
1780 4356 1883 4412 Bo-

301 4467 326 4500 a
374 4464 502 4503 num
534 4448 629 4503 tibi
664 4454 751 4503 est
793 4447 999 4517 ingredi
1029 4446 1259 4502 debilem
1299 4445 1385 4500 vel
1411 4446 1681 4512 claudum,
1717 4462 1881 4515 quam

302 4560 327 4592 ι
370 4539 506 4593 duas
549 4553 777 4603 manus,
827 4538 908 4599 vel
942 4538 1077 4593 duos
1105 4537 1270 4607 pedes
1297 4538 1588 4592 habentem
1635 4538 1777 4592 mitti
1822 4538 1877 4594 in

1993 3329 2201 3377 tantum
2264 3335 2324 3376 se
2383 3322 2617 3392 dejiciat,
2681 3331 2942 3393 quantum
2977 3336 3076 3394 ego
3130 3322 3298 3391 d‘ejeci
3341 3323 3571 3383 formam

1990 3413 2131 3470 servi
2160 3412 2450 3483 accipiens,
2483 3412 2572 3468 hic
2605 3413 2832 3469 intrabit
2860 3412 2915 3469 in
2942 3427 3165 3485 regnum
3200 3412 3466 3470 castorum

2059 3526 2130 3583 Et
2157 3528 2246 3600 qui
2272 3528 2554 3600 susceperit
2593 3543 2756 3582 unum
2795 3526 3071 3600 paruulum
3098 3524 3257 3582 talem
3282 3527 3340 3582 in
3363 3526 3570 3587 nomine

1987 3636 2125 3685 meo,
2166 3637 2245 3675 mc
2288 3620 2521 3692 suscipit.
2554 3619 2656 3688 Qui
2694 3620 2817 3676 talis
2860 3619 3043 3686 fuerit,
3081 3628 3141 3676 ut
3166 3619 3368 3677 Christi
3395 3620 3568 3677 imite-

1989 3719 2077 3767 tur
2100 3711 2455 3767 humilitatem
2477 3719 2532 3767 et
2555 3711 2941 3778 innocentiam,
2964 3711 3019 3766 in
3044 3726 3110 3766 eo
3128 3709 3380 3766 Christus
3398 3710 3569 3768 susci-

1985 3801 2148 3873 pitur.
2202 3800 2268 3857 Et
2314 3802 2608 3873 prudenter
2662 3809 2927 3872 temperat
2974 3815 3314 3872 responsum,
3345 3809 3404 3856 ut
3441 3815 3567 3859 cum

1987 3893 2221 3948 delatum
2253 3891 2416 3948 fuerit
2450 3893 2709 3964 apostolis
2738 3909 2798 3950 se
2826 3902 3016 3965 putent
3042 3894 3384 3961 honoratum,
3414 3891 3568 3967 adje-

1985 3985 2080 4051 cit,
2117 4000 2225 4040 non
2266 3984 2388 4042 illos
2415 3987 2498 4042 sui
2524 3987 2737 4054 merito,
2764 3986 2860 4043 sed
2886 3985 3133 4058 magistri
3164 3986 3370 4042 honore
3394 3983 3565 4043 susci-

1982 4075 2228 4148 piendos.

2056 4166 2161 4234 Qui
2204 4178 2378 4223 autem
2422 4169 2859 4223 scandalizavcrit
2895 4186 3057 4224 unum
3085 4169 3150 4223 de
3189 4167 3396 4240 pusillis
3424 4170 3562 4239 istis,

1982 4257 2071 4328 qui
2094 4259 2147 4311 in
2173 4273 2252 4312 me
2276 4258 2513 4313 credam.
2541 4257 2677 4313 Nota
2707 4260 2849 4329 quod
2880 4260 2972 4329 qui
3010 4258 3412 4314 scandalizatur
3437 4274 3564 4332 par-

1981 4349 2140 4403 vulus
2159 4358 2261 4413 est,
2291 4346 2523 4417 majores
2545 4349 2688 4405 enim
2716 4349 2966 4405 scandala
2996 4365 3102 4404 non
3131 4349 3415 4420 recipiunt.

2054 4437 2162 4509 (Ex
2184 4436 2375 4509 Beda.)
2404 4437 2704 4495 Notandum
2744 4454 2876 4495 sane
2902 4440 3045 4511 quod
3089 4439 3143 4494 in
3185 4448 3370 4495 nostro
3416 4440 3565 4498 bono

1980 4542 2144 4600 Opere
2172 4528 2463 4601 aliquando
2505 4531 2803 4585 cavendum
2832 4538 2916 4585 est
2958 4529 3270 4587 scandalum
3306 4533 3559 4603 proximi.

302 4647 325 4680 ι
374 4629 550 4696 ignem
576 4636 858 4682 :eternuni.
906 4625 971 4681 Et
1009 4627 1057 4680 si
1082 4626 1269 4681 oculus
1299 4633 1422 4680 tuus
1447 4626 1775 4681 scandalizat
1802 4635 1876 4695 te,
1900 4601 1956 4665 θ
1983 4621 2267 4691 aliquando
2302 4638 2430 4676 vero
2460 4638 2558 4692 pro
2596 4622 2763 4678 nihilo
2789 4622 3256 4678 contemnendum.
3298 4622 3355 4679 In
3383 4641 3559 4695 quan-

300 4740 325 4774 s
370 4736 500 4777 erue
525 4734 647 4775 eum
677 4729 735 4776 et
759 4718 956 4790 projice
982 4718 1081 4774 abs
1104 4728 1177 4773 te.
1219 4716 1428 4773 Bonum
1455 4726 1539 4774 est
1569 4721 1663 4775 tibi
1709 4736 1878 4777 unum

299 4831 327 4865 ι
369 4813 583 4868 oculum
606 4810 891 4867 habentem
920 4811 1088 4866 vitam
1132 4811 1367 4875 intrare,
1398 4826 1563 4881 quam
1590 4814 1723 4868 duos
1748 4829 1877 4870 oeuo

298 4924 325 4957 s
368 4903 449 4959 los
473 4904 758 4960 habentem
784 4903 923 4961 mitti
961 4904 1017 4958 in
1042 4904 1345 4975 gehennam
1382 4903 1540 4972 ignis.
1573 4903 1764 4962 Videte
1805 4922 1874 4965 ne

300 5016 325 5053 s
366 4998 721 5054 contemnatis
756 5014 923 5053 unum
956 5014 1024 5052 ex
1066 4998 1153 5053 his
1180 4996 1408 5068 pusillis.
1451 4997 1584 5054 Dico
1607 4998 1749 5055 enim
1771 5016 1872 5056 vo-

298 5104 322 5139 s
368 5086 489 5142 bis:
537 5084 673 5154 Quia
699 5086 1116 5158 Angeli'borum
1166 5088 1222 5143 in
1258 5087 1414 5145 castis
1451 5087 1638 5145 vident
1675 5088 1872 5149 facient

286 5195 323 5231 es
366 5176 538 5247 patris
561 5176 696 5242 mei,
729 5178 822 5247 qui
857 5178 911 5233 in
935 5178 1088 5235 oculis
1112 5185 1215 5234 est.
1249 5196 1269 5230 ι

368 5288 702 5343 Accesserant
723 5286 793 5341 ad
808 5287 987 5342 Jesum
1006 5287 1249 5360 discipuli
1265 5288 1495 5344 discretos
1514 5302 1533 5341 :
1562 5287 1692 5354 Quis
1716 5298 1873 5360 putas

282 5382 469 5452 major
493 5391 569 5438 est
607 5383 663 5437 in
698 5398 853 5452 regno
880 5380 1148 5436 calorum.
1181 5384 1199 5451 (
1217 5382 1297 5437 Ex
1323 5382 1576 5455 Hieron.)
1610 5382 1872 5455 Superius

292 5474 439 5528 enim
466 5473 729 5544 scriptum
762 5483 846 5528 est
878 5489 893 5526 :
922 5472 1061 5537 Quia
1082 5473 1216 5527 dicit
1255 5474 1507 5529 Dominus
1533 5472 1716 5541 Petro,
1742 5477 1871 5532 rods

278 5566 365 5621 id
386 5580 552 5631 mare,
577 5576 627 5620 et
650 5567 794 5621 mitte
817 5566 1053 5630 hamata,
1081 5575 1131 5621 et
1156 5582 1274 5619 eum
1296 5566 1508 5636 piscem,
1536 5567 1626 5639 qui
1644 5570 1870 5639 primum

288 5658 585 5715 accnderit
612 5659 758 5723 tolle,
792 5669 843 5713 et
891 5668 1068 5729 aperto
1100 5675 1188 5713 ore
1210 5659 1324 5728 ejus
1352 5660 1575 5714 invenies
1601 5671 1865 5729 stateram,

284 5751 443 5811 illum
463 5767 672 5808 sumens
694 5751 766 5806 da
789 5753 862 5807 eis
895 5768 990 5823 pro
1018 5767 1099 5806 nte
1118 5761 1166 5806 et
1196 5761 1265 5805 te.
1296 5750 1376 5805 Ex
1412 5752 1514 5807 hac
1538 5754 1681 5809 enim
1710 5771 1869 5812 occa-

292 5842 449 5907 sione
468 5841 718 5903 arbitrati
742 5849 875 5904 sunt
890 5841 1147 5905 omnibus
1163 5841 1473 5919 apostolum
1495 5842 1718 5906 Petrum
1745 5865 1871 5913 esse

1984 4722 2095 4767 tum
2121 4714 2264 4768 enim
2294 4713 2410 4769 sine
2434 4722 2656 4784 peccato
2676 4728 2977 4783 possumus,
2996 4715 3163 4770 vitare
3187 4716 3558 4787 proximorum

1981 4804 2291 4860 sandalum
2315 4805 2591 4861 debemus.
2625 4804 2681 4860 Si
2704 4814 2882 4860 autem
2910 4806 2975 4860 de
2997 4808 3223 4862 veritate
3241 4809 3558 4867 scandalum

1978 4898 2229 4963 sumitur,
2263 4898 2447 4953 utilius
2476 4898 2807 4968 permittitur
2841 4896 3149 4955 scandalum
3180 4900 3355 4969 nasci,
3391 4915 3556 4974 quam

1976 4992 2174 5048 veritas
2205 4990 2557 5063 reli..quatur.
2622 5036 2631 5044 .

2046 5103 2270 5174 Expedit
2301 5104 2348 5158 ei
2382 5113 2435 5157 ut
2476 5105 2842 5175 suspendatur,
2882 5114 2987 5163 etc.
3031 5106 3339 5166 Secundum
3384 5110 3553 5166 titul

1974 5195 2265 5267 provincia:
2283 5195 2537 5267 loquitur,
2559 5213 2666 5267 quo
2686 5199 2952 5271 majorum
2971 5202 3259 5258 criminum
3282 5204 3384 5258 ista
3405 5203 3549 5273 apud

1974 5296 2188 5343 veteres
2211 5285 2425 5345 Judasos
2454 5305 2613 5360 pmna
2642 5290 2824 5359 fuerit,
2856 5301 2917 5348 ut
2939 5295 2991 5350 in
3022 5295 3348 5367 profundum
3382 5296 3553 5369 ligato

1975 5391 2107 5432 saxo
2138 5379 2595 5452 demergerentur.
2642 5383 2869 5455 Expedit
2895 5395 3077 5442 autem
3105 5387 3179 5452 ei,
3219 5388 3347 5457 quia
3380 5389 3552 5449 nullm

1976 5488 2049 5528 mi
2066 5472 2169 5529 lius
2194 5482 2277 5530 est
2302 5486 2401 5546 pro
2420 5477 2573 5549 culpa
2603 5479 2823 5535 brevem
2854 5480 3097 5550 recipere
3121 5494 3361 5551 pinnam,
3385 5501 3548 5556 mium

1974 5568 2193 5623 attentis
2225 5569 2428 5625 servire
2452 5571 2799 5628 cruciatibus.
2829 5570 2946 5628 Non
2987 5574 3131 5629 enim
3152 5574 3419 5645 judicabit
3438 5580 3548 5637 Do-

1973 5661 2155 5717 minus
2176 5662 2260 5718 bis
2286 5663 2338 5717 in
2365 5664 2614 5734 idfpsum.

2043 5752 2159 5827 (Ea:
2191 5752 2383 5827 (ἐι-ες.)
2414 5755 2544 5808 Item
2583 5769 2681 5824 per
2714 5754 2910 5811 molam
2949 5757 3241 5818 asinariam
3276 5764 3550 5825 midst

1970 5851 2095 5909 vitae
2120 5850 2378 5909 circium
2399 5863 2467 5910 ac
2487 5847 2642 5910 labor
2656 5850 2999 5931 caprinum,
3021 5864 3078 5917 ut
3097 5871 3200 5935 per
3218 5858 3548 5935 probum
