4026 6510
522 417 630 477 479
1799 413 2154 474 SMARAGDI

2191 411 2480 472 ABBATIS
3703 416 3822 477 tuo

526 548 696 592 maris
744 539 988 589 extrema
1031 531 1307 588 damnatio
1344 531 1673 605 designatur.
1721 531 1824 601 Qui
1870 547 2002 604 ergo
2031 529 2100 586 ad
2124 531 2180 596 Α
2203 527 2408 599 angelis
2476 538 2711 600 quatuor
2767 528 3103 600 reliquarum
3160 530 3531 588 Ecclesiarum
3591 533 3815 594 scrib.

525 626 835 684 sanctitatis
858 625 1093 696 speciem
1132 624 1414 693 deductus,
1439 626 1525 680 vel
1561 627 1728 682 verbo
1762 634 1987 681 caeteros
2013 625 2107 680 de-

526 720 708 788 struit,
739 718 824 774 vel
857 717 1124 790 exemplo,
1148 718 1342 774 melius
1363 717 1605 788 profecto
1627 726 1766 792 erat,
1791 726 1853 772 ut
1873 719 2015 773 hunc
2036 716 2106 772 ad

528 823 758 870 mortem
801 811 902 868 sub
925 811 1183 866 exteriori
1214 811 1400 866 habitu
1429 819 1644 868 terrena
1683 820 1803 867 acta
1831 811 2104 866 constrin-

525 911 736 977 gerent,
798 919 961 973 quam
1006 918 1164 958 sacra
1199 901 1372 959 ollicia
1402 903 1456 958 in
1495 903 1649 973 culpa
1683 904 1893 959 caeteris
1927 904 2106 958 imita-

517 995 682 1050 bilem
704 994 1162 1049 demonstrarent.
1187 993 1323 1061 Quia
1346 994 1601 1049 nimirum
1622 994 1667 1049 si
1691 994 1838 1050 solus
1861 994 2101 1062 caderet,

519 1097 793 1161 utcunque
837 1088 984 1142 hunc
1015 1085 1347 1142 tolerabilior
1384 1086 1581 1142 inferni
1608 1103 1768 1158 poena
1810 1088 2099 1143 cruciaret.

597 1177 687 1233 Va:
709 1179 905 1233 mundo
929 1180 993 1232 ab
1016 1178 1306 1245 scandatis,
1330 1196 1534 1234 necesse
1561 1189 1635 1233 est
1659 1179 1796 1233 enim
1815 1189 1871 1234 ut
1895 1179 2102 1235 veniant

514 1269 793 1336 scandala,
821 1279 926 1325 etc.
961 1269 1061 1341 (Ex
1088 1268 1334 1342 Hieron.)
1363 1269 1482 1325 Non
1523 1285 1630 1341 quo
1667 1285 1887 1326 necesse
1913 1272 1985 1326 sit
2009 1287 2102 1328 ve-

516 1360 636 1416 nire
681 1362 958 1428 scandala,
1007 1363 1246 1433 alioquin
1292 1363 1497 1432 absque
1547 1362 1703 1433 culpa
1749 1372 1953 1430 essent,
2005 1364 2100 1435 qui

517 1451 834 1506 scandalum
863 1451 1086 1520 faciunt,
1117 1454 1213 1509 sed
1239 1469 1361 1509 cum
1389 1469 1613 1509 necesse
1650 1453 1719 1509 sit
1741 1455 1796 1508 in
1822 1454 1927 1510 isto
1949 1470 2102 1510 mun-

516 1541 586 1598 do
622 1541 738 1597 ﬁeri
783 1543 1056 1609 scandala,
1106 1545 1478 1614 unusquisque
1523 1559 1620 1600 suo
1663 1545 1796 1600 vitio
1832 1545 2099 1602 scandatis

513 1642 684 1706 patet,
712 1635 978 1706 simulque
1001 1651 1096 1706 per
1116 1637 1419 1708 generalem
1447 1637 1772 1692 sententiam
1795 1637 2101 1707 percutitur

509 1722 695 1793 Judas,
729 1728 822 1798 qui
842 1729 1149 1798 proditione
1175 1730 1416 1784 animum
1439 1738 1858 1800 praeparaverat.

585 1816 648 1872 Si
677 1829 851 1872 autem
894 1836 1080 1874 manus
1124 1830 1238 1887 tua,
1283 1819 1361 1875 vel
1399 1837 1486 1891 pes
1523 1831 1644 1875 tuus
1671 1821 2000 1876 scandalizat
2024 1831 2091 1887 te,

2207 617 2276 674 Et
2311 619 2600 691 Apostolus
2629 637 2842 693 quoque
2865 622 3126 694 pmcepit
3149 622 3320 680 velari
3347 625 3400 682 in
3424 625 3687 686 ecclesiis
3710 641 3819 687 ca-

2205 712 2318 784 pita
2348 711 2672 784 feminarum
2694 723 2916 786 propter
2943 715 3184 788 angelos.

2380 845 2803 904 HEBDOMADA
2837 846 2934 903 XX
2975 847 3154 905 POST
3191 847 3624 909 PENTECOST.

2202 977 2461 1020 ειιιετοιλ
2495 977 2656 1019 ΒΕΔΤΙ
2691 978 2848 1018 PAULI
2877 978 3130 1019 APOSTOLI
3160 980 3230 1020 AD
3266 980 3539 1033 EPHESIOS,
3569 981 3701 1022 CAP.
3731 982 3808 1024 Π.

2280 1097 2299 1132 ‹
2345 1077 2702 1133 Renovamini
2744 1078 2937 1148 spiritu
2982 1078 3180 1134 mentis
3218 1087 3445 1145 vestrae,
3483 1090 3545 1135 et
3590 1080 3813 1138 induite

2208 1187 2228 1223 ‹
2272 1186 2470 1227 novum
2502 1171 2805 1235 hominem,
2829 1171 2922 1242 qui
2947 1171 3242 1227 secundum
3269 1173 3438 1228 Deum
3469 1184 3702 1231 creatus
3725 1184 3811 1232 est

2208 1280 2228 1314 ι
2272 1261 2328 1317 in
2372 1262 2584 1334 justitia
2625 1270 2681 1318 et
2725 1263 3017 1319 sanctitate
3064 1263 3332 1320 veritatis.
3377 1263 3617 1336 Propter
3655 1267 3807 1336 quod

2205 1372 2226 1407 ς
2269 1355 2600 1425 deponentes
2621 1357 2983 1422 mendacium,
3009 1356 3298 1426 loquimini
3320 1356 3615 1413 veritatem
3638 1374 3808 1415 unus-

2205 1464 2225 1498 t
2269 1447 2498 1517 quisque
2531 1463 2654 1502 cum
2697 1448 2947 1518 proximo
2991 1464 3114 1514 suo,
3140 1449 3394 1518 quoniam
3434 1465 3630 1505 sumus
3664 1450 3808 1505 invio

2204 1557 2224 1591 ι
2266 1553 2385 1594 cem
2412 1537 2675 1593 membra.
2708 1537 3006 1593 lrascimini
3028 1549 3084 1594 et
3104 1539 3272 1594 nolite
3297 1555 3547 1610 peccare.
3576 1540 3675 1596 Sol
3696 1555 3806 1596 non

2203 1650 2225 1686 ‹
2268 1631 2481 1688 occidat
2516 1646 2681 1702 super
2719 1631 3059 1687 iracundiam
3100 1640 3361 1688 vestram.
3403 1632 3592 1689 Nolite
3623 1633 3804 1692 locum

2203 1742 2224 1778 ι
2269 1725 2402 1780 dare
2428 1723 2663 1780 diabolo.
2699 1719 2802 1791 Qui
2826 1721 3126 1789 iurabatur,
3153 1723 3267 1795 jam
3293 1740 3402 1781 non
3425 1724 3666 1781 furetur.
3695 1725 3806 1780 Ma-

2205 1835 2224 1870 t
2269 1817 2352 1889 gis
2381 1825 2560 1873 autem
2591 1816 2800 1873 laboret
2840 1818 3116 1889 operando
3159 1819 3410 1875 manibus
3448 1820 3601 1884 suis,
3658 1819 3803 1890 quod

511 1909 758 1966 abscinde
778 1929 917 1978 eum,
945 1923 993 1967 et
1015 1915 1213 1985 projice
1242 1915 1334 1970 abs
1360 1925 1428 1970 te.
1459 1915 1664 1970 Bonum
1695 1916 1788 1970 tibi
1817 1925 1891 1970 est
1918 1917 1987 1970 ad
2021 1919 2097 1972 υἱ-
2121 1899 2170 1960 Β
2202 1929 2222 1963 ι
2266 1909 2465 1966 bonum
2490 1919 2592 1979 est,
2618 1919 2682 1966 ut
2706 1911 2906 1968 habeat
2931 1913 3076 1996 undf:
3113 1913 3383 1969 retribuat
3407 1913 3803 1969 necessitatem

514 2011 624 2057 tam
649 2004 852 2074 ingredi
884 2006 1103 2060 debilem
1129 2005 1209 2061 uel
1237 2006 1506 2074 claudum,
1536 2025 1695 2079 quam
1722 2007 1856 2062 duas
1881 2023 2094 2075 manus,

512 2095 590 2150 vel
617 2095 750 2150 duos
773 2097 929 2167 pedes
958 2097 1228 2152 habentem
1250 2100 1388 2153 mitti
1415 2100 1471 2154 in
1489 2101 1660 2170 ignem
1685 2109 1958 2164 wternum,
1985 2108 2092 2155 etc.

511 2186 613 2259 (Ex
649 2188 840 2260 Beda.)
881 2189 1017 2257 Quia
1050 2205 1214 2260 supra
1260 2191 1519 2247 docuerat
1560 2206 1630 2246 ne
1668 2190 2094 2248 scandalizemus

508 2296 604 2336 eos
638 2283 730 2352 qui
776 2284 1006 2338 credunt
1035 2284 1089 2338 in
1131 2300 1277 2351 eum,
1311 2301 1456 2341 nunc
1488 2294 1883 2356 consequenter
1909 2285 2095 2340 admo-

513 2379 627 2438 net,
652 2383 914 2444 quantum
939 2391 1130 2431 cavere
1164 2377 1454 2433 debeamus
1485 2375 1580 2434 eos
1606 2378 1696 2448 qui
1724 2376 2094 2434 scandalizare

506 2477 606 2518 nos
631 2463 687 2518 id
712 2472 817 2530 est,
851 2467 1016 2522 verbo
1047 2466 1133 2522 vel
1159 2468 1403 2537 exemplo
1430 2483 1528 2524 suo
1549 2469 1616 2524 ad
1640 2469 1854 2525 ruinam
1881 2468 2090 2538 peccati

504 2548 820 2622 propellere
843 2565 1073 2611 certant.
1109 2555 1326 2613 Manum
1351 2559 1550 2629 quippe
1585 2567 1828 2615 nostram
1857 2559 2093 2630 appellat

503 2648 875 2702 necessarium
927 2649 1199 2716 amicum,
1256 2651 1410 2721 cujus
1463 2665 1630 2723 Opere
1677 2661 1840 2724 atque
1890 2652 2091 2708 auxilio

503 2736 820 2806 quotidiano
854 2754 990 2810 opus
1036 2741 1316 2797 habemus.
1357 2742 1464 2798 Sed
1504 2744 1648 2810 talis,
1681 2745 1727 2799 si
1766 2759 1868 2800 nos
1896 2743 2090 2800 laedere

503 2826 560 2881 in
589 2843 755 2883 causa
782 2829 977 2885 anima:
1005 2830 1254 2899 voluerit,
1293 2833 1658 2890 excludendus
1705 2842 1790 2891 est
1828 2849 1860 2890 a
1904 2843 2090 2892 nostra

503 2917 785 2986 societate,
815 2935 882 2974 ne
911 2919 956 2974 si
983 2935 1106 2976 cum
1147 2921 1360 2991 perdito
1405 2923 1461 2978 in
1489 2924 1592 2978 hac
1616 2924 1725 2979 vita
1755 2932 1964 2996 partem
1991 2925 2090 2980 ha-

502 3007 631 3063 bere
657 3010 924 3077 volumus,
955 3011 1116 3066 simul
1160 3014 1212 3068 in
1259 3011 1440 3069 futuro
1469 3031 1592 3070 cum
1639 3015 1734 3070 illo
1779 3030 2084 3085 pereamus.

419 3107 425 3114 '
501 3098 560 3154 ln
582 3099 718 3170 pede
741 3103 884 3157 sicut
907 3111 961 3159 et
985 3103 1041 3158 in
1072 3120 1232 3160 manu
1263 3106 1457 3163 charos
1482 3107 1903 3163 inemendabiles
1931 3107 2089 3162 docet

501 3187 815 3247 alienandos
866 3208 896 3248 a
947 3195 1123 3260 nobis,
1176 3212 1243 3251 ne
1295 3210 1389 3267 per
1422 3197 1820 3253 immunditiam
1870 3213 2083 3266 eorum,

500 3297 638 3352 quos
677 3284 946 3356 castigare
995 3257 1310 3358 nequimus;
1335 3299 1390 3346 et
1427 3291 1527 3362 ipsi
1554 3291 1743 3362 polluti
1775 3307 2080 3363 pereamus.
2111 3257 2156 3321 δ

500 3368 710 3439 Manus,
756 3386 981 3448 propter
1027 3394 1162 3450 opus
1205 3383 1576 3438 necessarium
1631 3383 1820 3452 nobis,
1859 3392 2085 3455 possunt

497 3463 603 3520 dici
634 3465 791 3534 tales,
829 3480 1051 3542 propter
1075 3473 1433 3530 ministerium
1463 3475 1846 3546 discursusque
1891 3476 1947 3531 in
1987 3492 2086 3533 no-

496 3554 627 3610 stris
650 3557 836 3612 usibus
857 3563 1311 3620 accommodatos.
1337 3564 1394 3619 ln
1422 3566 1580 3621 oculo
1615 3582 1829 3636 quoque
1865 3577 2086 3638 propter

497 3647 810 3704 scandalum
851 3654 1109 3720 emendo,
1145 3655 1306 3712 iidem
1352 3659 1521 3713 nostri
1567 3661 1857 3716 carnaliter
1899 3663 2080 3732 amici,

496 3735 854 3806 spiritualiter
898 3757 1028 3798 vero
1067 3745 1362 3802 adversarii
1392 3749 1764 3821 designantur.
1807 3750 1913 3808 Sed
1958 3769 2082 3810 cum

499 3845 600 3886 nos
627 3846 816 3887 eorum
843 3835 1089 3892 consulto
1114 3853 1178 3893 ac
1206 3839 1512 3909 provisione
1536 3857 1672 3912 opus
1700 3843 1979 3912 habemus,
2005 3846 2081 3902 illi

495 3937 626 3980 vero
655 3925 880 3982 consilio
907 3943 1008 3983 nos
1034 3945 1203 4000 pravo
1237 3930 1484 4002 decipere
1525 3941 1684 4004 atque
1710 3936 1778 3992 ad
1803 3936 1911 3992 iter
1932 3951 2083 3994 erro-

500 4013 578 4069 ris
601 4014 884 4075 deflectere
911 4031 1182 4092 quaerun‘t.
1216 4024 1490 4083 Σκάνδαλον
1511 4028 1708 4098 quippe
1734 4044 1913 4085 sermo
1934 4028 2082 4086 Grae-

497 4119 594 4162 cus
640 4117 740 4174 est,
786 4112 928 4181 quod
958 4128 1056 4170 nos
1094 4113 1473 4173 oﬂ’endiculum
1503 4118 1589 4174 vel
1628 4121 1860 4186 ruinam,
1899 4130 1955 4176 et
1981 4122 2082 4176 im-

493 4205 798 4271 pactionem
827 4208 978 4277 pedis
1009 4209 1191 4265 dicere
1217 4227 1521 4282 possumus.
1553 4211 1781 4280 Quidam
1805 4213 2082 4272 σκάνδαλον

495 4288 704 4358 Graece,
727 4293 918 4353 Latine
947 4300 1255 4370 scrupulum
1289 4302 1494 4358 dicunt.
1529 4302 1622 4360 Ille
1652 4319 1781 4376 ergo
1815 4305 2081 4361 scandali-

494 4389 585 4435 zat
610 4381 853 4449 fratrem,
895 4388 987 4456 qui
1024 4389 1075 4444 ei
1115 4391 1258 4446 dicto
1301 4391 1512 4449 factove
1542 4394 1721 4449 minus
1748 4403 1895 4451 recte
1921 4411 2082 4451 occa-

497 4473 702 4528 sionem
730 4478 900 4532 ruina:
921 4480 1130 4535 dederit
1158 4482 1266 4553 (Ea:
1295 4483 1542 4556 Hieron.)
1575 4485 1760 4541 Potest
1795 4495 1852 4541 et
1877 4486 2081 4558 simpli-

2201 2017 2222 2053 ι
2265 2001 2512 2071 patienti.
2561 2021 2581 2054 ι

2265 2090 2608 2147 Renovamini
2655 2094 2846 2166 spiritu
2891 2094 3080 2150 mentis
3123 2103 3326 2151 vestrae.
3379 2093 3492 2167 (Ex
3532 2093 3800 2167 Hieron.)

2192 2180 2306 2239 Nec
2333 2183 2390 2239 in
2417 2198 2581 2238 sensu
2609 2200 2938 2241 renovamur
2967 2186 3172 2257 absque
3203 2185 3396 2257 spiritu
3414 2226 3428 2249 ,
3461 2201 3570 2240 nec
3602 2187 3800 2257 spiritu

2192 2272 2395 2344 absque
2439 2288 2621 2340 sensu,
2653 2277 2749 2332 sed
2793 2290 3121 2347 renovamur
3163 2275 3451 2345 conjuncte
3500 2277 3558 2332 in
3600 2278 3798 2348 spiritu

2192 2380 2386 2422 sensus
2418 2368 2612 2435 nostri,
2643 2375 2703 2423 ut
2732 2370 3001 2440 quomodo
3024 2369 3308 2440 psallimus
3350 2370 3574 2435 spiritu,
3609 2372 3797 2441 psalli-
3879 2425 3886 2432 .

2191 2476 2314 2516 mus
2355 2470 2412 2518 et
2439 2477 2626 2530 sensu,
2661 2477 2882 2520 oramus
2911 2464 3128 2536 spiritu,
3153 2479 3372 2521 oremus
3395 2472 3452 2521 et
3481 2479 3683 2529 sensu,
3724 2466 3798 2520 sic

2192 2551 2247 2608 in
2290 2554 2484 2626 spiritu
2523 2569 2714 2612 sensus
2753 2556 2926 2611 nostri
2955 2571 3314 2623 renovamur,
3353 2564 3415 2611 ut
3441 2572 3572 2612 cum
3601 2572 3797 2613 sensus

2189 2645 2426 2701 mundus
2454 2643 2652 2713 fuerit,
2685 2656 2852 2716 atque
2891 2655 3180 2720 purgatus,
3211 2656 3266 2702 et
3291 2646 3361 2703 ab
3387 2648 3540 2703 omni
3582 2647 3796 2703 macula

2190 2736 2420 2792 sordidae
2441 2737 2804 2793 ooncretionis
2832 2738 3062 2804 alienus,
3089 2746 3219 2794 tunc
3243 2737 3294 2792 ei
3315 2736 3584 2809 jungatur
3609 2748 3674 2793 et
3699 2738 3798 2808 spi-

2190 2827 2347 2896 ritus,
2392 2837 2448 2884 et
2480 2830 2555 2884 ita
2581 2815 2815 2900 quodam
2843 2830 2983 2885 inter
3022 2845 3080 2886 se
3105 2829 3331 2886 unitatis
3367 2829 3582 2899 glutino
3624 2845 3796 2901 copu-

2188 2917 2390 2986 lentur,
2426 2927 2488 2975 ut
2512 2935 2854 2991 nequaquam
2881 2921 3113 2993 simplex
3155 2922 3411 2993 spiritus,
3444 2922 3543 2980 sed
3567 2922 3798 2994 Spiritus

2187 3026 2380 3069 sensus
2406 3027 2525 3069 esse
2549 3013 2780 3069 dicatur.

2258 3101 2329 3157 Et
2356 3103 2559 3159 induite
2595 3121 2781 3160 novum
2825 3105 3108 3162 hominem.
3160 3106 3218 3162 ω
3263 3107 3443 3179 ipsum
3486 3115 3794 3179 putem

2187 3195 2332 3266 quod
2363 3195 2416 3250 in
2461 3195 2565 3252 alio
2593 3197 2713 3253 loco
2751 3197 2986 3253 dicitur:
3019 3198 3232 3255 Induite
3266 3218 3356 3255 vos
3395 3198 3674 3257 Christum
3702 3201 3797 3258 Je-

2186 3301 2326 3340 sum.
2371 3284 2475 3340 lste
2504 3286 2702 3357 quippe
2725 3295 2812 3342 est
2839 3301 3010 3343 novus
3036 3288 3220 3354 homo,
3252 3303 3360 3360 quo
3394 3291 3640 3347 universi
3674 3307 3797 3348 cre-

2185 3375 2378 3430 dentes
2417 3375 2676 3432 debemus
2716 3377 2865 3434 indui
2895 3387 3058 3450 atque
3108 3381 3313 3436 vestiri.
3358 3381 3497 3450 Quid
3542 3383 3696 3438 enim
3736 3384 3796 3440 in

2184 3465 2406 3522 homine
2431 3468 2587 3538 quia
2633 3466 2917 3526 Salvatore
2959 3479 3147 3527 nostro
3191 3482 3503 3545 assumptus
3543 3485 3631 3532 est
3677 3491 3793 3534 non

2183 3570 2382 3611 novum
2425 3557 2560 3613 fuit?
2603 3566 2912 3630 conceptus,
2944 3562 3223 3630 nativitas,
3260 3573 3468 3636 partus,
3526 3565 3791 3636 infantia,

2183 3645 2454 3715 doctrina,
2497 3650 2631 3717 vita,
2660 3652 2865 3721 virtus,
2909 3661 2968 3708 et
2991 3654 3058 3710 ad
3085 3648 3388 3712 extremum
3414 3672 3553 3714 crux
3575 3667 3633 3715 et
3656 3675 3794 3732 pas-

2179 3739 2280 3804 sio,
2315 3741 2669 3813 ex5poliantis
2699 3745 2754 3800 in
2779 3759 2841 3800 ea
2874 3747 3231 3818 principatus,
3259 3756 3314 3805 et
3336 3753 3644 3808 contrarias
3671 3753 3792 3810 for-

2181 3831 2440 3889 titudines
2482 3838 2719 3892 ostentui
2769 3838 3021 3896 habentis
3043 3881 3059 3907 ,
3104 3843 3433 3900 resurrectio
3471 3859 3692 3917 quoque
3731 3855 3793 3906 et

2180 3941 2440 3982 ascensus
2468 3928 2536 3983 ad
2563 3928 2782 3985 coelum.
2813 3930 2915 3998 Qui
2940 3933 3108 4004 igitur
3134 3937 3608 3993 conversationem
3635 3938 3790 3996 illius

2181 4017 2381 4072 imitari
2414 4027 2632 4088 potest,
2691 4029 2746 4076 et
2789 4023 3071 4082 universas
3129 4025 3187 4082 in
3217 4042 3277 4084 se
3325 4029 3632 4100 exprimere
3668 4033 3788 4089 vir-

2180 4113 2344 4172 tutes,
2376 4115 2436 4162 ut
2473 4108 2544 4163 sit
2568 4121 2883 4169 mansuetus
2924 4115 3066 4172 sicut
3091 4115 3193 4172 fuit
3223 4117 3316 4174 ille
3347 4130 3684 4188 mansuetus,
3725 4132 3787 4180 et

2179 4199 2398 4256 humilis
2424 4202 2624 4269 corde,
2660 4213 2718 4260 et
2756 4214 2923 4276 ponat
2966 4208 3206 4265 animam
3250 4225 3402 4266 suam
3432 4226 3535 4282 pro
3582 4215 3784 4272 amicis

2179 4294 2312 4363 suis,
2341 4306 2401 4352 ut
2427 4295 2517 4352 ille
2555 4298 2736 4368 posuit
2763 4314 2863 4369 pro
2890 4300 3082 4356 ovibus
3109 4301 3224 4357 suis
3244 4342 3260 4368 ,
3315 4303 3636 4361 verberatus
3669 4321 3782 4364 non

2178 4390 2534 4459 respondeat,
2575 4391 2896 4448 maledictus
2921 4408 3029 4449 non
3067 4394 3445 4463 remaledicat,
3471 4397 3566 4454 sed
3593 4401 3784 4457 vincat

2179 4477 2234 4531 in
2263 4478 2566 4536 humilitate
2592 4481 2919 4552 superbiam,
2953 4483 3055 4538 iste
3092 4484 3314 4541 indutus
3337 4496 3421 4543 est
3449 4503 3655 4545 novum
3683 4491 3782 4547 ho-

491 4563 630 4619 citer
659 4566 786 4633 dici,
813 4569 857 4623 si
887 4571 1008 4638 quis
1034 4572 1109 4626 ita
1139 4576 1480 4630 necessarius
1505 4576 1661 4630 nobis
1685 4591 1809 4632 esse
1841 4577 2076 4644 videtur,
2099 4623 2154 4686 Β
2180 4572 2402 4639 minem,
2426 4583 2481 4630 et
2509 4574 2693 4630 dicere
2721 4590 2848 4630 cum
2874 4574 3133 4647 Apostolo
3159 4586 3340 4647 potest
3365 4597 3378 4633 :
3432 4578 3562 4636 Vivo
3596 4593 3777 4640 autem

491 4663 548 4686 ,η
576 4672 765 4686 mn..-
832 4676 925 4686 η,
956 4671 1000 4686 ,.
1034 4664 1216 4686 ,,,,ι,,,
2182 4664 2284 4686 ,ω
2456 4683 2532 4686 ___
2597 4662 2714 4686 ο.
2755 4684 2792 4686 η
2819 4677 2859 4686 .,
2949 4669 2961 4682 .
3134 4668 3196 4686 ru
3250 4672 3263 4684 .
3297 4682 3308 4686 -
3411 4671 3472 4686 ιη
3521 4673 3533 4686 ι
3627 4675 3638 4686 .

491 4663 550 4709 ut
575 4672 789 4726 manus,
831 4676 928 4731 pes
952 4671 1006 4718 et
1029 4664 1239 4731 oculus,
1267 4667 1414 4724 utilis
1441 4667 1690 4724 videlicet
1719 4677 1880 4739 atque
1924 4669 2072 4727 solli-
2099 4662 2287 4734 “iam
2317 4681 2421 4720 ηοη
2443 4683 2567 4738 €90.
2593 4662 2714 4722 υιύίι
2743 4677 2916 4723 autem
2942 4669 2998 4724 δη
3022 4686 3104 4725 me
3131 4668 3376 4728 altrim“
3407 4671 3550 4746 (δαῖε
3579 4675 3666 4748 ")-

491 4748 630 4804 citus
658 4758 714 4806 et
740 4760 928 4809 acutus
954 4757 1022 4811 ad
1047 4758 1499 4828 perspiciendum,
1544 4760 1858 4817 scandalum
1891 4770 2072 4820 autem

491 4839 647 4894 nobis
693 4838 842 4908 facit,
892 4852 948 4900 et
974 4861 1071 4916 per
1113 4848 1502 4905 dissonantiam
1538 4867 1749 4906 morum
1776 4867 1876 4907 nos
1905 4854 2074 4909 trahit

491 4929 545 4983 in
568 4931 893 5001 gehennam,
918 4951 986 4992 ne
1011 4937 1273 5008 siquidem
1295 4941 1678 5011 temporalibus
1698 4941 1813 5012 ejus
1835 4959 2072 4999 commo-

490 5021 596 5088 dis,
623 5037 744 5078 cum
772 5026 1013 5096 periculo
1040 5030 1345 5086 animarum
1370 5040 1710 5100 nostrarum,
1754 5034 1833 5089 uti
1881 5049 1946 5090 ac
1987 5032 2071 5090 ἰο-

490 5115 604 5170 veri
635 5117 908 5174 debemus.

571 5204 750 5262 Videte
773 5226 835 5264 ne
861 5215 1199 5269 contemnatt's
1228 5232 1392 5270 unum
1425 5233 1490 5272 ea:
1521 5217 1603 5273 his
1629 5217 1857 5289 pusillis.
1889 5218 2071 5287 Quan-

489 5303 602 5350 tum
631 5299 685 5352 in
713 5299 864 5356 vobis
887 5311 971 5358 est
991 5305 1154 5361 nolite
1193 5316 1558 5374 contemnere,
1583 5310 1678 5364 sed
1706 5325 1804 5380 per
1831 5319 2068 5368 vestram

487 5388 716 5447 salutem
745 5395 906 5450 etiam
936 5397 1149 5454 illorum
1177 5401 1403 5470 quaerite
1437 5403 1748 5458 sanitatem.

559 5481 690 5536 Dico
716 5488 852 5541 enim
881 5489 1021 5545 vobis
1048 5505 1066 5542 :
1101 5491 1239 5557 Quia
1277 5493 1448 5564 angeli
1477 5512 1656 5550 eorum
1686 5497 1741 5551 in
1767 5497 1928 5564 caelis,
1956 5503 2064 5552 etc.-

489 5572 681 5645 Magna
708 5577 941 5649 dignitas
966 5585 1287 5652 animarum,
1319 5597 1377 5641 ut
1402 5603 1736 5658 unaquzeque
1777 5590 1974 5644 habeat
1999 5589 2069 5644 ab

487 5676 611 5722 ortu
631 5671 926 5730 nativitatis
956 5675 1008 5730 in
1034 5679 1333 5733 custodiam
1364 5681 1445 5734 sui
1469 5681 1714 5751 angelum
1741 5681 2064 5752 delegatum,

487 5759 632 5815 unde
653 5759 880 5832 legimus
914 5765 969 5819 in
989 5765 1307 5840 Apocalypsi
1330 5766 1555 5824 Joannis
1585 5788 1600 5824 :
1631 5769 1827 5840 Angela
1850 5770 2065 5840 Ephesi,

488 5847 778 5910 Thiathirte
801 5863 851 5913 et
887 5856 1072 5927 angelo
1094 5856 1476 5932 Philadelphia
1507 5859 1689 5933 (Apoc.
1718 5875 1758 5930 ι,
1790 5875 1854 5930 ιι,
1881 5859 1988 5934 ιιι),
2012 5871 2070 5920 et

2249 4757 2353 4824 Qui
2379 4759 2667 4814 secundum
2713 4760 2882 4815 Deum
2924 4772 3131 4818 creatus
3158 4773 3253 4818 est.
3304 4764 3776 4824 Considerandum

2172 4848 2358 4921 igitur,
2403 4852 2528 4921 quia
2556 4853 2764 4908 creatio
2791 4860 2955 4924 atque
2994 4853 3234 4910 conditio
3271 4871 3548 4927 nunquam
3581 4859 3689 4914 nisi
3715 4860 3773 4915 in

2171 4940 2381 5012 magnis
2405 4942 2659 5012 operibus
2697 4944 3065 5000 nominentur.
3105 4945 3267 5002 Verbi
3301 4961 3498 5012 causa,
3535 4950 3774 5006 mundus

2169 5040 2387 5088 creatus
2424 5041 2527 5100 est,
2566 5034 2696 5090 urbs
2719 5035 3070 5103 conditaest,
3106 5051 3174 5092 ex
3200 5051 3308 5107 quo
3332 5038 3773 5094 animadverten-

2172 5123 2301 5178 dum
2333 5124 2495 5180 istum
2533 5140 2734 5181 novum
2776 5126 3051 5182 hominem
3075 5111 3234 5199 ,‘qui
3275 5126 3434 5197 juxta
3483 5129 3656 5184 Deum
3711 5130 3769 5185 i

2172 5211 2392 5270 Christo
2418 5223 2635 5272 creatus
2662 5223 2750 5272 est
2788 5232 3045 5290 magnum
3074 5218 3172 5273 Dei
3198 5233 3336 5290 opus
3362 5234 3504 5285 esse,
3550 5227 3606 5276 et
3629 5233 3769 5276 em:-

2169 5323 2301 5364 nere
2327 5310 2469 5366 ultra
2497 5321 2726 5369 exteras
2753 5323 3064 5380 creaturas,
3110 5329 3233 5371 cum
3261 5316 3340 5372 sic
3365 5317 3617 5373 conditus
3643 5330 3767 5374 esse

2169 5399 2419 5468 dicatur,
2472 5411 2533 5457 ut
2579 5404 2813 5460 mundus
2853 5413 2907 5460 et
2954 5406 3171 5462 initium
3213 5407 3429 5464 viarum
3472 5409 3567 5466 Dei
3608 5418 3668 5465 et
3706 5409 3765 5466 il

2168 5491 2390 5547 exordio
2415 5492 2812 5550 elementorum
2838 5497 3079 5552 omnium
3103 5499 3174 5554 sit
3197 5508 3435 5556 creatus.

2239 5579 2307 5636 In
2323 5583 2538 5652 justitia
2569 5595 2617 5638 et
2640 5587 2920 5642 sanctitate
2936 5629 2952 5654 ,
2981 5594 3087 5645 etc.
3112 5587 3273 5646 Jesus
3301 5605 3433 5662 ergo
3457 5605 3590 5648 vere
3612 5605 3765 5647 crea-

2169 5679 2256 5727 tus
2285 5683 2369 5729 est
2395 5675 2449 5729 in
2474 5675 2686 5746 justitia
2733 5685 2790 5733 et
2817 5679 3110 5734 sanctitate
3148 5682 3418 5749 veritatis,
3459 5683 3587 5753 quia
3616 5682 3760 5738 Deus

2169 5781 2331 5822 verus
2363 5767 2461 5823 Dei
2490 5770 2603 5824 veri
2637 5769 2780 5826 ﬁlius
2806 5779 2910 5837 est,
2949 5781 3006 5828 et
3029 5781 3143 5828 tota
3185 5774 3239 5830 in
3263 5773 3356 5831 illo
3380 5775 3571 5848 religio
3593 5783 3762 5847 atque

2159 5857 2373 5929 justitia
2401 5862 2500 5918 Dei
2522 5863 2754 5921 veritate
2775 5864 3043 5937 completa
3064 5874 3167 5923 est.
