4026 6462
176 363 277 423 481

991 346 1506 424 consummes
1544 362 1614 422 lN
1653 362 2037 423 EPISTOLAS
2074 362 2164 420 ET
2201 353 2612 427 EVANGELIAQ
2674 323 2683 329 ’

3324 377 3434 438 482

252 480 475 552 Propter
508 482 648 553 quod
687 480 995 555 deponentes
1037 500 1187 539 omne
1224 484 1553 539 mendacium
1590 484 1757 555 loqui—
1783 488 1837 551 Α
1858 498 2071 555 cunque
2090 484 2147 541 in
2177 486 2263 543 die
2285 486 2371 544 vel
2398 503 2563 560 opere
2586 488 2671 546 vel
2696 504 2964 558 sermone,
2993 490 3081 550 vel
3104 493 3432 567 cogitatione

171 574 305 629 asini
328 573 616 639 veritatem,
648 582 752 629 etc.
804 573 921 628 Non
948 574 1284 645 simpliciter,
1328 583 1389 630 ut
1414 574 1631 646 quidam
1658 589 1756 644 pu-

171 674 334 733 tant,
384 679 485 720 nec
526 666 806 721 moraliter
828 666 1115 736 Apostolus
1154 667 1426 738 praecepit,
1470 665 1756 721 mendacio

170 755 435 816 derelicto
457 772 581 813 cum
609 756 873 827 proximis
910 757 1198 813 veritatem
1224 756 1567 827 loquendam.
1610 755 1756 812 Alio-

170 851 305 921 quin
336 850 381 905 si
413 857 622 906 tantum
667 866 790 907 cum
831 852 1093 923 proximis
1136 853 1409 924 loquimur
1445 854 1751 922 veritatem,

168 950 482 1021 quicunque
509 966 615 1006 non
645 950 811 1007 fuerit
855 953 1134 1024 proximus
1172 954 1358 1009 audire
1381 954 1566 1011 dicunt
1602 970 1755 1011 men-

168 1040 411 1098 dacium.
462 1042 615 1110 Quod
643 1044 859 1114 quidem
900 1053 955 1099 et
982 1045 1037 1099 in
1077 1046 1194 1117 lege
1231 1054 1595 1117 praeceptum:
1628 1044 1754 1101 Non

167 1132 490 1188 adulterabis
520 1150 734 1189 uxorem
763 1137 990 1206 proximi
1013 1137 1090 1190 tui
1119 1136 1315 1209 (Exod.
1344 1136 1457 1209 xx).
1488 1136 1546 1192 Si
1571 1137 1752 1209 proxi-

165 1238 292 1279 mus
320 1231 528 1280 tantum
554 1226 909 1297 propinquus,
936 1228 1023 1283 vel
1048 1227 1257 1283 amicus
1286 1228 1568 1297 accipitur,
1602 1228 1753 1284 adul-

165 1314 307 1369 teria
336 1315 391 1369 in
420 1314 626 1371 alienos
639 1315 765 1383 jure
788 1317 1071 1387 promittit.
1122 1316 1228 1373 Sed
1256 1319 1561 1387 proximum
1594 1326 1753 1374 vocat

164 1417 385 1459 omnem
413 1405 685 1461 hominem
708 1446 725 1470 ,
755 1407 847 1477 qui
872 1422 941 1464 ex
969 1409 1157 1464 eodem
1187 1408 1342 1464 nobis
1380 1424 1501 1463 cum
1528 1416 1751 1480 parente

165 1503 455 1564 generatus
473 1505 576 1552 est.

237 1584 501 1651 Quoniam
528 1606 711 1644 sumus
730 1591 945 1646 inuicem
969 1593 1221 1647 membra.
1272 1592 1427 1661 Quod
1454 1599 1636 1648 autem
1668 1593 1749 1648 di-

161 1674 277 1729 cit:
309 1676 733 1733 Sumusinvicem
758 1682 1185 1754 membra,magis
1211 1682 1344 1737 mihi
1357 1682 1571 1737 videtur
1584 1683 1749 1752 signi-

158 1765 329 1821 ficare
359 1770 697 1839 mysterium,
728 1780 783 1826 et
810 1770 877 1827 de
897 1772 983 1828 bis
1013 1773 1215 1839 dicere,
1251 1773 1342 1843 qui
1373 1773 1528 1828 nobis
1564 1773 1669 1829 fide
1691 1782 1747 1829 et

156 1861 366 1919 virtute
392 1871 519 1919 sunt
542 1865 794 1936 proximi.
825 1865 1061 1921 Membra
1080 1867 1277 1937 quippe
1305 1866 1623 1921 alterutrum
1638 1881 1748 1920 non

155 1959 308 2018 sunt,
341 1953 445 2009 nisi
472 1953 657 2011 fideles
694 1955 961 2022 fidelium,
1000 1966 1056 2013 et
1090 1957 1383 2014 Christiani
1414 1957 1749 2014 Christiano-

155 2058 301 2099 rum.
334 2044 478 2118 Ergo
514 2047 618 2103 hoc
647 2045 833 2116 jubet,
863 2057 925 2104 ut
951 2050 1323 2121 unusquisque
1350 2050 1579 2121 mystica
1605 2064 1749 2120 quaa-

154 2152 266 2207 que
290 2146 451 2208 atque
481 2148 691 2207 secreta
716 2182 731 2207 ,
758 2150 813 2196 et
837 2157 900 2197 ea
922 2157 1043 2211 quae
1063 2142 1160 2197 Dei
1179 2143 1410 2197 veritate
1439 2150 1566 2198 sunt
1590 2142 1749 2213 plena

150 2224 413 2296 loquatur
438 2242 561 2283 cum
589 2229 839 2300 proximo
872 2244 992 2296 suo,
1041 2238 1096 2285 et
1119 2247 1227 2285 non
1253 2230 1345 2285 det
1383 2240 1633 2287 sanctum
1657 2246 1749 2285 ca-

148 2316 337 2384 nibus,
368 2334 546 2390 noque
566 2319 747 2375 mittat
767 2322 1089 2392 margaritas
1114 2337 1240 2377 suas
1261 2329 1387 2377 ante
1412 2337 1628 2393 porcos,
1654 2322 1750 2377 sed

147 2407 468 2478 quicunque
508 2409 688 2465 oleum
723 2410 973 2465 habuerit
1014 2412 1293 2479 veritatis,
1329 2412 1447 2468 illos
1477 2413 1532 2467 in
1573 2412 1749 2467 thala-

145 2513 308 2554 mum
341 2502 524 2570 sponsi
554 2502 831 2557 cellarium
860 2512 916 2558 et
948 2520 1145 2575 penum
1176 2506 1318 2576 regis
1346 2505 1586 2561 inducat.

222 2591 530 2647 Irascimini
558 2605 607 2649 et
632 2596 790 2650 nolite
812 2614 1044 2667 peccare.
1078 2598 1281 2668 Duplex
1318 2606 1498 2652 autem
1525 2613 1634 2654 non
1659 2613 1747 2653 so-

142 2681 266 2737 lum
298 2682 439 2751 apud
480 2698 599 2747 nos,
647 2700 839 2740 verum
869 2686 1034 2740 etiam
1078 2688 1217 2756 apud
1262 2686 1611 2756 philosophos
1648 2686 1744 2742 ira

145 2789 354 2829 nomen
384 2774 670 2843 accipitur,
715 2775 799 2831 vel
828 2791 972 2843 cum,
1004 2778 1200 2849 injuria
1226 2777 1484 2843 lacessiti,
1523 2785 1742 2833 natura-

143 2865 299 2921 libus
326 2865 560 2921 stimulis
586 2868 942 2935 concitamur,
974 2870 1059 2923 vel
1086 2884 1209 2925 cum
1240 2871 1615 2941 requiescente
1639 2870 1741 2926 im-

141 2962 282 3023 petu
327 2962 383 3009 et
428 2954 614 3011 furore
642 2959 934 3024 restincto,
972 2968 1151 3031 potest
1194 2975 1348 3015 mens
1378 2961 1575 3016 habere
1597 2959 1742 3029 judi-

142 3044 301 3099 cium
324 3084 339 3111 ,
382 3053 441 3101 et
464 3044 817 3105 nihilominus
848 3065 1013 3122 super
1048 3065 1114 3106 eo
1148 3050 1241 3121 qui
1278 3058 1502 3121 putatur
1534 3050 1740 3107 laesisse

143 3136 427 3193 desiderat
475 3138 757 3195 ultionem.
804 3141 1056 3199 Arbitror
1102 3144 1284 3215 itaque
1326 3145 1392 3201 de
1436 3146 1604 3217 priori
1654 3146 1737 3201 ira

141 3246 302 3287 nunc
326 3230 564 3299 dictum,
607 3242 661 3289 et
690 3234 847 3291 nobis
871 3274 889 3302 ,
936 3236 1090 3306 quasi
1120 3237 1431 3293 hominibus
1459 3252 1579 3293 esse
1608 3252 1737 3292 con-

141 3337 386 3386 cessum,
429 3332 493 3378 ut
525 3325 595 3379 ad
622 3325 856 3398 indigna
901 3325 1131 3395 alicujus
1180 3328 1259 3383 rei
1302 3326 1495 3382 faciem
1523 3342 1740 3383 movea-

140 3429 301 3480 mur,
330 3414 885 3487 tranquillitatemque
909 3419 1126 3485 mentis,
1155 3416 1302 3473 velut
1327 3416 1465 3473 lenis
1491 3418 1739 3488 quaedam

140 3520 308 3569 aura,
358 3508 684 3574 conturbet,
710 3523 1051 3579 nequaquam
1096 3517 1277 3565 tamen
1316 3508 1739 3567 intumescentes

140 3598 381 3669 gurgitis
408 3599 610 3655 furoris
634 3599 840 3671 impetu
865 3601 1228 3658 sublevemur.

220 3686 318 3743 Sol
345 3706 449 3743 non
473 3690 677 3745 occidat
704 3708 862 3761 super
892 3692 1223 3746 iracundiam
1251 3700 1491 3747 vestram.
1521 3692 1577 3748 Si
1608 3692 1737 3749 sim-

135 3778 366 3849 pliciter
406 3780 551 3836 hunc
575 3780 744 3837 solem
790 3782 1136 3855 intelligimus
1159 3823 1174 3848 ,
1219 3783 1313 3855 qui
1350 3783 1522 3840 oculis
1554 3785 1737 3841 carnis

135 3872 432 3941 aspicitur,
459 3887 769 3943 peccamus,
810 3875 1026 3943 quando
1054 3873 1341 3929 irascimur
1366 3883 1422 3928 et
1455 3875 1737 3932 occidente

134 3961 261 4017 sole
312 3961 593 4019 iracundia
637 3970 970 4035 perseverat.
1026 3963 1145 4020 Non
1189 3979 1479 4035 peccamus
1528 3974 1731 4033 autem,

134 4052 387 4123 quando,
414 4053 566 4109 verbi
592 4054 795 4125 gratia,
828 4070 861 4109 a
887 4054 1063 4125 prima
1099 4054 1234 4110 hora
1258 4070 1431 4127 usque
1468 4056 1536 4112 ad
1567 4059 1735 4113 unde-

134 4145 346 4200 cimam
390 4145 686 4202 irascentes
710 4186 725 4211 ,
762 4144 990 4202 facimus
1013 4147 1155 4216 quod
1185 4142 1480 4217 indignatio
1502 4189 1517 4215 ,
1559 4147 1729 4215 furor,

132 4236 249 4301 ira,
277 4237 663 4307 suggesserint.
714 4235 833 4304 Quo
857 4251 1020 4293 sensu
1065 4237 1198 4292 nihil
1234 4237 1363 4293 mihi
1392 4239 1603 4295 videtur
1639 4241 1733 4295 ab-

131 4326 384 4393 surdius,
416 4327 568 4397 quasi
596 4342 706 4383 non
733 4335 899 4398 queat
924 4327 1193 4398 quispiam
1233 4328 1300 4383 ab
1322 4335 1447 4384 ortu
1480 4330 1609 4385 solis
1645 4347 1733 4388 us-

130 4438 249 4494 que
271 4422 343 4477 ad
367 4437 621 4479 occasum
651 4422 708 4478 in
734 4430 885 4477 tanta
915 4422 1120 4479 scelera
1149 4422 1495 4490 debacchari,
1526 4432 1731 4494 quanta

131 4522 260 4571 tota
291 4514 401 4569 vita
435 4529 532 4570 sua
558 4529 667 4570 non
695 4514 873 4586 possit
916 4512 1170 4585 lacrymis
1195 4515 1437 4584 expiare.
1487 4514 1596 4569 Aut
1622 4530 1730 4571 non

1854 577 2091 649 peccatis
2113 618 2129 645 ,
2190 579 2306 635 haec
2348 580 2669 640 succedente
2706 584 3026 656 ptenitentia
3066 596 3291 658 purgate
3336 606 3433 662 per

1852 676 2092 738 noctem,
2120 677 2178 727 et
2205 670 2286 726 ira
2314 672 2387 728 sit
2409 673 2611 741 brevis,
2636 689 2739 732 nec
2761 676 2820 732 in
2850 676 2992 733 diem
3019 678 3316 735 crastinum
3336 681 3434 737 dii-

1852 760 2078 819 feratur.

1924 873 2104 931 Nolite
2131 875 2302 930 locum
2328 876 2456 933 dare
2481 876 2711 935 diabolo.
2743 876 3001 936 Diabolus
3033 880 3281 938 Graecum
3308 897 3433 938 ver-

1850 964 1977 1022 bum
2008 976 2092 1023 est
2129 966 2360 1031 ὂιὰϐολος
2384 1010 2398 1036 ,
2442 970 2585 1041 quod
2628 970 2820 1027 Latine
2854 970 3053 1028 dicitur
3092 975 3429 1030 criminator.

1850 1059 2056 1130 Lingua
2085 1076 2215 1116 vero
2235 1061 2498 1118 Hebraica
2525 1072 2651 1152 Tum
2685 1062 2852 1119 Satan
2887 1064 3203 1136 appellatur,
3241 1067 3431 1122 adver-

1850 1154 2027 1208 sarius
2052 1154 2164 1209 sive
2186 1155 2490 1210 contrarius
2508 1195 2523 1221 ,
2549 1156 2695 1211 etab
2717 1155 2958 1226 apostolo
2982 1156 3172 1224 Belial,
3196 1156 3300 1213 hoc
3325 1168 3426 1224 est,

1850 1244 2055 1314 absque
2080 1243 2229 1317 jugo,
2256 1246 2401 1316 quod
2430 1246 2496 1301 de
2524 1246 2662 1303 collo
2703 1262 2801 1302 suo
2842 1246 2939 1301 Dei
2968 1246 3228 1318 abjecerit
3260 1249 3430 1304 servi-

1849 1344 2019 1392 tutem
2043 1378 2058 1403 ,
2106 1351 2267 1407 quem
2302 1338 2495 1409 Aquila
2540 1346 2843 1410 apostatam
2898 1338 3200 1395 transtulit.
3252 1338 3433 1396 Nolite

1848 1433 2069 1502 itaque,
2109 1434 2208 1499 ait,
2253 1434 2382 1489 dare
2420 1435 2591 1490 locum
2621 1437 2849 1503 diabolo,
2896 1437 2951 1492 id
2977 1447 3081 1503 est,
3124 1436 3425 1506 irascendo,

1846 1527 1932 1581 vel
1960 1527 2200 1597 quolibet
2224 1529 2329 1585 alio
2353 1530 2512 1585 modo
2535 1532 2827 1600 peccando.
2858 1529 3035 1586 Locus
3063 1530 3208 1586 enim
3234 1516 3433 1587 diaboli

1844 1630 2129 1690 peccatum
2178 1630 2279 1677 est.
2334 1622 2591 1679 Diabolus
2618 1624 2764 1679 enim
2816 1632 3075 1694 tanquam
3101 1623 3186 1679 leo
3212 1624 3435 1693 rugiens

1845 1712 2042 1782 quaerit
2063 1712 2292 1778 aditum,
2342 1728 2440 1783 per
2467 1729 2627 1784 quem
2667 1713 2839 1784 possit
2862 1714 3180 1783 irrumpere,
3223 1720 3433 1770 etcum

1848 1802 2025 1858 locum
2050 1802 2355 1859 dederimus
2381 1804 2698 1875 ingreditur.
2750 1802 2898 1860 Solet
2925 1811 3106 1859 autem
3142 1810 3432 1874 antequam

1849 1894 2053 1959 veniat,
2082 1894 2328 1964 quaedam
2350 1894 2527 1963 iacula
2553 1894 2884 1965 praemittere
2905 1934 2921 1961 ,
2956 1902 3013 1949 et
3040 1908 3433 1965 praecursorem

1849 1984 2239 2040 adventus-sui
2282 1982 2463 2040 facere
2507 1985 2917 2055 cogitationem,
2966 1985 3107 2040 hanc
3145 1984 3192 2039 si
3237 2000 3338 2040 nos
3373 1984 3431 2040 in

1849 2073 2013 2129 corde
2043 2081 2230 2129 nostro
2256 2081 2561 2145 susceptam
2586 2073 2969 2139 nutrierimus’,
2995 2079 3051 2128 et
3078 2072 3193 2142 ipse
3223 2072 3431 2128 intrare

1850 2164 2090 2221 audebit.

1920 2274 2026 2343 Qui
2063 2276 2343 2343 furabatur
2366 2315 2382 2341 ,
2409 2275 2529 2345 jam
2553 2290 2657 2330 non
2679 2274 2925 2345 'furetur.
2972 2274 3111 2343 Quia
3148 2275 3205 2331 hi
3252 2273 3344 2347 qui
3374 2276 3429 2332 in

1846 2358 1971 2422 vita:
2010 2366 2167 2420 istius
2193 2364 2423 2435 negotiis
2449 2373 2840 2420 conversantur
2859 2405 2875 2431 ,
2926 2374 3147 2436 pr0pter
3173 2366 3431 2424 alimenta

1846 2463 1903 2511 et
1924 2471 2057 2511 usus
2101 2456 2439 2512 necessarios
2474 2464 2742 2527 coguntur
2786 2456 2965 2525 aliqua
2994 2457 3080 2511 vel
3120 2471 3304 2513 emere
3342 2457 3430 2514 vel

1842 2546 2103 2611 vendere,
2137 2555 2193 2601 et
2212 2546 2363 2602 lucra
2386 2546 2452 2602 de
2476 2547 2839 2619 negotiatione
2862 2547 3093 2615 sectari,
3141 2555 3431 2619 propterea

1844 2650 1990 2691 nunc
2014 2635 2274 2706 Ephesnos
2295 2644 2500 2702 monet,
2525 2651 2594 2691 ne
2619 2637 2718 2692 sub
2745 2637 3030 2692 occasione
3058 2637 3429 2705 emolumenti,

1842 2724 1977 2781 furti
2019 2727 2227 2783 crimen
2290 2727 2592 2783 incurrant.
2648 2726 2878 2783 Furtum
2921 2727 3208 2783 nominans
3268 2742 3429 2784 omne

1841 2818 1988 2889 quod
2015 2818 2237 2874 alterius
2268 2818 2463 2874 damno
2493 2818 2813 2889 acquiritur.
2850 2820 3037 2876 Potest
3063 2828 3244 2877 autem
3272 2831 3328 2877 et
3355 2819 3433 2876 al-

1844 2912 1950 2967 tius
1976 2911 2242 2982 intelligi:
2285 2910 2388 2978 Qui
2411 2912 2691 2982 furabatur
2717 2912 2836 2984 jam
2879 2929 2983 2967 non
3011 2913 3235 2984 furatur.
3286 2912 3424 2970 Pro-

1838 3010 1963 3074 pter
2007 3003 2139 3058 illud
2168 3002 2313 3074 quod
2342 3003 2605 3075 scriptum
2645 3011 2747 3069 est,
2796 3003 2862 3059 de
2900 3004 3423 3075 pseudoprophetis:

1842 3094 1947 3161 Qui
1979 3096 2229 3166 furantur
2277 3112 2539 3150 sermones
2584 3096 2937 3167 unusquisque
2976 3113 3011 3150 a
3049 3098 3289 3167 proximo
3326 3113 3425 3152 suo

1842 3172 1990 3256 (Jer:
2025 3184 2206 3255 xxm),
2254 3192 2311 3239 et
2354 3184 2485 3238 illud
2533 3201 2546 3238 :
2602 3183 2834 3250 Omnes,
2874 3193 3127 3256 quotquot
3174 3194 3425 3241 venerunt

1837 3284 1959 3331 ante
1985 3292 2088 3341 me,
2127 3276 2270 3345 fures
2295 3276 2510 3345 fuerunt
2532 3285 2582 3330 et
2602 3275 2828 3331 latrones
2855 3275 3038 3349 (Joan.
3063 3275 3143 3348 x).
3174 3276 3284 3335 Bos
3300 3290 3425 3348 pro-

1835 3368 1988 3426 hibet
2010 3367 2155 3423 furta
2176 3367 2358 3424 face're
2384 3367 2669 3438 spiritalia.

1908 3483 2082 3555 Magis
2112 3492 2288 3537 autem
2313 3482 2532 3549 laboret,
2577 3489 2683 3538 etc.
2728 3479 2915 3552 Neque
2941 3494 3071 3537 vero
3106 3480 3205 3548 ait,
3252 3482 3421 3554 magis

1835 3584 2011 3630 autem
2046 3574 2247 3629 laboret
2295 3573 2560 3645 operando
2603 3573 2845 3628 manibus
2870 3574 2999 3638 suis,
3043 3572 3182 3644 quod
3226 3573 3421 3628 bonum

1834 3677 1934 3733 est,
1974 3675 2036 3722 ut
2062 3682 2168 3724 non
2197 3667 2452 3739 indigeat,
2501 3675 2557 3722 et
2580 3666 2777 3722 habeat
2801 3665 3022 3733 victum,
3062 3673 3117 3721 et
3146 3665 3277 3722 nulli
3301 3681 3420 3723 mo-

1833 3758 2045 3816 lestiam
2077 3760 2351 3827 exhibeat,
2390 3759 2485 3816 sed
2510 3758 2740 3825 laboret,
2770 3758 2964 3829 inquit,
3005 3759 3259 3823 manibus
3282 3759 3415 3827 suis,

1834 3852 1981 3922 quod
2006 3852 2211 3907 bonum
2250 3859 2335 3907 est
2355 3891 2371 3918 ,
2402 3859 2463 3906 ut
2486 3850 2685 3906 habeat
2710 3850 2853 3906 unde
2886 3849 3097 3917 foveat,
3123 3849 3423 3907 communi-

1834 3950 1923 3998 cet
1963 3941 2342 4012 indigentibus.
2393 3940 2495 4008 Qui
2521 3940 2699 4009 igitur
2716 3939 2783 3995 ad
2822 3938 2926 3996 hoc
2946 3948 3157 3997 tantum
3184 3940 3417 4008 laborat,

1832 4044 1896 4092 ut
1920 4037 2037 4107 ipse
2063 4051 2169 4091 non
2202 4042 2396 4106 egeat,
2444 4042 2499 4089 et
2534 4049 2565 4087 a
2594 4033 2804 4089 caeteris
2844 4034 3131 4089 contrahat
3168 4049 3411 4099 manum,

1833 4129 2083 4198 quamvis
2135 4127 2424 4197 applaudat
2469 4127 2610 4191 sibi,
2664 4133 2843 4181 tamen
2885 4124 3110 4195 apostoli
3153 4132 3419 4195 praecepta

1832 4232 1941 4273 non
1990 4216 2136 4272 fecit.
2183 4216 2355 4288 Igitur
2394 4225 2652 4287 operatur
2697 4216 2927 4281 bonum,
2977 4216 3068 4287 qui
3108 4214 3339 4272 declinat
3383 4230 3415 4270 a

1832 4307 1977 4364 malo
2022 4316 2079 4364 et
2124 4307 2257 4365 facit
2303 4308 2540 4375 bonum,
2587 4314 2644 4363 et
2681 4315 2938 4377 operatur
2971 4306 3025 4362 in
3055 4320 3186 4379 agro
3221 4306 3418 4363 anima:

1833 4416 1964 4467 sua,
2014 4409 2074 4455 ut
2118 4399 2486 4471 spiritualibus
2532 4400 2761 4471 panibus
2791 4398 3116 4471 impleatur,
3162 4406 3219 4455 et
3241 4398 3416 4471 possit

1832 4491 2164 4547 commodari
2220 4492 2482 4549 esurienti
2537 4500 2595 4548 et
2656 4491 3041 4548 necessitatem
3098 4491 3411 4561 sustinenti,

130 4563 424 4676 seu};
436 4563 728 4662 ἶῦἶιυῖιῖίιῖ
737 4563 845 4661 Si;
855 4563 1611 4676 ἰπέιῖἐὲπὶΪ’ἐαὶἶέιὶἓιξιὶθί]ἷιὲ
1622 4563 1730 4661 ’τί

1842 4585 1967 4642 dans
1994 4585 2049 4641 in
2081 4592 2327 4657 tempore
2348 4586 2557 4643 cibaria
2582 4585 2862 4643 conservis
2888 4585 3022 4643 suis.

130 4698 377 4771 quiescit
406 4696 625 4765 furoris,
670 4707 726 4754 et
755 4696 1079 4753 succedente
1118 4712 1331 4764 somno,
1354 4700 1522 4755 etiam
1553 4699 1598 4755 si
1626 4700 1729 4755 ira-

130 4790 369 4853 scimnr,
400 4789 455 4843 in
484 4789 624 4845 diem
660 4788 993 4845 iracundiam
1022 4787 1350 4845 diﬂ’eramus.
1396 4789 1531 4857 Quia
1562 4789 1728 4862 igitur

2160 4713 2499 4755 EVANGBLIUI
2530 4713 2811 4763 ΙΑΤἸἮΒῙ,
2842 4710 2963 4752 CAP.
2988 4713 3065 4754 ιι.

1908 4806 1928 4840 ι
1973 4786 2286 4844 Ascendens
2329 4788 2486 4845 Jesus
2507 4789 2563 4843 in
2602 4786 2906 4844 naviculam
2958 4786 3329 4845 transfretavit
3356 4796 3413 4847 et

128 4894 307 4935 verus
335 4878 415 4934 sol
440 4878 581 4934 sicut
603 4878 802 4935 occidit
839 4893 1001 4949 super
1029 4879 1200 4933 malos
1221 4878 1529 4950 prophetas,
1567 4877 1723 4947 juxta
1834 4894 1854 4928 ι
1892 4878 2041 4932 venit
2069 4878 2124 4933 in
2149 4877 2424 4935 civitatem
2447 4894 2620 4934 suam.
2667 4878 2737 4933 Et
2759 4893 2884 4934 ecce
2911 4877 3209 4935 oll'erebant
3243 4880 3293 4935 ei
3317 4894 3414 4952 pa-

128 4972 271 5029 illud
296 4970 443 5043 quod
468 4972 730 5041 scriptum
762 4981 846 5026 est
872 4988 886 5025 :
920 4970 1124 5025 Occidit
1153 4970 1233 5025 sol
1260 4988 1415 5042 super
1447 4973 1723 5043 prophetas
1834 4984 1853 5018 ι
1899 4967 2181 5039 ralyticum
2205 4968 2478 5039 jacentem
2510 4970 2563 5023 in
2584 4968 2744 5024 lecto.
2775 4967 2843 5022 Et
2862 4968 3050 5024 videns
3072 4967 3232 5024 Jesus
3249 4967 3412 5025 ﬁdem

128 5075 336 5120 uestros
365 5064 420 5118 in
447 5064 663 5119 meridie
700 5061 1074 5147 (Amos..vut),
1128 5063 1203 5118 ita
1231 5063 1395 5119 etiam
1422 5078 1584 5133 super
1608 5080 1757 5119 om--
1828 5082 1848 5118 ι
1891 5066 2127 5128 illorum,
2156 5062 2293 5117 dixit
2319 5062 2618 5133 paralytico
2642 5078 2654 5115 :
2686 5059 2925 5127 Conﬁde,
2966 5061 3040 5117 ﬁli
3064 5102 3079 5127 ,
3124 5062 3411 5117 remittun-

129 5170 237 5211 nes
264 5152 468 5209 occidit
491 5161 824 5227 peccatores,
873 5167 1215 5223 nequaquam
1240 5153 1321 5209 eis
1348 5162 1499 5209 ortus
1528 5154 1612 5209 sui
1645 5153 1727 5209 lu-
1830 5179 1849 5214 ι
1893 5169 1983 5215 tur
2027 5158 2125 5213 tibi
2152 5164 2373 5228 peccata
2415 5164 2526 5210 tua.
2574 5155 2642 5211 Et
2681 5167 2809 5212 ecce
2837 5155 3059 5227 quidam
3105 5154 3174 5209 de
3213 5154 3409 5210 scribis

128 5261 265 5302 men
308 5245 631 5317 indulgens,
679 5244 925 5316 praecipit
965 5260 1111 5301 nunc
1138 5242 1445 5316 Apostolus,
1496 5259 1565 5300 ne
1598 5243 1726 5301 talia
1829 5268 1849 5303 ι
1890 5250 2142 5306 dixerunt
2168 5248 2308 5302 intra
2333 5260 2431 5301 se:
2472 5244 2573 5301 ilic
2603 5245 2962 5316 blasphemat.
2994 5246 3214 5301 Etcum
3244 5243 3411 5300 vidis-

130 5338 408 5396 faciamus
447 5338 632 5396 furore
660 5338 930 5410 superati,
984 5353 1081 5409 per
1132 5352 1255 5409 quae
1294 5338 1451 5394 nobis
1477 5337 1556 5393 sol
1582 5336 1725 5393 occi-

128 5433 255 5497 dat,
285 5438 346 5487 et
386 5431 684 5504 principale
728 5429 907 5487 cordis
936 5430 1175 5486 tenebris
1216 5431 1540 5487 involvatur.
1589 5429 1721 5498 Qui-

125 5525 261 5579 dam
307 5528 504 5591 putant
545 5521 627 5577 sic
670 5519 1043 5590 accipiendum
1080 5519 1187 5575 hoc
1228 5533 1347 5575 esse
1384 5518 1719 5589 simpliciter,

124 5617 411 5690 quomodo
434 5623 491 5670 et
516 5614 648 5670 illud
670 5614 849 5685 quarti
877 5611 1098 5684 psalmi,
1125 5611 1271 5666 unde
1299 5619 1353 5665 et
1381 5612 1554 5681 ipsum
1579 5628 1724 5667 sum-

122 5720 287 5783 ptum
320 5707 573 5764 videtur:
619 5698 953 5773 Quw'dicitis
974 5706 1030 5760 in
1058 5703 1299 5759 cordibus
1339 5706 1550 5770 vestris,
1598 5714 1644 5759 et
1671 5706 1725 5760 in

122 5801 398 5859 cubilibus
422 5802 606 5860 nostris
630 5798 1040 5872 compungimini
1054 5796 1227 5871 (Psal.
1259 5797 1357 5868 Iv),
1382 5798 1433 5853 id
1454 5805 1555 5864 est,
1587 5812 1728 5868 qua:-

1830 5359 1850 5394 ‹
1888 5348 1972 5399 set
1996 5337 2153 5396 Jesus
2178 5338 2535 5411 cogitationes
2562 5354 2769 5403 eorum,
2802 5338 2973 5394 dixit:
3008 5337 3081 5393 Ut
3103 5335 3232 5406 quid
3255 5335 3406 5406 cogi-

1827 5451 1847 5484 (
1893 5431 2023 5488 tatis
2047 5430 2187 5487 mala
2217 5429 2273 5485 in
2301 5428 2553 5486 cordibus
2572 5428 2810 5487 vestris?
2836 5428 2976 5497 Quid
2987 5434 3070 5483 est
3092 5423 3304 5481 facilius
3325 5423 3408 5480 di-

1828 5541 1849 5575 ι
1891 5536 2040 5588 cere,
2066 5519 2409 5577 dimittuntur
2437 5519 2536 5575 tibi
2556 5526 2776 5590 peccata
2794 5558 2809 5584 ,
2840 5533 2908 5572 an
2934 5516 3134 5579 dicere,
3167 5527 3327 5584 surge
3350 5520 3407 5569 et

1832 5632 1851 5665 ι
1898 5612 2113 5669 ambula
2135 5612 2159 5666 ἲ
2183 5609 2255 5667 Ut
2284 5611 2470 5677 sciatis
2495 5619 2694 5675 autem,
2730 5606 2985 5677 quoniam
3010 5604 3150 5658 ﬁlius
3172 5602 3404 5659 hominis

1834 5723 1853 5759 ‹
1898 5707 2065 5763 habet
2133 5713 2456 5777 potestatem
2505 5703 2558 5757 in
2614 5709 2759 5756 terra
2806 5697 3107 5754 dimittendi
3156 5703 3403 5768 peccata,

1834 5815 1855 5853 ‹
1899 5807 2029 5855 tunc
2050 5797 2127 5854 ait
2148 5796 2489 5869 paralytico‘:
2524 5794 2717 5865 Surge,
2748 5789 2875 5847 tolle
2906 5788 3107 5853 lectum
3146 5798 3318 5867 tuum,
3344 5793 3407 5849 et
