4026 6506
273 435 393 492 489

1089 437 1603 496 COLLECTIONES
1642 438 1710 495 IN
1747 437 2126 496 EPISTOLAS
2163 433 2250 494 ET
2290 437 2702 496 EVANGELIA.

3407 443 3514 500 490

273 554 429 626 ptias
458 559 703 618 recusat,
749 559 804 609 et
849 551 1164 626 plerumque
1187 556 1330 627 quod
1355 564 1438 611 est
1463 555 1681 627 gravius
1719 569 1855 610 non-
1879 557 1932 617 Α
1958 553 2043 608 Sic
2068 554 2205 608 enim
2231 552 2414 607 dilexit
2441 551 2583 607 Deus
2625 553 2898 619 mundum,
2943 562 3000 607 ut
3030 553 3197 622 ﬁlium
3225 571 3377 609 suum
3411 557 3532 612 uni-

272 645 421 702 nulli
437 645 680 702 vocantis
703 645 931 717 gratiam
951 663 1058 702 non
1086 649 1257 704 solum
1281 658 1555 720 respuunt,
1573 649 1667 705 sed
1688 648 1851 705 etiam

269 745 682 808 persequuntur
705 754 720 803 ;
751 739 891 794 unde
918 748 974 794 et
995 741 1262 798 subditur.
1285 797 1290 808 ,

354 829 567 900 Reliqui
596 845 712 884 vero
735 839 1008 886 tenuerunt
1047 849 1216 888 servos
1255 833 1405 904 ejus,
1445 842 1494 889 et
1529 832 1853 888 contumeliis

271 921 500 991 affectos
522 920 836 977 occiderunt.
859 922 962 995 (Ex
981 923 1225 997 Hieron.)
1250 925 1396 981 Inter
1414 940 1509 982 eos
1527 927 1618 996 qui
1642 941 1749 981 non
1776 941 1856 981 re-

269 1012 492 1083 cipiunt
538 1011 809 1084 Evangelii
853 1015 1163 1083 veritatem,
1202 1016 1371 1072 multa
1412 1017 1695 1073 diversitas
1733 1026 1849 1084 est;

269 1102 513 1159 minoris
539 1103 684 1158 enim
715 1104 956 1160 criminis
982 1115 1107 1161 sunt
1132 1107 1224 1177 qui
1262 1109 1512 1178 occupati
1550 1108 1671 1164 aliis
1694 1108 1856 1164 rebus

270 1192 470 1249 venire
491 1193 797 1261 noluerunt,
819 1195 904 1252 his
923 1198 1014 1266 qui
1036 1207 1342 1270 contempto
1365 1199 1640 1255 invitantis
1659 1197 1854 1254 aﬂ’ectu

270 1292 565 1343 verterunt
603 1284 992 1341 humanitatem
1035 1288 1091 1344 in
1137 1289 1540 1356 crudelitatem,
1588 1297 1644 1345 et
1679 1297 1855 1344 tentes

270 1388 472 1430 servos
497 1375 676 1447 regis,
720 1377 805 1432 vel
841 1377 1180 1435 contumeliis
1228 1378 1568 1448 affecerunt,
1589 1380 1674 1435 vel
1707 1379 1854 1436 occi-

271 1466 500 1522 derunt.

351 1559 470 1614 Rea:
495 1569 688 1628 autem,
721 1578 841 1616 cum
863 1563 1114 1629 audisset,
1136 1563 1306 1618 iratus
1329 1569 1427 1629 est,
1442 1571 1492 1617 et
1511 1562 1685 1618 missis
1707 1578 1856 1618 exer-

271 1650 473 1706 citibus
500 1653 608 1706 suis
647 1653 872 1722 perdidit
911 1654 1198 1708 homicidas
1236 1653 1376 1719 illos,
1418 1662 1466 1707 et
1498 1655 1757 1708 civitatem
1784 1652 1856 1706 il-

271 1744 455 1798 lorum
481 1745 764 1799 succendit.
792 1745 1078 1801 Exercitus
1115 1761 1212 1802 seu
1247 1745 1452 1801 ultores
1495 1745 1748 1816 angelos,
1791 1746 1858 1801 de

271 1834 478 1904 quibus
502 1835 556 1888 in
569 1833 794 1891 Psalmis
823 1835 1267 1909 scribitur(Psal.
1293 1835 1495 1908 Lxxvn)
1523 1856 1536 1891 :
1565 1836 1858 1892 lmmissio-

269 1939 407 1979 nem
434 1940 531 1996 per
556 1926 772 1998 angelos
812 1927 1002 1995 malos,
1045 1943 1141 1984 seu
1169 1927 1441 1983 Romanos
1470 1928 1850 1999 intelligamus,

272 2017 383 2071 sub
416 2016 551 2072 duce
577 2016 900 2090 Vespasiano
939 2026 994 2074 et
1018 2017 1159 2086 Tito,
1189 2018 1281 2088 qui
1316 2018 1511 2075 occisis
1535 2016 1732 2074 Judaase
1757 2034 1856 2090 po-

271 2107 443 2178 pulis,
473 2081 957 2179 praevaricaQricem
986 2111 1382 2166 succenderunt
1403 2109 1696 2165 civitatem.

351 2196 461 2269 (Ea;
485 2194 664 2270 Greg.)
702 2199 1012 2255 Homicidas
1034 2199 1289 2269 perdidit,
1317 2200 1444 2270 quia
1467 2206 1855 2270 persequentes

274 2289 577 2356 interimit;
612 2291 883 2346 civitatem
910 2291 1241 2362 eorum‘igne
1262 2291 1562 2357 succendit,
1589 2291 1716 2359 quia
1738 2291 1857 2347 illo-

273 2397 404 2436 rum
433 2398 541 2438 non
567 2382 737 2437 solum
761 2383 952 2437 animae
970 2423 986 2449 ,
1024 2383 1119 2438 sed
1145 2396 1274 2438 caro
1300 2397 1511 2452 quoque
1539 2383 1595 2438 in
1629 2397 1737 2453 qua
1760 2383 1859 2438 ha-

272 2469 595 2527 bitaverunt
615 2479 827 2526 aeternae
851 2473 1109 2542 gehennze
1128 2469 1342 2526 ﬂamma
1363 2471 1656 2527 cruciatur.
1680 2471 1858 2529 Missis

271 2576 414 2617 vero
444 2562 769 2619 exercitibus
796 2564 1119 2619 exstinxisse
1157 2565 1456 2620 homicidas
1483 2565 1701 2631 dicitur,
1731 2563 1857 2634 quia

274 2651 338 2706 in
365 2652 616 2707 omnibus
642 2667 803 2708 omne
821 2652 1085 2721 judicium
1118 2668 1216 2722 per
1243 2654 1462 2724 angelos
1489 2642 1791 2724 exhibetur.
1841 2697 1858 2722 ,ι

355 2741 501 2798 Tunc
530 2745 604 2796 ait
644 2746 833 2810 servis,
867 2746 1060 2816 nuptiae
1086 2746 1296 2817 quidem
1322 2755 1522 2817 parata:
1561 2757 1714 2812 sunt,
1746 2755 1854 2803 etc.

279 2834 344 2892 Si
363 2835 419 2892 in
441 2835 714 2907 Scriptura
729 2837 846 2893 vias
861 2839 1100 2894 actiones
1121 2840 1434 2909 accipimus,
1449 2841 1626 2896 exitus
1645 2841 1859 2896 viarum

279 2927 630 2998 intelligimus
657 2929 896 2985 defectus
921 2931 1215 2998 actionum,
1255 2932 1382 3002 quia
1426 2932 1503 2987 illi
1542 2933 1858 3003 plerumque

277 3020 440 3077 facile
487 3022 554 3076 ad
600 3023 771 3078 Deum
815 3025 1071 3092 veniunt,
1103 3040 1239 3098 quos
1278 3027 1334 3081 in
1371 3028 1602 3083 terrenis
1648 3027 1858 3083 actibus

278 3127 542 3184 prospera
563 3113 710 3168 nulla
733 3115 1079 3170 comitantur.

354 3203 566 3274 Egressi
605 3205 737 3260 servi
764 3206 878 3276 ejus
920 3209 974 3262 in
1013 3207 1143 3273 vias,
1196 3201 1633 3281 congregaverant
1679 3225 1856 3265 omnes

277 3310 411 3365 quos
438 3296 778 3363 invenerunt,
807 3305 915 3353 etc.
950 3297 1052 3369 (Ex
1081 3299 1326 3371 Hieron.)
1362 3301 1654 3356 Gentilium
1681 3317 1853 3371 popu-

278 3385 367 3440 lus
387 3401 494 3440 non
524 3395 641 3442 erat
669 3387 724 3442 in
762 3388 888 3454 viis,
928 3389 1023 3444 sed
1049 3389 1105 3444 in
1128 3389 1361 3445 exitibus
1385 3390 1616 3445 viarum.
1648 3389 1856 3458 Quaeri-

281 3488 374 3534 tur
416 3489 594 3535 autem
634 3481 902 3551 quomodo
932 3481 986 3535 in
1017 3481 1104 3537 his
1128 3483 1220 3552 qui
1244 3482 1375 3537 foris
1399 3491 1556 3538 erant
1582 3483 1724 3539 inter
1747 3499 1857 3539 ma-

279 3568 386 3635 los,
421 3579 479 3625 et
501 3570 625 3626 boni
654 3570 818 3642 aliqui
859 3579 984 3625 sunt
1010 3571 1230 3642 reperti.
1259 3571 1413 3626 Hunc
1435 3572 1612 3627 locum
1646 3573 1856 3644 plenius

278 3668 480 3717 tractat
501 3661 789 3731 Apostolus
815 3661 882 3716 ad
907 3661 1199 3733 Romanos,
1237 3662 1378 3732 quod
1404 3671 1590 3733 gentes
1633 3672 1852 3717 natura-

280 3751 407 3807 liter
430 3752 686 3807 facientes
699 3769 762 3808 ea
785 3767 903 3822 quze
923 3752 1058 3824 legis
1081 3762 1227 3818 sunt,
1243 3753 1601 3809 condemnent
1616 3751 1850 3820 Iudaeos,

280 3846 376 3915 qui
409 3845 665 3914 scriptam
685 3844 856 3915 legem
885 3861 989 3900 non
1019 3845 1265 3900 fecerint.
1307 3845 1449 3900 Inter
1472 3846 1615 3916 ipsos
1639 3861 1853 3916 quoque

281 3935 527 3991 ethnicos
555 3944 639 3990 est
681 3935 891 3990 infinita
919 3936 1238 4001 diversitas,
1287 3952 1410 3992 cum
1438 3938 1673 3994 sciamus
1719 3938 1852 3993 alios

280 4033 402 4081 esSe
429 4026 694 4096 proclives
719 4027 785 4081 ad
810 4026 964 4092 vitia,
997 4035 1052 4081 et
1077 4035 1293 4082 ruentes
1321 4028 1389 4083 ad
1416 4027 1576 4094 mala,
1623 4028 1755 4084 alios
1783 4030 1852 4084 ob

281 4117 619 4172 honestatem
649 4130 860 4171 morum
884 4115 1169 4170 virtutibus
1204 4116 1431 4171 deditos.

358 4205 464 4278 (Ea:
489 4205 672 4276 Greg.)
706 4206 844 4262 Ecce
865 4204 979 4274 jam
1007 4207 1122 4276 ipsa
1150 4205 1412 4276 qualitate
1451 4204 1861 4283 convivantium"

283 4307 470 4370 aperte
509 4297 830 4365 ostenditur,
875 4297 1000 4367 quia
1028 4312 1125 4366 per
1154 4299 1250 4352 has
1278 4298 1421 4366 regis
1451 4298 1667 4368 nuptias
1708 4314 1851 4368 prae-

282 4407 409 4447 sens
438 4389 676 4445 Ecclesia
707 4388 806 4443 Dei
850 4387 1194 4458 designatur,
1246 4387 1300 4441 in
1329 4401 1434 4458 qua
1463 4403 1586 4444 cum
1615 4389 1770 4444 bonis
1797 4396 1852 4444 et

284 4482 412 4538 mali
457 4480 800 4535 conveniunt.
854 4479 1128 4533 Permixta
1175 4478 1370 4548 quippe
1417 4487 1502 4534 est
1543 4479 1854 4535 diversitate

287 4574 539 4629 ﬁliorum.
573 4570 707 4626 Boni
737 4570 881 4626 enim
910 4571 1008 4626 soli
1037 4586 1302 4642 nusquam
1331 4581 1475 4639 sunt,
1496 4572 1600 4627 nisi
1624 4572 1678 4626 in
1693 4572 1849 4640 cmlo,

285 4673 345 4722 et
389 4665 514 4719 mali
545 4665 643 4719 soli
691 4679 953 4734 nusquam
993 4673 1157 4731 sunt,
1205 4665 1310 4720 nisi
1352 4666 1407 4720 in
1444 4664 1674 4720 inferno.
1732 4666 1857 4723 Haec

289 4762 466 4811 autem
510 4755 652 4821 vita,
683 4770 802 4825 quae
843 4754 986 4811 inter
1012 4755 1208 4812 ccelum
1235 4763 1291 4810 et
1315 4754 1586 4812 infernum
1620 4757 1723 4812 sita
1751 4766 1855 4824 est,

288 4848 428 4904 sicut
453 4845 508 4900 in
539 4846 715 4901 medio
747 4847 1012 4914 subsistit,
1041 4847 1117 4902 ita
1141 4855 1495 4919 utrarumque
1523 4849 1757 4919 partium
1787 4850 1858 4905 ci-

287 4955 384 4996 ves
404 4939 760 4994 communiter
784 4939 996 5008 recipit.

361 5029 578 5085 Intravit
606 5040 778 5085 autem
808 5048 916 5097 rex,
947 5040 1004 5086 ut
1032 5021 1224 5087 videret
1251 5033 1627 5088 discumbentes
1653 5042 1701 5088 et
1726 5033 1856 5088 vidit

291 5124 364 5178 ibi
383 5124 661 5190 hominem,
693 5131 798 5179 etc.
828 5123 965 5190 Quid
991 5139 1118 5194 ergo
1146 5125 1400 5179 debemus
1430 5125 1729 5194 intelligere
1754 5141 1856 5178 nu-

289 5217 507 5290 ptialem
536 5225 763 5282 vestem,
795 5217 897 5272 nisi
926 5217 1264 5272 charitatem.
1296 5218 1465 5271 Intrat
1487 5218 1631 5271 enim
1663 5217 1730 5272 ad
1753 5233 1855 5270 nu-

288 5309 447 5381 ptias,
478 5307 571 5363 sed
599 5324 718 5362 cum
752 5308 975 5377 nuptiali
1008 5317 1152 5365 veste
1179 5324 1286 5364 non
1311 5309 1497 5374 intrat,
1533 5309 1625 5378 qui
1651 5309 1707 5362 in
1728 5324 1857 5364 san-

291 5407 381 5455 cta
408 5398 652 5453 Ecclesia
675 5399 935 5454 assistens
963 5399 1122 5454 fidem
1162 5400 1356 5466 habet,
1401 5400 1498 5455 sed
1535 5400 1858 5456 charitatem

291 5504 399 5545 non
428 5488 608 5544 habet.
659 5488 825 5544 Recte
849 5488 992 5543 enim
1032 5489 1266 5544 charitas
1289 5491 1540 5560 nuptialis
1575 5492 1740 5546 vestis
1769 5507 1860 5547 vo—

292 5590 468 5649 catur,
494 5581 622 5650 quia
647 5581 786 5636 hanc
812 5580 867 5634 in
892 5594 951 5635 se
979 5581 1225 5636 conditor
1252 5590 1438 5637 noster
1462 5583 1684 5649 habuit,
1731 5583 1858 5639 dum

289 5672 360 5730 ad
383 5671 651 5729 sociandae
673 5672 775 5727 sibi
799 5671 1051 5729 Ecclesia:
1076 5673 1291 5742 nuptias
1316 5674 1483 5729 venit.
1511 5673 1638 5729 Sola
1662 5674 1860 5745 quippe

291 5765 576 5822 dilectione
601 5764 696 5820 Dei
721 5763 924 5819 factum
948 5773 1053 5828 est,
1086 5772 1144 5817 ut
1173 5761 1288 5832 ejus
1316 5766 1622 5836 unigenitus
1650 5774 1860 5825 mentes

292 5856 393 5916 sibi
420 5855 716 5915 electorum
742 5857 1017 5912 hominum
1044 5855 1238 5912 uniret.
1292 5855 1443 5915 Unde
1467 5855 1664 5914 Paulus
1691 5856 1857 5916 dicit:

688 5950 964 6014 Perseu.
1001 5946 1129 6012 Cll.

1953 646 2184 716 genitum
2224 644 2373 699 daret
2409 659 2508 715 pro
2533 643 2690 700 nobis
2737 645 2918 718 (Ioan.
2950 645 3054 717 lli).
3103 645 3205 714 Qui
3248 662 3377 718 ergo
3423 665 3521 719 per

1954 735 2276 792 charitatem
2313 736 2458 790 venit
2486 734 2556 791 ad
2581 735 2861 804 homines,
2909 737 3155 793 eamdem
3198 739 3520 798 charitatem

1956 824 2188 880 innotuit
2214 833 2417 881 vestem
2447 839 2568 882 esse
2592 827 2904 897 nuptialem.
2931 827 3042 884 Nos
3064 844 3273 897 sumus,
3301 830 3520 900 fratres,

1955 917 2047 986 qui
2071 917 2125 971 in
2155 918 2356 987 nuptiis
2381 918 2541 974 Verbi
2569 918 2978 986 discumbimus,
3009 921 3236 991 qui-jam
3261 922 3318 979 in
3340 923 3528 982 Eccle-

1956 1007 2036 1062 sia
2066 1007 2346 1075 habemus,
2388 1009 2481 1085 (ῃί
2512 1010 2792 1080 scripturae
2819 1025 2986 1066 sacrae
3011 1013 3183 1082 epulis
3229 1015 3524 1085 pascimur,

1955 1097 2048 1168 qui
2068 1097 2409 1166 coniunctam
2426 1097 2547 1155 'Deo
2571 1099 2863 1155 Ecclesiam
2889 1113 3008 1155 esse
3037 1101 3350 1171 gaudemus.
3385 1103 3528 1160 Ecce

1956 1202 2052 1244 rex
2081 1189 2149 1243 ad
2173 1188 2390 1258 nuptias
2430 1189 2751 1260 ingreditur,
2783 1197 2842 1244 et
2874 1189 3055 1245 cordis
3084 1191 3252 1246 nostri
3279 1192 3525 1248 habitum

1956 1279 2368 1351 contemplatur,
2398 1289 2560 1353 atque
2585 1284 2634 1339 ei
2663 1296 2824 1352 quem
2847 1281 3115 1338 charitate
3135 1283 3391 1339 vestitum
3417 1300 3528 1340 non

1957 1373 2184 1441 invenit,
2231 1375 2477 1446 protinus
2521 1375 2690 1430 iratus
2717 1375 2886 1431 dicit:
2917 1377 3116 1441 Amice,
3145 1377 3402 1447 quomodo
3427 1377 3528 1432 huc

1955 1463 2188 1529 intrasti,
2243 1479 2346 1518 non
2381 1464 2574 1519 habens
2615 1473 2799 1520 vestem
2850 1464 3180 1534 nuptialem?
3228 1464 3531 1521 Mirandum

1956 1553 2113 1610 valde
2155 1563 2266 1620 est,
2297 1555 2493 1612 fratres
2511 1556 2838 1622 charissimi,
2868 1557 3010 1627 quod
3033 1557 3179 1612 hunc
3215 1564 3272 1612 et
3294 1558 3531 1614 amicum

1957 1650 2116 1697 vocat
2137 1651 2191 1698 et
2219 1647 2525 1714 reprohum.
2554 1646 2633 1702 Ac
2654 1646 2702 1702 si
2731 1648 2779 1702 ei
2809 1647 3046 1716 apertius
3070 1646 3234 1714 dicat,
3278 1649 3450 1706 amice
3477 1659 3536 1706 et

1958 1746 2067 1786 non
2095 1734 2285 1790 amice.
2311 1736 2496 1791 Amice
2521 1751 2620 1807 per
2639 1736 2800 1792 ﬁdem
2822 1746 2877 1792 et
2900 1753 3008 1793 non
3033 1737 3207 1795 amice
3225 1752 3323 1808 per
3339 1755 3530 1810 opera-

1959 1824 2182 1880 tionem.
2227 1826 2334 1899 (Ea;
2385 1827 2628 1900 Hieron.)
2698 1828 2766 1884 Ili
2810 1829 2904 1898 qui
2947 1830 3160 1885 invitati
3209 1831 3425 1893 fuerant
3463 1839 3533 1894 ad

1879 1910 1930 1972 B
1955 1917 2172 1985 nuptias
2199 1917 2265 1973 de
2290 1917 2507 1989 sepibus
2539 1926 2594 1973 et
2633 1918 2843 1990 angulis
2883 1928 2937 1974 et
2962 1919 3174 1991 plateis,
3220 1929 3276 1976 et
3306 1919 3535 1976 diversis

1957 2008 2091 2064 locis
2117 2021 2326 2065 coenam
2366 2010 2509 2081 regis
2551 2011 2922 2083 impleverant,
2959 2014 3052 2068 sed
3078 2022 3263 2083 postea
3284 2030 3408 2069 cum
3437 2029 3531 2069 ve-

1955 2100 2129 2155 nisset
2151 2116 2268 2169 rex,
2297 2109 2358 2156 ut
2395 2103 2602 2158 videret
2628 2104 3027 2160 discumbentes
3057 2105 3112 2159 in
3138 2105 3386 2161 convivio
3413 2120 3534 2171 suo,

1956 2187 2060 2244 hoc
2089 2197 2190 2257 est,
2217 2191 2275 2248 in
2299 2206 2396 2246 sua
2425 2193 2578 2262 quasi
2604 2193 2708 2248 fide
2735 2195 3153 2264 requiescentes,
3204 2204 3264 2250 ut
3300 2195 3355 2250 in
3389 2195 3534 2250 diem

1950 2279 2143 2352 judicii
2176 2283 2422 2340 visitaret
2450 2285 2724 2352 convivas,
2754 2294 2809 2342 et
2842 2287 3172 2344 discerneret
3201 2287 3397 2343 merita
3424 2288 3536 2343 sin-

1957 2372 2226 2444 gulorum,
2270 2375 2476 2430 invenit
2508 2392 2675 2430 unum
2709 2377 2803 2446 qui
2835 2385 2984 2432 veste
3026 2378 3244 2433 indutus
3284 2393 3395 2433 non
3419 2385 3539 2433 erat

1957 2467 2217 2536 nuptiali:
2249 2483 2388 2523 unus
2411 2467 2514 2523 iste
2541 2483 2728 2525 omnes
2756 2471 2848 2539 qui
2874 2470 3062 2526 sociati
3088 2480 3214 2526 sunt
3239 2471 3445 2526 malitia
3459 2472 3535 2526 in-

1959 2556 2291 2628 telliguntur,
2325 2560 2492 2614 vestis
2519 2568 2701 2614 autem
2722 2560 2977 2630 nuptialis
3000 2571 3264 2631 praecepta
3293 2570 3417 2618 sunt
3438 2563 3538 2617 Do-

1957 2647 2111 2715 mini,
2143 2657 2199 2704 et
2220 2664 2385 2720 opera
2407 2666 2528 2720 qua:
2547 2651 2886 2721 complentur
2907 2667 2973 2706 ex
2999 2652 3116 2722 lege
3144 2665 3199 2708 et
3229 2653 3534 2724 Evangelio,

1958 2741 2191 2811 novique
2215 2741 2451 2798 hominis
2479 2741 2717 2798 efﬁciunt
2741 2743 3142 2798 vestimentum.
3191 2743 3248 2799 Si
3283 2744 3404 2813 quis
3435 2745 3538 2815 igi-

1958 2840 2049 2888 tur
2087 2835 2144 2889 in
2188 2843 2432 2906 tempore
2467 2835 2656 2904 judicii
2705 2837 2956 2890 inventus
2993 2834 3158 2890 fuerit
3195 2833 3296 2889 sub
3322 2834 3542 2889 nomine

1957 2923 2289 2993 Christiano,
2319 2941 2428 2982 non
2473 2927 2676 2982 habere
2701 2935 2906 2982 vestem
2935 2925 3250 2996 nuptialem,
3296 2925 3400 2980 hoc
3432 2933 3539 2990 est,

1955 3023 2166 3070 vestem
2194 3015 2592 3086 supercoelestis
2617 3016 2851 3072 hominis
2867 3055 2883 3083 ,
2911 3017 3005 3072 sed
3027 3025 3234 3072 vestem
3257 3015 3538 3085 pollutam,

1958 3106 2014 3161 id
2035 3115 2137 3172 est,
2172 3108 2372 3164 veteris
2397 3108 2633 3164 hominis
2656 3109 2934 3175 excubias,
2981 3108 3073 3164 hic
3097 3109 3270 3164 statin
3309 3108 3536 3178 corripi-

1960 3205 2051 3251 tur
2093 3206 2148 3252 et
2196 3198 2395 3254 dicitur
2438 3199 2490 3255 ei
2527 3217 2540 3253 :
2588 3199 2802 3267 Amice,
2851 3200 3108 3270 quomodo
3146 3200 3247 3253 huc
3288 3198 3541 3254 intrasti?

1958 3285 2205 3342 Amicum
2230 3296 2411 3354 vocat,
2441 3289 2584 3358 quod
2611 3289 2870 3344 invitatus
2896 3289 2965 3344 ad
2983 3290 3197 3359 nuptias
3217 3298 3332 3356 est;
3363 3288 3540 3361 arguit

1957 3378 2325 3449 impudentiae,
2357 3378 2501 3449 quod
2537 3389 2686 3435 veste
2711 3379 2926 3436 sordida
2964 3381 3255 3438 munditias
3285 3379 3540 3452 polluerit

1957 3467 2248 3538 nuptiales.

2028 3560 2097 3615 At
2131 3559 2222 3615 ille
2251 3560 2527 3616 obmutuit.
2578 3559 2638 3618 In
2685 3569 2928 3633 tempore
2974 3562 3120 3619 enim
3159 3563 3250 3620 illo
3292 3579 3400 3621 non
3437 3565 3539 3621 erit

1955 3648 2108 3708 locus
2134 3651 2500 3724 impudentiae,
2533 3670 2633 3712 nec
2659 3657 2888 3726 negandi
2918 3654 3165 3723 facultas,
3197 3671 3322 3714 cum
3351 3670 3540 3714 omnes

1957 3746 2138 3817 anguli
2165 3755 2219 3802 et
2246 3748 2478 3803 mundus
2500 3747 2614 3818 ipse
2643 3749 2793 3805 testis
2824 3750 2895 3804 sit
2917 3759 3286 3820 peccatorum.

2026 3837 2135 3909 (Ea:
2157 3834 2336 3911 Greg.)
2359 3839 2516 3907 Quia,
2544 3841 2689 3910 quod
2709 3841 2813 3896 dici
2835 3842 2952 3897 sine
2975 3842 3178 3914 gemitu
3205 3857 3312 3898 non
3335 3851 3538 3914 potest,

1954 3930 2010 3985 in
2043 3931 2130 3984 illa
2156 3929 2492 3988 districtione
2526 3933 2729 3988 ultimae
2773 3933 3156 4005 increpationis
3183 3949 3343 3991 omne
3369 3952 3534 4008 argu-

1953 4030 2196 4078 mentum
2225 4033 2403 4080 cessat
2441 4026 2806 4082 excusationis
2835 4067 2850 4093 ,
2901 4027 3100 4098 quippe
3123 4029 3249 4098 quia
3289 4029 3378 4084 ille
3406 4029 3539 4085 foris

1953 4114 2219 4185 increpat,
2261 4116 2354 4185 qui
2385 4124 2552 4172 testes
2597 4117 2943 4173 conscientiae
2990 4118 3141 4173 intus
3175 4117 3417 4174 animum
3445 4135 3537 4176 ac-

1953 4214 2125 4262 cusat.
2261 4190 2264 4194 λ

2028 4295 2172 4350 Tunc
2198 4296 2334 4350 dixit
2354 4312 2466 4364 rex,
2491 4305 2598 4354 etc.
2625 4297 2890 4371 Ligantur
2915 4307 3046 4354 tunc
3066 4300 3232 4370 pedes
3254 4307 3310 4356 et
3336 4315 3534 4361 manus

1954 4403 2052 4459 per
2075 4387 2472 4445 districtionem
2501 4392 2803 4458 sententiae,
2830 4391 2922 4462 qui
2950 4392 3111 4447 modo
3139 4407 3170 4447 a
3196 4393 3382 4463 pravis
3407 4411 3536 4466 ope-

1957 4480 2108 4535 ribus
2133 4480 2288 4551 ligari
2334 4481 2625 4538 noluerunt
2665 4499 2764 4555 per
2788 4483 3218 4539 meliorationem
3244 4485 3402 4552 vitae;
3452 4487 3536 4542 vel

1959 4580 2108 4628 certe
2136 4580 2263 4628 tunc
2290 4572 2423 4644 ligat
2457 4590 2639 4645 poena,
2685 4591 2820 4646 quos
2848 4577 3007 4632 modo
3047 4593 3080 4632 a
3103 4578 3260 4635 bonis
3283 4579 3538 4648 operibus

1880 4624 1935 4687 Β
1961 4664 2091 4735 ligat
2112 4664 2288 4734 culpa.
2330 4624 2503 4721 I’edes
2545 4624 2719 4722 enim1
2733 4666 2826 4738 qui
2864 4667 3083 4724 visitare
3125 4624 3350 4739 aegrumr
3372 4669 3535 4741 negli-

1957 4767 2112 4830 gunt,
2137 4774 2330 4814 manus
2351 4759 2630 4830 quaenihil
2655 4761 3020 4832 indigentibus
3049 4760 3306 4830 tribuunt,
3335 4777 3368 4816 a
3392 4763 3537 4820 bono

1959 4866 2124 4920 opere
2157 4851 2273 4923 jam
2297 4866 2367 4906 ex
2390 4851 2670 4908 voluntate
2711 4852 2860 4923 ligati
2907 4861 3052 4909 sunt.
3101 4855 3204 4925 Qui
3239 4871 3367 4928 ergo
3393 4872 3535 4913 nunc

1957 4950 2152 5012 sponte
2176 4942 2408 5014 ligantur
2449 4943 2507 4998 in
2541 4943 2706 5012 vitio,
2756 4951 2885 5001 tunc
2909 4945 2965 5002 in
3013 4947 3276 5018 supplicio
3299 4948 3535 5020 ligantur

1957 5032 2136 5088 inviti.

2037 5125 2228 5180 Mittite
2239 5141 2376 5191 eum,
2392 5131 2498 5180 etc.
2521 5123 2807 5183 Interiores
2827 5125 3023 5198 quippe
3041 5128 3292 5186 tenebras
3307 5129 3532 5185 dicimus

1964 5215 2261 5270 caecitatem
2290 5214 2492 5280 cordis,
2522 5215 2819 5273 exteriores
2847 5233 2974 5275 vero
2995 5219 3246 5273 tenebras
3274 5226 3530 5273 aeternam

1963 5317 2178 5362 noctem
2205 5307 2587 5362 damnationis.
2635 5307 2786 5364 Tunc
2825 5325 2954 5382 ergo
2984 5311 3266 5365 damnatus
3307 5311 3532 5380 quisque

1964 5415 2073 5455 non
2089 5400 2145 5454 in
2171 5400 2478 5466 interiores,
2495 5401 2588 5456 sed
2601 5401 2656 5456 in
2679 5402 2980 5458 exteriores
3001 5404 3253 5457 tenebras
3277 5401 3530 5468 mittitur,

1965 5495 2090 5565 quia
2136 5493 2244 5549 illic
2275 5495 2476 5549 invitus
2517 5493 2798 5564 projicitur
2827 5494 2882 5549 in
2909 5503 3121 5549 noctem
3149 5493 3530 5562 damnationis,

1961 5584 2054 5654 qui
2096 5584 2185 5639 hic
2227 5593 2415 5655 sponte
2459 5584 2652 5640 cecidit
2678 5585 2730 5639 in
2757 5584 3046 5639 caecitatem
3077 5584 3274 5639 cordis.
3313 5583 3414 5640 Ubi
3441 5583 3531 5642 fle-

1960 5683 2049 5732 tus
2090 5690 2302 5748 quoque
2331 5684 2384 5733 et
2428 5677 2628 5734 stridor
2669 5676 2908 5732 dentium
2935 5689 3055 5731 esse
3098 5675 3430 5745 perhibetur,
3477 5686 3532 5730 ut

1960 5767 2072 5826 illic
2100 5770 2284 5824 dentes
2331 5770 2622 5834 strideant,
2672 5768 2762 5836 qui
2792 5767 2882 5820 hic
2927 5767 2993 5822 de
3032 5766 3296 5824 edacitate
3328 5769 3532 5838 gaude-

1962 5861 2114 5915 bant.
2143 5858 2255 5915 lllic
2280 5860 2422 5915 oculi
2447 5859 2696 5925 defleant,
2731 5858 2821 5927 qui
2844 5857 2934 5915 hic
2970 5873 3069 5929 per
3095 5859 3306 5917 illicitas
3335 5877 3531 5942 concu—

3065 5953 3139 6014 16
