4026 6462
522 465 622 528 491

1793 445 2146 504 SMARAGDI
2182 396 2476 499 ABBA'i‘lS

3683 429 3794 494 499

522 581 817 658 pisceptias
858 574 1214 648 versabantur
1239 609 1254 636 ,
1302 547 1569 642 quatenus
1615 549 1824 637 singula
1857 559 2097 657 qumque
2124 561 2176 625 Α
2198 554 2272 610 sit
2312 561 2369 607 et
2405 552 2592 607 lorica.
2630 549 2976 660 ‘(Ljum’au‘tem
2993 546 3126 660 Aelia
3175 559 3329 601 arma
3357 543 3796 660 ΙΙὶὶεἰιικδεεξιιιιι

525 641 766 730 membra
790 641 1056 741 supplicio
1088 641 1419 742 subjaceant,
1459 671 1580 740 qua:
1614 653 1704 710 hic
1733 641 1957 742 singulis
1980 643 2103 742 qui—

524 765 735 834 busque
773 736 918 837 vitiis
945 737 1185 830 subjecta
1229 736 1562 806 serviebant.
1591 743 1718 827 ⁵(Ειιε
1751 736 1997 826 nam.)
2043 740 2104 831 Iri

675 822 891 925 quoque
925 819 1206 903 oculorum
1233 848 1286 895 et
1313 839 1547 896 stridore
1571 819 1834 901 dentium,
1859 849 1958 908 per
1987 819 2102 888 me;
2139 919 2147 922 _

531 947 812 1018 taplioram
831 939 1202 1004 membrorum
1220 931 1581 1005 corporalium
1603 926 1914 1076 nvgnitudo
1931 933 2108 983 osten-

531 1037 674 1076 ditur
699 1037 1114 1076 tnrmenmrum.
1388 1057 1394 1062 ι

529 1037 674 1099 ditur
699 1021 1114 1093 tormentorum.
1388 1057 1394 1062 ι
1645 1021 1678 1076 l
2009 1077 2016 1090 ,

597 1095 757 1190 Huni
799 1124 937 1190 enim
976 1115 1096 1192 sunt
1137 1119 1348 1183 vocati,
1401 1116 1555 1196 pauci
1607 1099 1725 1172 vero
1778 1111 1944 1200 electi.
2004 1095 2106 1184 (Ei

527 1214 780 1288 August.)
808 1213 1014 1268 Paucos
1037 1209 1170 1268 dicit
1182 1207 1378 1278 iustos,
1402 1206 1457 1260 in
1481 1203 1881 1288 comparatione
1907 1199 2104 1255 multo-

529 1327 650 1368 rum
675 1309 1006 1378 iniquorum.
1037 1305 1170 1360 Esse
1197 1311 1373 1378 autem
1400 1298 1498 1372 per
1519 1281 1840 1383 semetipsos
1865 1295 2106 1351 conside-

530 1411 679 1462 ratos
707 1375 980 1470 in—magno
999 1375 1244 1459 numero,
1275 1391 1468 1448 dill‘uso
1513 1399 1626 1446 toto
1653 1375 1784 1444 orbe
1817 1377 2103 1454 terrarum,

529 1500 808 1550 crescente
837 1490 977 1549 inter
1001 1485 1228 1553 zizania,
1257 1493 1460 1539 etcum
1484 1482 1635 1554 palea
1663 1496 1834 1550 usque
1873 1479 1938 1534 ad
1967 1474 2108 1534 diem

529 1582 816 1646 messis_et
841 1574 1226 1640 ventilationis,
1275 1589 1402 1628 nam
1428 1573 1482 1628 in
1508 1569 1910 1642 comparatione
1943 1567 2110 1638 palea:

528 1682 754 1746 possunt
793 1687 964 1744 pauca
989 1685 1156 1740 grana
1185 1669 1311 1734 dici,
1346 1684 1465 1740 qure
1491 1676 1674 1728 tamen
1702 1682 1800 1740 per
1828 1681 1886 1722 se
1917 1666 2029 1738 ipsa
2051 1664 2109 1718 in

528 1783 760 1826 massam
789 1768 1002 1831 redacta
1032 1763 1258 1834 implent
1278 1762 1606 1816 dominicum
1626 1761 1901 1815 horreum.

602 1859 711 1932 (Ea:
735 1856 911 1928 Greg.)
954 1857 1093 1911 Ecce
1120 1869 1221 1923 nos
1245 1869 1433 1910 omnes
1454 1853 1565 1923 jam
1592 1852 1768 1908 vocati
1800 1866 1898 1921 per
1925 1850 2105 1915 ﬁdem,

2205 646 2509 711 aestimare,
2558 639 2754 714 quibus
2785 637 3088 695 i‘nduendus
3129 641 3232 702 est,
3281 637 3372 706 qui
3404 635 3574 692 habet
3599 636 3796 691 adver-

2206 753 2324 794 sum
2354 735 2550 792 diaboli
2586 734 2844 790 dimicare
2870 723 3162 794 versutias,
3191 731 3418 800 excepta
3445 729 3654 786 vii-tulit
3675 735 3800 800 qua

2205 827 2454 884 Christus
2479 833 2580 892 est,
2619 825 2766 880 hunc
2797 823 2942 878 enim
2981 821 3073 892 qui
3093 818 3250 890 juxta
3275 821 3457 875 omnia
3487 825 3612 890 quae
3633 813 3799 890 's'uper

2205 923 2270 973 eo
2301 911 2672 988 intelliguntur
2723 913 2888 970 fuerit
2931 913 3174 977 intimus;
3224 918 3420 982 potens
3460 912 3572 966 erit
3603 919 3800 968 contra

2205 1011 2488 1066 universas
2509 1007 2734 1064 insidias
2760 1002 2957 1062 diali'oli
2980 1010 3304 1078 repugnare.
3331 994 3590 1061 Diabolus
3617 1011 3798 1062 autem

2206 1117 2402 1158 nomen
2432 1094 2678 1158 Grarcum
2713 1107 2816 1166 est,
2851 1101 2996 1171 quod
3027 1098 3419 1170 interpretatur
3450 1100 3796 1155 criminator.

2205 1183 2366 1248 Juxta
2391 1177 2605 1248 Hebraei
2648 1206 2776 1248 vero
2823 1189 3088 1246 sermonis
3126 1192 3533 1261 proprietatem,
3587 1191 3722 1260 quia
3747 1197 3801 1246 et

2207 1269 2380 1339 tribus
2404 1277 2644 1338 Zabulti'n
2681 1275 2971 1354 quam'da'm
3013 1279 3422 1336 similitudinem
3448 1281 3612 1351 hujus
3639 1295 3800 1336 voca-

2206 1373 2316 1432 buli
2341 1367 2521 1441 indici,
2546 1376 2838 1450 καταμύων,
2869 1373 2922 1428 id
2947 1376 3031 1428 est
3062 1371 3317 1427 deorsum
3341 1369 3536 1437 ﬂuens,
3573 1371 3682 1426 dict
3713 1385 3804 1441 po-

2207 1474 2344 1533 test,
2393 1466 2537 1536 quod
2581 1465 2788 1521 scilicet
2833 1463 3092 1534 paulatim
3137 1465 3204 1519 de
3241 1463 3443 1518 virtute
3489 1462 3559 1517 ad
3607 1462 3801 1516 vitium

2207 1556 2424 1612 ﬂuxerit
2447 1563 2502 1612 et
2528 1555 2593 1612 de
2618 1555 2930 1612 coelestibus
2956 1553 3022 1611 ad
3055 1565 3271 1611 terrena
3293 1555 3582 1610 corruerit.

2281 1647 2542 1713 Quoniam
2565 1648 2667 1701 nati
2696 1656 2772 1700 est
2801 1647 2946 1701 nobis
2975 1644 3280 1700 colluctatio
3307 1637 3556 1699 adversus
3589 1659 3800 1697 cum

2209 1749 2258 1794 et
2282 1741 2610 1811 sanguinem,
2641 1737 2747 1795 etc.
2794 1737 3029 1796 Estimo
3065 1739 3262 1809 quippe
3286 1739 3551 1794 adversus
3578 1751 3801 1792 carnem

2211 1841 2267 1886 et
2291 1833 2606 1902 sanguinem
2637 1847 2756 1886 esse
2779 1831 3076 1887 certamina
3094 1873 3108 1898 ,
3142 1830 3357 1900 quando
3386 1845 3516 1884 caro
3545 1830 3806 1898 concupi-

531 1920 855 2008 ad‘coelestis
881 1948 1024 2020 regis
1062 1945 1279 2026 nuptias
1317 1945 1578 2008 venimus,
1609 1943 1700 2014 qui
1726 1920 2113 1997 incarnationis
2139 1933 2188 1993 Β
2215 1925 2317 1981 SC“
2341 1923 2608 2026 afl'efsuﬁ
2626 1925 2896 2026 Spiritum}
2944 1933 2997 1978 θῑ
3017 1927 3275 2026 Ρτξξνοεει
3301 1936 3401 2026 ξῑοε
3427 1920 3612 2024 facere
3635 1933 3801 2026 0P8?

529 2040 648 2111 ejus
675 2038 994 2110 mysterium
1036 2045 1092 2091 ct
1131 2035 1436 2099 credimus,
1485 2041 1541 2089 et
1567 2032 1914 2094 conﬁtemur,
1946 2029 2112 2085 divini

528 2133 680 2188 verbi
710 2131 899 2203 epulas
933 2129 1215 2186 sumimus.
1243 2127 1398 2194 Quod
1426 2125 1603 2181 vocati
1631 2141 1816 2180 smnus
1841 2124 2108 2190 novimus,

529 2223 579 2280 si
619 2237 806 2282 sumus
832 2221 1024 2286 electi,
1063 2219 1353 2290 nescimus.
1397 2219 1571 2273 Tanto
1602 2233 1730 2290 ergo
1757 2233 1978 2274 necesse
2005 2223 2111 2284 est,

527 2322 592 2373 ut
635 2313 1024 2384 unusquisque
1053 2320 1300 2367 nostrum
1352 2310 1654 2368 humilitate
1709 2326 1770 2366 se
1821 2310 2110 2382 deprimat,

529 2414 732 2477 quanto
759 2405 806 2461 si
833 2404 906 2460 sit
927 2404 1134 2461 electus
1168 2405 1402 2476 ignorat.

672 2520 1096 2600 iniunctum
1135 2537 1280 2595 xxn
1307 2537 1484 2596 posr
1519 2537 1949 2596 psurncosr.

1009 2671 1076 2710 an
1107 2668 1379 2720 spnssros,
1403 2631 1526 2709 car.
1554 2669 1628 2707 vr.

611 2753 633 2822 ὰ
665 2767 744 2824 De
765 2776 964 2835 cetero
990 2766 1374 2823 confortamini
1403 2768 1456 2821 in
1493 2765 1736 2833 Domino,
1769 2765 1903 2821 etin
1925 2774 2114 2834 poten-

544 2881 562 2920 I
603 2862 680 2920 tia
703 2861 918 2924 virtutis
963 2859 1098 2930 ejus.
1147 2859 1356 2932 induite
1399 2874 1494 2914 vos
1537 2867 1868 2936 armaturam
1897 2858 2024 2924 Dei,
2056 2867 2116 2913 ut

540 2973 560 3010 ι
603 2954 822 3027 possitis
845 2960 992 3010 stare
1019 2953 1280 3020 adversus
1307 2953 1534 3020 insidias
1557 2951 1766 3008 Diaboli
1791 2970 1803 3006 :
1848 2953 2115 3020 Quoniam

541 3071 560 3105 ι
605 3067 716 3110 non
739 3057 824 3108 est
845 3049 1002 3108 nobis
1023 3047 1332 3112 colluctatio
1365 3049 1624 3104 adversus
1655 3061 1874 3102 carnem
1902 3054 1958 3102 et
1987 3061 2112 3101 sau-

541 3160 560 3198 ι
603 3144 840 3216 guinem,
867 3142 964 3200 sed
985 3143 1245 3198 adversus
1271 3140 1544 3214 principes
1567 3147 1621 3196 et
1649 3145 1965 3211 potestates,
2014 3138 2112 3192 ad-

539 3251 558 3286 ι
601 3248 790 3290 versus
813 3232 999 3294 mundi
1025 3239 1265 3289 rectores
1300 3233 1648 3288 tenebrarum
1677 3231 1891 3296 barum,
1923 3239 2110 3283 contra

2214 2033 2330 2083 sua,
2361 2012 2772 2070 fornicationem
2787 2023 2840 2070 et
2864 2011 3278 2077 immunditiam,
3295 2011 3576 2083 hixuriam
3603 2018 3660 2065 et
3679 2011 3804 2066 reli-

2211 2123 2316 2179 qua
2350 2108 2433 2162 his
2457 2105 2670 2161 similia.
2704 2105 2873 2162 Porro
2901 2121 3010 2161 non
3051 2112 3135 2160 est
3155 2103 3394 2159 humana
3421 2103 3674 2166 tentatio,
3703 2115 3805 2156 nec

2213 2199 2473 2254 adversus
2497 2215 2716 2254 carnem
2759 2207 2816 2254 et
2848 2198 3164 2271 sanguinem
3191 2209 3369 2268 pugna
3399 2235 3412 2261 ,
3453 2180 3674 2266 quando
3711 2203 3806 2246 aut

2213 2290 2327 2362 ipse
2357 2289 2590 2344 Satanas
2629 2281 3044 2359 transﬁguratus
3069 2284 3125 2342 in
3168 2287 3419 2358 angelum
3455 2281 3633 2349 lueis,
3677 2291 3804 2353 per-

2213 2389 2441 2444 suadere
2467 2386 2678 2454 nititur,
2701 2395 2760 2442 ut
2788 2377 2910 2442 eum
2932 2381 3186 2455 angelum
3205 2379 3427 2438 tutaturi
3447 2376 3800 2444 arbitremur,

2215 2485 2310 2532 aut
2355 2477 2556 2548 aliquid
2610 2473 2804 2532 horum
2855 2476 3030 2532 simile
3071 2467 3234 2542 facit,
3283 2469 3340 2528 iri
3388 2471 3541 2527 omni
3579 2471 3801 2538 Virtute,

2214 2569 2383 2640 signis
2406 2577 2460 2624 et
2487 2568 2753 2639 portentis
2785 2562 3162 2634 mendacibus,
3207 2559 3266 2620 iii
3297 2560 3447 2620 or'nni
3486 2562 3805 2633 deceptione

2213 2660 2534 2730 iniquitatis,
2583 2659 2679 2714 sed
2707 2658 2864 2729 quasi
2907 2648 3264 2729 principatus,
3309 2659 3580 2726 potestas,
3627 2659 3806 2706 rector

2214 2752 2562 2806 tenebrarum
2611 2745 2666 2803 et
2711 2743 2952 2818 nequitia
2999 2741 3297 2817 spiritualis
3339 2743 3486 2799 dicat
3540 2741 3804 2812 quispiam

2212 2841 2336 2908 hoc,
2363 2839 2504 2911 quod
2535 2831 2644 2895 ait:
2673 2837 2798 2894 Non
2818 2849 2892 2894 est
2914 2838 3061 2894 nobis
3089 2836 3392 2893 colluctatio
3411 2833 3674 2890 aduersus
3695 2841 3806 2888 ταν·

2215 2920 2331 2989 nem
2359 2942 2409 2988 et
2448 2927 2777 3003 sanguinem,
2823 2923 2913 2986 sel!
2953 2920 3564 3000 adversus'pn'itcipatus
3593 2931 3649 2980 ει
3671 2935 3808 2984 ναο-

2213 3035 2398 3092 states,
2439 3032 2495 3081 et
2521 3018 2717 3080 caetera
2746 3018 2865 3094 qua:
2901 3032 3220 3094 sequuntur.
3257 3021 3386 3078 Ideo
3416 3013 3575 3087 dicit;
3625 3027 3689 3074 ut
3721 3019 3808 3075 do-

2213 3131 2434 3172 ceamur
2463 3132 2530 3171 ne
2558 3132 2624 3172 ea
2649 3115 2866 3186 quidem
2901 3130 3020 3186 qua:
3041 3115 3196 3170 nobis
3224 3112 3527 3168 ministrari
3555 3112 3809 3182 vitiapu-

2215 3218 2393 3263 tamus
2421 3249 2436 3276 ,
2489 3225 2555 3264 ex
2585 3225 2750 3266 carne
2797 3210 2979 3264 carnis
3018 3188 3140 3264 ‘esse
3174 3207 3259 3263 vel
3303 3205 3608 3278 sanguinis,
3649 3204 3745 3260 sed
3779 3221 3809 3259 a

538 3345 557 3379 ‘
593 3286 863 3398 ἐξίῆιῆ
879 3286 1258 3396 Rau—iugi;
1275 3286 1603 3382 egestu)“.
1639 3286 1932 3394 pmpmréa
1969 3320 2114 3376 ποί,
2139 3286 2184 3354 C
2215 3294 2533 3394 quibusdam
2557 3295 2922 3371 spiritualibus
2948 3293 3204 3396 nequitiis
3227 3299 3462 3394 suggeri.
3491 3297 3640 3353 Sunt
3669 3296 3808 3352 enim

539 3436 558 3470 ι
597 3417 712 3490 pite
755 3423 1086 3472 armaturam
1131 3415 1262 3482 Dei,
1317 3424 1375 3470 ut
1400 3415 1621 3487 possitis
1666 3414 2002 3483 resisterein
2030 3413 2117 3469 die

534 3525 558 3564 ι
601 3507 766 3573 malo.
815 3515 870 3566 et
911 3507 968 3565 in
1013 3506 1264 3567 omnibus
1310 3506 1536 3576 perfecti
1579 3513 1742 3570 stare.
1795 3505 1947 3574 State
1986 3520 2116 3576 ergo

539 3617 559 3654 ι
599 3599 864 3660 succincti
890 3596 1102 3660 lumbos
1123 3606 1335 3654 vestros
1378 3599 1432 3652 in
1458 3598 1704 3663 veritate,
1753 3605 1808 3652 ct
1835 3596 2008 3656 induti
2038 3597 2118 3652 lo-

543 3708 562 3742 c
607 3689 775 3743 ricam
791 3687 1036 3757 justitite,
1055 3695 1130 3752 _et
1153 3687 1374 3744 calceati
1400 3688 1564 3758 pedes
1590 3687 1644 3742 in
1669 3688 2117 3758 prazparationem

533 3801 564 3842 ,ι
605 3780 880 3852 Evangelii
931 3780 1126 3850 pacis.
1164 3779 1226 3836 In
1277 3781 1525 3846 omnibus
1553 3788 1852 3850 sumentes
1901 3789 2116 3836 scutum

540 3893 563 3925 ι
610 3872 755 3939 lidei,
782 3872 842 3931 in
858 3886 971 3942 quo
994 3872 1216 3943 possitis
1241 3873 1420 3928 omnia
1466 3873 1570 3928 tela
1596 3873 1914 3944 nequissimi
1957 3874 2116 3944 ignea

543 3984 564 4020 ι
605 3964 966 4036 exstinguere.
1015 3964 1084 4020 Et
1115 3964 1324 4040 galeam
1364 3965 1557 4022 salutis
1581 3965 1862 4034 assumite,
1907 3973 1961 4021 et
2001 3965 2114 4038 gla-

541 4077 565 4114 ι
606 4059 758 4120 dium
779 4057 1028 4130 spiritus,
1058 4057 1202 4127 quod
1219 4069 1314 4122 ,εει
1339 4058 1562 4116 verbum
1589 4057 1706 4114 Dei.
1745 4077 1764 4110 ι

607 4149 686 4207 De
713 4160 900 4221 caetero
923 4149 1294 4220 confortamini
1324 4151 1379 4204 in
1410 4150 1656 4214 Domino,
1705 4157 1753 4203 et
1787 4149 1842 4202 in
1887 4150 2113 4219 potentia

536 4243 742 4302 uirtutis
765 4241 900 4312 ejus.
937 4240 1042 4312 (Ex
1069 4239 1316 4312 Hieron.)
1355 4240 1506 4308 Quod
1536 4241 1698 4310 igitur
1741 4239 1854 4293 ait:
1893 4236 2114 4309 Confer—

537 4335 724 4390 tamini
748 4335 804 4388 in
837 4333 1084 4397 Domino,
1111 4341 1157 4386 et
1187 4331 1241 4386 in
1276 4332 1509 4403 potentia
1545 4331 1750 4386 virtutis
1781 4330 1916 4402 ejus,
1943 4339 2114 4384 totum

539 4425 769 4487 sentitur
811 4425 870 4480 in
895 4423 1130 4489 Christo,
1175 4435 1236 4478 ut
1282 4425 1336 4478 in
1376 4424 1627 4478 omnibus
1653 4423 1946 4477 virtutibus
1995 4436 2115 4489 (pta:

539 4529 702 4587 super
721 4530 787 4570 eo
808 4515 1204 4584 intelliguntur.
1235 4514 1335 4581 Qui
1360 4513 1694 4586 crediderint
1721 4513 2110 4568 confortentur.

541 4610 611 4668 Et
637 4607 931 4679 prudenter
953 4617 1076 4678 post
1099 4609 1351 4679 specialia
1389 4608 1644 4664 mandata
1665 4647 1682 4674 ,
1731 4607 1859 4676 quid
1888 4607 2017 4661 viris
2059 4616 2114 4662 et

541 4700 822 4765 uxoribus,
851 4701 1096 4770 patribus
1121 4708 1176 4757 et
1203 4699 1348 4766 ﬁliis,
1377 4698 1610 4756 dominis
1640 4707 1696 4754 et
1730 4698 1900 4754 servis
1930 4699 2116 4753 obser-

539 4792 777 4850 vandum
801 4791 891 4856 sit,
926 4807 1074 4870 nunc
1105 4789 1424 4863 generaliter
1449 4791 1700 4848 omnibus
1747 4791 1802 4845 in
1831 4807 2115 4848 commune

543 4883 868 4955 praecipitia
907 4881 1164 4949 Domino,
1209 4891 1265 4938 et
1304 4883 1358 4937 in
1408 4881 1521 4952 ejus
1545 4883 1784 4954 potentia
1825 4882 2114 4938 conlortati

544 4984 849 5047 praeparent
880 4991 940 5034 se
965 4975 1249 5030 adversum
1273 4975 1560 5030 diabolum.

617 5067 830 5124 Induite
875 5083 966 5124 vos
994 5075 1321 5123 armaturam
1359 5064 1498 5132 Dei,
1530 5074 1588 5118 ut
1625 5065 1832 5135 possitis
1877 5064 2115 5118 resistere

549 5155 1043 5217 adversusinsidias
1065 5153 1281 5216 diaboli.
1319 5155 1396 5210 Ex
1428 5155 1516 5213 bis
1553 5169 1672 5224 quae
1700 5153 1840 5211 infra
1867 5153 2114 5225 legimus,

550 5255 606 5304 et
633 5247 720 5302 hic
754 5261 874 5316 qua:
911 5246 968 5301 in
1011 5245 1296 5316 scripturis
1321 5245 1571 5300 omnibus
1597 5246 1662 5305 de
1695 5244 1922 5300 Domino
1947 5244 2118 5300 salva-

551 5349 668 5394 tore
691 5338 941 5394 dicuntur
963 5375 980 5404 ,
1020 5334 1458 5394 manifestissime
1484 5337 1896 5408 comprobatur,
1937 5337 2118 5396 omnia

551 5443 706 5494 arma
731 5426 856 5496 Dci,
882 5425 1076 5498 quibus
1105 5441 1250 5490 nunc
1276 5425 1424 5481 indui
1443 5426 1720 5501 jubempr,
1754 5427 1979 5498 intelligi
2019 5427 2123 5483 sal-

553 5527 816 5586 vatorem,
860 5526 922 5574 ut
945 5532 1110 5584 unum
1155 5524 1318 5587 atque
1357 5516 1500 5572 idem
1529 5517 1600 5572 sit
1631 5517 1869 5574 dixisse:
1906 5516 2120 5572 Induite

551 5627 643 5666 vos
672 5611 848 5666 omnia
877 5625 1038 5664 arma.
1055 5608 1188 5676 Dei,
1239 5607 1396 5680 quasi
1425 5605 1660 5662 dixerit:
1706 5606 1916 5662 lnduite
1938 5607 2121 5662 Domi—

551 5718 682 5760 num
722 5700 906 5759 Iesum
930 5699 1222 5760 Christum.
1252 5698 1311 5756 Si
1335 5700 1481 5754 enim
1500 5697 1773 5770 cingulum
1797 5698 1997 5756 veritas
2016 5706 2122 5766 est,

553 5801 612 5849 et
631 5791 1028 5863 lorieajustitia
1048 5800 1160 5859 est,
1191 5791 1430 5847 salvator
1450 5795 1632 5851 autem
1659 5797 1714 5844 et
1737 5789 1936 5844 veritas
1963 5797 2018 5845 et
2038 5787 2126 5874 jp-

557 5882 703 5937 stitia
734 5881 1061 5945 nominatur,
1088 5879 1217 5935 nulli
1243 5879 1460 5936 dubium
1487 5879 1615 5950 quin
1637 5879 1748 5950 ipse
1770 5887 1825 5934 et
1852 5879 2125 5952 cingulum

2137 4655 2193 4716 D

2217 3383 2436 3463 quidam
2464 3393 2734 3450 (immunes
2762 3387 3034 3450 amoribus
3057 3399 3110 3450 et
3137 3387 3418 3448 amatoriis
3442 3391 3680 3446 canticis
3699 3404 3807 3445 ser-

2217 3489 2427 3546 vientes
2453 3531 2469 3557 ,
2512 3499 2566 3545 et
2593 3488 2860 3560 Propheta
2891 3502 3106 3558 quoque
3141 3481 3538 3542 commemorat
3583 3483 3806 3538 dicens:

2219 3580 2423 3653 Spiritu
2453 3581 2821 3652 fornicationis
2861 3581 3057 3634 seducti
3083 3588 3225 3634 sunt.
3275 3574 3382 3653 "Alii
3421 3591 3554 3631 vero
3590 3575 3807 3630 iracun—

2218 3676 2335 3732 dias
2359 3682 2414 3731 et
2441 3675 2652 3730 furores
2681 3685 2734 3730 et
2757 3675 2900 3730 bella
2927 3655 3294 3740 committere,
3324 3665 3414 3726 alii
3435 3663 3684 3742 prter-sse
3707 3667 3808 3723 ini-

2217 3753 2471 3833 micitiis,
2517 3775 2571 3822 et
2599 3767 2740 3822 inter
2766 3763 3014 3822 homines
3047 3767 3171 3822 odia
3195 3755 3490 3820 concitare.
3525 3750 3671 3830 Quia
3697 3753 3806 3815 vim

2217 3874 2369 3931 ergo,
2415 3860 2600 3926 aiunt,
2645 3859 2935 3932 Apostolus
2962 3851 3060 3915 nos
3098 3847 3312 3926 docere,
3365 3871 3472 3913 non
3499 3840 3570 3912 ex
3615 3867 3807 3912 natura

2217 3952 2460 4024 corporis
2489 3960 2541 4006 et
2571 3953 2798 4008 materia
2843 3949 3028 4028 carnis
3069 3959 3123 4007 et
3153 3951 3460 4022 sanguinis,
3503 3945 3626 4004 inec
3658 3949 3808 4004 vitio.

2218 4063 2337 4101 rum
2367 4033 2560 4118 genera
2590 4047 2882 4116 procreari,
2915 4048 3006 4102 sed
3039 4046 3296 4101 instinctu
3321 4030 3660 4108 daemonum,

2216 4147 2402 4209 pterca
2430 4139 2541 4192 ait:
2576 4139 2697 4193 Non
2717 4149 2791 4193 est
2822 4134 2968 4192 nobis
2999 4137 3297 4192 colluctatio
3322 4127 3574 4190 adversus
3606 4131 3806 4189 carnem

2217 4242 2264 4286 et
2287 4233 2628 4303 sanguinem,
2659 4235 2748 4286 sed
2793 4219 3037 4286 adversus
3061 4220 3390 4314 principatus
3429 4240 3477 4284 et
3504 4209 3803 4301 potestates,

2217 4331 2271 4377 et
2315 4322 2412 4376 rel.
2468 4321 2573 4377 Sed
2621 4322 2880 4378 adversus
2935 4332 3172 4382 rectores
3215 4307 3401 4377 earum
3438 4307 3803 4384 tenebrarum,

2217 4430 2336 4506 qua)
2366 4414 2491 4468 huic
2514 4415 2712 4468 mundo
2744 4411 3018 4480 incubant,
3044 4421 3098 4467 et
3119 4407 3362 4468 errorem
3389 4399 3705 4467 hominibus
3731 4410 3806 4464 in-

2217 4503 2552 4560 credulitatis
2589 4505 2894 4571 ollundunt,
2928 4515 2983 4559 (ιι
3011 4507 3294 4562 adversum
3325 4504 3600 4578 spiritalia
3628 4503 3805 4572 nequi-

2218 4597 2329 4664 tim,
2357 4613 2476 4666 qua:
2516 4595 2761 4650 habitant
2784 4595 2834 4650 in
2860 4596 3188 4652 coelestibus.
3219 4589 3333 4649 Non
3361 4595 3507 4664 quod
3536 4595 3804 4649 daemones

2220 4689 2276 4743 in
2307 4688 2618 4743 cmlcstibus
2661 4697 3096 4754 commorentur,
3140 4685 3233 4742 sed
3258 4702 3366 4758 quo
3397 4702 3564 4756 supra
3594 4701 3693 4740 nos
3720 4697 3807 4739 aer

2220 4783 2324 4837 hoc
2354 4797 2548 4836 nomen
2581 4783 2868 4853 acceperit,
2899 4774 3039 4837 uitale
3063 4793 3116 4838 et
3139 4799 3266 4838 aves
3292 4798 3410 4852 qua:
3437 4783 3678 4838 volitant
3719 4797 3804 4852 per

2218 4887 2425 4937 aerem,
2457 4872 2702 4926 volucres
2725 4889 2792 4927 ca
2811 4873 2848 4927 li
2879 4889 2999 4928 esse
3025 4873 3294 4929 dicuntur.
3335 4871 3463 4929 Ilarc
3489 4882 3674 4929 autem
3696 4888 3805 4926 om-

2219 4962 2368 5016 nium
2390 4961 2669 5016 doctorum
2698 4965 2880 5033 opinio
2911 4975 3024 5028 est,
3071 4965 3212 5035 quod
3241 4983 3334 5018 acr
3361 4965 3465 5020 iste
3493 4967 3588 5036 qui
3616 4963 3804 5021 coelum

2217 5059 2273 5107 et
2302 5059 2504 5106 terram
2544 5055 2752 5109 medius
2777 5053 3020 5109 dividens
3062 5055 3222 5110 inane
3261 5054 3588 5126 appellatur,
3621 5055 3804 5125 plenus

2222 5145 2294 5200 sit
2325 5145 2609 5202 contrariis
2635 5145 3061 5202 fortitudinibus.

2295 5237 2404 5310 (Ex
2432 5236 2680 5310 August.)
2709 5237 2824 5292 Non
2857 5237 3116 5294 adversus
3147 5253 3368 5293 carnem
3409 5244 3465 5292 et
3491 5219 3802 5310 sanguinein

2222 5341 2306 5386 est
2330 5331 2483 5386 nobis
2503 5330 2832 5397 colluctatio,
2866 5332 2918 5386 id
2946 5340 3050 5399 est,
3079 5312 3340 5387 adversus
3375 5333 3678 5396 hominem,
3714 5329 3804 5385 sed

2223 5425 2480 5480 adversus
2503 5425 2837 5494 principatus
2855 5409 2920 5480 let
2947 5434 3268 5497 potestates,
3291 5415 3353 5481 id
3377 5413 3482 5493 est,
3513 5427 3803 5486 dzcmones,

2223 5516 2316 5584 qui
2371 5522 2496 5570 sunt
2547 5516 2847 5586 Spiritualia
2881 5504 3192 5596 nequitiae,
3241 5500 3512 5574 adversus
3545 5503 3806 5596 [rectores

2225 5605 2430 5660 mundi.
2479 5605 2711 5678 Exponit
2732 5607 2860 5677 quid
2881 5586 2962 5687 isit
2986 5586 3240 5687 mundus,
3263 5607 3416 5678 cujus
3444 5586 3571 5663 sun't
3589 5589 3808 5687 re-

2225 5705 2426 5764 ctores,
2450 5714 2572 5753 cum
2594 5699 2754 5753 dicit:
2782 5685 3025 5754 Rectores
3047 5699 3227 5756 mundi
3243 5701 3568 5780 tenebrarum
3589 5679 3806 5752 Illarum:

2229 5790 2574 5874 dilectoribus
2616 5791 2728 5846 suis
2772 5801 2825 5846 ct
2866 5789 3166 5848 inﬁdelibus
3205 5775 3398 5874 plen-us
3431 5775 3524 5847 :est
3552 5789 3806 5874 mundus,

2233 5870 2331 5937 bos
2357 5861 2587 5952 appellat
2607 5882 2898 5952 Apostolus
2917 5883 3187 5953 tenebras,
3203 5861 3407 5942 borum
3437 5883 3676 5940 rectores
3703 5861 3790 5937 diu
