4026 6454
287 417 396 474 497

1100 409 1616 469 COLLECTIONES
1649 409 1716 466 IN
1755 409 2134 466 EPISTOLAS
2171 408 2260 463 ET
2301 409 2714 468 EVANGELIA.

3443 413 3546 472 498

284 529 584 600 impetrare
608 534 839 596 emptam
866 522 1185 584 doctrinam,
1219 522 1330 576 sive
1360 522 1593 592 gratiam
1626 519 1865 576 scientiae
1891 524 1944 586 Α
1973 535 1992 568 ‹
2024 519 2114 586 qui
2147 518 2375 573 debebat
2405 520 2453 573 ei
2483 530 2701 576 centum
2737 522 3004 577 denarios.
3060 522 3126 577 Et
3166 532 3353 579 tenens
3381 523 3546 578 suffo-

286 617 572 692 largiendo
597 615 959 671 consummari
989 614 1043 668 in
1067 613 1240 667 vobis.

363 707 540 781 Usque
563 709 622 762 in
646 707 784 761 diem
810 705 1023 760 Christi.
1054 704 1112 759 ld
1145 712 1252 770 est,
1278 719 1451 774 usque
1482 705 1538 758 in
1568 704 1731 770 diem,
1762 718 1869 773 quo

285 804 358 859 de
387 815 618 871 corpore
644 799 932 865 recedatis,
968 814 1034 853 ex
1061 811 1169 868 quo
1198 797 1314 867 jam
1349 796 1416 850 ad
1449 795 1660 850 Domini
1695 809 1866 850 unus-

285 897 519 967 quisque
564 902 872 950 reservetur
917 893 1236 958 adventum,
1270 891 1384 946 sive
1429 904 1600 961 usque
1635 889 1691 945 in
1728 888 1869 946 diem

285 985 514 1053 Christi,
544 986 598 1041 id
624 992 730 1052 est,
756 1000 926 1055 usque
953 985 1007 1040 in
1033 985 1174 1040 diem
1195 983 1402 1052 judicii.

361 1075 512 1131 Sicut
540 1086 614 1131 est
645 1077 776 1130 mihi
797 1076 1005 1145 justum
1040 1074 1136 1128 hoc
1172 1075 1365 1130 sentire
1392 1090 1486 1144 pro
1515 1072 1752 1128 omnibus
1779 1089 1869 1127 vo-

285 1170 386 1224 bis.
425 1168 503 1224 Ac
539 1168 587 1223 si
622 1169 862 1223 diceret:
908 1167 1161 1222 Charitas
1205 1182 1291 1221 me
1330 1167 1448 1222 haec
1494 1166 1695 1221 sentire
1739 1165 1868 1222 facit

282 1275 387 1330 pro
413 1261 588 1327 vobis,
615 1260 758 1329 quod
781 1258 1076 1329 perficietis
1103 1274 1237 1329 opus
1267 1259 1410 1330 quod
1434 1257 1675 1328 coepistis
1700 1273 1868 1327 usque

285 1357 343 1412 in
374 1358 516 1412 diem
540 1399 554 1422 ,
601 1357 716 1412 sive
748 1357 978 1424 mortis,
1030 1356 1145 1412 sive
1186 1354 1415 1428 judicii,
1463 1354 1590 1425 quia
1629 1353 1867 1410 Charitas

282 1447 469 1504 omnia
509 1455 712 1516 sperat.

359 1538 438 1592 Eo
467 1538 607 1609 quod
641 1537 859 1592 habeam
893 1555 984 1592 vos
1014 1539 1072 1592 in
1103 1536 1258 1591 corde
1292 1544 1340 1591 et
1374 1538 1429 1590 in
1461 1535 1680 1591 vinculis
1713 1537 1862 1591 meis.

281 1631 364 1687 Ac
387 1631 434 1685 si
459 1631 662 1687 diceret
686 1645 700 1683 :
731 1631 962 1685 Tantum
987 1645 1082 1686 vos
1106 1629 1290 1700 diligo,
1307 1639 1370 1684 ut
1388 1630 1520 1684 mihi
1549 1629 1865 1684 memoriam

281 1724 453 1778 vestri
483 1738 585 1778 nec
611 1723 694 1779 vis
722 1722 1103 1789 tribulationis,
1135 1739 1237 1780 nec
1261 1723 1568 1782 sollicitudo
1596 1721 1866 1782 defensio-

281 1816 369 1872 nis
396 1814 626 1870 auferat.

1974 626 1993 658 ‹
2026 609 2185 663 cabat
2215 623 2366 674 eum,
2397 611 2585 666 dicens
2612 631 2624 665 :
2658 612 2841 668 Redde
2868 613 3010 683 quod
3040 614 3245 670 debes?
3279 615 3347 670 Et
3370 616 3549 686 proci-

1974 720 1994 753 ‹
2028 703 2160 757 dens
2185 719 2476 759 conservus
2498 705 2636 775 ejus,
2659 707 2884 776 rogabat
2906 723 3052 775 eum,
3078 708 3264 764 dicens
3289 729 3300 765 :
3333 709 3551 767 Patien-

1975 813 1994 847 ‹
2027 797 2161 850 tiam
2191 797 2329 853 habe
2355 799 2409 854 in
2441 814 2546 866 me,
2570 808 2624 853 et
2650 800 2832 854 omnia
2856 802 3078 858 reddam
3099 803 3219 859 tibi.
3250 803 3344 860 Ille
3369 813 3551 862 autem

1975 906 1994 939 ι
2024 889 2216 955 noluit,
2249 891 2340 946 sed
2370 893 2504 946 abiit
2529 899 2584 947 et
2608 893 2757 947 misit
2781 909 2905 948 cum
2935 895 2989 950 in
3018 911 3294 953 carcerem
3317 939 3331 965 ,
3374 900 3547 955 donec

1975 996 1995 1029 ι
2027 981 2278 1036 redderet
2312 982 2570 1038 debitum.
2614 983 2872 1040 Videntes
2905 992 3088 1041 autem
3124 990 3370 1044 conservi
3409 990 3551 1061 ejus,

1975 1089 1993 1122 ‹
2026 1087 2145 1141 qua:
2172 1072 2394 1141 ﬁebant,
2420 1075 2726 1131 contristati
2752 1085 2878 1132 sunt
2903 1078 3077 1134 valde.
3116 1080 3182 1136 Et
3205 1092 3473 1140 venerunt
3498 1094 3556 1141 et

1974 1181 1994 1215 ι
2027 1175 2390 1222 narraverunt
2415 1169 2633 1224 domino
2660 1185 2758 1226 suo
2786 1171 2969 1226 omnia
2995 1187 3117 1242 qua:
3138 1173 3280 1230 facta
3317 1176 3550 1234 fuerant.

1975 1276 1992 1308 ι
2027 1257 2179 1314 Tunc
2201 1261 2414 1315 vocavit
2444 1262 2592 1317 illum
2619 1264 2881 1319 dominus
2895 1281 3042 1332 suus,
3068 1274 3122 1320 et
3145 1267 3222 1321 ait
3244 1267 3322 1322 illi
3346 1288 3358 1323 :
3387 1269 3556 1326 Serve

1975 1366 1994 1397 ‹
2027 1364 2256 1418 nequam
2277 1392 2291 1417 ,
2328 1366 2488 1408 omne
2512 1355 2753 1410 debitum
2789 1356 2967 1412 dimisi
3003 1357 3134 1424 tibi,
3185 1361 3441 1428 quoniam
3467 1377 3558 1418 ro-

1975 1457 1994 1490 (
2027 1441 2168 1508 gasti
2199 1457 2305 1497 me.
2348 1441 2536 1500 Nonne
2562 1461 2693 1517 ergo
2718 1448 2957 1518 Oportuit
2985 1456 3041 1504 et
3068 1457 3120 1504 te
3147 1450 3395 1508 misereri
3425 1469 3554 1510 con-

1975 1547 1993 1580 ‹
2026 1531 2166 1584 servi
2193 1532 2303 1600 tui,
2339 1533 2482 1589 sicut
2506 1543 2560 1590 et
2586 1550 2684 1607 ego
2723 1538 2799 1592 tui
2823 1538 3080 1594 misertus
3104 1543 3259 1596 sum?
3287 1541 3354 1600 Et
3379 1543 3553 1600 iratus

1976 1635 1996 1670 ι
2027 1619 2276 1676 dominus
2319 1622 2467 1691 ejus,
2515 1627 2734 1680 tradidit
2780 1643 2905 1683 eum
2946 1631 3242 1687 tortoribus
3268 1674 3284 1700 ,
3340 1636 3548 1704 quoad-

1976 1727 1994 1760 ι
2027 1727 2198 1781 usque
2235 1715 2483 1770 redderet
2511 1720 2823 1774 universum
2853 1721 3110 1776 debitum.
3169 1723 3260 1779 Sic
3298 1734 3353 1780 et
3388 1735 3545 1797 pater

1975 1819 1993 1851 ς
2027 1818 2180 1859 meus
2203 1805 2440 1862 cmlestis
2465 1807 2629 1864 faciet
2648 1811 2824 1878 vobis,
2844 1815 2890 1868 si
2914 1829 3022 1870 non
3047 1817 3369 1875 remiseritis
3389 1836 3557 1875 unus-

356 1906 424 1960 Et
452 1908 506 1960 in
536 1906 836 1976 defensione
874 1915 922 1960 et
953 1905 1352 1974 conﬁrmatione
1387 1903 1677 1977 Evangelii.
1725 1905 1867 1961 Con-

1976 1911 1995 1946 ‹
2029 1896 2256 1966 quisque
2282 1897 2434 1953 fratri
2465 1916 2563 1955 suo
2590 1902 2655 1957 de
2681 1905 2938 1960 cordibus
2963 1909 3182 1963 vestris.
3216 1930 3233 1960 ι

282 2000 520 2056 firmatio
569 1999 847 2072 Evangelii
892 2006 978 2056 est
1021 2005 1277 2056 constans
1333 1997 1623 2056 tolerantia
1666 1999 1863 2071 praedi-

281 2094 477 2148 cantis.

354 2186 536 2242 Socios
574 2188 757 2258 gaudii
797 2189 899 2242 mei
937 2202 1116 2241 omnes
1144 2202 1232 2242 vos
1259 2201 1390 2240 esse.
1438 2184 1519 2240 Ac
1545 2185 1589 2240 si
1623 2185 1864 2241 diceret:

281 2276 396 2334 Hoc
427 2281 601 2335 sentio
630 2281 695 2336 de
720 2280 874 2336 vobis
901 2291 955 2335 et
985 2280 1167 2342 credo,
1200 2279 1326 2348 quia
1360 2278 1504 2333 sicut
1529 2291 1663 2332 mea:
1693 2276 1866 2332 tribu-

280 2366 502 2425 lationis
533 2371 668 2426 socii
699 2373 851 2436 estis,
901 2371 976 2426 ita
1017 2369 1170 2424 eritis
1212 2377 1267 2424 et
1307 2368 1488 2438 gaudii
1531 2368 1866 2436 sempiterni.

281 2458 444 2526 Sive,
486 2461 628 2515 sicut
667 2462 780 2517 scio
806 2477 903 2517 vos
929 2459 1222 2530 Evangelia
1249 2459 1573 2525 credidisse,
1615 2467 1676 2513 ut
1704 2459 1868 2514 etiam

281 2546 340 2602 in
385 2550 820 2607 tribulationibus
861 2551 1020 2619 meis,
1068 2557 1126 2608 et
1166 2548 1283 2620 ejus
1312 2547 1627 2607 defensione
1653 2563 1870 2606 mecum

282 2641 493 2709 pariter
521 2643 822 2712 gaudeatis.

359 2731 524 2786 Testis
550 2735 688 2787 enim
718 2735 848 2788 mihi
875 2743 949 2788 est
976 2734 1139 2797 Deus,
1169 2734 1430 2805 quomodo
1457 2734 1667 2805 cupiam
1693 2751 1870 2790 omnes

285 2839 372 2878 ros
400 2825 457 2879 in
482 2826 762 2880 visceribus
790 2826 917 2881 Jesu
944 2827 1158 2881 Christi.
1196 2825 1275 2880 Ac
1306 2827 1353 2880 si
1384 2825 1590 2880 diceret
1615 2844 1627 2879 :
1666 2825 1746 2881 Ita
1774 2843 1872 2883 vos

287 2914 556 2982 desidero,
605 2924 861 2988 tanquam
890 2917 1103 2974 viscera
1131 2915 1356 2984 Christi,
1387 2916 1502 2972 sive
1530 2916 1746 2989 cupiam
1774 2933 1870 2975 vos

289 3005 406 3076 ejus
434 3007 612 3062 inesse
639 3006 962 3065 visceribus.

357 3097 426 3151 Et
470 3099 564 3154 hoc
613 3116 740 3164 oro,
797 3109 855 3154 ut
902 3101 1132 3154 charitas
1175 3106 1345 3153 vestra
1387 3099 1555 3170 magis
1593 3116 1656 3154 ac
1701 3101 1870 3172 magis

288 3189 515 3244 abundet
550 3191 608 3244 in
644 3191 861 3246 scientia
907 3198 956 3244 et
994 3191 1134 3244 omni
1169 3206 1342 3245 sensu.
1394 3188 1701 3244 Notandum
1745 3190 1870 3260 quia

2040 1983 2222 2042 Simile
2251 1998 2326 2043 est
2354 2007 2570 2062 regnum
2601 1995 2848 2050 caelorum
2879 1998 3079 2054 homini
3108 2004 3236 2071 regi,
3271 2005 3362 2073 qui
3396 2005 3558 2058 voluit

1969 2077 2223 2133 rationem
2250 2097 2440 2150 ponere
2465 2101 2584 2139 cum
2610 2090 2769 2142 servis
2807 2090 2936 2144 suis.
2977 2091 3074 2163 (Ex
3103 2093 3357 2168 August.)
3402 2097 3558 2164 Quod

1968 2167 2182 2225 oblatus
2219 2180 2301 2226 est
2329 2173 2539 2229 debitor
2576 2177 2792 2234 domino
2830 2181 3016 2237 decem
3056 2184 3282 2240 millium
3321 2167 3556 2242 talento-

1970 2272 2089 2311 rum
2114 2300 2127 2322 ,
2177 2270 2231 2314 et
2265 2261 2428 2328 jussit
2455 2280 2578 2320 eum
2608 2271 2908 2326 venundari
2935 2314 2950 2339 ,
2998 2283 3053 2330 et
3093 2291 3320 2334 uxorem
3346 2280 3462 2349 ejus
3495 2289 3571 2335 'et‘

1970 2346 2111 2405 ﬁlios
2139 2360 2195 2405 et
2221 2355 2400 2409 omnia
2431 2373 2548 2426 qua:
2579 2361 2812 2416 habebat
2845 2372 2900 2418 et
2937 2368 3109 2434 reddi,
3144 2346 3560 2442 intelligendum

1971 2449 2056 2496 est
2085 2442 2270 2498 decem
2297 2456 2690 2518 praeceptorum
2720 2454 2854 2525 legis
2881 2470 3004 2514 eum
3034 2458 3204 2516 fuisse
3234 2462 3563 2529 debitorem,-

1971 2542 2028 2589 et
2053 2550 2152 2604 pro
2182 2538 2474 2608 cupiditate
2500 2552 2662 2614 atque
2687 2547 2942 2616 operibus
2970 2551 3103 2618 suis,
3136 2560 3396 2624 tanquam
3425 2572 3560 2611 uxo-

1971 2641 2088 2682 rem
2116 2636 2172 2682 et
2196 2629 2335 2686 filios
2360 2647 2552 2701 poenas
2581 2635 2789 2692 solvere
2820 2639 3102 2707 debuisse,
3149 2645 3291 2712 quod
3321 2654 3405 2700 est
3434 2660 3559 2716 pre-

1972 2716 2105 2772 tium
2128 2717 2260 2786 ejus.
2297 2721 2539 2779 Pretium
2559 2727 2704 2781 enim
2727 2731 2953 2797 vcnditi,
2977 2733 3298 2804 supplicium
3317 2736 3562 2794 damnati

1972 2807 2308 2881 intelligitur.
2362 2814 2516 2882 Quod
2561 2818 2734 2874 dixit:
2773 2820 2961 2876 Noluit
3005 2825 3272 2895 ignoscere
3312 2845 3558 2883 conservo

1971 2917 2087 2968 suo,
2123 2904 2214 2956 sed
2242 2905 2370 2958 abiit
2401 2916 2449 2960 et
2475 2909 2618 2962 misit
2648 2927 2767 2965 eum
2795 2913 2852 2966 in
2882 2929 3164 2980 carcerem,
3196 2923 3329 2983 etc.,
3362 2918 3561 2973 intelli-

1972 2994 2207 3065 gendum
2232 3011 2246 3049 :
2281 2997 2481 3054 Tenuit
2507 3009 2696 3055 contra
2725 3017 2846 3058 eum
2878 3005 3023 3060 hunc
3052 3006 3314 3074 animum,
3344 3017 3404 3062 ut
3439 3025 3563 3079 sup-

1970 3084 2130 3154 plicia
2161 3087 2237 3141 illi
2266 3087 2447 3144 vellet.
2503 3089 2765 3148 Conservi
2809 3104 3024 3162 autem,
3070 3099 3161 3167 qui
3203 3112 3564 3158 narraverunt

1977 3177 2219 3245 domino,
2247 3195 2367 3250 qua:
2394 3180 2626 3249 ﬁebant,
2658 3194 2839 3255 potest
2867 3186 3093 3260 intelligi
3123 3187 3366 3247 Ecclesia
3387 3231 3403 3257 ,
3443 3206 3563 3260 qua:

287 3280 583 3336 scientibus
617 3281 875 3351 majorem
923 3279 1200 3336 scientiam
1232 3281 1410 3336 adhuc
1437 3239 1780 3350 deprecetur:
1810 3287 1872 3334 ut
1899 3239 1944 3302 Ο
1975 3275 2030 3323 ει
2059 3268 2210 3325 illum
2243 3269 2419 3337 εοινίῑ,
2449 3281 2504 3327 et
2531 3273 2682 3328 illum
2711 3275 2863 3348 ligat.

285 3372 488 3427 sinceri
518 3373 574 3428 in
600 3373 850 3430 omnibus
879 3388 999 3430 esse
1022 3373 1380 3443 przevaleant,
1417 3372 1532 3428 sive
1557 3372 1613 3426 in
1643 3371 1868 3428 scientia

284 3470 342 3519 et
369 3477 560 3530 sensu,
589 3464 647 3521 id
672 3472 756 3521 est
772 3504 788 3533 ,
819 3464 876 3521 in
909 3463 1263 3538 intelligentia
1294 3463 1492 3519 littera:
1517 3469 1574 3518 et
1599 3462 1868 3534 spirituali

284 3557 570 3628 mysterio.

360 3645 428 3702 Ut
464 3648 689 3718 probetis
725 3649 953 3718 potiora,
979 3655 1083 3704 etc.
1137 3647 1438 3704 Sinceritas
1482 3648 1708 3702 materia
1752 3655 1864 3714 est,

284 3754 408 3809 quae
436 3745 688 3794 naturam
717 3753 867 3794 suam
896 3748 1094 3804 servat,
1122 3745 1179 3793 et
1201 3738 1350 3794 nulla
1380 3739 1720 3793 extrinsecus
1747 3751 1869 3792 cor-

285 3829 538 3899 ruptione
566 3828 766 3893 fucata,
799 3836 856 3883 et
877 3843 1092 3898 semper
1120 3829 1176 3883 in
1205 3828 1397 3886 melius
1423 3828 1655 3900 proﬁcit,
1679 3843 1786 3883 non
1811 3828 1868 3882 in

282 3919 459 3990 pejus.
519 3919 642 3975 Sive
673 3921 947 3985 sinceros,
980 3920 1033 3974 id
1059 3928 1170 3986 est,
1213 3935 1318 3974 non
1351 3920 1637 3975 reddentes
1665 3918 1867 3974 malum

282 4025 386 4081 pro
414 4010 576 4079 malo,
606 4010 718 4065 sive
747 4008 1097 4065 offensionem
1125 4024 1222 4080 per
1245 4009 1446 4065 malum
1474 4010 1803 4080 exemplum.

355 4103 556 4175 Repleti
595 4104 767 4174 [ructu
797 4105 1023 4174 justitiaz
1053 4120 1145 4174 per
1167 4103 1370 4169 Jesum,
1401 4111 1507 4158 etc.
1557 4103 1615 4157 Id
1645 4109 1764 4168 est,
1806 4111 1868 4158 ut

282 4209 395 4250 non
439 4193 612 4250 solum
660 4195 860 4250 sinceri
905 4196 973 4249 ab
1012 4194 1159 4250 omni
1198 4195 1540 4264 corruptione
1572 4194 1724 4258 sitis,
1772 4194 1868 4247 sed

282 4288 452 4342 etiam
480 4285 658 4342 fructu
678 4285 904 4354 iustitiae
932 4287 1234 4351 abundetis,
1261 4284 1506 4355 exemplo
1527 4285 1753 4348 Christi,
1775 4285 1868 4352 qui

281 4393 396 4433 non
424 4377 596 4433 solum
626 4378 886 4432 malitiam
925 4393 1034 4433 non
1060 4377 1254 4441 habet,
1301 4376 1396 4431 sed
1430 4377 1594 4431 etiam
1628 4375 1868 4430 bonitate

282 4467 569 4522 redundat.
619 4466 773 4534 Quod
802 4475 982 4522 autem
1022 4466 1192 4520 dicit:
1229 4465 1295 4518 In
1330 4463 1555 4536 gloriam
1583 4474 1629 4518 et
1657 4463 1867 4517 laudem

2046 3361 2154 3433 (Ex
2183 3361 2428 3436 Hieron.)
2477 3365 2740 3437 Praecepit
2779 3367 2973 3438 itaque'
3002 3369 3164 3427 Petro
3205 3372 3306 3426 sub
3334 3388 3558 3444 compa-

1972 3452 2183 3507 ratione
2210 3455 2353 3526 regis
2380 3463 2436 3509 et
2462 3455 2664 3512 domini
2693 3465 2747 3512 et
2775 3459 2917 3514 servi
2937 3499 2950 3523 ,
2983 3459 3077 3530 qui
3109 3460 3341 3517 debebat
3370 3462 3557 3519 decem

1971 3543 2140 3600 millia
2157 3545 2505 3615 talentorum,
2532 3563 2563 3603 a
2587 3548 2806 3605 domino
2835 3565 3032 3621 rogans
3053 3553 3267 3608 veniam
3297 3554 3562 3624 impetra-

1970 3643 2144 3702 verat,
2169 3646 2231 3692 ut
2256 3637 2369 3708 ipse
2396 3652 2610 3708 quoque
2631 3639 2871 3695 dimittat
2898 3643 3178 3698 conservis
3207 3644 3322 3700 suis
3349 3629 3561 3700 minora

1970 3728 2340 3798 peccantibus.
2385 3729 2443 3785 Si
2478 3731 2622 3786 enim
2659 3730 2748 3786 ille
2785 3747 2882 3787 rex
2913 3742 2968 3788 et
2998 3735 3247 3790 dominus
3279 3751 3438 3791 servo
3472 3736 3565 3790 dc-

1969 3817 2134 3874 bitori
2174 3820 2361 3875 decem
2397 3821 2566 3876 millia
2611 3822 2939 3879 talentorum
2982 3833 3094 3880 tam
3122 3825 3282 3882 facile
3315 3826 3561 3891 dimisit,

1970 3917 2173 3979 quanto
2219 3912 2392 3983 magis
2438 3913 2579 3968 servi
2615 3916 2894 3969 conservis
2944 3917 3058 3972 suis
3106 3917 3306 3973 debent
3353 3919 3563 3973 minora

1969 4000 2282 4058 dimittere!
2334 4004 2487 4071 Quod
2521 4015 2581 4060 ut
2620 4007 2961 4064 manifestius
2997 4009 3121 4074 ﬁat,
3169 4011 3414 4067 dicamus
3460 4012 3562 4066 sub

1969 4091 2236 4160 exemplo.
2289 4091 2346 4146 Si
2384 4094 2486 4163 qui,
2519 4103 2766 4150 nostrum
2795 4097 3168 4152 commiserint
3203 4099 3562 4165 adulterium,

1970 4179 2359 4246 homicidium,
2401 4184 2746 4255 sacrilegium
2772 4227 2786 4250 ,
2829 4185 3033 4255 majora
3072 4188 3335 4256 crimina,
3374 4190 3565 4247 decem

1969 4270 2196 4325 millium
2230 4273 2574 4340 talentorum,
2605 4276 2920 4347 rogantibus
2950 4277 3294 4334 dimittantur
3308 4280 3487 4346 eis,ut
3510 4291 3566 4336 et

1969 4363 2073 4432 ipsi
2117 4364 2394 4418 dimittant
2441 4366 2651 4421 minora
2699 4368 3070 4436 peccantibus.
3129 4368 3225 4425 Sin
3272 4378 3453 4426 autem
3493 4373 3563 4427 ob

1967 4459 2171 4516 factam
2199 4465 2584 4520 contumeliam
2618 4467 2789 4523 simus
2819 4469 3219 4538 implacabiles,
3259 4477 3314 4524 et
3342 4475 3564 4539 propter

283 4559 418 4621 Dei,
462 4574 524 4614 ac
565 4559 611 4614 si
655 4559 797 4614 dicat
823 4577 834 4611 :
877 4557 948 4614 Ut
989 4559 1247 4629 glorietur
1275 4565 1330 4611 et
1357 4556 1604 4610 laudetur
1631 4557 1774 4610 Deus
1812 4555 1866 4610 in
1893 4594 1947 4656 Β
1973 4556 2212 4611 amarius
2231 4558 2455 4612 verbum
2483 4568 2732 4630 perpetes
2762 4561 3058 4617 habeamus
3085 4562 3403 4628 discordias,
3425 4577 3562 4616 non-

280 4649 498 4706 actibus
520 4653 736 4717 vestris,
768 4652 882 4707 sive
909 4651 980 4706 sit
1006 4650 1176 4722 gloria
1205 4650 1261 4706 in
1292 4649 1570 4722 operibus,
1590 4657 1647 4707 et
1669 4649 1788 4707 laus
1812 4649 1868 4705 in

286 4742 638 4799 sermonibus
661 4742 875 4797 vestris.

567 4847 904 4888 BVANGELIUM
941 4849 1231 4900 ΠΔΤΤΗΕῙ,
1271 4847 1387 4889 CAP.
1424 4847 1579 4888 XVIII.

362 4939 381 4972 ι
419 4920 606 4976 Simile
643 4930 726 4976 est
762 4937 986 4995 regnum
1025 4921 1288 4977 caelorum
1326 4922 1532 4978 homini
1571 4921 1722 4994 regi,
1772 4921 1867 4991 qui

288 5036 308 5066 ι
342 5013 513 5070 voluit
552 5015 819 5070 rationem
857 5030 1056 5085 ponere
1085 5015 1220 5070 'cum
1253 5016 1424 5071 servis
1464 5016 1594 5072 suis.
1641 5015 1710 5071 Et
1742 5030 1868 5071 cum

287 5125 306 5157 ‹
343 5106 602 5174 cmpisset
642 5107 906 5162 rationem
935 5121 1164 5177 ponere,
1225 5107 1437 5162 oblatus
1482 5115 1565 5162 est
1611 5107 1660 5163 ei
1704 5098 1865 5172 tinus,

286 5217 307 5248 ‹
344 5197 436 5266 qui
468 5197 698 5253 debebat
725 5198 912 5254 decem
936 5199 1104 5254 millia
1134 5197 1353 5255 talenta.
1387 5197 1522 5254 Cum
1550 5206 1730 5253 autem
1762 5214 1870 5254 non

286 5308 306 5341 ‹
341 5290 568 5344 haberet
605 5290 747 5346 unde
784 5290 1061 5356 redderet,
1105 5290 1269 5360 jussit
1306 5304 1429 5346 eum
1470 5291 1720 5346 dominus
1753 5289 1870 5361 ejus

286 5399 307 5432 ι
344 5380 649 5435 venundari
679 5389 736 5437 et
764 5397 989 5437 uxorem
1018 5389 1074 5436 et
1098 5381 1239 5438 filios
1263 5391 1320 5438 et
1345 5383 1525 5438 omnia
1554 5398 1674 5453 qure
1703 5383 1872 5437 habe-

287 5489 308 5521 ι
345 5469 444 5525 bat
469 5477 527 5526 et
553 5471 724 5526 reddi.
761 5470 1053 5527 Procidens
1081 5479 1262 5526 autem
1287 5487 1477 5528 servus
1505 5471 1616 5536 ille,
1639 5471 1866 5542 rogabat

287 5581 310 5616 ‹
343 5578 506 5630 eum,
543 5564 770 5621 dicens:
802 5565 1124 5620 Patientiam
1159 5565 1300 5620 habe
1337 5567 1391 5621 in
1426 5581 1545 5631 me,
1593 5574 1647 5621 et
1688 5565 1868 5619 omnia

289 5675 312 5708 ι
346 5658 568 5712 reddam
599 5657 718 5713 tibi.
759 5657 1010 5714 Misertus
1039 5666 1219 5712 autem
1247 5657 1498 5713 dominus
1528 5657 1671 5713 servi
1702 5657 1865 5725 illius,

289 5766 312 5800 ι
348 5747 554 5802 dimisit
589 5763 731 5816 eum,
761 5758 815 5804 et
843 5750 1082 5805 debitum
1111 5748 1313 5804 dimisit
1346 5747 1442 5803 illi.
1480 5748 1744 5820 Egressus
1771 5762 1868 5802 au-

294 5868 319 5907 .
349 5850 461 5898 rem
491 5855 678 5901 servus
723 5842 812 5900 ille
855 5843 1058 5903 invenit
1100 5858 1266 5900 unum
1307 5843 1376 5901 de
1415 5842 1691 5903 conservis
1729 5841 1864 5912 suis,

1975 4663 2046 4704 ne
2069 4648 2229 4703 nobis
2248 4648 2495 4705 videmur
2512 4659 2660 4708 recte
2679 4651 2960 4723 redigendi
2986 4651 3043 4710 in
3065 4667 3363 4719 carcerem,
3385 4659 3440 4707 et
3461 4651 3562 4706 sub

1975 4741 2224 4811 exemplo
2250 4742 2431 4812 operis
2469 4745 2642 4799 nostri
2669 4744 2771 4800 hoc
2799 4760 2982 4816 agere,
3012 4755 3074 4803 ut
3101 4745 3368 4816 majorum
3403 4745 3561 4806 nobis

1975 4829 2294 4887 delictorum
2320 4833 2477 4887 venia
2508 4849 2617 4888 non
2648 4834 2960 4910 relaxetur?

2512 4939 2645 4980 ITEH
2683 4942 3030 4986 AUGUSTINUS.

2044 5013 2403 5086 Interrogavit
2428 5016 2621 5074 Petrus
2650 5023 2993 5092 magistrum,
3021 5025 3233 5094 quoties
3259 5025 3564 5096 ignosceret

1973 5099 2162 5166 fratri,
2203 5104 2295 5171 qui
2333 5105 2388 5158 in
2428 5105 2575 5160 illum
2617 5118 2927 5178 peccasset,
2968 5120 3024 5167 et
3079 5113 3330 5183 quaesivit
3378 5120 3562 5168 utrum

1975 5195 2244 5252 suiliceret
2287 5214 2458 5268 usque
2502 5202 2724 5270 septies.
2783 5203 3085 5274 Respondit
3130 5205 3207 5260 illi
3252 5204 3557 5260 Dominus:

1978 5290 2102 5345 Non
2149 5291 2318 5346 solum
2368 5295 2552 5363 septies
2579 5286 2601 5360 ,⁷
2643 5296 2733 5350 sed
2780 5313 2943 5368 usque
2991 5298 3285 5368 septuagies
3334 5295 3556 5365 septies.

1975 5383 2170 5438 deinde
2195 5386 2434 5440 narravit
2460 5387 2873 5443 similitudinem
2895 5389 3053 5444 valde
3075 5387 3404 5442 terribilem:
3423 5384 3561 5453 Quia

1974 5474 2148 5530 simile
2187 5484 2271 5530 est
2311 5492 2532 5548 regnum
2579 5479 2840 5535 caelorum
2882 5477 3090 5534 homini
3134 5476 3514 5547 patrifamilias
3541 5520 3559 5548 ,

1971 5568 2064 5638 qui
2092 5568 2274 5638 posuit
2301 5570 2568 5626 rationem
2609 5587 2732 5627 cum
2762 5571 2933 5626 servis
2973 5571 3117 5636 suis,
3160 5572 3213 5626 in
3246 5573 3442 5642 quibus
3472 5574 3558 5628 in-

1970 5657 2120 5712 venit
2148 5658 2449 5716 debitorem
2478 5662 2665 5717 decem
2700 5659 2928 5714 millium
2970 5660 3317 5718 talentorum.
3367 5663 3558 5726 Omnis

1969 5745 2132 5804 homo
2155 5757 2211 5804 et
2235 5749 2447 5807 debitor
2468 5759 2571 5817 est,
2602 5759 2658 5806 et
2683 5751 2984 5807 debitorem
3011 5753 3192 5810 habet.
3227 5755 3448 5811 Debitor
3472 5765 3559 5810 est

1968 5837 2088 5910 Dei,
2105 5848 2160 5900 et
2177 5840 2482 5904 debitorem
2500 5841 2666 5900 habet
2684 5839 2910 5902 fratrem
2931 5858 3109 5903 suum.
3131 5843 3262 5911 Quis
3283 5852 3366 5902 est
3387 5843 3553 5907 enim,
