4026 6460
502 366 611 423 499

1818 346 2175 405 SMARAGDI
2205 345 2496 405 ABBATIS

3655 349 3765 408 500

505 479 600 551 qui
628 491 735 531 nou
767 473 839 529 sit
877 472 1087 529 debitor
1133 468 1275 523 Dei?
1312 466 1417 522 nisi
1453 467 1509 520 in
1537 479 1646 537 quo
1677 461 1884 518 nullum
1915 460 2089 531 possit
2114 463 2169 525 Α
2191 468 2248 516 et
2292 468 2647 516 numerantur
2682 466 3060 530 generationes
3097 460 3195 528 77;
3255 474 3287 514 a
3333 459 3549 517 Christo
3589 478 3775 551 ιιειῃιε

494 567 738 627 inveniri
770 572 1078 638 peccatum,
1118 560 1252 633 Quis
1279 569 1365 615 est
1394 567 1575 614 autem
1608 558 1702 633 qui
1740 572 1847 612 non
1885 555 2087 610 habeat

507 641 808 720 debitorém
835 657 1059 713 fratrem
1089 669 1271 719 suum,
1302 652 1409 707 nisi
1439 652 1495 706 in
1522 666 1681 721 quem
1709 664 1868 704 nemo
1890 661 2087 718 pecca-

506 755 617 811 vit?
652 752 874 810 Debitor
895 758 981 807 est
1000 762 1130 820 ergo
1149 745 1325 801 omnis
1346 747 1509 801 homo
1535 745 1741 799 habens
1766 743 2093 817 debitorem,

506 851 564 910 et
602 851 743 907 Deus
776 847 955 917 justus
999 842 1286 900 constituit
1324 840 1565 911 regulam
1597 840 1654 893 in
1682 836 1927 894 debitore
1967 847 2093 911 tuo,‘

506 940 650 1011 quod
691 937 823 993 facit
864 944 919 991 et
958 935 1074 1005 ipse
1115 948 1238 988 cum
1282 947 1402 987 suo.
1456 931 1571 985 Duo
1600 945 1729 1000 ergo
1759 935 1885 982 sunt
1919 943 2086 997 opera

505 1024 917 1091 misericordiae,
960 1038 1082 1094 qua:
1115 1037 1216 1076 nos
1261 1020 1515 1085 liberant,
1560 1035 1680 1095 qua:
1707 1019 1943 1073 breviter
1971 1018 2085 1087 ipse

504 1115 765 1174 Dominus
785 1115 968 1187 posuit
991 1112 1227 1184 quodam
1254 1111 1373 1167 loco
1397 1111 1450 1164 in
1474 1102 1763 1181 Evangcl‘io
1788 1129 1799 1162 :
1830 1106 2086 1162 Dimittite

501 1214 553 1264 et
580 1207 869 1263 dimittetur
897 1205 1083 1260 vobis:
1122 1204 1244 1257 date
1281 1210 1329 1256 et
1367 1202 1580 1255 dabitur
1604 1200 1763 1255 vobis.
1819 1199 2086 1253 Diniittite

504 1310 559 1358 et
585 1303 890 1356 dimittetur
918 1299 1093 1363 vobis,
1126 1298 1194 1352 ad
1221 1295 1607 1367 ignoscendum
1644 1293 1899 1363 pertinet.
1952 1293 2085 1347 Date

502 1401 560 1449 et
594 1392 813 1449 dabitur
838 1391 1027 1454 vobis,
1071 1391 1143 1444 ad
1182 1388 1547 1459 praestandum
1590 1385 1912 1440 beneﬁcium
1940 1425 1954 1450 ,
1999 1384 2085 1438 vel

501 1484 899 1557 elecmosynam
948 1482 1202 1555 pertinet.
1261 1479 1472 1553 Ignosci
1505 1476 1658 1533 vobis
1686 1476 1849 1532 vultis
1873 1518 1888 1544 ,
1933 1477 2083 1547 igno-

502 1578 665 1647 scite;
696 1557 955 1631 reinittite
984 1581 1040 1628 et
1067 1572 1377 1629 remittetur
1402 1569 1588 1632 vobis;
1623 1568 1870 1637 accipere
1894 1566 2080 1632 vultis,

502 1670 645 1733 date,
677 1673 732 1722 et
759 1666 975 1720 dabitur
1000 1662 1173 1719 vobis.
1211 1658 1315 1716 Sed
1340 1662 1445 1715 hoc
1473 1667 1648 1730 potest
1677 1672 1917 1723 movere,
1940 1658 2081 1727 quod

500 1766 558 1815 et
585 1758 805 1813 Petrum
835 1755 1040 1811 movit:
1074 1753 1298 1822 Quoties
1327 1752 1520 1816 debeo,
1544 1749 1740 1819 inquit,
1762 1749 2084 1821 ignoscere?

2191 554 2364 610 Adam
2390 554 2477 621 77;
2511 552 2581 608 ab
2608 551 2782 607 Adam
2812 567 2983 623 usque
3015 553 3081 608 ad
3107 550 3386 609 Christum
3418 553 3502 608 77.
3550 552 3609 610 Si
3637 550 3769 631 ergo

2191 650 2336 707 nulla
2367 649 2644 723 generatio
2669 648 3035 720 praetermissa
3223 647 3367 704 nulla
3396 648 3549 735 culpa
3575 660 3770 727 prate-

2190 742 2349 818 ritur,
2375 741 2468 798 ubi
2500 756 2611 796 non
2640 740 2834 796 debeat
2858 737 3084 815 ignosci.
3124 732 3258 794 Nam
3289 739 3410 795 ideo
3438 732 3549 811 ipse
3579 736 3653 811 ’Π
3678 756 3770 813 ge-

2192 839 2503 894 nerationes
2531 836 2895 903 enumeravit,
2925 851 3395 907 quemnumerum
3426 837 3690 893 Dominus
3719 841 3771 895 in

2189 937 2538 997 peccatorum
2570 927 2944 981 remissionem
2971 928 3404 997 commendavit,
3453 928 3713 1007 quoniam
3742 945 3773 985 τι

2188 1020 2456 1090 baptismo
2495 1020 2660 1089 coepit
2700 1034 3025 1085 numerare,
3070 1017 3167 1079 ubi~
3192 1020 3373 1071 omnia
3405 1028 3629 1095 peccata
3665 1020 3768 1075 sol-

2190 1120 2418 1178 vuntur,
2470 1111 2663 1165 deinde
2713 1110 2872 1185 paulo
2923 1110 3234 1182 diligentius
3281 1111 3552 1185 interroga
3606 1112 3773 1185 ipsius

2190 1206 2401 1260 numeri
2446 1213 2748 1269 secretum,
2798 1203 3138 1275 latebrasque
3180 1202 3299 1272 ejus
3329 1204 3577 1274 inquire,
3626 1205 3769 1274 pulsa

2190 1298 2526 1369 diligentius,
2562 1304 2622 1351 ut
2663 1297 2938 1366 aperiatur
2969 1296 3064 1350 tibi
3104 1295 3315 1365 justitia
3344 1312 3464 1367 quae
3489 1294 3611 1366 lege
3652 1314 3768 1353 con-

2190 1400 2317 1445 stat.
2372 1390 2484 1445 Lex
2538 1390 2591 1443 in
2638 1388 2825 1443 decem
2872 1391 3159 1458 praeceptis
3190 1389 3623 1454 commendatur,
3660 1390 3769 1443 ideo

2188 1481 2277 1536 ille
2306 1480 2517 1535 debitor
2547 1481 2732 1534 decem
2764 1478 3088 1533 talentorum
3114 1521 3128 1545 ,
3177 1479 3294 1548 ipse
3331 1486 3416 1545 est
3444 1478 3532 1533 ille
3561 1494 3767 1533 memo~

2187 1566 2373 1626 rabilis
2414 1571 2704 1641 decalogus
2746 1570 2982 1639 scriptus
3022 1570 3188 1641 digito
3226 1568 3359 1636 Dei,
3406 1570 3498 1649 qui
3542 1572 3771 1627 traditus

2187 1661 2384 1734 pepulo
2430 1678 2529 1731 per
2570 1658 2753 1716 Mosen
2785 1659 3047 1727 famulum
3092 1662 3208 1717 Dei.
3262 1660 3488 1717 Debitor
3513 1679 3650 1734 ergo
3690 1662 3769 1718 ille

2190 1755 2377 1810 decem
2405 1754 2730 1808 talentorum
2756 1753 2937 1809 omnia
2965 1738 3191 1825 peccata
3213 1753 3515 1825 signiﬁcat,
3553 1763 3770 1827 propter

503 1846 712 1904 Sufﬁcit
738 1863 909 1918 usque
937 1846 1178 1917 septies?
1231 1842 1348 1899 Non
1384 1840 1613 1908 sullicit,
1659 1843 1735 1896 ait
1776 1841 2036 1895 Dominus
2068 1858 2081 1894 :
2113 1825 2162 1885 Β
2188 1861 2473 1901 numerum
2498 1846 2649 1918 legis.
2689 1845 2930 1901 Debebat
2955 1854 3010 1902 et
3032 1846 3123 1901 ille
3151 1845 3340 1901 decem
3365 1846 3645 1910 denarios,
3664 1825 3768 1901 non

501 1956 610 1997 non
636 1941 758 1996 dico
786 1940 1011 2009 septies,
1038 1938 1133 1994 sed
1166 1952 1340 2009 usque
1368 1934 1679 2008 septuagies
1708 1933 1929 2005 septies.
1965 1930 2085 1987 Jam

502 2042 559 2089 tu
591 2036 850 2089 enumera
878 2032 1092 2102 quoties
1128 2030 1184 2083 in
1221 2037 1275 2084 te
1308 2028 1613 2099 peccaverit
1639 2025 1808 2081 frater
1839 2032 1994 2091 tuus;
2040 2024 2085 2080 si

499 2125 742 2196 potueris
770 2123 957 2178 venire
991 2136 1164 2192 usque
1193 2120 1262 2174 ad
1287 2118 1604 2191 vigusimam
1649 2127 1703 2171 et
1748 2115 2081 2188 septuagesi-

500 2232 646 2273 mam
669 2225 917 2272 octavam
940 2215 1177 2285 culpam,
1202 2220 1261 2267 ut
1287 2220 1533 2266 transeas
1554 2210 1677 2266 490.
1712 2209 1863 2266 Tunc
1892 2210 2084 2267 molire

497 2305 816 2364 vindictam.
873 2306 1022 2361 ltane
1046 2319 1235 2360 verum
1265 2310 1380 2368 est,
1410 2302 1551 2372 quod
1580 2302 1738 2368 dicit,
1770 2310 1825 2356 et
1852 2316 1978 2357 vere
2006 2301 2082 2356 ita

500 2411 562 2456 se
591 2398 787 2463 habet,
823 2404 883 2452 ut
920 2398 965 2451 si
1004 2394 1309 2466 peccaverit
1334 2392 1441 2448 490
1473 2393 1738 2463 ignoscas.
1797 2390 1854 2446 Si
1900 2399 2081 2446 autem

496 2489 805 2561 peccaverit
830 2481 954 2551 560‘,
978 2485 1093 2555 jam
1118 2484 1280 2540 liceat
1305 2483 1402 2538 tibi
1428 2500 1533 2537 non
1566 2483 1861 2553 ignoscere.
1894 2482 2080 2537 Audeo

498 2579 714 2636 dicere:
747 2578 814 2633 Et
840 2579 887 2633 si
912 2577 1018 2633 490
1043 2575 1387 2647 peccaverit,
1429 2574 1682 2646 ignosce:
1719 2576 1775 2628 et
1802 2574 1848 2628 si
1874 2570 2079 2628 centies

495 2670 826 2739 peccaverit,
859 2668 1099 2738 ignosce.
1140 2665 1210 2719 Et
1237 2663 1367 2734 quid
1392 2664 1569 2719 dicam
1602 2664 1783 2729 toties,
1814 2670 1869 2716 et
1896 2663 2079 2727 toties,

495 2759 717 2813 omnino
755 2757 966 2826 quoties
994 2755 1302 2826 peccaverit
1334 2756 1570 2826 ignosce.
1621 2752 1740 2808 Non
1778 2754 1923 2809 enim
1963 2754 2081 2808 sine

497 2863 661 2904 causa
686 2846 949 2903 Dominus
975 2845 1079 2901 490
1108 2846 1280 2911 dixit,
1320 2861 1443 2900 cum
1478 2845 1701 2900 omnino
1738 2845 1885 2900 nulla
1921 2846 2079 2917 culpa

498 2938 602 3005 sit,
646 2950 809 3009 quam
853 2952 960 2991 non
993 2935 1284 2991 debeamus
1322 2934 1622 3008 ignoscere.
1678 2934 1818 2990 Ecce
1847 2934 1933 2990 ille
1964 2936 2078 3006 ipse

497 3040 709 3098 servus,
730 3027 885 3099 cujus
910 3030 1075 3085 debiti
1105 3030 1356 3085 inventus
1385 3038 1469 3085 est
1494 3029 1748 3085 debitor?
1784 3030 1967 3086 decem
1997 3038 2078 3085 ta-

495 3123 767 3179 lentorum
797 3120 1025 3178 debebat
1049 3127 1200 3191 puto,
1239 3120 1365 3191 quia
1396 3120 1583 3175 decem
1614 3121 1941 3175 talentorum
1961 3162 1975 3186 ,
2017 3128 2077 3175 ut

497 3228 691 3287 parum
720 3214 824 3281 sit,
869 3187 1069 3270 decem
1084 3187 1431 3284 peccatorum
1459 3218 1603 3266 sunt.
1647 3210 1782 3267 Nolo
1811 3213 1956 3267 enim
1988 3208 2072 3267 diu
2104 3187 2149 3247 Ο

494 3324 620 3366 cere
649 3325 815 3365 unum
844 3307 1103 3364 talentum
1124 3348 1138 3372 ,
1170 3307 1313 3377 quod
1342 3313 1563 3376 peccata
1592 3307 1899 3360 concludat.
1949 3296 2077 3361 Ser-

495 3414 597 3454 vus
631 3408 811 3454 autem
855 3399 943 3453 ille
984 3398 1252 3469 quantuni
1277 3397 1547 3452 debebat?
1582 3404 1796 3451 centum
1827 3398 2078 3453 denarios

495 3488 743 3545 debebat.
781 3488 899 3543 Jam
925 3489 1045 3559 plus
1072 3496 1156 3543 est
1180 3504 1342 3558 quam
1366 3487 1492 3554 400,
1516 3495 1569 3543 et
1597 3496 1774 3543 tamen
1802 3489 1973 3543 iratus
1996 3496 2080 3544 est

494 3583 778 3648 Dominus,
802 3582 931 3653 quia
960 3583 1011 3637 ei
1041 3598 1149 3636 non
1172 3574 1395 3638 dimisit.
1432 3582 1549 3638 Non
1576 3583 1745 3637 solum
1777 3584 1921 3638 enim
1950 3599 2077 3638 ccn—

495 3682 609 3728 tum
647 3675 770 3744 plus
803 3679 929 3729 sunt
962 3689 1125 3742 quam
1152 3673 1281 3742 490,
1305 3666 1400 3731 sed
1429 3682 1645 3731 centum
1682 3675 1894 3730 denarii
1936 3672 2076 3733 forte

497 3768 637 3824 1000
665 3784 818 3823 asses
851 3774 994 3824 sunt.
1048 3766 1155 3824 Sed
1198 3769 1327 3842 quid
1369 3770 1436 3825 ad
1480 3769 1663 3823 decem
1705 3767 2077 3824 talentorum?

492 3860 565 3935 At
590 3876 690 3929 per
712 3854 815 3914 hoc
842 3876 1031 3915 omnes
1061 3858 1267 3930 culpas,
1300 3875 1420 3931 quze
1450 3858 1505 3914 in
1534 3875 1633 3914 nos
1662 3860 2099 3935 committuntur}

492 3952 668 4022 parati
692 3953 860 4007 simus
883 3951 1184 4021 ignoscere,
1205 3954 1250 4008 si
1272 3953 1427 4007 nobis
1447 3952 1819 4008 desideramus
1843 3946 2069 4025 ignosci.

494 4042 745 4113 Quotidie
783 4060 882 4100 nos
918 4046 1316 4116 prosternimur
1342 4054 1394 4101 et
1425 4044 1693 4102 dicimus:
1727 4047 1946 4103 Dimitte
1973 4063 2068 4103 no‘

493 4134 577 4189 bis
598 4134 775 4190 debita
800 4143 1009 4199 nostra,
1037 4137 1176 4191 sicut
1197 4144 1253 4191 et
1275 4152 1372 4191 nos
1398 4134 1718 4192 dimittimus
1741 4138 2072 4197 debitoribus

492 4227 714 4281 nostris.
768 4226 899 4293 Quae
928 4227 1149 4281 debita?
1195 4228 1375 4281 omnia
1397 4268 1411 4293 ,
1453 4242 1521 4281 an
1551 4228 1785 4299 aliquam
1813 4238 2024 4299 partem
2048 4230 2071 4284 ?

493 4312 942 4384 respondebimus
971 4317 1172 4370 omnia.
1226 4315 1315 4370 Sic
1344 4332 1473 4389 ergo
1511 4326 1565 4372 et
1606 4327 1661 4372 tu
1691 4320 1921 4375 debitori
1956 4329 2066 4376 tuo.

493 4404 648 4459 Hanc
683 4420 813 4477 ergo
852 4406 1089 4477 regulam
1126 4409 1304 4478 ponis,
1342 4408 1447 4465 hac
1474 4408 1783 4467 conditione
1813 4412 2068 4481 loqueris,

492 4499 597 4552 hoc
622 4506 781 4568 pacto
810 4504 865 4551 et
892 4496 1093 4568 placito
1123 4515 1246 4553 cum
1286 4500 1395 4556 Deo
1435 4502 1711 4572 obligaris.
1768 4504 1908 4571 Quid
1943 4521 2071 4578 ergo

493 4589 599 4644 sibi
626 4587 889 4644 vult490.
927 4588 1138 4653 Audite,
1175 4587 1387 4657 fratres,
1422 4608 1676 4664 magnum
1716 4594 2069 4667 mysterium,

491 4678 743 4738 mirabile
763 4688 1181 4738 sacramentum.
1207 4682 1492 4740 Matthteus
1511 4684 1677 4756 etrapit
1694 4688 1761 4741 ab
1776 4686 2072 4757 Abraham,

488 4780 547 4830 et
589 4776 837 4844 pervenit
876 4789 1049 4844 usque
1093 4776 1158 4831 ad
1200 4774 1835 4848 Josephdescendendo.
1894 4780 2071 4839 Lucas

490 4872 673 4920 autem
704 4865 1046 4920 ascendendo
1075 4865 1238 4936 coepit
1267 4870 1575 4935 numerare,
1597 4884 1697 4925 cur
1726 4862 1815 4924 ille
1844 4870 2069 4926 descen-

489 4955 685 5022 dendo,
706 4956 793 5011 ille
813 4957 1184 5013 ascendendo?
1199 4952 1479 5016 Matthazus
1502 4962 1906 5033 generationem
1917 4962 2073 5017 Chri-

489 5044 560 5101 sti
586 5044 1020 5113 commendabat,
1045 5060 1150 5118 qua
1177 5050 1457 5106 descendit
1477 5044 1544 5107 ad
1566 5068 1685 5119 nos,
1712 5053 1832 5108 ideo
1856 5054 2070 5123 quando

487 5145 650 5196 natus
695 5147 781 5195 est
827 5137 1113 5209 Christus,
1163 5144 1329 5215 etrapit
1379 5160 1664 5202 numerare
1714 5146 2065 5202 descendens.

488 5232 663 5289 Lucas
691 5240 906 5301 autem,
953 5236 1080 5306 quia
1124 5245 1251 5293 tunc
1288 5238 1454 5308 carpit
1483 5254 1806 5308 numerare,
1853 5239 2067 5311 quando

486 5324 794 5395 baptizatus
816 5333 903 5384 est
924 5324 1190 5384 Christus.
1233 5326 1337 5384 Ubi
1365 5335 1448 5383 est
1474 5328 1686 5385 initium
1713 5333 2065 5400 ascensionis,

489 5418 828 5475 ascendendo
882 5435 1175 5475 numerare
1229 5422 1413 5494 carpit.
1484 5420 1829 5479 Numerando
1884 5435 2065 5480 autem

488 5507 779 5577 complevit
807 5513 1185 5583 generationes
1213 5512 1281 5566 77
1312 5530 1343 5568 a
1374 5529 1482 5584 quo
1511 5508 1852 5582 numerabat,
1885 5516 2064 5571 inten-

487 5598 601 5657 dite
642 5598 805 5656 hodie
834 5617 864 5656 a
899 5618 1007 5673 quo
1034 5610 1257 5659 exortus
1296 5612 1378 5659 est
1418 5620 1737 5672 numerare,
1779 5622 1951 5677 usque
1996 5604 2063 5659 ad

487 5690 667 5765 ipsum
694 5692 863 5748 Adam
882 5735 897 5760 ,
928 5696 1019 5764 qui
1047 5696 1254 5767 primus
1283 5696 1558 5767 peccavit,
1588 5706 1642 5752 et
1667 5712 1767 5752 nos
1792 5712 1913 5752 cum
1942 5712 2066 5767 pec-

491 5783 599 5841 cati
623 5782 951 5857 obligatione
979 5789 1276 5863 generavit,
1300 5788 1546 5862 pervenit
1577 5803 1746 5861 usque
1775 5786 1839 5841 ad
1866 5785 2062 5855 Adam,

2186 1940 2445 1995 abhorret
2473 1938 2541 1994 ab
2569 1938 2759 1993 eodem
2791 1953 3035 1993 numero.
3069 1932 3202 1992 Nam
3233 1945 3288 1993 et
3318 1938 3526 1993 centies
3554 1949 3767 1994 centum

2186 2029 2370 2084 decem
2396 2027 2590 2094 millia,
2627 2028 2684 2082 et
2716 2027 2897 2082 decies
2928 2022 3052 2081 deni
3081 2035 3330 2091 centum.
3373 2035 3429 2082 et
3458 2028 3550 2083 ille
3582 2028 3768 2084 decem

2184 2120 2535 2187 talentorum,
2563 2129 2618 2181 et
2646 2120 2735 2175 ille
2763 2120 2945 2175 decies
2974 2120 3183 2176 decem.
3220 2120 3488 2192 Legitimo
3517 2114 3654 2193 ergo
3678 2138 3768 2181 nu-

2184 2229 2333 2268 mero
2376 2229 2481 2267 non
2523 2227 2801 2268 recessum
2831 2219 2915 2267 est
2940 2254 2954 2278 ,
3004 2212 3057 2267 in
3107 2228 3215 2285 quo
3262 2222 3497 2285 utroque
3528 2215 3771 2275 invenies

2181 2312 2411 2374 utraque
2438 2310 2661 2373 peccata
2679 2344 2693 2368 ,
2737 2308 2964 2373 uterque
2992 2302 3226 2370 debitor,
3256 2312 3311 2359 et
3344 2313 3575 2375 uterque
3600 2307 3766 2361 venite

2182 2396 2492 2465 deplorator
2515 2404 2570 2449 et
2596 2395 2936 2465 impetrator,
2967 2395 3060 2449 sed
3090 2394 3177 2449 ille
3204 2408 3397 2450 servus
3425 2392 3619 2460 malus,
3658 2411 3766 2451 ser-

2181 2502 2281 2540 vus
2311 2487 2576 2556 ingratus,
2603 2485 2819 2555 iniquus
2842 2485 3013 2540 noluit
3040 2487 3336 2556 rependere
3364 2485 3508 2561 quod
3541 2484 3765 2561 accepit,

2181 2580 2355 2636 noluit
2400 2588 2659 2650 praestare
2704 2578 2847 2650 quod
2902 2578 2978 2633 illi
3027 2580 3247 2648 indigno
3293 2580 3599 2650 pnestitum
3652 2580 3760 2635 fuit.

2182 2672 2372 2726 Videte
2394 2686 2543 2741 ergo,
2561 2668 2776 2729 fratres,
2793 2670 3037 2740 quisquis
3060 2671 3248 2742 incipit
3270 2687 3300 2725 a
3323 2664 3618 2745 baptismo,
3638 2671 3765 2727 liber

2183 2763 2311 2828 exit,
2342 2762 2567 2817 remissa
2590 2766 2715 2815 sunt
2744 2760 2817 2815 iiii
2842 2761 3026 2817 decem
3051 2761 3395 2831 talentortrm,
3421 2778 3549 2817 cum
3572 2765 3762 2818 exierit

2181 2862 2237 2910 et
2280 2854 2548 2910 invenerit
2576 2868 2897 2909 conservum
2935 2868 3093 2909 suum
3122 2853 3420 2909 debitorem
3448 2895 3465 2925 ι
3515 2853 3764 2911 observet

2180 2962 2307 3018 ergo
2338 2946 2513 3017 ipsum
2538 2954 2839 3016 peccatum,
2864 2943 3007 3015 quod
3032 2945 3154 3015 quia
3180 2948 3318 3001 bene
3340 2954 3471 3015 puto
3499 2946 3762 3019 signiﬁcet

2181 3052 2441 3093 numerus
2469 3037 2820 3091 undenarius.
2854 3036 2966 3091 Lex
2996 3037 3140 3091 enim
3171 3034 3447 3101 denarius,
3480 3044 3760 3107 peccatum

2180 3124 2529 3186 undenarius.
2570 3127 2682 3183 Lex
2706 3144 2806 3198 per
2825 3128 3033 3193 decem,
3059 3135 3340 3209 peccatum
3366 3143 3465 3207 per
3484 3127 3758 3183 undecim.

2182 3220 2361 3293 Quare
2404 3224 2685 3290 peccatum
2734 3233 2831 3290 per
2875 3217 3168 3275 undecim?
3220 3216 3357 3285 Quia
3402 3218 3762 3291 transgressio

2181 3312 2388 3371 denarii
2417 3320 2520 3380 est,
2546 3318 2607 3367 ut
2626 3312 2813 3367 venias
2840 3312 2907 3366 ad
2934 3312 3313 3366 undenarium.
3351 3310 3408 3365 ln
3438 3308 3557 3381 lege
3581 3319 3760 3366 autem

2180 3406 2370 3460 modus
2398 3404 2537 3460 ﬁxus
2570 3410 2673 3470 est,
2703 3411 3073 3474 transgressos
3105 3417 3184 3469 es,
3217 3402 3478 3474 peccasti.
3512 3400 3635 3455 Jam
3673 3401 3759 3457 ubi

2180 3499 2572 3569 transgrederis
2601 3496 2903 3562 denarium,
2936 3499 3003 3552 ad
3028 3496 3386 3552 undenarium
3417 3497 3593 3551 venis.
3634 3478 3757 3551 ideo

2180 3604 2433 3661 magnum
2470 3590 2809 3661 mysterium,
2843 3589 3058 3659 quando
3079 3586 3290 3657 jussum
3322 3595 3407 3642 est
3435 3589 3759 3643 tabernacu-

2179 3681 2288 3736 lum
2334 3682 2627 3748 fabrieari,
2677 3681 2845 3735 multa
2892 3678 2965 3735 ibi
3013 3695 3302 3735 numerosa
3340 3676 3485 3735 dicta
3533 3685 3664 3734 sunt
3708 3679 3755 3733 in

2180 3789 2376 3843 magno
2398 3782 2761 3839 sacramento,
2786 3773 2927 3827 inter
2944 3780 3158 3839 ctctera,
3177 3772 3262 3828 vel
3284 3789 3349 3828 ex
3375 3771 3589 3827 eilicina
3607 3770 3756 3841 jussa

2180 3874 2306 3920 sunt
2334 3860 2471 3930 ﬁeri,
2496 3878 2603 3917 non
2626 3864 2811 3917 decem
2841 3862 2935 3918 sed
2960 3864 3226 3927 undecim,
3254 3862 3379 3933 quia
3404 3879 3501 3932 per
3523 3862 3754 3918 cilicium

2176 3953 2481 4011 ostenditur
2501 3952 2769 4008 confessio
2791 3962 3158 4025 peccatorum.
3196 3951 3303 4025 (Ex
3351 3951 3598 4024 Hieron.)
3634 3950 3754 4005 Pro-

2178 4055 2405 4101 vocatus
2442 4030 2717 4117 apostolus
2761 4043 2956 4100 Petrus
3009 4044 3305 4119 interrogat
3346 4045 3560 4117 quoties
3602 4042 3754 4097 fratri

2178 4140 2232 4194 in
2264 4155 2320 4194 se
2349 4137 2594 4209 peccanti
2625 4136 2900 4192 dimittere
2930 4134 3157 4209 debeat,
3204 4142 3257 4193 et
3298 4150 3419 4191 cum
3449 4133 3752 4204 interroga—

2177 4231 2324 4287 tione
2353 4229 2557 4301 profert
2583 4229 2905 4284 sententiam
2931 4246 2943 4283 :
2973 4226 3145 4301 Usque
3166 4227 3350 4303 septies
3374 4226 3399 4284 ?
3424 4227 3513 4281 cui
3541 4240 3754 4298 respon-

2177 4322 2254 4377 dit
2282 4318 2576 4376 Dominus:
2617 4316 2741 4375 Non
2772 4336 2932 4391 usque
2958 4320 3142 4391 septies
3163 4360 3177 4386 ,
3216 4318 3307 4372 sed
3348 4334 3511 4389 usque
3540 4326 3750 4389 septua-

2174 4416 2281 4485 gies
2312 4415 2518 4487 septies,
2550 4413 2601 4468 id
2630 4420 2734 4481 est,
2765 4411 3176 4485 quadringentis
3205 4410 3497 4482 nonaginta
3522 4406 3748 4477 vicibus,

2178 4514 2236 4559 ut
2275 4508 2434 4562 toties
2460 4505 2709 4577 peccanti
2735 4503 2892 4559 fratri
2921 4503 3225 4570 dimittere,
3265 4508 3319 4557 et
3345 4502 3400 4557 in
3428 4499 3517 4559 die
3542 4499 3751 4573 quoties

2177 4601 2265 4656 ille
2289 4618 2516 4674 peccare
2543 4612 2743 4674 posset.

2248 4693 2355 4765 (Ea:
2392 4693 2637 4766 August.)
2688 4680 2840 4760 Quod
2888 4701 3068 4747 autem
3115 4690 3344 4761 amplius
3390 4688 3625 4760 qnmris,
3670 4686 3749 4741 vis

2173 4798 2332 4838 nosse
2352 4784 2532 4838 omnia
2554 4792 2777 4855 peccata
2801 4784 3065 4839 contineri
3092 4776 3317 4837 numero
3340 4782 3444 4837 isto
3458 4778 3745 4835 77?omnia

2173 4889 2300 4946 ergo
2340 4884 2563 4944 peccata
2605 4868 2770 4941 dixit,
2814 4876 3032 4947 quando
3060 4868 3126 4930 77
3154 4875 3291 4931 dixit
3318 4894 3329 4929 :
3365 4866 3493 4947 quia
3523 4873 3654 4928 illud
3683 4872 3741 4925 tl

2172 4964 2291 5019 duae
2326 4964 2524 5035 septies
2557 4965 2723 5033 ﬁunt,
2754 4967 2805 5022 id
2834 4977 2946 5034 est,
2976 4969 3068 5024 ubi
3098 4966 3439 5045 signiﬁcatur
3463 4974 3745 5037 peccatum

2174 5056 2292 5111 dua:
2328 5057 2528 5126 septies
2565 5054 2699 5111 ﬁunt
2734 5056 2820 5112 77.
2879 5056 3067 5115 Omnia
3112 5076 3241 5133 ergo
3280 5066 3506 5132 peccata
3550 5055 3743 5111 dimitti

2169 5144 2361 5214 voluit,
2389 5147 2480 5217 qui
2509 5164 2571 5202 ea
2603 5142 3001 5223 septuagesimo
3032 5152 3263 5225 septimo
3297 5164 3527 5205 numero
3554 5147 3741 5221 pra:si-

2170 5239 2371 5311 gnavit.
2419 5234 2588 5295 Nemo
2613 5248 2805 5305 contra
2831 5255 2887 5295 se
2918 5249 3098 5296 teneat
3136 5258 3239 5303 non
3279 5240 3632 5311 ignoscendo,
3676 5251 3743 5292 ne

2169 5342 2357 5391 contra
2385 5332 2530 5389 illum
2566 5342 2831 5400 teneatur,
2866 5336 3082 5406 quando
3110 5344 3262 5403 orat,
3303 5324 3439 5391 dicit
3476 5334 3622 5389 enim
3657 5328 3741 5385 ille

2172 5426 2350 5482 Deus:
2391 5425 2649 5481 Dimittite
2696 5435 2744 5480 et
2789 5425 3081 5481 dimittetur
3109 5424 3267 5483 vobis.
3327 5424 3435 5481 Sed
3462 5441 3563 5497 ego
3594 5422 3741 5494 prior

2172 5518 2381 5585 dimisi,
2415 5517 2654 5581 dimitte,
2688 5526 2745 5573 et
2771 5525 2833 5572 tu
2856 5516 2941 5574 vel
2970 5526 3185 5588 postea,
3219 5535 3342 5574 nam
3370 5518 3413 5575 si
3445 5533 3551 5573 non
3581 5512 3737 5571 dimi-

2170 5611 2308 5663 seris
2336 5608 2602 5665 revocabo
2632 5616 2710 5673 te,
2746 5616 2802 5663 ct
2826 5607 3085 5679 quidquid
3117 5604 3212 5664 tibi
3244 5606 3552 5665 dimiseram
3581 5601 3737 5675 repli—

2169 5698 2303 5756 cabo
2327 5700 2444 5759 tibi.
2482 5699 2596 5755 Non
2624 5700 2769 5755 enim
2793 5699 3053 5754 mentitur
3074 5700 3310 5768 Veritas,
3339 5715 3444 5755 non
3471 5698 3612 5754 cnim
3642 5692 3736 5750 fal-

2168 5790 2258 5861 lit,
2289 5800 2382 5846 aut
2408 5788 2609 5844 fallitur
2631 5786 2896 5857 Christus,
2929 5790 3019 5867 qui
3047 5788 3305 5865 subjecit,
3335 5798 3389 5846 et
3415 5791 3524 5844 ait:
3565 5786 3649 5844 Sic
3681 5789 3732 5839 et
