4026 6514
289 407 399 493 ξοι

1099 395 1611 455 COLLECTIONES
1647 396 1715 453 1N
1753 396 2135 455 EPISTOLAS
2301 395 2712 453 EVANGELIA.

3447 401 3554 457 502

286 518 439 593 vpbis
481 516 635 599 faciet
684 514 841 599 Pater
867 521 1043 587 vester,
1074 510 1164 593 qui
1202 520 1278 564 est
1316 510 1372 563 in
1401 509 1560 564 caelis.
1615 508 1872 565 Invenisti
1901 513 1955 575 Α
1982 530 2000 562 ι
2036 519 2194 579 straz,
2226 510 2619 582 configuratum
2650 513 2862 582 corpori
2892 512 3157 569 claritatis
3182 530 3323 579 sum,
3354 529 3549 569 secun-

284 598 530 687 patrem,
554 605 765 687 imitare
802 611 1028 687 patrem.
1065 598 1122 654 Si
1164 600 1309 654 cnim
1364 598 1565 654 imitari
1620 615 1727 655 non
1769 600 1870 667 vis,

286 674 765 781 exlizeredaberis:
804 674 989 777 it‘aciet
1034 712 1163 767 ergo
1210 696 1313 750 ista
1350 695 1533 762 vobis,
1571 694 1681 761 ait,
1717 703 1875 765 pater

284 802 474 875 vester
495 793 755 879 caelestis,
848 808 954 863 non
981 790 1298 845 remiseritis
1324 788 1695 861 unusquisque
1720 786 1873 842 fratri

285 901 394 941 suo
418 886 484 940 de
506 885 760 940 cordibus
779 884 995 939 vestris.
1024 882 1102 939 Ne
1128 884 1277 938 dicas
1303 883 1355 937 in
1381 883 1559 954 lingua
1583 900 1595 935 ε
1624 880 1867 952 Ignosco,

282 987 345 1034 et
367 979 530 1035 corde
550 976 768 1031 ditl’eras
788 976 1104 1046 supplicium
1128 976 1382 1029 minando
1396 976 1706 1038 vindictam,
1725 973 1873 1029 novit

283 1068 456 1131 Deus,
480 1067 569 1121 ubi
595 1068 763 1133 dicas,
789 1081 974 1121 vocem
1001 1074 1170 1131 tuam,
1193 1064 1374 1139 homo,
1402 1064 1569 1129 audit,
1593 1064 1872 1119 conscien-

283 1156 423 1211 tiam
450 1164 599 1211 tuam
628 1156 768 1210 Deus
798 1155 1031 1227 inspicit.
1072 1153 1128 1209 Si
1160 1155 1339 1209 dices:
1374 1155 1613 1220 Dimitto,
1640 1155 1865 1209 dimitte.

281 1247 482 1325 Melius
508 1247 712 1321 clamas
737 1262 855 1311 ore,
884 1257 939 1301 et
963 1247 1203 1302 dimittes
1233 1246 1288 1300 in
1318 1248 1501 1312 corde,
1530 1264 1690 1319 quam
1718 1246 1870 1300 blan-

285 1322 459 1391 diaris
487 1350 581 1389 ore
612 1335 845 1390 crudelis
872 1336 1053 1393 corde.
1104 1332 1221 1390 Jam
1254 1352 1383 1407 ergo
1405 1336 1696 1391 observant
1717 1337 1870 1407 pueri

285 1425 705 1507 indisciplinati,
734 1433 790 1480 et
813 1425 1100 1494 disciplina
1130 1434 1211 1480 est
1241 1426 1423 1495 pueris
1452 1425 1648 1490 danda,
1691 1434 1745 1480 et
1770 1441 1867 1480 no-

282 1517 409 1573 lunt
437 1517 727 1588 vapulare,
781 1517 873 1587 qui
913 1518 992 1572 sic
1029 1518 1374 1587 perscribunt
1412 1518 1568 1573 nobis
1592 1558 1605 1581 ,
1656 1517 1869 1588 quando

279 1606 539 1683 volumus
568 1607 697 1661 dare
725 1606 1061 1693 disciplinam
1087 1647 1101 1672 ,
1146 1607 1362 1678 peccavi
1388 1649 1401 1673 ,
1448 1608 1666 1676 ignosce
1693 1607 1825 1661 mihi
1848 1649 1862 1673 ,

281 1701 511 1775 ignovi:
550 1701 616 1754 Et
649 1701 843 1756 iterum
881 1707 1098 1770 peccat,
1138 1700 1374 1770 ignosce,
1409 1699 1626 1771 ignovi:
1672 1698 1867 1753 Peccat

283 1793 471 1859 tertio,
502 1792 737 1862 ignosce,
767 1806 892 1846 ecce
924 1792 1103 1855 tertio,
1140 1790 1350 1861 ignovi,
1380 1790 1490 1874 jam
1523 1799 1735 1863 quarto,
1764 1806 1867 1844 va—

1980 621 1998 652 ι
2033 603 2157 656 dum
2191 602 2561 672 operationem
2589 596 2806 661 virtutis
2844 622 2989 673 suae,
3031 622 3135 676 qua
3175 608 3341 662 etiam
3380 608 3552 677 possit

1979 711 1999 746 ι
2034 692 2300 763 subjicere
2326 694 2427 749 sibi
2452 696 2652 749 omnia.
2685 717 2703 749 ›
2980 686 2987 701 ³
3050 686 3069 703 ⁸

2043 783 2339 839 Imitatores
2384 786 2485 839 mei
2521 794 2697 839 estote.
2740 786 2797 840 Id
2836 795 2939 853 est,
2987 804 3074 843 me
3097 788 3402 860 sequimini,
3456 788 3546 847 me

1971 877 2204 933 ﬁdeliter
2230 878 2535 943 imitamini,
2564 894 2668 931 non
2692 876 2856 933 falsos
2880 881 3174 951 apostolos.

2044 970 2111 1025 Et
2162 971 2426 1025 observate
2454 988 2539 1025 cos
2578 972 2668 1042 qui
2705 972 2779 1025 ita
2810 972 3098 1031 ambulant.
3145 973 3247 1047 (Ex
3290 975 3544 1050 August.)

1971 1063 2267 1135 Dupliciter
2293 1065 2488 1121 dicitur
2509 1065 2817 1130 observare,
2862 1065 2946 1119 vel
2975 1067 3043 1121 ad
3086 1067 3429 1134 imitandum,
3483 1078 3544 1125 ut

1971 1156 2080 1219 hic,
2113 1156 2195 1210 vel
2223 1157 2291 1210 ad
2319 1156 2633 1219 cavendum,
2683 1156 2822 1212 sicut
2861 1157 2927 1211 ad
2968 1156 3239 1214 Romanos
3284 1161 3402 1215 ait:
3437 1160 3545 1217 0b-

1971 1255 2169 1299 servate
2217 1264 2305 1301 eos
2343 1246 2432 1320 qui
2480 1246 2830 1325 dissensiones
2876 1257 2925 1302 et
2972 1249 3294 1319 offendicula
3340 1250 3544 1320 faciunt

1916 1343 1937 1363 ‘
1972 1334 2144 1409 (Rom.
2187 1336 2320 1409 xvi).

2043 1429 2192 1483 Sicut
2241 1429 2439 1485 habetis
2494 1431 2718 1501 formam
2764 1442 3017 1488 nostram.
3058 1432 3119 1490 ια
3162 1442 3263 1501 est,
3313 1410 3543 1491 formam

1969 1524 2230 1603 doctrinm
2258 1533 2475 1579 nostra).
3172 1512 3177 1517 ’

2040 1618 2198 1673 Multi
2233 1620 2367 1673 enim
2416 1618 2724 1687 ambulant,
2768 1637 2898 1692 quos
2929 1637 3066 1691 strpe
3108 1620 3344 1675 dicebam
3381 1620 3540 1676 vobis.

1967 1708 2044 1764 De
2088 1709 2217 1780 ipsis
2245 1710 2375 1763 dicit
2418 1711 2510 1797 qui
2538 1726 2683 1781 spem
2710 1711 2975 1783 passionis
2991 1710 3195 1765 Christi
3214 1751 3228 1776 ,
3260 1726 3357 1781 per
3382 1727 3542 1781 quem

1965 1809 2184 1869 peccata
2217 1801 2440 1855 dimissa
2470 1809 2627 1867 sunt,
2664 1801 2993 1867 auferentes,
3028 1802 3081 1856 in
3109 1802 3242 1871 legis
3279 1798 3543 1859 eteremo-

279 1883 434 1963 pulet
462 1901 474 1936 :
513 1892 567 1939 et
598 1884 687 1939 ille
718 1884 964 1959 ignosce,
997 1882 1174 1954 ignovi
1196 1923 1211 1947 ,
1248 1890 1302 1935 et
1329 1868 1524 1952 quarto
1553 1883 1763 1954 ignavi,
1810 1891 1863 1939 et
1891 1868 1939 1928 Β
1967 1868 2071 1945 uiis
2102 1890 2457 1967 collocabant.
2480 1891 2663 1946 Potest
2700 1900 2756 1946 et
2783 1894 2848 1951 de
2871 1868 3244 1948 Jovinianistis
3278 1894 3545 1973 interpre-

281 1976 478 2063 quinto
507 1975 704 2047 ignovi,
733 1985 786 2045 et
815 1983 968 2030 sexto
998 1975 1175 2045 ignovi
1204 1982 1259 2030 et
1287 1974 1534 2051 septimo,
1559 1974 1671 2047 jam
1699 1990 1865 2049 vapu-

277 2058 383 2143 let.
426 2065 493 2145 Et
527 2065 615 2121 ille
646 2082 775 2137 num
802 2068 1109 2139 scptuagics
1134 2068 1333 2135 septies
1354 2058 1620 2135 fatigatur
1650 2081 1713 2120 ac
1742 2080 1864 2137 pcr-

280 2154 581 2235 scriptione
643 2158 905 2231 severitas
965 2157 1259 2235 disciplima
1314 2158 1552 2235 dormit,
1613 2174 1862 2228 repressa

280 2233 566 2323 disciplina
592 2249 744 2305 smvit
768 2232 1027 2337 impunita
1052 2248 1311 2319 nequitia.
1344 2247 1481 2327 Quid
1507 2232 1635 2321 ergo
1663 2250 1862 2306 facien-

282 2340 415 2413 dum
442 2342 567 2397 est?
604 2341 972 2435 Corripiamus
1002 2341 1198 2402 verbis,
1229 2347 1283 2394 et
1310 2341 1354 2394 si
1384 2355 1518 2423 opus
1547 2349 1623 2393 est
1658 2348 1709 2394 et
1739 2356 1863 2395 ver-

276 2430 525 2509 beribus,
542 2430 829 2487 dilectione
848 2434 951 2487 hoc
969 2431 1249 2509 faciamus.
1266 2432 1609 2487 Dimittamus
1624 2431 1858 2502 culpam,

278 2539 315 2578 a
342 2525 508 2597 corde
546 2523 823 2599 abigamus
864 2523 1006 2593 quod
1051 2531 1209 2576 nocet
1253 2537 1281 2575 a
1323 2521 1511 2575 fratre.
1556 2521 1680 2575 Ideo
1715 2521 1859 2575 enim

277 2611 546 2668 Dominus
587 2613 863 2668 subdidit:
897 2612 974 2687 De
1018 2612 1261 2665 cordibus
1307 2611 1522 2675 vestris,
1563 2619 1622 2664 ut
1668 2610 1712 2665 si
1763 2625 1860 2680 per

275 2702 605 2760 charitatem
652 2703 948 2783 imponitur
988 2702 1271 2772 disciplina
1309 2700 1376 2756 de
1414 2702 1574 2756 corde
1599 2742 1613 2767 ,
1664 2700 1858 2758 lenitas

276 2816 389 2857 non
419 2801 654 2856 recedat.
694 2800 783 2855 Sic
813 2815 943 2872 ergo
972 2799 1075 2853 ista
1104 2799 1437 2863 noverimus,
1475 2796 1672 2852 fratres
1712 2797 1817 2851 mei
1837 2840 1853 2865 ,

277 2900 341 2948 ut
367 2892 563 2947 fratres
588 2900 802 2946 nostros
821 2932 835 2957 ,
863 2891 955 2960 qui
983 2890 1359 2960 peccaverint,
1389 2888 1699 2942 omnimodo
1729 2888 1853 2943 dili-

276 3002 469 3061 gamus
492 2987 560 3042 de
582 2986 745 3041 corde
769 2993 978 3049 nostro,
998 2984 1323 3038 charitatem
1342 2981 1399 3036 in
1417 2996 1512 3036 eos
1528 2996 1647 3036 .non
1674 2981 1855 3035 dimit-

277 3088 480 3149 tamus,
509 3083 563 3131 et
589 3073 956 3157 disciplinam,
999 3087 1123 3126 cum
1152 3086 1287 3143 opus
1314 3078 1426 3136 est,
1461 3071 1741 3139 debemus,
1784 3085 1855 3127 ne

272 3184 376 3242 per
405 3165 729 3239 solutionem
758 3163 1085 3236 disciplima,
1117 3162 1203 3219 vel
1228 3171 1441 3219 crescat
1470 3163 1710 3234 nequitia
1736 3205 1751 3230 ,
1798 3171 1854 3219 et

274 3262 597 3339 incipiamus
620 3268 841 3341 propter
861 3260 965 3314 hoc
992 3254 1395 3324 Deo‘accusari,
1420 3259 1545 3329 quia
1569 3246 1853 3313 recitatum

272 3362 358 3427 est
386 3353 570 3429 nobis:
600 3350 911 3429 Peccantem
934 3367 1111 3406 coram
1130 3351 1367 3405 omnibus
1390 3367 1572 3423 argue,
1598 3358 1655 3403 ut
1679 3350 1854 3403 ueteri

273 3449 514 3505 timorem
540 3446 765 3519 [iubeant
796 3444 848 3517 (I
877 3442 1012 3497 Tim.
1041 3442 1138 3515 tv).
1189 3442 1351 3498 Certe
1390 3440 1535 3495 solus
1572 3456 1695 3495 cum
1737 3439 1854 3496 solo

271 3555 463 3599 verum
488 3547 595 3615 est,
622 3539 892 3609 distingue
918 3544 1182 3621 tempora,
1209 3545 1262 3592 et
1284 3535 1446 3590 solvis
1472 3535 1847 3621 qltazstioncm,

269 3646 461 3699 verum
483 3639 584 3696 est,
606 3631 652 3687 si
678 3638 959 3709 peccatum
982 3630 1036 3684 in
1058 3636 1268 3703 secreto
1289 3636 1392 3694 est,
1417 3627 1469 3682 in
1494 3637 1706 3683 secreto
1729 3643 1850 3683 cor-

270 3724 420 3796 ripe,
449 3724 494 3783 si
521 3731 803 3796 peccatum
830 3722 1102 3794 publicum
1131 3731 1245 3788 est,
1282 3731 1335 3776 et
1362 3730 1605 3793 apertum
1633 3721 1849 3791 publice

269 3815 507 3891 corripe,
536 3825 596 3891 ut
622 3815 709 3870 ille
735 3815 1072 3883 emendetur,
1101 3820 1155 3867 et
1182 3812 1363 3868 caueri
1392 3813 1635 3887 timeant.

341 3905 434 3961 Sic
471 3915 517 3961 et
553 3914 700 3980 pater
726 3923 891 3972 meus,
922 3915 1027 3959 etc.
1064 3904 1435 3969 Formidolosa
1463 3906 1762 3971 sententia,
1800 3905 1847 3960 si

262 3997 421 4068 juxta
449 4004 689 4053 nostram
718 4005 952 4051 mentem
982 3997 1246 4055 sententia
1272 3995 1367 4050 Dei
1399 3995 1633 4051 flectitur
1681 4004 1845 4065 atque

267 4100 530 4154 mutatur,
565 4089 608 4145 si
635 4105 803 4162 parva
832 4088 1091 4157 fratribus
1117 4106 1225 4145 non
1252 4089 1603 4155 dimittimus,
1648 4076 1845 4161 magna

268 4183 426 4237 nobis
456 4197 487 4235 a
524 4180 634 4235 Deo
665 4196 773 4235 non
799 4178 1158 4249 dimittentur.
1208 4180 1277 4245 Et
1307 4181 1433 4253 quia
1460 4189 1640 4251 potest
1676 4198 1843 4237 unus-

266 4274 498 4347 quisque
528 4273 708 4327 dicere
734 4290 746 4325 :
784 4271 925 4326 Nihil
955 4273 1125 4326 habeo
1153 4280 1341 4327 contra
1364 4288 1508 4338 cum,
1536 4273 1648 4343 ipse
1674 4275 1843 4340 novit,

267 4366 431 4431 habet
462 4363 628 4419 Deum
649 4362 883 4433 judicem
904 4403 917 4429 ,
955 4378 1062 4423 non
1093 4362 1221 4417 mihi
1250 4376 1379 4416 cura
1406 4369 1489 4417 est
1508 4404 1521 4429 ,
1560 4363 1689 4432 quid
1716 4365 1848 4419 velit

267 4473 452 4528 agere,
485 4471 582 4527 ego
610 4455 789 4526 ignovi
818 4454 889 4522 ei,
919 4454 1206 4510 confirmat
1234 4454 1555 4509 sententiam
1586 4469 1762 4519 suam,
1789 4462 1845 4510 et

253 4564 484 4605 omnem
513 4548 913 4605 simulationem
953 4546 1090 4609 fictae
1120 4546 1271 4618 pacis
1297 4545 1491 4601 evertit
1520 4546 1707 4601 dicens
1733 4564 1745 4599 :
1780 4544 1842 4601 Si

266 4656 373 4707 non
422 4637 721 4707 remiseritis
771 4637 1123 4721 unusquisque
1160 4634 1320 4709 fratri
1359 4652 1454 4690 suo
1494 4635 1557 4689 de
1597 4634 1840 4690 cordibus

265 4732 466 4803 vetuit.
1488 4733 1496 4737 “

402 4862 825 4925 IIEBDOMADA
858 4862 1029 4919 XXIV
1065 4859 1240 4918 POST
1276 4858 1701 4920 PENTECOST.

299 4998 475 5040 EPIST.
512 4996 672 5037 BEA'H
708 4994 865 5036 PAULI
903 4992 1160 5033 APOSTOLI
1199 4993 1267 5032 AD
1305 4988 1525 5043 νηιιιεη
1563 4990 1681 5032 CAP.
1712 4991 1798 5031 111.

339 5070 692 5169 «imitatores
721 5091 826 5146 mei
854 5098 1056 5156 estote,
1099 5098 1155 5143 et
1186 5087 1468 5169 observate
1503 5104 1597 5144 eos
1632 5089 1723 5158 qui
1759 5089 1834 5143 ita

270 5206 289 5257 ς
322 5166 631 5255 ambulant,
673 5187 812 5240 sicut
841 5183 1053 5239 habetis
1096 5166 1325 5237 formam
1365 5188 1628 5236 nostram.
1682 5174 1834 5234 Multi

268 5300 288 5333 ι
320 5280 466 5335 enim
502 5278 778 5348 ambulant
815 5294 949 5351 quos
987 5292 1126 5348 sape
1165 5275 1409 5332 dicebam
1438 5274 1637 5347 Nobis,
1692 5290 1833 5330 nunc

267 5392 289 5428 ι
319 5381 501 5441 autem
529 5382 583 5429 et
612 5371 744 5429 flens
771 5370 910 5437 dico,
942 5371 1190 5426 inimicos
1218 5372 1396 5426 crucis
1428 5370 1663 5435 Christi,
1701 5384 1836 5438 quo-

266 5482 288 5531 ᾳ
320 5479 440 5527 rum
472 5463 596 5519 linis
631 5454 913 5531 interitus,
962 5477 1190 5531 quorum
1229 5460 1372 5515 Deus
1401 5466 1588 5514 venter
1615 5467 1699 5513 est
1719 5500 1733 5527 ,
1779 5467 1835 5513 et

272 5568 292 5610 t
316 5554 486 5629 gloria
516 5555 570 5609 in
598 5554 913 5611 confusione
942 5553 1181 5624 ipsorum
1231 5552 1321 5621 qui
1348 5560 1566 5607 terrena
1593 5547 1828 5622 sapiunt.

266 5664 287 5702 ι
317 5645 515 5702 Nostra
539 5654 720 5702 autem
744 5644 1083 5707 conversatio
1107 5644 1161 5698 in
1180 5644 1332 5699 caelis
1354 5650 1455 5698 est.
1489 5643 1643 5698 Unde
1668 5643 1831 5699 etiam

265 5758 287 5794 ι
318 5739 641 5796 salvatorem
662 5750 1057 5809 exspectamus,
1077 5736 1365 5792 Dominum
1386 5744 1627 5791 nostrum
1650 5733 1833 5789 lesum

270 5852 289 5888 ι
318 5832 622 5901 Christum,
661 5834 753 5907 qui
792 5829 1111 5887 reformabit
1148 5844 1344 5900 corpus
1382 5826 1704 5883 humilitatis
1731 5842 1832 5881 no-

1966 1984 2093 2049 tari,
2134 1984 2222 2059 qui
2248 1983 2574 2052 jejuniorum
2617 1984 2933 2041 aﬂlictiones
2968 1993 3025 2040 et
3059 2000 3251 2059 omnes
3297 1987 3543 2057 corporis

1966 2074 2240 2129 cruciatus
2271 2075 2323 2151 in
2359 2074 2627 2130 luxuriam
2663 2084 2718 2130 et
2760 2076 2946 2146 epulas
2975 2084 3380 2131 converterunt.

2038 2164 2195 2225 Nunc
2227 2176 2400 2227 autem
2430 2177 2476 2221 et
2509 2169 2637 2238 ﬂens
2664 2168 2798 2232 dico,
2830 2169 3069 2223 inimicos
3121 2169 3291 2222 crucis
3323 2164 3537 2222 Christi.

1963 2257 2301 2329 Notandum,
2345 2275 2452 2333 quo
2508 2257 2703 2315 affectu
2751 2260 2992 2314 omnium
3042 2258 3269 2314 salutem
3319 2267 3542 2330 optave-

1962 2348 2057 2414 rit,
2089 2349 2179 2418 qui
2211 2350 2375 2403 etiam
2403 2350 2653 2405 inimicos
2682 2350 2861 2409 crucis
2891 2348 3093 2405 Christi
3114 2349 3365 2418 deﬂebat,
3398 2350 3541 2406 ultro

1962 2435 2016 2490 in
2046 2437 2321 2492 interitum
2348 2449 2724 2509 properantes.

2035 2528 2271 2594 Quorum
2298 2530 2417 2598 linis
2445 2530 2708 2595 interitus,
2734 2539 2839 2584 etc.
2873 2527 2974 2595 Qui
3005 2530 3150 2583 enim
3178 2530 3233 2583 in
3264 2544 3429 2585 carne
3452 2545 3541 2586 se-

1960 2620 2191 2685 minant,
2220 2620 2393 2690 inquit
2427 2619 2738 2690 Apostolus,
2779 2620 2843 2675 de
2881 2635 3045 2674 carne
3071 2627 3127 2674 et
3155 2628 3361 2675 meteut
3411 2635 3540 2676 cor-

1959 2714 2287 2787 ruptionem,
2312 2715 2402 2783 qui
2433 2712 2575 2770 enim
2608 2730 2667 2769 se
2697 2714 2749 2768 in
2782 2715 2883 2769 hoc
2910 2721 3105 2787 putant
3137 2714 3249 2770 Deo
3295 2714 3533 2779 servire,

1956 2805 1999 2859 si
2031 2805 2315 2860 comedant
2341 2814 2395 2860 et
2424 2806 2724 2876 voluptates
2749 2807 2958 2861 ventris
2986 2815 3039 2863 et
3064 2806 3329 2861 desideria
3374 2820 3527 2861 com-

1955 2897 2205 2969 pleantur
2231 2899 2432 2964 carnis,
2462 2914 2647 2953 eorum
2678 2898 2819 2953 Deus
2841 2899 3039 2959 dicitur
3064 2905 3272 2963 venter,
3306 2914 3412 2953 non
3442 2915 3535 2953 au-

1958 2988 2165 3042 dientes
2192 2987 2518 3060 Prophetam
2548 2988 2816 3043 dicentem
2855 3009 2866 3042 :
2906 2988 3040 3043 Cum
3076 2988 3534 3044 manducaveritis

1955 3087 2009 3134 et
2037 3080 2301 3144 biberitis,
2320 3095 2499 3137 nonne
2523 3079 2924 3151 vobismetipsis
2949 3080 3286 3135 manducatis
3314 3087 3368 3135 et
3394 3080 3533 3136 bibi-

1941 3163 2027 3225 tis
2040 3171 2690 3241 vobismetipsis?Gloria,
2709 3172 2860 3240 dicit,
2874 3172 3323 3239 circumcisiouis,
3340 3172 3392 3229 in
3407 3172 3533 3229 con-

1958 3261 2187 3330 fusione,
2211 3264 2264 3319 id
2291 3272 2374 3318 est
2421 3265 2477 3318 in
2504 3263 2769 3335 pudendis
2788 3263 3080 3319 verecundi
3112 3264 3341 3318 membri
3366 3280 3381 3331 ;
3436 3264 3528 3335 qui

1956 3363 2171 3410 terrena
2201 3356 2437 3426 sapiunt,
2456 3356 2606 3421 dicit,
2643 3354 2695 3409 id
2719 3363 2821 3423 est,
2851 3356 2945 3443 qui
2969 3369 3187 3411 carnem
3225 3355 3402 3428 legem
3439 3356 3529 3413 ob-

1956 3454 2194 3501 servant.

2027 3535 2226 3591 Nostra
2276 3546 2449 3591 autem
2492 3539 2817 3593 conversatio
2860 3538 2918 3592 in
2956 3536 3096 3593 caelis
3131 3545 3227 3592 est.
3261 3535 3378 3593 Hoc
3420 3551 3529 3594 non

1950 3636 2129 3701 potest
2151 3631 2331 3686 dicere
2358 3632 2587 3687 terrenis
2615 3632 2768 3687 viciis
2802 3631 3162 3702 mancipatus.

2027 3720 2175 3777 Unde
2214 3724 2371 3787 etiam
2404 3722 2718 3778 salvatorem
2745 3733 3123 3791 exspectamus,
3146 3732 3251 3779 otc.
3279 3721 3356 3780 Ac
3371 3723 3415 3780 si
3446 3724 3528 3789 di-

1951 3820 2100 3869 ceret
2132 3833 2143 3867 :
2177 3812 2351 3899 Caput
2382 3822 2628 3869 nostrum
2681 3815 2734 3868 in
2764 3814 2902 3870 coelo
2930 3822 3031 3879 est,
3061 3813 3151 3869 ubi
3197 3821 3252 3869 et
3294 3828 3393 3870 nos
3415 3815 3528 3887 jam

1947 3902 2046 3979 per
2083 3907 2410 3963 desiderium
2460 3922 2879 3973 convcrsamur,
2909 3915 2965 3963 et
2994 3906 3121 3977 quia
3162 3905 3401 3962 ccclestis
3447 3914 3526 3963 est

1948 3999 2058 4066 ille,
2104 4000 2230 4069 quia
2265 4008 2426 4069 caput
2463 4008 2545 4055 est
2585 4008 2852 4065 nostrum,
2888 3999 2953 4054 de
2977 3997 3118 4054 coelo
3146 4008 3527 4071 exspectamus

1948 4105 2070 4144 eum
2102 4097 2408 4143 venturum.
2884 4094 2889 4101 ’

2020 4176 2123 4243 Qui
2161 4179 2463 4247 reformabtt
2496 4193 2684 4248 corpus
2716 4176 3025 4232 humilitatis
3048 4186 3262 4243 noema,
3288 4178 3499 4249 conﬁgu

1946 4277 2120 4322 ratum
2151 4270 2380 4339 corpori,
2406 4276 2512 4323 etc.
2536 4268 2649 4322 Hoc
2682 4267 2897 4337 quidem
2916 4266 3304 4322 monstravitin
3325 4262 3529 4345 morte,

1947 4378 2068 4417 cum
2097 4362 2222 4415 vino
2247 4371 2301 4416 et
2320 4362 2628 4416 bibentibus
2662 4369 2718 4415 et
2749 4376 2912 4414 unum
2940 4375 3009 4415 ex
3040 4358 3272 4414 mortuis
3298 4359 3381 4414 sui
3406 4375 3521 4415 cor-

1942 4452 2093 4522 poris
2148 4451 2503 4521 configuravit
2533 4450 2838 4521 exemplum
2884 4437 3302 4505 resurrectionis
3334 4456 3517 4506 osten-

1945 4543 2078 4597 dens
2104 4543 2157 4596 in
2182 4543 2411 4597 mortuis
2432 4550 2487 4597 et
2506 4543 2664 4599 vivis.

2016 4633 2318 4691 Secundum
2359 4637 2681 4707 operatione:
2711 4635 2918 4691 virtutis
2954 4622 3089 4702 laute,
3122 4640 3229 4691 etc.
3250 4634 3331 4692 Ac
3357 4635 3404 4692 si
3431 4637 3517 4694 di-

1941 4736 2133 4782 ceret:
2168 4743 2273 4781 non
2319 4727 2491 4783 solum
2518 4727 2858 4783 confirmavit
2898 4744 2998 4783 nos
3043 4728 3292 4799 exemplo
3335 4744 3517 4785 resur-

1941 4817 2219 4882 rectionis,
2261 4818 2356 4872 sed
2404 4818 2570 4872 etiam
2601 4819 2815 4889 corpori
2846 4834 2945 4875 suo
3005 4819 3187 4875 omnia
3214 4818 3344 4876 fecit
3385 4835 3506 4876 esse

1936 4910 2198 4979 subjecta,
2230 4921 2286 4965 et
2310 4908 2607 4965 secundum
2630 4911 2770 4965 hanc
2788 4913 3083 4981 potentiam
3105 4927 3212 4984 qua
3239 4911 3343 4967 sibi
3376 4926 3511 4967 cun-

1939 5011 2025 5057 cta
2058 5001 2303 5071 subjecit.
2337 5001 2690 5072 Intelligimus
2718 5018 2840 5058 eum
2868 5003 3049 5059 omnia
3077 5018 3236 5077 posse
3259 5009 3315 5058 et
3340 5001 3509 5060 lilium

1936 5091 2319 5164 omnipotentis
2343 5107 2482 5147 esse.

2007 5182 2194 5254 Itaque
2219 5183 2411 5254 fratres
2439 5183 2540 5236 mei
2560 5181 2874 5238 charissimi.
2907 5183 2985 5239 Ac
3022 5183 3070 5239 Ii
3099 5181 3339 5239 diceret:
3371 5180 3508 5247 Quia

1935 5273 2161 5345 perfecti
2191 5274 2324 5329 estis
2346 5274 2401 5328 in
2423 5272 2547 5340 fide,
2576 5272 2805 5344 perfecti
2836 5274 2972 5330 estis
2994 5272 3051 5327 in
3071 5270 3507 5340 conversatione,

1934 5367 1990 5422 in
2014 5366 2125 5421 sola
2156 5365 2360 5421 Christi
2392 5365 2495 5421 ﬁde
2522 5380 2672 5436 spem
2696 5374 2977 5435 ponentes,
3003 5373 3061 5419 et
3105 5365 3160 5417 in
3212 5376 3506 5419 conversa-

1934 5458 2081 5513 tione
2108 5459 2311 5513 cazlesti
2334 5465 2736 5523 conversantes,
2766 5459 2891 5528 quia
2918 5449 3154 5511 de'vobis
3172 5454 3227 5508 in
3247 5455 3503 5524 prmsenti

1934 5558 2177 5620 tempore
2210 5549 2473 5616 lmtiﬂcor,
2512 5558 2568 5605 et
2595 5550 2650 5604 in
2680 5550 2861 5604 future
2882 5546 3202 5603 coronabor.
3551 5550 3563 5605 ;

2004 5639 2261 5694 Evodiam
2294 5656 2416 5711 rogo
2462 5650 2509 5694 et
2533 5639 2832 5709 Syntychen
2858 5636 3107 5706 deprecor
3148 5637 3380 5707 “ipsum
3415 5650 3505 5693 ea-

1932 5748 2050 5803 pere
2073 5732 2128 5785 in
2163 5730 2408 5786 Domino.
2434 5730 2491 5784 id
2512 5736 2619 5795 est,
2650 5742 2816 5782 unum
2844 5732 2902 5782 et
2928 5726 3163 5796 idipmm
3185 5728 3390 5784 sentire
3433 5726 3508 5785 de

1933 5824 2054 5892 ﬁde,
2087 5832 2143 5879 et
2175 5824 2453 5894 zequaliter
2476 5820 2701 5877 credere
2727 5819 2784 5873 in
2809 5817 3057 5874 Domino.
