4026 6470
507 392 509 395 ’
544 419 648 474 sos

1819 411 1953 467 SMA
1964 411 2172 468 RAGDI
2209 411 2498 468 ABBATIS

3697 420 3809 481 501

618 530 791 585 Etiam
815 543 960 598 rogo,
989 533 1037 580 et
1082 532 1131 578 te
1159 522 1421 580 Germane
1458 539 1689 595 compar.
1744 523 1896 591 Quod
1930 523 2069 578 dixit
2094 537 2109 576 :
2139 525 2192 587 Α
2215 521 2444 578 oll‘erant
2466 522 2596 591 Deo,
2625 531 2680 579 et
2716 524 2782 579 de
2803 524 2887 579 his
2913 521 3216 590 consulant,
3243 529 3301 581 et
3319 525 3462 595 quod
3482 539 3549 583 eo
3569 526 3806 599 iubente

543 621 833 683 Germane,
878 613 1156 688 proprium
1187 611 1368 682 posuit
1405 627 1624 667 nomen.
1651 612 1953 667 Germanus
1973 611 2117 666 enim

541 710 854 767 vocabatur.
887 706 1040 774 Quod
1062 718 1194 762 vero
1222 703 1361 760 dixit
1379 719 1622 776 compar,
1649 704 1971 776 intelligitur
1998 701 2118 759 ofﬁ-

543 803 612 860 cii
638 801 725 857 vel
756 800 899 854 ﬁdei.

615 893 822 964 Adjuva
840 890 962 945 illas
988 905 1104 962 qua:
1128 903 1332 943 mecum
1357 887 1724 941 laboraverunt
1742 886 1798 941 in
1810 885 2116 957 Evangelia.

542 985 637 1040 llae
658 983 913 1039 mulieres
940 981 1208 1051 religiosae
1261 986 1316 1033 et
1342 978 1576 1033 scientes
1598 986 1775 1043 erant,
1816 993 1950 1048 quas
1975 978 2119 1050 Apo-

542 1075 710 1131 stolus
737 1082 798 1128 ut
828 1072 1046 1142 adjuvet
1071 1086 1164 1124 eas
1189 1069 1520 1125 Germanum
1549 1068 1820 1124 admonet.
1854 1067 2010 1135 Quod
2039 1068 2120 1122 di-

542 1169 617 1222 cit
646 1186 657 1220 :
691 1165 896 1219 Mecum
922 1164 1313 1228 laboraverunt,
1345 1159 1670 1217 subauditur
1697 1161 1754 1215 in
1797 1161 1965 1217 verbo
1995 1160 2122 1216 ﬁdei

542 1254 903 1326 praedicando.
931 1252 1211 1307 Docebant
1243 1251 1386 1305 enim
1416 1251 1471 1305 in
1500 1265 1598 1305 suo
1623 1265 1756 1306 sexu
1779 1267 1879 1322 per
1905 1251 2117 1320 domos,

544 1349 596 1402 in
630 1345 873 1402 ecclesiis
914 1353 1095 1399 autem
1121 1343 1438 1398 reticebant.
1479 1341 1564 1396 Ab
1610 1343 1726 1413 ipso
1753 1343 1900 1398 enim
1954 1344 2123 1402 Paulo

541 1437 868 1506 praedicandi
890 1433 1125 1490 cilicium
1161 1433 1478 1491 mulieribus
1507 1435 1563 1489 in
1589 1434 1837 1492 Ecclesia
1867 1434 2081 1492 tollitur
2101 1477 2117 1504 ,

541 1528 631 1582 ubi
663 1526 740 1580 ait
769 1545 781 1580 :
821 1524 1071 1582 Mulieres
1099 1526 1156 1581 in
1180 1524 1423 1580 Ecclesia
1445 1534 1672 1580 taceant.

613 1620 742 1674 Cum
785 1618 1046 1674 Clemente
1091 1627 1141 1673 et
1187 1620 1390 1673 steteris
1438 1618 1772 1689 adjutoribus
1820 1620 1970 1673 meis.
2004 1618 2123 1676 Cle-

543 1725 696 1765 mens
726 1710 1078 1780 philosophus
1105 1717 1160 1764 et
1201 1725 1410 1779 magnae
1438 1710 1699 1765 doctrinae
1725 1709 1811 1764 vir
1839 1694 1980 1778 erat,
2030 1711 2121 1782 qui

539 1810 727 1884 postea
757 1802 1017 1857 Romanm
1045 1800 1246 1872 praesul
1269 1801 1526 1857 Ecclesiae
1557 1799 1676 1856 fuit.

2216 615 2545 685 implendum
2576 631 2695 672 esse
2721 617 3103 687 cognoverint,
3135 617 3277 673 sicut
3313 626 3567 689 oportere
3595 637 3806 694 cogno-

2217 706 2414 772 verint,
2446 708 2549 762 hoc
2586 707 2743 762 nobis
2767 706 2852 761 vel
2882 707 3164 779 evidenter
3197 709 3284 763 vel
3310 709 3544 766 latenter
3591 728 3806 782 appor-

2217 803 2350 850 tent.
2375 795 2521 852 Dixit
2543 796 2689 852 enim
2713 796 2948 868 Angelus
2970 799 3178 854 homini
3208 816 3221 852 :
3255 799 3388 854 Cum
3407 805 3676 868 oraretis,
3705 819 3805 876 ego

2217 886 2387 941 obtuli
2439 887 2741 944 orationem
2784 895 3025 944 vestram
3074 890 3131 944 in
3181 900 3478 962 conspectu
3533 894 3807 952 claritatis

2217 976 2336 1033 Dei.

2291 1067 2361 1121 Et
2397 1085 2503 1138 pax
2529 1068 2648 1135 Dei,
2678 1086 2794 1140 qua:
2845 1080 3124 1142 exsuperat
3155 1091 3360 1129 omnem
3410 1092 3649 1142 sensum,
3702 1086 3803 1132 etc.

2220 1158 2412 1226 Quem,
2440 1159 2546 1214 nisi
2576 1169 2843 1225 nostrum,
2877 1170 2970 1217 aut
3012 1162 3246 1221 fortasse
3286 1165 3452 1220 etiam
3485 1177 3804 1223 sanctorum

2221 1249 2564 1320 angelorum;
2590 1266 2699 1307 non
2722 1254 2867 1308 enim
2893 1261 2950 1308 et
2976 1255 3072 1310 Dei
3104 1276 3115 1309 :
3149 1257 3197 1311 si
3225 1271 3354 1328 ergo
3383 1258 3560 1312 sancti
3608 1268 3669 1314 et
3716 1260 3806 1316 Dei

2219 1357 2355 1414 pace
2387 1342 2585 1398 victuri
2631 1352 2774 1410 sunt,
2806 1343 3049 1414 profecto
3074 1347 3130 1401 in
3157 1362 3221 1402 ea
3249 1364 3382 1418 pace
3406 1349 3612 1404 victuri
3641 1360 3803 1414 sunt,

2222 1448 2341 1502 quae
2363 1442 2581 1503 superat
2604 1449 2823 1490 omnem
2858 1451 3095 1502 sensum,
3126 1439 3382 1508 quoniam
3410 1448 3668 1494 nostrum
3694 1442 3806 1510 qui-

2223 1523 2344 1577 dem
2381 1531 2622 1594 superat,
2656 1540 2764 1580 non
2808 1534 2889 1580 est
2924 1526 3168 1582 dubium.
3204 1527 3263 1584 Si
3300 1538 3481 1584 autem
3505 1541 3736 1600 superat
3759 1540 3807 1583 et

2223 1615 2556 1684 angelorum,
2588 1625 2647 1670 ut
2678 1630 2779 1673 nec
2805 1618 2948 1687 ipsos
2977 1620 3258 1689 excepisse
3281 1621 3553 1686 videatur,
3585 1622 3681 1690 qui
3707 1621 3800 1676 ait:

2223 1702 2448 1760 Omnem
2473 1706 2827 1773 intellectum,
2858 1710 3156 1763 secundum
3188 1711 3291 1765 hoc
3321 1710 3525 1765 dictum
3560 1726 3690 1766 esse
3725 1712 3807 1764 de-

2221 1796 2412 1850 bemus
2439 1797 2705 1867 accipere,
2729 1798 2854 1867 quia
2876 1814 3068 1868 pacem
3095 1799 3214 1864 Dei,
3246 1815 3353 1869 qua
3381 1800 3524 1855 Deus
3557 1801 3680 1870 ipse
3723 1818 3806 1870 pa-

612 1893 848 1958 Quorum
871 1893 1085 1948 nomina
1108 1900 1231 1947 sunt
1256 1893 1313 1946 in
1351 1892 1484 1947 libro
1513 1892 1648 1947 vitae.
1675 1891 1731 1948 ld
1758 1900 1860 1959 est,
1914 1892 1972 1948 in
2000 1907 2118 1947 me-
2147 1886 2196 1949 B
2223 1897 2378 1946 catus
2403 1897 2506 1957 est,
2536 1890 2678 1946 sicut
2704 1891 2846 1947 Deus
2878 1893 3044 1957 novit,
3085 1907 3191 1948 non
3237 1909 3358 1948 eam
3388 1909 3491 1950 nos
3520 1894 3604 1949 sic
3635 1895 3805 1964 possi-

539 1985 710 2038 moria
743 1988 966 2041 aeterna.
999 1984 1076 2038 De
1100 1985 1202 2040 hoc
1251 1985 1398 2040 enim
1427 1985 1481 2038 in
1511 1984 1650 2039 libro
1674 1984 1964 2040 Psalmista
2015 1985 2121 2040 Do-

539 2077 688 2130 mino
716 2076 793 2131 ait
823 2094 834 2130 :
869 2074 1242 2147 Imperfectum
1292 2091 1464 2129 meum
1495 2075 1734 2129 viderunt
1765 2075 1904 2130 oculi
1945 2077 2044 2141 tui,
2072 2087 2122 2130 et

537 2168 594 2221 in
610 2167 742 2223 libro
763 2175 854 2222 tuo
877 2183 1053 2223 omnes
1076 2167 1370 2221 scribentur
1391 2163 1562 2236 (Psal.
1587 2163 1872 2235 cxxxvm).
1900 2165 1969 2222 Et
1994 2181 2122 2236 apo-

542 2257 696 2312 stolis
740 2258 1000 2314 Dominus
1029 2257 1104 2311 ait
1148 2275 1161 2310 :
1209 2253 1464 2321 Gaudete,
1514 2255 1637 2326 quia
1686 2255 1900 2309 nomina
1953 2230 2123 2311 vestra

538 2350 734 2419 scripta
778 2357 901 2404 sunt
942 2349 996 2402 in
1047 2347 1172 2402 caelo
1203 2346 1422 2420 (Matth.
1472 2347 1548 2417 v).
1582 2345 1651 2400 Et
1693 2361 1723 2400 e
1754 2348 2026 2403 contrario
2055 2348 2124 2404 de

537 2440 786 2511 reprobis
846 2439 1014 2495 David
1068 2440 1184 2494 ait:
1220 2439 1508 2493 Deleantur
1534 2437 1598 2492 de
1642 2437 1778 2493 libro
1820 2439 2117 2506 viventium,

536 2541 583 2586 et
633 2548 750 2586 cum
776 2532 939 2602 justis
987 2548 1091 2586 non
1134 2532 1450 2587 scribantur.

609 2623 844 2679 Gaudete
882 2625 938 2678 in
961 2625 1186 2679 Domino
1224 2642 1443 2696 semper,
1495 2627 1684 2680 iterum
1713 2625 1832 2679 dico
1877 2627 2118 2696 gaudete.

537 2714 616 2769 Ac
635 2714 682 2771 si
707 2715 911 2770 diceret
929 2733 940 2768 :
965 2714 1206 2771 Gaudete
1225 2717 1281 2770 in
1295 2716 1539 2780 Domino,
1559 2717 1650 2786 qui
1665 2717 1719 2770 in
1735 2716 1978 2772 saeculari
2001 2732 2125 2787 gau-

539 2805 628 2859 dio
674 2820 780 2858 non
824 2807 1088 2877 gaudetis.
1127 2806 1282 2861 Beati
1314 2807 1458 2861 enim
1500 2807 1590 2877 qui
1629 2804 1837 2877 lugent,
1875 2808 2123 2878 quoniam

536 2895 641 2963 ipsi
685 2895 1114 2950 consolabuntur.
1144 2896 1296 2962 Quod
1321 2896 1517 2967 repetit
1560 2897 1754 2952 iterum
1781 2915 1793 2949 :
1827 2897 1959 2952 Dico
1989 2915 2123 2968 gau-

538 2987 675 3052 dete,
715 2987 801 3042 vel
833 2996 893 3042 ut
922 2990 1093 3060 magis
1126 3005 1190 3045 ac
1217 2990 1389 3061 magis
1429 2991 1686 3062 gaudium
1727 2990 2078 3046 confirmetur
2100 3031 2118 3059 ,

538 3077 624 3131 vel
639 3094 738 3148 pro
758 3079 954 3150 gaudio
979 3082 1221 3152 corporis
1251 3091 1306 3137 et
1335 3083 1530 3138 anima:
1555 3083 1612 3138 in
1633 3085 1908 3156 prosperis
1945 3092 2000 3142 et
2023 3085 2120 3142 ad-

539 3171 730 3248 versis,
763 3178 822 3224 ut
847 3170 1218 3229 confortentur
1238 3173 1294 3228 in
1320 3173 1568 3230 Domino.

2223 1993 2345 2036 mus
2372 1996 2551 2047 nosse,
2580 1997 2681 2037 nec
2703 1982 2798 2036 ulli
2826 1981 3037 2053 Angeli.
3070 1981 3343 2053 Superant
3371 1985 3558 2056 itaque
3589 2001 3806 2042 omnem

2225 2085 2444 2127 sensum
2474 2086 2583 2128 non
2610 2072 2851 2137 dubium,
2903 2073 3045 2142 quod
3075 2083 3274 2144 praeter
3325 2091 3504 2142 suum,
3537 2077 3643 2130 sed
3692 2079 3807 2146 quia

2223 2170 2277 2217 et
2301 2177 2401 2218 nos
2427 2177 2527 2233 pro
2566 2163 2726 2218 modo
2754 2170 2941 2218 nostro
2970 2165 3120 2233 pacis
3167 2162 3285 2234 ejus
3313 2167 3612 2237 participes
3644 2166 3802 2232 facti,

2223 2251 2490 2310 summam
2515 2255 2570 2308 in
2595 2255 2752 2309 nobis
2780 2263 2941 2326 atque
2969 2257 3111 2311 inter
3146 2272 3266 2322 nos,
3295 2266 3350 2312 et
3377 2273 3502 2311 cum
3530 2257 3663 2328 ipso
3718 2274 3803 2330 pa-

2227 2364 2365 2413 cem,
2390 2356 2652 2417 quantum
2667 2357 2912 2404 nostrum
2930 2364 3201 2404 summum
3228 2349 3806 2406 estobtinebimusisto

2225 2439 2406 2503 modo,
2431 2453 2528 2508 pro
2554 2454 2652 2494 suo
2677 2440 2837 2495 modo
2874 2441 3052 2495 sciunt
3085 2454 3207 2494 eam
3253 2441 3426 2495 sancti
3463 2441 3672 2511 angeli,
3721 2443 3806 2496 ho-

2223 2533 2398 2588 mines
2419 2541 2600 2588 autem
2629 2548 2774 2589 nunc
2818 2533 2975 2604 longe
3015 2532 3174 2600 infra,
3233 2534 3640 2603 quantumlibet
3690 2551 3804 2605 pm-

2223 2633 2387 2679 ventu
2422 2626 2621 2680 mentis
2661 2625 2948 2681 excellant.
2999 2624 3467 2680 Considerandum
3510 2633 3598 2680 est
3635 2627 3801 2686 enim,

2224 2723 2458 2784 quantus
2497 2718 2584 2771 vir
2631 2717 2848 2772 dicebat
2878 2733 2890 2769 :
2922 2715 3007 2770 Ea:
3045 2725 3193 2786 parte
3229 2717 3443 2782 scimus,
3479 2727 3530 2771 et
3557 2734 3628 2771 ea:
3670 2730 3805 2787 parte

2222 2810 2615 2882 prophetamus,
2652 2811 2817 2866 donec
2839 2810 3010 2865 veniat
3037 2809 3177 2880 quod
3196 2809 3490 2881 perfectum
3515 2820 3616 2866 est.

2521 2960 2856 3002 EVANGBLIUI
2890 2961 3169 3014 IATTILBI,
3197 2963 3316 3003 CAP.
3358 2963 3494 3003 XXII.

2299 3100 2320 3134 ‹
2359 3082 2634 3141 Abeuntes
2654 3083 2936 3151 Pharisaei,
2967 3085 3252 3142 consilium
3274 3084 3513 3140 inierunt
3537 3094 3598 3140 ut
3644 3102 3800 3158 cape-

2229 3194 2249 3229 ι
2295 3185 2418 3232 rent
2460 3193 2585 3233 eum
2627 3177 2682 3232 in
2729 3193 2997 3234 sermone.
3046 3178 3113 3232 Et
3150 3178 3374 3232 mittunt
3415 3178 3464 3232 ei
3514 3178 3803 3249 discipulos

613 3259 872 3317 Modestia
910 3272 1077 3319 vestra
1122 3272 1246 3319 nota
1290 3265 1360 3319 sit
1385 3266 1625 3321 omnibus
1671 3266 1989 3324 hominibus.
2018 3267 2117 3324 Ju-
2144 3257 2192 3322 C
2228 3288 2247 3322 ‹
2295 3285 2423 3327 suos
2448 3286 2569 3326 eum
2601 3269 2941 3336 Herodianis,
2974 3271 3247 3326 dicentes:
3275 3269 3562 3341 Magister,
3601 3273 3800 3325 scimus

538 3355 669 3411 datis
697 3358 905 3414 scilicet
939 3367 994 3415 et
1018 3361 1286 3431 gentibus,
1313 3364 1672 3434 omnibusque
1722 3366 1815 3436 qui
1858 3382 1953 3423 vos
1999 3383 2122 3438 per-

539 3457 861 3521 sequuntur,
886 3460 1013 3505 nota
1036 3451 1107 3507 sit
1135 3453 1402 3509 modestia
1432 3463 1634 3510 vestra.
1667 3455 1928 3513 Modestia
1973 3460 2121 3515 enim

539 3543 898 3598 mansuetudo
940 3544 1024 3599 vel
1071 3546 1276 3614 pudor,
1330 3547 1444 3602 sive
1483 3547 1727 3616 probitas
1781 3549 2117 3620 intelligitur.

544 3631 815 3704 Scriptum
845 3643 929 3688 est
966 3637 1113 3691 enim
1150 3654 1163 3690 :
1206 3635 1422 3692 Videant
1475 3655 1632 3709 opera
1676 3649 1845 3694 vestra
1885 3641 2040 3709 bona,
2072 3652 2123 3699 et

541 3722 835 3793 gloriﬁcent
855 3735 1055 3796 patrem
1077 3736 1320 3794 vestrum,
1342 3730 1432 3800 qui
1459 3739 1534 3784 est
1556 3732 1612 3785 in
1634 3731 1776 3787 caelis
1800 3731 2017 3801 (Matth.
2041 3734 2118 3806 v).

613 3814 874 3871 Dominus
900 3833 1057 3888 prope
1085 3826 1182 3884 est,
1208 3819 1336 3874 nihil
1365 3819 1577 3875 solliciti
1599 3821 1732 3876 sitis.
1766 3821 1845 3879 Ac
1892 3824 1937 3878 si
1978 3825 2124 3881 dice-

544 3911 630 3959 ret
659 3922 671 3958 :
700 3904 835 3972 Quia
868 3905 1128 3962 Dominus
1155 3923 1323 3978 prope
1350 3917 1434 3964 est
1462 3911 1565 3977 his,
1599 3913 1690 3982 qui
1715 3913 1971 3970 tribulato
1997 3925 2124 3972 sunt

545 3997 728 4062 corde,
763 3998 884 4055 ideo
912 3999 977 4054 de
1015 4000 1391 4070 ingruentibus
1417 4004 1578 4059 malis
1613 4005 1749 4061 nihil
1795 4006 2015 4063 solliciti
2043 4009 2119 4064 si-

544 4090 616 4146 tis
640 4131 656 4157 ,
709 4105 832 4149 cum
878 4092 1215 4149 defensorem
1261 4095 1415 4151 vobis
1456 4097 1626 4153 Deum
1679 4114 1797 4155 esse
1839 4101 2118 4157 noveritis.

542 4182 730 4240 Potest
782 4192 839 4240 et
896 4186 977 4241 sic
1029 4187 1287 4259 intelligi,
1323 4189 1477 4259 juxta
1527 4190 1892 4263 Evangelium.
1946 4193 2124 4250 Nolite

543 4279 780 4348 cogitare
827 4279 956 4348 quid
1005 4280 1361 4346 manducetis,
1391 4290 1484 4337 aut
1520 4283 1648 4352 quid
1670 4283 1986 4353 induamini,
2021 4288 2125 4343 scit

542 4366 688 4435 quod
733 4382 870 4438 opus
916 4376 1000 4424 est
1044 4368 1220 4438 vobis,
1250 4381 1306 4427 et
1334 4379 1624 4443 antequam
1651 4374 1848 4444 petatis
1878 4377 2124 4448 agnoscit

541 4454 759 4528 (Matth.
784 4459 884 4529 vr).
921 4480 925 4486 ·

614 4547 718 4605 Sed
743 4552 800 4606 in
827 4553 968 4607 omni
1007 4555 1259 4610 oratione.
1287 4556 1347 4611 Id
1390 4565 1492 4623 est,
1522 4574 1629 4614 non
1659 4575 1787 4614 eum
1809 4576 2118 4620 murmura-

541 4646 708 4713 tione,
739 4655 901 4721 atque
927 4651 1169 4718 tristitia,
1195 4668 1263 4708 ne
1297 4651 1435 4710 forte
1451 4655 1887 4715 tribulationibus
1912 4659 2114 4730 alllicti,

540 4739 596 4795 in
632 4739 812 4811 aliquo
840 4745 1210 4811 murmuretis,
1241 4754 1294 4803 et
1321 4754 1502 4802 vestra
1549 4750 1724 4805 oratio
1763 4749 1854 4805 ﬂat
1896 4751 2118 4825 indigna

541 4837 763 4891 auribus
788 4835 905 4904 Dei,
942 4839 1171 4896 obsecro
1201 4850 1260 4896 ut
1310 4842 1492 4898 omnia
1519 4857 1642 4899 cum
1689 4845 1935 4902 oratione
1977 4847 2119 4920 apud

539 4941 636 4982 vos
662 4925 885 4997 paciﬁce
921 4927 1073 4983 ﬁant.

609 5015 683 5070 Et
710 5015 1065 5073 obsecratione
1091 5036 1208 5074 cum
1237 5022 1529 5092 gratiarum
1565 5025 1786 5079 actione.
1824 5025 2010 5080 Oratio
2033 5027 2116 5080 di-

539 5108 701 5174 citur,
724 5124 845 5180 quae
867 5126 966 5182 pro
990 5114 1229 5181 peccatis
1250 5115 1539 5182 praeteritis
1561 5115 1638 5179 ﬁt,
1667 5118 1970 5174 obsecratio
1989 5133 2118 5175 vero

538 5213 638 5269 pro
662 5201 957 5260 virtutibus
986 5202 1368 5275 adipiscendis,
1395 5205 1692 5275 gratiarum
1726 5207 1869 5266 actio
1894 5224 1992 5280 pro
2019 5209 2116 5264 be-

540 5293 750 5349 neliciis
781 5295 897 5350 Dei.

611 5389 898 5446 Petitiones
922 5399 1106 5447 vestra:
1134 5392 1460 5447 innotescunt
1490 5394 1633 5464 apud
1663 5396 1846 5451 Deum.
1889 5396 2007 5454 Non
2037 5398 2118 5453 sic

541 5481 914 5549 accipiendum
940 5491 1044 5550 est,
1079 5490 1333 5553 tanquam
1363 5483 1475 5539 Deo
1501 5486 1860 5553 innotescant,
1882 5489 1976 5558 qui
2022 5502 2117 5544 eas

539 5579 598 5626 et
624 5581 913 5643 antequam
942 5583 1128 5631 essent
1153 5585 1399 5630 noverat.
1443 5575 1547 5632 Sed
1578 5579 1734 5634 nobis
1779 5579 2120 5634 innotescant

539 5664 684 5735 apud
723 5663 909 5730 Deum,
963 5682 1060 5738 per
1113 5666 1478 5734 tolerantiam,
1525 5684 1631 5723 non
1681 5669 1820 5740 apud
1871 5669 2118 5725 homines

540 5759 996 5828 perjactantiam.
1028 5759 1136 5814 Aut
1177 5759 1315 5815 forte
1357 5762 1719 5825 innotescant,
1769 5760 1935 5814 etiam
1975 5760 2117 5832 apud

546 5851 782 5923 angelos,
814 5852 906 5922 qui
939 5860 1062 5908 sunt
1090 5852 1231 5925 apud
1259 5852 1449 5921 Deum,
1487 5859 1547 5908 ut
1575 5851 1971 5924 quodammodo
2023 5866 2115 5909 eas

2229 3382 2250 3416 ι
2294 3364 2421 3434 quia
2436 3379 2602 3419 verax
2629 3377 2708 3428 es,
2725 3370 2780 3418 et
2798 3363 2940 3416 viam
2961 3363 3054 3418 Dei
3083 3363 3136 3416 in
3159 3362 3388 3418 veritate
3409 3364 3596 3430 doces,
3619 3371 3678 3418 et
3705 3377 3802 3416 non

2228 3473 2248 3508 ι
2291 3464 2375 3512 est
2403 3453 2499 3510 tibi
2528 3470 2656 3510 cura
2681 3454 2748 3510 de
2790 3454 2986 3525 aliquo.
3019 3453 3136 3509 Non
3165 3455 3307 3509 enim
3337 3454 3569 3524 respicis
3619 3469 3801 3524 perso-

2229 3567 2249 3600 ‹
2294 3564 2420 3604 nam
2452 3549 2752 3604 hominum.
2776 3549 2873 3604 Dic
2899 3563 3028 3618 ergo
3049 3548 3203 3604 nobis
3237 3567 3250 3602 :
3277 3547 3418 3615 Quid
3445 3548 3543 3602 tibi
3573 3548 3798 3602 videtur.

2231 3659 2249 3692 ‹
2294 3641 2445 3696 Licet
2467 3653 2692 3695 censum
2721 3639 2838 3695 dari
2869 3637 3092 3705 Cmsari,
3131 3645 3225 3692 aut
3268 3639 3412 3693 non?
3441 3636 3677 3709 Cognita
3723 3652 3803 3691 au-

2231 3751 2250 3786 ‹
2296 3741 2406 3789 tem
2429 3731 2586 3788 Jesus
2619 3731 2860 3802 nequitia
2897 3746 3108 3797 eorum,
3132 3731 3248 3785 ait:
3279 3729 3420 3796 Quid
3442 3745 3532 3784 me
3565 3729 3801 3788 tentatis.

2229 3843 2249 3879 ‹
2293 3823 2632 3897 hypocrita?
2659 3822 2936 3878 Ostendite
2975 3821 3111 3877 mihi
3151 3822 3418 3876 numisma
3465 3835 3688 3876 census.
3741 3823 3803 3874 At

2230 3933 2249 3967 ι
2297 3915 2373 3970 illi
2395 3913 2709 3971 obtulerunt
2735 3914 2785 3969 ei
2817 3912 3120 3968 denarium.
3143 3911 3210 3968 Et
3232 3913 3307 3966 ait
3337 3912 3446 3968 illis
3473 3911 3631 3968 Jesus
3663 3932 3677 3965 :
3711 3911 3804 3964 Cu-

2230 4025 2251 4059 ι
2290 4007 2378 4076 jus
2420 4015 2504 4063 est
2525 4011 2699 4079 imago
2736 4007 2872 4073 haec,
2915 4013 2970 4060 et
2994 4004 3420 4077 superscriptio?
3459 4004 3662 4058 Dicunt
3710 4005 3798 4057 ei:

2230 4116 2251 4150 ‹
2293 4098 2540 4154 Caesaris.
2575 4099 2724 4153 Tunc
2771 4097 2850 4153 ait
2896 4096 3004 4152 illis
3033 4114 3045 4149 :
3072 4095 3297 4150 Reddite
3339 4108 3471 4166 ergo
3511 4109 3634 4164 qua:
3683 4101 3804 4149 sunt

2231 4211 2250 4246 ‹
2293 4192 2525 4249 Caesaris
2551 4191 2770 4256 Caesari,
2801 4199 2856 4247 et
2881 4205 3000 4261 qua:
3029 4196 3155 4242 sunt
3173 4187 3268 4241 Dei
3295 4187 3426 4241 Deo.
3478 4205 3496 4238 ι

2295 4284 2553 4338 Abeuntes
2582 4280 2842 4338 Pharisaei
2870 4278 3146 4334 consilium
3171 4279 3421 4342 inierunt,
3453 4285 3508 4329 ut
3563 4284 3800 4347 caperent

2224 4393 2343 4431 eum
2364 4376 2418 4430 in
2439 4392 2693 4439 sermone,
2718 4382 2822 4429 etc.
2850 4360 2952 4442 (Εἰς
2982 4369 3231 4442 Hieron.)
3259 4368 3440 4439 Nuper
3472 4369 3574 4423 sub
3593 4367 3800 4423 Caesare

2224 4468 2465 4540 Augusto
2485 4466 2664 4521 Iudaea
2681 4463 2921 4532 subjecta
2944 4463 3224 4526 Romanis,
3249 4462 3462 4531 quando
3482 4463 3536 4517 in
3549 4469 3664 4516 toto
3677 4461 3800 4516 orbe

2224 4567 2308 4615 est
2332 4559 2598 4616 celebrata
2636 4557 2945 4625 descriptio,
2978 4555 3326 4626 stipendiaria
3353 4553 3499 4608 facta
3522 4552 3723 4617 fuerat,
3750 4561 3798 4606 et

2222 4659 2341 4706 erat
2353 4651 2408 4706 in
2420 4649 2615 4721 populo
2625 4663 2819 4718 magna
2834 4647 3048 4712 seditio,
3063 4645 3366 4702 dicentibus
3381 4644 3502 4700 aliis
3520 4663 3532 4698 :
3548 4660 3648 4714 pro
3659 4659 3797 4698 secu-

2222 4743 2384 4797 ritate
2409 4751 2463 4798 et
2485 4742 2686 4811 quiete,
2717 4757 2821 4810 qua
2837 4739 3066 4794 Romani
3093 4753 3193 4810 pro
3216 4737 3469 4792 omnibus
3481 4737 3790 4798 militarent,

2221 4834 2415 4888 debere
2438 4833 2640 4888 tributa
2676 4831 2928 4902 persolvi.
2967 4829 3256 4884 Pharisaeis
3284 4844 3435 4894 vero,
3467 4828 3562 4898 qui
3588 4828 3689 4883 sibi
3708 4827 3795 4882 ad-

2218 4926 2544 4997 plaudebant
2584 4927 2638 4980 in
2669 4926 2900 4995 justitia,
2928 4939 2959 4979 e
2991 4923 3268 4980 contrario
3316 4922 3637 4987 nitentibus,
3691 4935 3791 4976 non

2223 5021 2417 5076 debere
2441 5021 2698 5091 populum
2728 5021 2844 5086 Dei,
2876 5022 2968 5092 qui
3020 5021 3259 5076 decimas
3287 5019 3543 5084 solveret,
3595 5026 3651 5073 et
3685 5016 3794 5087 pri-

2221 5112 2405 5167 mitiva
2435 5113 2609 5177 daret,
2647 5122 2702 5169 et
2723 5121 2914 5169 caetera
2965 5129 3084 5182 quae
3125 5113 3178 5166 in
3209 5112 3326 5182 lege
3379 5112 3582 5180 scripta
3633 5117 3793 5169 sunt,

2220 5203 2471 5259 humanis
2503 5203 2710 5275 legibus
2758 5203 3056 5273 subjacere.
3095 5203 3277 5259 Caesar
3319 5202 3598 5273 Augustus
3635 5200 3795 5256 Hero-

2223 5298 2341 5351 dem
2383 5295 2550 5350 ﬂlium
2611 5296 2911 5366 Antipatris
2967 5296 3324 5366 alienigenam
3371 5303 3430 5349 et
3479 5293 3794 5365 proselitutn

2221 5387 2420 5457 Regem
2446 5385 2644 5442 Judteis
2680 5388 3072 5452 constituerat,
3115 5387 3206 5456 qui
3238 5385 3456 5441 tributis
3503 5389 3788 5454 praeesset.

2219 5489 2274 5535 et
2303 5481 2544 5535 Romano
2565 5488 2782 5549 pareret
2814 5481 3061 5550 imperio.
3091 5477 3311 5532 Mittunt
3346 5477 3512 5547 igitur
3539 5472 3794 5531 Pharisaei

2221 5571 2512 5641 discipulos
2536 5586 2663 5627 suos
2716 5587 2840 5627 cum
2883 5571 3226 5635 Herodianis,
3269 5570 3319 5624 id
3371 5577 3487 5634 est,
3538 5565 3795 5622 militibus

2220 5661 2465 5727 Herodis,
2495 5678 2587 5718 seu
2603 5679 2740 5733 quos
2764 5663 3046 5718 illudentes
3074 5660 3355 5724 Pharisaei,
3386 5659 3512 5728 quia
3540 5654 3794 5713 Romanis

2221 5755 2417 5810 tributa
2445 5757 2743 5821 solvebant,
2792 5753 3122 5810 Herodianus
3154 5753 3440 5819 vocabant,
3479 5760 3532 5806 et
3574 5766 3678 5806 non
3712 5748 3783 5803 di-

2217 5849 2344 5907 vino
2370 5847 2532 5906 cultui
2555 5848 2785 5908 deditos.
2809 5847 3037 5916 Quidam
3070 5844 3385 5905 Latinorum
3413 5843 3640 5903 ridicule
3682 5842 3787 5900 He-
