4026 6520
322 446 435 504 505

1139 438 1654 499 COLLECTIONES
1690 438 1759 495 ΙΝ
1795 437 2175 497 EPISTOLAS
2212 438 2301 495 ET
2337 438 2746 499 EVANGELIA.

322 562 587 620 rodianos
610 564 822 633 putant,
848 557 940 628 qui
965 552 1232 611 Herodem
1260 553 1539 611 Christum
1567 569 1687 611 esse
1715 553 1901 610 crede-
1924 553 1980 617 Α
2007 570 2029 606 ι
2071 556 2219 611 omni
2247 555 2514 626 sapientia
2542 564 2597 611 et
2622 556 2895 612 intellectu
2916 554 3166 628 spiritali,
3199 565 3263 613 ut
3286 556 3571 615 ambuletis

321 659 474 720 rent,
490 651 644 723 quod
668 662 933 720 nusquam
954 646 1173 702 omnino
1202 645 1449 717 legimus.

400 744 675 819 Magister,
702 742 895 800 scimus
919 741 1043 814 quia
1069 756 1226 794 verax
1254 755 1307 793 es
1350 746 1400 793 et
1443 738 1579 791 riam
1610 735 1707 789 Dei
1733 736 1790 789 in
1818 751 1902 789 re-

321 840 489 895 ritate
539 838 716 903 doces,
743 844 792 891 et
814 851 919 890 non
948 841 1022 889 est
1044 832 1138 887 tibi
1173 847 1302 887 cura
1320 830 1384 884 de
1414 828 1614 900 aliquo,
1641 843 1747 881 non
1762 826 1901 881 enim

320 931 543 1002 respicis
560 944 833 1001 personam
854 925 1143 980 hominum.
1175 923 1269 977 Dic
1295 938 1416 993 ergo
1437 920 1585 975 nobis
1610 934 1628 973 :
1650 919 1778 991 quid
1804 918 1901 973 tibi

317 1022 551 1086 videtur,
579 1020 696 1076 licet
720 1034 930 1074 censum
953 1017 1072 1072 dari
1094 1014 1315 1082 Caesari,
1341 1031 1411 1068 an
1433 1030 1537 1067 non
1554 1014 1579 1067 ?
1594 1012 1799 1067 Blanda
1847 1018 1903 1066 et

322 1114 672 1170 fraudulenta
699 1109 1072 1182 interrogatio,
1122 1107 1248 1163 illuc
1272 1112 1534 1177 provocat
1576 1104 1902 1174 responden-

320 1215 461 1273 tem,
484 1213 545 1261 ut
570 1205 744 1276 magis
786 1203 957 1260 Deum
986 1215 1148 1272 quam
1193 1197 1462 1255 Cazsarem
1500 1197 1709 1261 timeat,
1741 1204 1796 1250 et
1820 1194 1900 1250 di-

318 1304 415 1353 cat
438 1312 550 1352 non
573 1295 770 1351 debere
809 1294 1013 1349 tributa
1061 1289 1225 1355 solvi,
1277 1297 1339 1344 ut
1386 1287 1570 1344 statim
1621 1287 1900 1342 audientes

317 1384 639 1453 Herodiani,
662 1385 942 1443 seditionis
962 1391 1238 1465 auctorem
1262 1388 1452 1439 contra
1470 1380 1742 1436 Romanos
1752 1378 1900 1451 prin-

318 1479 474 1550 cipes
500 1485 738 1534 teneant.

394 1569 615 1642 Cognita
653 1579 827 1625 autem
846 1569 1003 1625 Iesus
1024 1569 1251 1640 nequitia
1272 1581 1474 1634 eorum,
1503 1565 1577 1619 ait
1606 1577 1625 1617 :
1652 1562 1792 1631 Quid
1815 1579 1897 1617 me

318 1664 557 1730 tentatis,
586 1663 911 1734 hypocritat?
935 1662 1115 1717 Prima
1156 1661 1331 1715 virtus
1368 1666 1451 1715 est
1492 1655 1895 1728 respondentis,

316 1753 771 1825 interrogantium
800 1761 1038 1809 mentem
1063 1766 1411 1823 cognoscere,
1439 1757 1495 1806 et
1516 1765 1627 1805 non
1657 1748 1895 1817 discipu-

315 1842 425 1909 los,
452 1844 547 1900 sed
560 1851 857 1901 tentatores
871 1857 1085 1900 vocare.
1114 1841 1407 1913 Hypocrita
1422 1855 1551 1913 ergo
1573 1837 1890 1910 appellatur,

2008 667 2030 703 ι
2074 652 2234 724 digne
2270 653 2381 707 Deo
2413 666 2511 722 per
2534 652 2716 707 omnia
2758 653 3051 725 placentes,
3109 653 3164 708 in
3214 652 3361 707 omni
3408 666 3574 723 opere

2009 761 2030 795 ι
2067 744 2210 800 bono
2235 743 2643 810 fructiﬁcantes,
2672 752 2727 799 et
2762 754 3073 801 crescentes
3110 746 3164 800 in
3192 745 3419 813 scientia
3445 745 3568 813 Dei,

2007 852 2029 887 ι
2069 835 2123 890 in
2151 834 2297 892 omni
2318 834 2516 889 virtute
2563 834 2879 900 confortati,
2930 836 3224 891 secundum
3272 812 3570 906 potentiam

2008 943 2029 978 ι
2072 926 2337 983 claritatis
2365 923 2499 995 ejus,
2530 925 2587 981 in
2622 924 2769 981 omni
2791 926 3052 997 patientia
3086 934 3144 982 et
3165 925 3571 998 longanimitate

2007 1038 2028 1073 ι
2067 1036 2190 1076 cum
2219 1021 2433 1092 gaudio.
2480 1039 2500 1073 ι

2074 1110 2199 1167 Non
2226 1129 2486 1168 cessamus
2506 1128 2598 1184 pro
2634 1111 2773 1166 vobis
2801 1122 3005 1164 orantes
3035 1120 3081 1164 et
3115 1110 3460 1182 postulantes.
3510 1110 3569 1165 ld

1999 1211 2103 1270 est,
2129 1217 2197 1259 ex
2226 1219 2334 1275 quo
2365 1203 2667 1259 audivimus
2695 1202 3037 1257 dilectionem
3062 1208 3299 1256 vestram
3346 1211 3401 1257 et
3435 1202 3567 1257 eba-

2000 1293 2237 1360 ritatem,
2265 1302 2320 1350 et
2346 1293 2504 1350 ﬁdem
2534 1308 2694 1364 quam
2718 1293 2931 1348 habetis
2958 1292 3010 1347 in
3063 1293 3252 1356 Deum,
3270 1309 3392 1348 .non
3443 1308 3568 1347 ces-

1997 1399 2181 1440 samus
2208 1399 2397 1451 orare,
2422 1392 2483 1439 ut
2511 1383 2842 1455 impleamini
2883 1382 3179 1439 virtutibus
3215 1382 3569 1451 spiritalibus,

1998 1476 2067 1533 de
2093 1477 2287 1548 quibus
2316 1483 2370 1531 et
2404 1477 2649 1548 sequitur
2678 1495 2691 1530 :

2072 1566 2137 1624 Ut
2168 1569 2487 1641 impleamini
2527 1569 2792 1640 agnitione
2841 1567 3125 1622 voluntatis
3159 1566 3274 1636 ejus
3325 1566 3381 1619 in
3431 1565 3571 1617 omni

1997 1659 2254 1729 sapientia
2285 1667 2331 1713 et
2356 1658 2620 1715 intellectu
2650 1656 2935 1728 spirituali.
2967 1655 3240 1727 Sapientia
3266 1662 3322 1710 et
3366 1653 3575 1709 intelle-

1995 1757 2085 1806 ctu
2112 1750 2385 1820 impletur,
2420 1750 2511 1819 qui
2537 1764 2645 1804 non
2671 1748 2845 1804 solum
2862 1747 3204 1814 historicum,
3222 1745 3318 1802 sed
3342 1755 3397 1800 et
3421 1742 3575 1815 spiri-

1996 1844 2200 1899 tualem
2232 1843 2639 1913 intelligentiam
2664 1840 2959 1911 cognoscit.

316 1933 414 2003 qui
439 1932 584 1989 aliud
610 1941 715 2000 est,
745 1941 801 1988 et
825 1927 968 1989 aliud
1015 1932 1251 1999 simulat,
1290 1931 1348 1989 id
1381 1938 1485 1999 est,
1535 1930 1682 1988 aliud
1730 1943 1895 2002 opere
1921 1915 1969 1977 B
2070 1933 2137 1989 Ut
2166 1934 2438 1989 ambuletis
2461 1934 2627 2005 digni,
2669 1932 2778 1988 Deo
2812 1949 2906 2003 per
2950 1931 3127 1985 omnia
3171 1930 3449 2002 placentes.
3491 1926 3571 1983 llli

315 2023 453 2097 agit,
491 2023 633 2079 aliud
658 2038 791 2080 voce
812 2022 1119 2094 prtetendit.

390 2104 660 2173 Ostendite
698 2117 827 2171 mihi
854 2117 1114 2171 numisma
1141 2130 1348 2180 census,
1390 2119 1446 2167 at
1474 2111 1556 2166 illi
1596 2110 1894 2166 obtulerunt

316 2210 366 2264 ei
386 2209 681 2265 denarium.
704 2207 977 2280 Sapientia
1004 2221 1216 2278 semper
1238 2205 1513 2276 sapienter
1540 2203 1671 2275 agit,
1694 2210 1756 2258 ut
1782 2203 1895 2258 suis

314 2301 660 2370 potissimum
730 2305 1027 2356 tentatores
1083 2297 1423 2353 sermonibus
1487 2293 1834 2352 confutentur
1876 2311 1891 2349 :

317 2393 600 2451 Ostendite
628 2392 782 2458 mihi,
811 2391 1018 2461 inquit,
1060 2388 1371 2453 denarium,
1405 2386 1661 2441 denarius
1698 2383 1897 2454 quippe

317 2491 404 2540 est
431 2498 599 2555 genus
627 2481 855 2548 nummi,
902 2479 1044 2551 quod
1071 2493 1171 2550 pro
1198 2479 1384 2534 decem
1407 2477 1643 2534 nummis
1664 2477 1896 2547 imputa-

318 2578 498 2642 batur,
524 2584 578 2631 et
602 2576 837 2631 habebat
866 2574 1155 2645 imaginem
1193 2571 1441 2628 Caesaris.

390 2664 460 2718 Et
505 2666 579 2719 ait
608 2664 716 2719 illis
755 2662 911 2718 Iesus
939 2677 958 2715 :
988 2662 1155 2733 Cujus
1198 2671 1275 2717 est
1300 2662 1474 2732 imago
1502 2660 1613 2716 haec
1642 2669 1690 2716 et
1713 2677 1895 2732 super-

314 2757 528 2827 scriptio
551 2757 577 2811 ?
608 2755 710 2824 Qui
729 2763 919 2826 putant
932 2755 1410 2827 interrogationem
1436 2753 1719 2810 salvatoris
1741 2755 1895 2825 igno-

316 2847 552 2901 rantiam
599 2859 739 2912 esse,
786 2853 840 2902 et
892 2861 999 2901 non
1053 2846 1532 2917 dispensationem,
1572 2846 1784 2902 discant
1825 2861 1891 2901 ex

316 2938 572 3009 praesenti
606 2937 745 3005 loco,
774 2941 918 3009 quod
945 2939 1132 3010 utique
1161 2939 1399 3010 potuerit
1426 2940 1567 2996 scire
1601 2937 1759 2996 Jesus
1791 2954 1890 2994 cu-

312 3030 403 3100 jus
443 3031 620 3103 imago
665 3038 809 3086 esset
854 3030 909 3085 in
946 3045 1184 3096 nummo,
1237 3031 1332 3086 sed
1376 3031 1679 3103 interrogat
1730 3038 1791 3088 ut
1822 3030 1891 3088 ad

318 3135 622 3176 sermonem
650 3135 836 3177 eorum
866 3129 1233 3192 competenter
1249 3121 1590 3192 respondeat.

387 3210 581 3265 Dicunt
605 3211 654 3266 ei
678 3210 924 3267 Cesaris.
954 3211 1099 3267 Tum:
1126 3214 1199 3267 ait
1228 3211 1333 3267 illis
1356 3229 1373 3267 :
1393 3211 1613 3267 Reddite
1632 3228 1750 3283 quae
1768 3223 1889 3268 sunt

318 3297 545 3353 Cwsaris
567 3297 787 3367 Caesari,
813 3309 863 3355 et
894 3319 1012 3373 qua:
1041 3311 1164 3357 sunt
1190 3302 1287 3356 Dei
1322 3302 1455 3357 Deo.
1486 3301 1754 3359 Caesarem
1779 3319 1890 3359 non

316 3395 567 3457 putemus
588 3390 909 3462 Augustum,
956 3392 1053 3449 sed
1088 3378 1379 3464 Tyberium
1407 3394 1698 3465 signiﬁcari
1723 3395 1894 3464 privi-

316 3493 481 3549 gnum
505 3477 641 3548 ejus,
668 3481 761 3551 qui
787 3481 845 3536 in
867 3480 1046 3537 locum
1073 3491 1409 3541 successerat
1436 3484 1624 3554 ipsius,
1656 3486 1756 3541 sub
1784 3501 1891 3556 quo

314 3577 372 3622 et
384 3582 583 3637 passus
608 3578 693 3627 est
719 3569 997 3627 Dominus.
1029 3570 1229 3628 Omnes
1254 3583 1434 3629 autem
1458 3573 1633 3645 Reges
1656 3575 1889 3632 Romani

316 3671 346 3711 a
375 3658 553 3727 primo
577 3656 637 3712 C.
667 3658 902 3727 Caesare,
931 3660 1023 3732 qui
1061 3660 1350 3733 Imperium
1399 3664 1722 3735 arripuerat,
1767 3664 1890 3721 Cae-

314 3762 468 3804 sares
494 3751 744 3822 appellati
778 3761 923 3809 sunt.
949 3753 1119 3810 Porro
1167 3755 1309 3825 quod
1349 3756 1427 3810 ait
1457 3774 1470 3811 :
1504 3756 1731 3813 Reddite
1769 3772 1891 3828 qua)

314 3848 443 3895 sunt
469 3840 697 3900 Caesaris
716 3844 935 3911 Caesari,
969 3847 1024 3902 id
1055 3855 1159 3917 est,
1185 3863 1487 3915 nummum,
1541 3834 1804 3905 tributum
1832 3857 1890 3907 et

313 3933 621 4002 pecuniam,
646 3944 701 3991 et
725 3929 871 4007 quae’
868 3946 994 3994 sunt
1021 3940 1117 3996 Dei
1163 3942 1294 4008 Deo,
1333 3941 1594 4007 decimas,
1615 3942 1887 4013 primitias

313 4034 370 4081 et
396 4024 694 4084 oblationes
705 4044 770 4085 ac
792 4030 1040 4087 victimas
1054 4033 1372 4099 sentiamus,
1400 4033 1670 4104 quomodo
1695 4042 1749 4089 et
1772 4035 1888 4106 ipse

313 4118 547 4175 reddidit
572 4121 776 4177 tributa
799 4137 899 4194 pro
927 4137 986 4179 se
1014 4132 1070 4179 et
1112 4125 1294 4190 Petro,
1328 4133 1384 4179 et
1417 4126 1529 4181 Deo
1560 4125 1736 4182 reddit
1764 4140 1886 4196 quae

312 4208 410 4267 Dei
437 4220 579 4276 sunt,
611 4213 785 4284 patris
815 4212 1019 4271 faciens
1043 4215 1395 4272 voluntatem.

386 4301 496 4373 (Ea:
517 4302 706 4378 Beda.)
735 4305 926 4374 Aliter,
958 4306 1167 4363 reddite
1192 4323 1313 4376 qua:
1338 4315 1464 4364 sunt
1496 4307 1728 4365 Ctesaris
1772 4308 1887 4367 Cas-

314 4398 444 4463 sari,
470 4404 526 4454 et
551 4414 671 4469 qua:
698 4407 824 4455 sunt
849 4400 946 4456 Dei
989 4401 1123 4456 Deo.
1151 4399 1615 4469 Quemadmodum
1645 4401 1829 4458 Cazsar
1853 4418 1886 4459 a

311 4486 469 4543 vobis
494 4487 661 4558 exigit
684 4488 1093 4560 impressionem
1119 4490 1370 4563 imaginis
1393 4506 1525 4558 suae,
1548 4492 1627 4549 sic
1648 4499 1703 4548 et
1720 4492 1880 4549 Deus.

1996 2024 2272 2080 ambulant
2296 2024 2438 2095 digni
2463 2025 2596 2089 Deo,
2654 2023 2769 2094 qui,
2801 2037 2901 2092 per
2949 2021 3131 2078 omnia
3157 2021 3209 2076 ei
3253 2020 3528 2091 placentes
3551 2059 3568 2087 ,

1995 2122 2250 2170 exercent
2272 2130 2330 2169 se
2355 2115 2495 2169 sicut
2529 2113 2793 2169 subditur.

2065 2204 2133 2260 In
2157 2207 2297 2261 omni
2324 2222 2474 2277 opere
2511 2205 2640 2259 bono
2674 2204 3076 2274 fructiﬁcantes,
3105 2209 3155 2256 et
3196 2208 3479 2255 crescentes
3513 2201 3571 2254 in

1993 2296 2214 2352 scientia
2247 2296 2365 2351 Dei.
2390 2296 2491 2351 Hic
2518 2302 2703 2366 aperte
2728 2294 2994 2365 exposuit,
3034 2292 3176 2365 quod
3200 2291 3448 2362 superius
3470 2291 3569 2346 ob-

1995 2400 2154 2442 scure
2178 2387 2411 2452 dicebat,
2439 2387 2709 2456 quomodo
2734 2387 2876 2441 Deus
2914 2386 3007 2440 det
3048 2392 3104 2440 et
3143 2385 3283 2439 bene
3308 2382 3467 2448 velle,
3518 2390 3573 2437 et

1992 2478 2134 2535 bene
2159 2493 2339 2549 posse,
2371 2486 2432 2532 ut
2457 2479 2666 2549 possint
2694 2477 3020 2533 fructiﬁcare
3038 2477 3329 2531 virtutibus
3350 2515 3364 2541 ,
3408 2482 3465 2531 et
3490 2475 3572 2530 in-

1993 2577 2295 2625 veteratam
2316 2569 2536 2624 vincere
2570 2569 3038 2633 consuetudinem,
3068 2567 3181 2622 sive
3210 2566 3270 2621 in
3308 2564 3572 2638 passioni-

1948 2694 1949 2697 η
1992 2660 2095 2715 bus
2116 2660 2296 2715 carnis
2325 2660 2693 2715 inﬁrmitatem
2721 2674 2975 2729 superare
3000 2658 3218 2714 mentis.

2066 2748 2134 2803 In
2176 2751 2317 2804 omni
2363 2750 2556 2805 virtute
2606 2750 2905 2820 conﬁrmati
2955 2748 3241 2804 secundum
3282 2749 3568 2819 potentiam

1992 2840 2249 2896 claritatis
2284 2841 2417 2912 ejus.
2448 2841 2505 2896 ld
2533 2849 2636 2908 est,
2667 2841 2963 2897 secundum
2982 2840 3312 2896 voluntatem
3338 2840 3478 2910 ejus,
3507 2848 3569 2897 ut

1989 2939 2047 2988 et
2072 2948 2169 2988 vos
2191 2931 2331 2987 sicut
2352 2932 2439 2987 ille
2469 2931 2596 2988 fecit
2620 2932 2890 3002 patienter
2925 2930 3195 2986 sufferatis
3220 2930 3420 2986 omnia.

2059 3023 2129 3079 In
2166 3025 2306 3078 omni
2334 3025 2583 3095 patientia
2611 3032 2661 3079 et
2709 3023 3127 3094 longanimitate,
3178 3039 3295 3077 cum
3352 3022 3566 3092 gaudio,

1989 3118 2046 3170 in
2082 3113 2293 3171 Christo
2322 3115 2478 3181 Iesu,
2509 3124 2617 3195 etc.
2645 3115 2723 3170 Ibi
2765 3115 2909 3170 enim
2950 3124 3034 3170 est
3075 3129 3203 3170 vera
3248 3112 3571 3186 longanimi-

1991 3215 2110 3274 tas,
2140 3215 2195 3263 et
2239 3207 2500 3277 patientia
2528 3204 2854 3272 exhibenda,
2892 3205 2983 3263 ubi
3030 3204 3237 3261 malitia
3279 3203 3348 3260 ab
3380 3202 3565 3274 aliquo

1994 3306 2293 3356 exercetur.
3455 3290 3472 3312 ‘

2307 3406 2646 3448 IVANGELIUI
2685 3405 2969 3459 ΙΔΤἸἮΒῘ,
3005 3406 3122 3446 CAP.
3164 3404 3240 3443 IX.

2068 3494 2087 3539 ι
2130 3485 2259 3542 Haec
2285 3484 2378 3541 illo
2421 3484 2675 3555 loquente
2720 3483 2788 3539 ad
2812 3498 2927 3550 eos,
2972 3496 3093 3537 esse
3130 3479 3384 3552 princeps
3427 3493 3573 3535 unus

1997 3595 2018 3630 ι
2063 3576 2294 3633 accessit
2332 3583 2387 3631 et
2413 3576 2677 3631 adorabat
2701 3590 2847 3641 eum,
2891 3572 3078 3629 dicens
3110 3589 3124 3625 ι
3156 3569 3405 3636 Domine,
3458 3567 3571 3623 ﬁlia

1996 3688 2018 3724 ι
2060 3686 2181 3727 mea
2208 3670 2370 3726 modo
2393 3667 2647 3725 defuncta
2673 3676 2777 3735 est,
2810 3668 2905 3723 sed
2931 3666 3074 3729 veni,
3105 3664 3321 3735 impone
3346 3676 3568 3719 manum

1995 3778 2016 3813 ι
2062 3769 2210 3815 tuam
2237 3774 2398 3832 super
2418 3775 2541 3815 eam
2561 3767 2617 3814 et
2639 3760 2804 3814 vivet.
2842 3758 2905 3812 Et
2930 3772 3159 3828 surgens
3181 3755 3338 3812 Iesus
3382 3766 3573 3824 seque-

1995 3871 2015 3905 ι
2060 3853 2221 3909 batur
2260 3867 2384 3908 eum
2432 3860 2487 3908 et
2534 3851 2782 3923 discipuli
2805 3852 2941 3922 ejus.
2971 3849 3039 3904 Et
3068 3863 3195 3906 ecce
3219 3846 3415 3903 mulier
3451 3859 3571 3916 quae

1993 3960 2015 3995 ‹
2060 3943 2336 4015 sanguinis
2349 3942 2550 3998 ﬂuxum
2562 3943 2872 4012 patiebatur
2890 3940 3174 3996 duodecim
3197 3938 3373 4002 annis,
3389 3949 3569 3992 acces-

1993 4053 2015 4089 s
2050 4034 2345 4090 sitretroet
2365 4033 2541 4105 tetigit
2565 4032 2837 4090 ﬁmbriam
2870 4029 3181 4087 vestimenti
3195 4026 3573 4097 ejus.Dicebat

1994 4144 2014 4180 ι
2050 4126 2195 4181 enim
2213 4127 2354 4181 intra
2369 4141 2427 4183 se
2454 4144 2467 4179 :
2495 4124 2553 4179 Si
2575 4125 2800 4195 tetigero
2816 4130 3025 4177 tantum
3037 4121 3417 4176 vestimentum
3430 4117 3565 4187 eius,

1993 4234 2013 4267 ι
2058 4215 2204 4272 salva
2237 4216 2434 4270 ero.At
2454 4214 2611 4271 Iesus
2625 4229 2918 4270 conversus
2929 4221 2983 4269 et
3008 4212 3197 4267 videns
3218 4225 3358 4275 eam,
3385 4208 3521 4264 dixit
3548 4223 3565 4264 :

1994 4328 2014 4362 ι
2060 4309 2281 4366 Confide
2305 4309 2436 4376 ﬁlia,
2469 4309 2603 4365 ﬁdes
2620 4317 2710 4363 tua
2725 4308 2929 4364 salvam
2945 4314 2999 4364 te
3023 4305 3173 4372 fecit,
3188 4311 3243 4361 et
3256 4301 3404 4360 salva
3423 4299 3562 4358 facta

1994 4420 2014 4455 ι
2058 4411 2142 4460 est
2160 4403 2356 4460 mulier
2387 4417 2456 4457 ex
2488 4400 2578 4457 illa
2603 4402 2758 4457 hora.
2798 4420 2817 4454 ι

2060 4496 2191 4553 Haec
2212 4497 2303 4550 illo
2333 4495 2570 4568 loquente
2595 4495 2664 4551 ad
2688 4511 2799 4561 eos,
2829 4510 2943 4549 ecce
2970 4494 3207 4564 princeps
3233 4506 3369 4544 unus
3398 4503 3564 4543 acces-

316 4578 400 4681 Ut.
435 4580 884 4681 quemadmodum
918 4574 1024 4681 illi.
1044 4581 1290 4681 redditur
1321 4598 1595 4649 nummus,
1652 4584 1732 4640 sic
1776 4585 1886 4641 Deo
1909 4619 1964 4681 Β
1987 4590 2055 4643 sit
2088 4597 2133 4642 et
2162 4587 2419 4642 adorabat
2443 4604 2584 4654 eum,
2616 4586 2792 4641 dicens
2822 4600 2840 4638 :
2867 4583 3109 4650 Domine,
3137 4582 3251 4653 [ilia
3273 4597 3389 4636 mea
3409 4579 3562 4634 modo

314 4669 514 4738 anima,
540 4669 743 4729 lumine
770 4670 951 4727 vultus
976 4671 1094 4743 ejus
1130 4672 1401 4729 illustrata
1432 4681 1597 4745 atque
1627 4674 1837 4745 signata
1864 4716 1879 4742 ,

313 4764 457 4821 unde
480 4763 767 4820 Psalmista
794 4783 808 4819 :
835 4762 1110 4836 Signatum
1150 4774 1247 4833 est,
1290 4765 1486 4836 inquit,
1537 4767 1593 4820 in
1618 4766 1765 4821 nobis
1801 4767 1883 4821 ια-

311 4868 431 4909 men
460 4852 632 4909 vultus
660 4855 757 4918 tui,
781 4853 1001 4909 Domine
1021 4851 1192 4925 (Psal.
1224 4853 1320 4927 Iv).
1344 4855 1457 4912 Hoc
1478 4855 1673 4926 quippe
1699 4855 1880 4911 lumen

315 4950 400 4999 est
422 4952 596 5000 totum
622 4946 873 5013 hominis,
907 4954 961 5001 et
984 4961 1173 5002 verum
1196 4949 1419 5013 bonum,
1453 4948 1596 5018 quod
1623 4962 1730 5002 non
1755 4963 1883 5003 ocu-

316 5034 401 5101 lis,
456 5036 552 5091 sed
593 5044 771 5092 mente
823 5037 1172 5107 conspicitur.
1208 5036 1489 5107 Signatum
1522 5045 1704 5093 autem
1746 5030 1884 5092 dixit

254 5119 267 5131 ’
317 5125 373 5180 in
406 5126 576 5191 nobis,
616 5135 871 5198 tanquam
892 5129 1142 5185 denarius
1170 5130 1416 5199 signatur
1445 5130 1589 5198 regis
1624 5129 1877 5200 imagine.

318 5214 488 5270 Homo
509 5216 653 5271 enim
679 5216 854 5273 factus
882 5219 1047 5274 estad
1071 5219 1362 5290 imaginem
1395 5225 1451 5275 et
1473 5219 1882 5275 similitudinem

315 5305 433 5372 Dei,
456 5321 616 5376 quam
637 5309 910 5380 peccando
946 5311 1205 5382 corrupit.
1238 5311 1444 5367 Bonum
1471 5325 1601 5383 ergo
1630 5313 1748 5382 ejus
1774 5320 1880 5382 est,

312 5412 502 5458 verum
530 5409 693 5472 atque
714 5411 996 5471 aeternum,
1022 5405 1071 5461 si
1097 5407 1429 5463 renascendo
1448 5407 1709 5479 signetur.

467 5534 883 5595 HEBDOMADA
920 5537 1066 5594 XXV
1104 5538 1280 5596 POST
1315 5541 1738 5601 PENTECOST.

830 5667 897 5706 an
934 5665 1166 5717 conoss.,
1208 5667 1326 5708 car.
1368 5670 1406 5708 ι.

388 5778 410 5814 ι
453 5758 573 5817 Νοιι
607 5776 885 5819 cessamus
934 5777 1035 5834 pro
1066 5764 1219 5819 vobis
1260 5772 1479 5820 orantes
1527 5774 1582 5819 et
1609 5765 1886 5836 postulan-

318 5871 340 5907 ι
381 5861 485 5924 tes,
526 5862 588 5914 ut
632 5854 962 5929 impleamini
1001 5858 1276 5932 agnitione
1326 5857 1615 5918 voluntatis
1663 5859 1780 5933 ejus
1826 5861 1883 5923 in

1991 4677 2236 4747 defuncta
2251 4687 2347 4745 est,
2371 4678 2462 4734 sed
2486 4680 2619 4746 veni,
2635 4681 2840 4749 impone
2861 4684 3233 4731 manumtuam
3252 4689 3406 4746 super
3424 4689 3560 4737 eam,

1991 4778 2039 4823 et
2063 4768 2211 4822 vivet.
2236 4768 2305 4822 Et
2336 4786 2553 4839 surgens
2586 4767 2744 4824 Iesus
2766 4766 3075 4839 sequebatur
3100 4783 3216 4821 eum
3246 4774 3292 4818 et
3320 4761 3563 4834 discipuli

1992 4860 2124 4930 ejus.
2154 4858 2416 4915 Octavum
2441 4859 2655 4930 signum
2681 4868 2782 4925 est,
2817 4860 2871 4913 in
2899 4874 3006 4928 quo
3036 4858 3287 4928 princeps
3311 4855 3561 4911 suscitari

1989 4953 2228 5025 postulat
2250 4952 2417 5007 ﬁliam
2443 4967 2614 5020 suam,
2655 4950 2846 5007 nolens
2874 4950 2941 5007 de
2970 4951 3231 5023 mysterio
3271 4961 3415 5004 verae
3455 4947 3561 5002 cir-

1992 5043 2339 5100 cumcisionis
2360 5042 2593 5098 excludi.
2628 5041 2734 5098 Sed
2771 5043 3041 5099 subintrat
3075 5042 3270 5097 mulier
3302 5041 3560 5113 sanguine

1989 5130 2178 5198 ﬂuens,
2209 5142 2263 5186 et
2286 5140 2477 5187 octavo
2512 5139 2735 5186 sanatur
2764 5132 2903 5197 loco,
2961 5139 3020 5186 ut
3044 5132 3302 5203 principis
3337 5131 3467 5195 ﬁlia,
3494 5130 3559 5184 de

1989 5223 2093 5278 hoc
2117 5221 2335 5278 exclusa
2384 5237 2631 5289 numero,
2660 5223 2842 5278 veniat
2870 5222 2937 5278 ad
2977 5238 3202 5289 nonum,
3239 5223 3391 5292 juxta
3426 5217 3556 5275 illud

1991 5312 2131 5382 quod
2160 5312 2213 5367 in
2236 5312 2451 5367 Psalmo
2464 5312 2665 5368 dicitur
2687 5328 2702 5368 :
2730 5313 3055 5385 Ethiopiam
3068 5314 3347 5385 pra’venial
3370 5327 3557 5366 manus

1992 5401 2234 5473 ἡμερεο
2279 5400 2451 5476 (Psal.
2476 5403 2682 5476 van),
2728 5411 2784 5459 et
2810 5401 2942 5458 Cum
2979 5402 3249 5457 intraverit
3289 5399 3557 5472 plenitudo

1990 5493 2239 5565 gentium,
2260 5502 2383 5548 tunc
2403 5493 2770 5570 omnisglsrael
2789 5494 2964 5549 salvus
2983 5493 3073 5563 ﬁet
3100 5490 3270 5564 (Rom.
3294 5490 3398 5564 xi).

2064 5582 2173 5658 (Ea:
2208 5581 2466 5659 Primas.)
2504 5584 2762 5656 Princeps
2793 5586 2978 5655 itaque
3019 5597 3324 5655 synagoga,
3380 5581 3557 5637 nullus

1992 5675 2185 5731 melius
2215 5692 2375 5747 quam
2409 5678 2524 5748 ipse
2563 5677 2738 5733 Moses
2765 5675 3104 5747 intelligitur,
3132 5674 3276 5732 unde
3295 5676 3433 5732 bene
3470 5687 3557 5729 se-

1991 5769 2224 5825 cundum
2257 5769 2456 5825 Lucam
2481 5769 2679 5836 Jairus,
2714 5769 2768 5823 id
2806 5778 2889 5823 est
2916 5768 3249 5837 illuminans,
3280 5770 3392 5825 sive
3436 5765 3556 5822 illu-

1988 5861 2229 5924 minatus
2246 5869 2490 5925 vocatur.
2519 5859 2658 5930 Quia
2697 5860 2793 5933 qui
2819 5861 3028 5935 accepit
3055 5862 3219 5921 verba
3263 5862 3387 5920 vitae
3424 5859 3556 5920 dare
