4026 6458
1032 362 1543 422 COLL‘EC'I‘IONES
1578 363 1651 443 tu
1685 361 2067 447 Ertsroms
2104 361 2194 443 ΕΤ
2232 361 2655 419 annosus.

3361 363 3467 420 510

230 487 483 555 Domini,
515 483 587 551 ad
610 482 885 547 Christum
912 480 1197 557 Dominum
1223 477 1798 561 docuitret'erendum.
1903 475 2007 563 hoc
2035 477 2209 551 ipsum
2252 476 2395 563 quod
2434 477 2597 557 dicit,
2640 480 3044 551 evangelizare,
3084 481 3471 552 interpretetur

230 578 371 638 Nam
397 587 452 635 et
477 553 623 643 Euos
664 583 719 631 et
758 573 929 627 Moses
957 553 1011 633 et
1038 553 1216 626 Aaron
1247 579 1302 631 et
1332 553 1799 639 Samuelhinvoca-
1838 556 1847 565 ”

230 670 367 727 bant
395 669 707 733 Dominum,
739 673 794 725 et
832 666 943 741 ipse
972 663 1295 720 exaudiebat
1320 646 1432 731 eos.
1483 648 1612 718 Sine
1640 662 1802 718 dubio

1901 558 2043 623 bona
2088 558 2444 633 annuntiare,
2496 575 2678 653 tamen
2725 570 2865 625 bona
2909 569 3302 641 intelliguntur,
3346 582 3471 642 qua

1901 656 2184 713 annuntiat
2214 658 2473 727 apostolis
2502 665 2689 714 sancta
2722 660 2977 728 Trinitas,
3010 661 3066 716 id
3095 669 3200 728 est,
3230 661 3392 721 Fater
3414 672 3472 719 et

231 762 511 829 Christum
538 759 723 833 Iesum.
746 758 1099 824 invocabant,
1138 765 1193 812 et
1231 757 1277 812 si
1314 759 1567 812 invocare
1603 771 1803 811 nomen

1923 748 2071 803 iilius
2098 758 2153 804 et
2179 747 2415 819 Spiritus
2443 757 2685 804 sanctus.
2728 750 2842 805 Hoc
2870 758 2954 806 est
2980 753 3123 807 enim
3142 791 3158 818 ,
3188 754 3332 822 Quod
3369 768 3473 808 an—

230 856 486 920 Domini,
527 863 585 925 et
617 868 775 909 orare
813 852 1098 927 Dominum
1128 868 1292 906 unum
1323 859 1483 922 atque
1517 849 1654 905 idem
1685 857 1798 914 est,

231 949 378 1006 sicut
404 950 687 1004 invocatur
711 945 980 1010 Christus,
1008 953 1062 1019 et
1087 945 1323 999 orandus
1351 952 1433 999 est
1457 940 1723 1008 Christus,
1749 949 1805 997 et

232 1041 377 1097 sicut
402 1039 678 1095 oderimus
714 1039 823 1091 Deo
857 1036 996 1107 patri
1034 1036 1209 1105 primo
1239 1034 1477 1088 omnium
1509 1032 1801 1098 orationes,

232 1133 311 1189 ita
350 1140 405 1187 et
443 1131 668 1186 Domino
696 1129 822 1185 Jesu
853 1128 1093 1191 Christo,
1136 1137 1190 1181 et
1226 1127 1365 1181 sicut
1395 1124 1669 1180 offerimus
1703 1139 1802 1193 po—

233 1223 558 1279 stulationes
584 1218 746 1290 patri,
774 1218 848 1277 ita
877 1217 1152 1276 oil‘erimus
1179 1218 1569 1288 postulationes
1595 1223 1647 1269 et
1672 1215 1800 1279 tilio,

233 1323 291 1371 et
332 1314 475 1369 sicut
517 1312 797 1381 oderimus
833 1311 1129 1382 gratiarum
1170 1310 1410 1366 actiones
1450 1310 1590 1371 Deo,
1637 1308 1711 1361 ita
1752 1314 1809 1361 et

232 1406 436 1475 gratias
470 1404 753 1457 referimus
790 1401 1066 1457 salvatori.
1122 1401 1298 1456 Unum
1329 1414 1560 1468 namque
1591 1398 1805 1466 utrique

232 1495 497 1549 honorem
527 1486 872 1546 deferendum
891 1532 906 1557 ,
946 1490 1000 1545 id
1026 1497 1140 1556 est,
1179 1490 1319 1559 patri
1348 1496 1401 1543 et
1432 1487 1563 1553 lilio,
1596 1486 1807 1542 divinus

231 1587 423 1641 edocet
452 1599 651 1648 sermo,
679 1599 801 1639 cum
831 1583 995 1638 dicit:
1027 1582 1218 1637 Omnes
1247 1581 1590 1650 honori/iectu
1613 1579 1802 1649 ﬁlium,

231 1676 366 1730 sicut
395 1674 749 1742 honoriﬁcum
770 1682 971 1745 patrem
1000 1671 1182 1745 (lacn.
1211 1672 1288 1741 v).

302 1766 407 1819 Aut
444 1762 701 1835 quomodo
745 1764 953 1839 credent
999 1764 1075 1826 ei,
1127 1779 1277 1835 quem
1324 1778 1429 1817 non
1475 1759 1807 1814 audierunt?

1904 839 2157 894 nuntiant
2186 837 2546 911 Evangelistaa
2573 841 2868 895 secundum
2902 851 3227 914 praereptum
3254 844 3470 899 Domini

1902 930 2132 989 dicentis
2157 951 2171 988 :
2206 932 2308 998 Ite,
2333 932 2507 987 docete
2533 948 2709 988 omnes
2730 940 2926 1004 gentes,
2955 935 3278 1005 baptizandus
3301 952 3388 1001 eos
3415 935 3474 995 in

1904 1025 2110 1079 nomine
2155 1022 2335 1079 Patris
2385 1033 2434 1078 et
2479 1022 2611 1078 Filii
2659 1032 2711 1078 et
2758 1022 2989 1095 Spiritus
3038 1027 3209 1081 sancti
3253 1024 3468 1098 (Matth.

1905 1113 2131 1185 ultimo).

1976 1205 2081 1261 Sed
2112 1224 2216 1261 non
2245 1223 2420 1262 omnes
2448 1206 2691 1261 obediunt
2722 1206 3024 1278 Evangelia.
3070 1206 3259 1278 Neque
3286 1222 3477 1269 omne.

1906 1308 1973 1355 es
2004 1301 2253 1371 gentibus
2281 1300 2570 1372 Evangelio
2595 1289 2962 1366 crediderunt,
2990 1313 3164 1371 neque
3192 1315 3381 1357 omnes
3406 1316 3474 1361 ex

1905 1389 2103 1456 Israel,
2145 1391 2326 1460 plures
2353 1400 2560 1458 tamen,
2601 1400 2658 1447 et
2689 1391 2858 1448 multo
2885 1391 3069 1462 plures
3097 1406 3165 1447 ex
3189 1392 3474 1461 gentibus,

1908 1500 2070 1555 quam
2098 1499 2165 1539 ex
2193 1482 2378 1539 Israel.

1977 1572 2154 1627 Isaias
2181 1583 2356 1628 autem
2390 1572 2557 1627 dicit:
2585 1572 2822 1637 Domino,
2863 1574 2983 1644 quis
3014 1572 3241 1631 credidit
3273 1572 3480 1633 audiui

1909 1667 2133 1721 nostro!
2176 1667 2336 1735 Quis,
2375 1680 2476 1741 pro
2510 1681 2636 1721 raro
2667 1666 2872 1721 dictum
2908 1674 3022 1731 est,
3055 1665 3269 1722 videtur.
3297 1668 3478 1737 tamen

1907 1756 2075 1812 Isaias
2112 1758 2227 1812 haec
2266 1772 2335 1812 es
2373 1771 2602 1827 persona
2626 1754 3249 1825 Apostoiiprophetare,
3281 1755 3481 1825 quibus

231 1855 529 1911 Possumus
564 1855 641 1909 sic
680 1852 1011 1927 intelligere,
1058 1852 1184 1922 quia
1214 1848 1299 1907 vel
1336 1854 1510 1923 ipsum
1552 1853 1605 1906 in
1643 1866 1807 1907 carne
1833 1841 1882 1905 Β
1908 1849 2171 1905 creditum
2199 1849 2373 1904 fuerat
2401 1847 2800 1918 praedicationis
2822 1846 3084 1908 oiiicium.
3129 1854 3187 1905 et
3221 1846 3323 1916 imi
3355 1862 3479 1917 cum

231 1946 498 2019 positum,
535 1946 619 2001 vel
648 1942 932 2016 Apostolos
961 1945 1081 2015 ejus
1109 1944 1468 2014 prmdicantes
1505 1941 1573 1998 de
1608 1956 1672 1998 eo
1708 1956 1806 1998 au-

234 2038 353 2094 dire
381 2038 669 2093 noluerint.
728 2035 819 2092 Sic
868 2037 1010 2091 enim
1062 2044 1116 2091 et
1163 2036 1279 2106 ipSe
1328 2034 1588 2089 Dominus
1637 2035 1806 2090 dicit:

238 2130 344 2199 Qui
370 2149 458 2187 vos
483 2131 652 2198 audit,
689 2146 771 2184 me
805 2129 970 2195 audit,
1003 2136 1053 2183 et
1076 2129 1166 2199 qui
1194 2147 1281 2183 ros
1305 2129 1526 2199 spernit,
1556 2142 1637 2181 me
1664 2138 1810 2197 sper-

236 2220 311 2276 nit
342 2222 490 2294 (Luc.
526 2216 605 2294 ι).
655 2216 841 2276 Potest
885 2226 1065 2274 autem
1114 2225 1169 2273 et
1208 2219 1312 2273 hoc
1352 2217 1619 2287 intelligi,
1669 2216 1815 2286 quod

235 2316 399 2370 etiam
431 2329 576 2370 nunc
610 2323 663 2369 ct
695 2327 911 2382 semper
933 2310 1182 2366 Christus
1220 2319 1473 2379 tanquam
1499 2309 1725 2364 verbum
1759 2315 1816 2362 et

235 2407 379 2462 ratio
408 2406 699 2474 unicuique
726 2403 969 2473 loquitur
995 2402 1047 2456 in
1076 2402 1267 2464 corde,
1299 2406 1356 2454 et
1388 2388 1454 2453 de
1488 2400 1691 2467 pietate
1719 2399 1813 2452 do-

237 2507 381 2564 ceat,
413 2498 478 2553 de
504 2496 713 2570 justitia
740 2496 983 2551 suadeat.
1027 2484 1101 2547 De
1129 2491 1404 2557 castitate,
1436 2490 1502 2545 de
1529 2489 1810 2561 pudicitia,

237 2597 298 2645 et
332 2589 398 2644 de
435 2588 684 2645 omnibus
711 2585 869 2642 simul
901 2584 1189 2641 virtutibus
1214 2590 1565 2653 protestetur,
1597 2582 1737 2638 sicut
1760 2588 1821 2636 et

237 2682 358 2753 ipse
382 2683 546 2738 dicit:
583 2680 715 2736 Oves
745 2697 871 2735 mete
897 2694 1071 2733 vocem
1099 2692 1268 2731 meam
1298 2676 1542 2729 audiunt.

316 2772 589 2840 Quomodo
617 2778 790 2826 autem
819 2771 1032 2825 audient
1063 2768 1175 2824 sine
1208 2766 1577 2839 prtedicante!
1618 2764 1678 2818 In
1712 2763 1816 2819 hoc

243 2866 419 2936 magis
441 2879 538 2936 per
562 2863 968 2935 przedicantium
1001 2875 1308 2918 sermonem
1334 2857 1609 2915 Christum
1634 2867 1818 2913 osten-

244 2946 323 3009 dit
351 2950 567 3019 audire,
607 2952 662 3010 in
697 2954 889 3035 quibus
919 2952 1212 3009 secundum
1242 2966 1306 3005 ea
1340 2965 1459 3021 qum
1488 2964 1650 3021 supra
1677 2949 1819 3006 dixi-

246 3036 366 3100 thus
390 3041 638 3101 Christus
661 3044 808 3115 loqui
838 3050 893 3100 et
917 3044 1115 3100 docere
1140 3048 1497 3099 monstratur.
1538 3060 1541 3063 ·

318 3134 593 3202 Quomodo
625 3151 744 3191 vero
778 3135 1136 3207 prtcdieabunt
1167 3134 1268 3189 nisi
1296 3135 1573 3188 mittantur
1592 3133 1623 3186 ἵ
1670 3129 1821 3186 Dilli-

245 3224 422 3283 cultas
461 3218 595 3283 mihi
637 3227 693 3281 in
733 3228 836 3282 hoc
880 3242 1132 3282 sermone
1166 3225 1382 3281 videtur
1408 3238 1720 3295 exsurgere.
1755 3222 1816 3280 Si

245 3320 397 3375 enim
437 3320 514 3374 ita
556 3319 941 3391 intelligamus,
985 3302 1131 3388 quod
1168 3324 1454 3388 propterea
1491 3331 1598 3370 non
1626 3316 1823 3385 pracdi-

246 3419 408 3477 cent,
448 3410 574 3481 quia
604 3426 711 3467 non
742 3410 1051 3476 mittantur,
1093 3407 1241 3463 nullo
1271 3417 1451 3462 autem
1492 3407 1822 3477 praedicante

244 3517 357 3558 non
385 3502 632 3568 audient,
663 3516 770 3556 non
800 3503 1083 3556 credentes
1111 3507 1289 3553 autem
1320 3484 1428 3553 non
1458 3498 1819 3564 invocabunt,

246 3611 359 3651 non
399 3596 730 3661 invocantes,
772 3608 881 3649 non
921 3592 1285 3649 salvahuntur.
1334 3589 1617 3661 Colligitur
1641 3604 1710 3644 ex
1740 3590 1826 3645 his

246 3703 415 3745 causa
434 3729 449 3755 ,
496 3703 601 3757 qua
632 3701 739 3741 non
770 3693 895 3741 sunt
924 3683 1114 3739 salvati
1134 3724 1149 3750 ,
1195 3683 1263 3737 ad
1288 3682 1476 3737 vitium
1513 3670 1701 3736 redeat
1728 3694 1827 3734 au-

246 3778 438 3843 ctoris,
481 3775 573 3846 qui
615 3791 722 3831 non
760 3774 968 3831 miserit
995 3775 1371 3846 preedicantes.
1424 3773 1530 3828 Sed
1556 3773 1727 3843 magis
1758 3771 1826 3827 ad

248 3862 403 3924 illum
427 3882 525 3922 nos
546 3856 635 3937 qui
662 3867 948 3923 rectiorem
970 3865 1340 3937 intelligentiae
1360 3865 1632 3919 tramitem
1655 3863 1828 3917 conti—

252 3968 350 4016 net
387 3958 752 4017 deilcctamus.
810 3960 879 4016 Et
924 3956 1065 4030 quod
1116 3959 1289 4014 dixit:
1334 3957 1610 4025 Quomodo
1651 3962 1827 4011 autem

249 4052 645 4125 prtrdicabunt,
685 4053 787 4107 nisi
823 4053 1119 4117 mittantur,
1172 4051 1249 4106 sic
1284 4050 1639 4120 accipiamus,
1671 4047 1830 4117 quasi

251 4145 402 4200 dicat
425 4144 741 4215 Apostolus:
772 4144 882 4223 Nos
904 4160 1199 4217 praecones,
1223 4145 1606 4215 praedicatores
1627 4140 1830 4197 Christi

252 4248 366 4289 non
416 4250 706 4305 possumus
752 4235 1071 4307 praedicare,
1124 4250 1226 4289 nec
1272 4230 1624 4288 annuntiandi
1673 4232 1830 4286 nobis

252 4323 433 4379 virtus
460 4324 567 4380 ulla
597 4325 952 4391 subsisteret,
997 4325 1100 4380 nisi
1132 4325 1346 4380 adesset
1387 4323 1541 4378 nobis
1584 4322 1700 4391 ipse
1736 4319 1831 4391 qui

253 4416 428 4472 misit.
465 4416 617 4484 Quod
644 4416 690 4471 si
719 4414 1141 4487 przedicantibus
1175 4414 1333 4470 nobis
1360 4412 1548 4467 audire
1574 4426 1680 4466 non
1708 4409 1831 4465 vul-

260 4510 352 4575 tis,
379 4519 560 4565 vestra
579 4508 691 4578 jam
718 4510 873 4579 culpa
895 4516 1000 4574 est,
1022 4508 1123 4562 etsi
1148 4507 1426 4561 audientes
1450 4519 1557 4558 non
1584 4501 1827 4567 creditis,
1855 4545 1909 4605 D
1930 4491 2167 4548 nuntiat.

258 4611 317 4657 et
344 4614 455 4658 non
490 4601 775 4658 credentes
802 4616 909 4656 non
938 4599 1228 4664 invocatis,
1276 4605 1330 4652 et
1369 4611 1477 4662 non
1518 4596 1834 4650 invocantes

260 4691 400 4750 salvi
440 4708 562 4750 esse
604 4693 862 4763 nequitis,
902 4690 1029 4763 quia
1064 4704 1193 4761 ergo
1233 4688 1385 4745 missi
1426 4692 1553 4744 sunt
1591 4680 1658 4742 ad
1694 4698 1836 4757 pras-

263 4780 622 4850 dicationem,
665 4782 869 4840 idcirco
896 4781 964 4837 de
990 4781 1076 4837 his
1103 4780 1195 4850 qui
1223 4779 1290 4834 ab
1315 4779 1435 4850 ipso
1475 4776 1626 4834 missi
1673 4785 1831 4840 sunt,

267 4881 526 4953 scriptum
557 4886 641 4934 est
664 4894 676 4932 :

342 4948 514 5038 Quam
535 4966 749 5040 speciosi
770 4962 920 5038 pedes
941 4960 1405 5033 euangelizandum
1425 4960 1577 5014 bona.
1607 4948 1687 5013 illi
1710 4964 1837 5013 sunt

270 5058 459 5121 decori
488 5068 541 5118 et
568 5057 795 5131 Speciosi
827 5054 1019 5125 pedes,
1049 5054 1141 5124 qui
1171 5051 1545 5123 perambulant
1567 5062 1664 5119 per
1688 5050 1832 5103 viam

268 5156 418 5211 vitm.
456 5152 759 5209 Secundum
787 5148 933 5204 enim
956 5146 1104 5201 illum
1130 5143 1225 5213 qui
1248 5142 1412 5197 dixit:
1441 5141 1553 5211 Ego
1579 5154 1698 5197 sum
1722 5140 1832 5207 via,

268 5247 509 5317 lntellige
528 5245 753 5300 decoros
774 5248 828 5297 et
847 5238 1120 5310 speciosos
1138 5232 1633 5305 evangelizantibus
1648 5231 1833 5300 pedes,

266 5338 361 5409 qui
404 5352 504 5407 per
544 5334 705 5389 talem
736 5332 884 5386 viam
929 5333 1205 5384 merentur
1245 5323 1494 5379 incedere
1533 5319 1686 5393 (isai.
1714 5319 1830 5392 ιιι).

260 5428 358 5484 Isti
391 5434 517 5489 sunt
546 5424 731 5496 pedes,
770 5422 966 5492 quibus
997 5425 1053 5473 et
1081 5430 1300 5471 cursum
1331 5413 1642 5469 cucurrisse
1668 5412 1829 5477 dicit,

262 5529 322 5578 et
342 5520 428 5582 sic,
442 5530 664 5573 currere
687 5520 745 5571 ut
768 5510 1207 5582 comprehendat,
1240 5508 1297 5561 id
1316 5515 1420 5571 est,
1443 5504 1595 5575 vigor
1612 5503 1830 5569 animae,

264 5608 378 5683 quo
407 5607 646 5664 tenditur
675 5614 729 5662 et
753 5608 1088 5675 praeparatur
1116 5599 1183 5654 ad
1213 5596 1428 5652 omium.
1457 5593 1715 5651 Gratilice
1740 5607 1835 5647 au-

262 5709 377 5758 tem
404 5696 569 5772 pedes
604 5698 739 5754 istos
774 5710 894 5752 esse
926 5690 1189 5757 ﬁrmabis,
1215 5702 1354 5760 quos
1376 5685 1534 5742 Iesus
1558 5684 1836 5755 discipulis

265 5791 435 5862 lavat,
475 5800 527 5848 et
563 5792 729 5848 linteo
756 5803 864 5861 quo
909 5785 1228 5859 praecinctus
1253 5788 1340 5837 est
1366 5779 1547 5851 tergit.
1579 5777 1836 5846 Quamvis

1908 1945 2131 1997 raritate
2151 1942 2508 2004 credentium,
2531 1939 2798 2010 praecipue
2826 1939 2893 1994 de
2918 1939 3118 2009 populo
3142 1937 3305 1997 lmel
3330 1938 3479 1999 vide-

1909 2042 2069 2098 runt,
2114 2032 2355 2087 dicentes
2396 2031 2465 2085 ad
2499 2029 2821 2094 Dominum,
2851 2027 3087 2095 Domine,
3110 2030 3227 2100 quis
3264 2028 3485 2094 credidit

1910 2124 2115 2180 auditui
2146 2132 2321 2177 nostro
2335 2122 2361 2174 ν

1982 2215 2124 2285 Ergo
2159 2215 2289 2285 ﬁdes
2331 2228 2397 2267 ea:
2432 2212 2641 2278 auditu,
2681 2211 2898 2268 auditus
2934 2219 3107 2271 autem
3145 2228 3240 2282 μοι
3273 2211 3485 2277 mouet

1914 2306 2127 2362 Christi.
2164 2305 2262 2360 Hic
2284 2304 2512 2359 verbum
2534 2302 2738 2358 Christi
2764 2311 2933 2361 totam
2957 2302 3394 2373 pradicationem
3421 2302 3489 2367 de

1915 2376 2452 2468 Christo‘signiiicat,
2487 2410 2663 2466 neque
2693 2395 2840 2450 enim
2868 2395 2943 2451 illi
2974 2395 3075 2454 soli
3105 2394 3485 2461 crediderunt,

1918 2493 2006 2563 qui
2034 2492 2257 2547 verbum
2286 2490 2354 2543 ab
2383 2489 2502 2558 ipso
2536 2486 2766 2542 Domino
2805 2486 3125 2548 astiterunt.
3179 2486 3276 2544 sed
3320 2484 3495 2543 multo

1915 2584 2098 2652 plures
2125 2588 2279 2644 sunt,
2308 2580 2400 2649 qui
2428 2576 2550 2632 aliis
2576 2591 2699 2631 eum
2728 2575 3149 2647 prmdicantibus
3175 2574 3488 2642 audierunt,

1917 2674 2058 2729 sicut
2098 2672 2212 2741 ipse
2250 2668 2512 2722 Dominus
2544 2666 2620 2720 ait
2654 2682 2668 2719 :
2709 2664 2863 2721 Beati
2898 2666 2989 2734 qui
3028 2680 3134 2723 non
3170 2663 3409 2727 sidunt
3442 2671 3491 2727 et

1917 2763 2269 2819 crediderunt.
2317 2758 2490 2815 Omne
2516 2774 2648 2827 ergo
2674 2758 2901 2815 verbum
2930 2756 3073 2826 quod
3102 2754 3330 2826 apostoli
3363 2763 3419 2817 et
3443 2753 3491 2819 si

1917 2848 2013 2931 qui
2054 2856 2147 2911 alii
2187 2854 2255 2910 de
2288 2852 2508 2909 Christo
2543 2850 2977 2921 praedicaverunt
3001 2888 3018 2914 ,
3066 2848 3159 2907 hic
3201 2844 3495 2917 Apostoth

1918 2952 2143 3009 verbum
2168 2947 2371 3004 Christi
2401 2959 2521 3000 esse
2546 2942 2885 3013 pronuntiat.

1943 3091 1946 3094 .
1991 3041 2099 3100 Sed
2138 3042 2256 3096 dico
2281 3055 2300 3094 :
2346 3035 2602 3108 Nunquid
2629 3050 2735 3093 non
2772 3030 3099 3095 audierunt”
3146 3027 3404 3099 Equidem
3438 3029 3494 3091 in

1922 3148 2127 3191 omnem
2166 3140 2361 3186 terram
2399 3127 2526 3183 exiit
2559 3141 2718 3180 sonus
2754 3137 2965 3186 eorum,
3009 3128 3058 3183 et
3094 3120 3150 3181 in
3185 3118 3317 3187 ﬁnes
3353 3116 3495 3183 orbis

1922 3237 2078 3283 terrm
2102 3223 2257 3280 verba
2282 3235 2483 3276 eorum.
2510 3216 2626 3273 Hoc
2651 3217 2715 3272 de
2736 3214 2953 3271 Pssimo
2976 3217 3247 3281 sumptum
3273 3216 3377 3274 est,
3404 3207 3494 3273 ubi

1924 3319 2001 3374 ait
2025 3336 2039 3371 :
2076 3314 2200 3371 Non
2226 3320 2347 3367 sunt
2374 3306 2592 3379 loquela:
2620 3321 2783 3376 neque
2809 3316 3103 3367 sermones,
3138 3314 3361 3371 quorum
3393 3313 3496 3353 non

1924 3408 2213 3463 audiantur
2238 3415 2383 3457 voces
2424 3404 2604 3453 eorum
2632 3392 2803 3467 (Paci.
2835 3392 2973 3463 six),
3018 3391 3077 3449 in
3112 3404 3221 3461 quo
3257 3404 3357 3460 pro
3393 3388 3501 3454 lin-,

1924 3511 2152 3570 gnarum
2198 3502 2252 3548 et
2295 3501 2605 3547 sermonum
2635 3484 2901 3543 varietate
2939 3487 3131 3553 sentes
3171 3479 3289 3557 sine
3326 3477 3495 3543 dubia

1927 3588 2322 3656 intelliguntur.
2366 3582 2436 3637 Et
2463 3578 2792 3642 notandum,
2834 3574 2977 3645 quod
3009 3574 3063 3635 in
3102 3580 3306 3639 terram
3335 3585 3497 3633 sonus

1927 3677 2139 3743 exierit,
2167 3684 2224 3730 et
2263 3676 2320 3730 in
2344 3673 2480 3727 lines
2504 3670 2653 3726 orbis
2674 3674 2854 3735 terrai,
2877 3681 2987 3726 non
3010 3679 3202 3731 sanus,
3224 3661 3499 3727 sedverba

1924 3767 2288 3842 pervenerint.
2336 3763 2506 3818 Terra
2546 3772 2782 3829 namque
2826 3757 2931 3815 hoc
2980 3755 3099 3817 loco
3134 3753 3414 3825 imperitos
3447 3760 3498 3813 et

1928 3854 2243 3914 indocibiles
2286 3853 2536 3909 homines
2574 3850 2735 3914 dicit,
2777 3848 2847 3907 ad
2885 3861 3021 3917 quas
3059 3859 3170 3909 non
3205 3845 3402 3915 verba,
3446 3842 3500 3896 in

1926 3948 2123 4018 quibus
2144 3946 2284 4001 ratio
2307 3943 2432 3999 tidei
2457 3941 2766 4001 continetur
2788 3945 2845 4001 ei
2867 3935 3179 4007 explanatio
3203 3934 3499 4003 sapientis,

1928 4036 2024 4092 sed
2065 4048 2231 4092 sonus
2276 4032 2399 4089 ﬁdei
2447 4046 2570 4091 cum
2604 4035 2807 4093 manet,
2846 4025 3079 4095 simplici
3122 4022 3501 4093 praedicatione

1927 4127 2257 4200 pervenerit.
2300 4124 2491 4178 Finem
2516 4135 2645 4180 vero
2674 4120 2822 4179 orbis
2855 4126 3148 4180 terrarum,
3178 4113 3502 4179 eruditiores

1927 4232 2173 4289 quosque
2222 4221 2277 4270 et
2321 4211 2703 4283 prudentiores
2742 4205 3112 4278 appellaverit.
3166 4202 3318 4260 Finis
3356 4202 3502 4263 enim

1928 4308 2323 4381 perfectionem
2349 4304 2555 4363 indicat
2582 4314 2785 4361 rerum.
2833 4296 2915 4351 Ad
2947 4296 3051 4355 hos
3073 4308 3204 4366 ergo
3228 4292 3361 4359 tales
3395 4308 3502 4363 ηρη

1928 4399 2109 4457 solum
2132 4410 2316 4463 voces,
2351 4394 2447 4455 sed
2468 4390 2637 4453 verba
2663 4396 2722 4449 et
2748 4386 3016 4455 rationem
3042 4384 3355 4455 Pervenisse
3380 4394 3503 4456 pro-

2248 4588 2586 4639 ﬂuentem
2621 4584 2917 4638 nurui,
2950 4584 3068 4629 cu.
3103 4582 3178 4633 tv.

2011 4695 2031 4730 ι
2060 4674 2359 4731 Ambulans
2390 4678 2572 4729 autem
2601 4665 2761 4727 Iesus
2780 4665 2935 4735 juxta
2962 4675 3113 4727 mare
3139 4658 3398 4726 Gallias,
3426 4659 3508 4721 vi-

1942 4789 1962 4822 ι
1994 4770 2074 4824 dit
2102 4768 2236 4821 duos
2260 4764 2482 4827 fratres,
2511 4760 2819 4823 Simonem,
2851 4756 2944 4826 qui
2967 4761 3191 4819 vocatur
3212 4753 3425 4821 Petrus,
3451 4762 3507 4808 et

1938 4877 1963 4915 ε
1994 4859 2265 4923 Andream
2305 4853 2531 4913 “metu
2569 4847 2719 4925 eius.
2764 4848 3042 4917 niueum
3083 4852 3198 4911 rete
3238 4845 3294 4909 in
3333 4857 3505 4909 utare.

1942 4968 1975 5002 τ
1994 4953 2155 5005 mut
2172 4944 2318 5003 enim
2340 4942 2657 5011 piscatores.
2694 4937 2765 5001 Et
2779 4936 2856 4997 ait
2878 4934 3009 4993 illis:
3039 4932 3231 4997 Venite
3253 4937 3374 5003 post
3396 4944 3504 4997 me.

1944 5059 1966 5096 ι
1998 5048 2055 5097 et
2096 5037 2294 5093 iaciam
2332 5047 2433 5095 vos
2478 5029 2596 5096 fieri
2639 5030 2939 5099 piscatores
2982 5023 3279 5091 hominum,
3329 5021 3402 5089 At
3432 5019 3508 5076 illi

1944 5151 1964 5187 ι
1998 5131 2255 5193 continuo
2281 5124 2488 5182 relictis
2508 5122 2737 5187 retibus.
2769 5117 2939 5181 secuti
2966 5122 3257 5185 sarmenti],
3293 5112 3362 5181 Et,
3385 5127 3510 5182 pro—

1944 5244 1964 5281 ι
1994 5223 2191 5281 cedens
2240 5218 2365 5277 inde
2410 5215 2550 5273 vidit
2600 5213 2737 5271 alios
2782 5212 2920 5277 duos
2964 5208 3197 5281 fratres,
3247 5205 3508 5271 Jacobum

1943 5336 1965 5373 ι
1996 5314 2242 5373 Zebedtei
2280 5321 2339 5367 et
2372 5308 2637 5369 Joannem
2670 5307 2896 5371 {mtrem
2925 5302 3044 5374 eius
3087 5303 3142 5371 in
3181 5300 3341 5371 navi,
3383 5314 3508 5359 cum

1942 5425 1965 5463 ι
1996 5403 2258 5465 Ζθὺθᾱωο
2281 5410 2433 5471 patre
2459 5413 2668 5463 eorum,
2697 5395 3003 5463 reﬁcientes
3030 5393 3166 5457 retia
3188 5407 3308 5459 sua,
3339 5397 3395 5451 et
3417 5405 3511 5449 vo-

1942 5520 1965 5553 ι
1996 5499 2143 5557 cavit
2162 5511 2273 5557 eos.
2301 5495 2381 5557 Illi
2402 5501 2584 5557 autem
2603 5493 2789 5555 statim
2809 5489 3015 5553 relictis
3034 5488 3239 5547 retibus
3258 5494 3314 5555 et
3332 5495 3506 5558 patre,

1943 5610 1964 5646 ι
1996 5590 2173 5648 secuti
2201 5594 2501 5647 sustineam.
2536 5604 2556 5643 ι

2010 5684 2297 5739 Ambulans
2334 5690 2508 5739 autent
2540 5675 2698 5737 lctus
2733 5674 2894 5744 just!
2932 5688 3077 5735 mare
3112 5669 3370 5739 (inlita-at,
3402 5671 3507 5743 (Ex

1944 5772 2256 5847 Eucherio.)
2274 5772 2386 5831 Hoc
2400 5783 2551 5826 mare
2568 5772 2791 5838 propter
2810 5772 2985 5823 terras
3002 5762 3310 5835 adiacent“
3325 5763 3507 5825 multis
