4026 6460
508 446 605 502 5H

1785 408 2138 490 sumsum
2175 405 2468 465 ABBATIS

3649 384 3762 443 512

508 565 734 619 vocatu,-
752 549 1079 611 nominibus,
1103 543 1158 599 id
1184 549 1268 598 est
1291 552 1441 594 mare
1467 534 1720 598 Galilaeae,
1745 531 1894 586 lacus
1918 527 2078 584 Cina-
2102 522 2157 584 A
2178 529 2411 592 quatuor
2452 513 2842 590 principalibus
2887 507 3236 580 intelligenda
3287 511 3413 561 sunt
3442 500 3757 557 virtutibus.

2181 617 2223 619 μ
2432 614 2444 619 -
2750 607 2762 619 .
3379 611 3492 619 ____
3524 595 3732 619 ΝΑ,-

510 652 658 718 reth,
684 655 932 719 stagnum
974 639 1237 701 Genesar,
1278 645 1431 688 mare
1459 625 1782 690 Tiberiadis,
1813 622 1966 678 lacus
1993 633 2080 676 sa-

510 743 765 803 linarum,
792 745 847 791 et
872 733 970 790 rel.

584 833 729 888 Vidit
750 831 880 883 duos
901 825 1112 896 fratres,
1129 819 1394 875 Simonem
1413 814 1502 887 qui
1522 819 1737 867 vocatur
1751 808 1959 872 Petrus,
1974 813 2079 862 etc.

511 929 687 996 Quare
712 922 1011 995 piscatores
1027 911 1330 970 vocantur?
1359 925 1428 964 ne
1453 907 1575 978 quis
1601 905 1919 966 aestimaret,
1941 899 2086 970 quod

513 1033 614 1092 per
637 991 996 1084 eloquentiam
1017 1007 1435 1080 praedicatorum
1465 1015 1642 1056 sermo
1663 997 1760 1051 Dei
1788 995 1950 1049 latius
1971 991 2087 1048 exi-

515 1089 620 1167 ret.
652 1106 771 1163 Non
794 1105 890 1161 ﬁlii
910 1117 1118 1176 regum,
1143 1114 1250 1155 non
1272 1096 1462 1154 scribae
1479 1095 1658 1166 primo
1678 1089 1857 1147 vocati
1881 1102 2088 1145 memo-

516 1209 725 1266 rantur,
755 1198 849 1254 sed
876 1197 1194 1266 piscatores.

589 1292 696 1363 (Ea:
726 1265 970 1358 Hieron.)
1005 1285 1310 1340 Piscatores
1339 1287 1394 1334 et
1421 1274 1685 1332 illitterati
1707 1272 1999 1327 mittuntur
2020 1265 2090 1321 ad

516 1356 1038 1455 prtedicandum,ine
1068 1375 1201 1430 ﬁdes
1232 1369 1586 1430 credentium,
1607 1380 1718 1419 non
1740 1362 1940 1417 virtute
1965 1356 2090 1425 Dei,

518 1473 614 1530 sed
641 1469 942 1540 eloquentia
969 1473 1132 1535 atque
1157 1460 1402 1518 doctrina
1429 1457 1545 1512 ﬁeri
1573 1459 1876 1525 putaretur.

593 1564 702 1636 (Ex
737 1561 920 1633 Fulg.)
969 1559 1086 1614 Bini
1114 1563 1396 1620 vocantur,
1445 1549 1667 1619 binique
1713 1545 2003 1600 mittuntur
2041 1544 2095 1594 et

523 1665 681 1729 apte:
716 1653 808 1710 Va:
835 1654 1011 1718 enim,
1046 1651 1124 1705 ait
1151 1648 1449 1718 scriptura,
1481 1641 1578 1696 soli
1597 1681 1612 1706 ,
1643 1639 1770 1708 quia
1799 1649 1922 1691 cum
1953 1629 2096 1686 ceci-

524 1724 686 1817 derit,
712 1764 819 1805 non
845 1747 1008 1802 habet
1038 1742 1428 1799 sublevantem.
1460 1735 1595 1789 Bina
1621 1731 1819 1788 etenim
1850 1724 2096 1782 doctrina

523 1853 645 1910 est,
673 1814 912 1898 dilectio
957 1837 1054 1892 Dei
1103 1844 1158 1891 et
1207 1832 1423 1888 dilectio
1470 1825 1743 1898 proximi,
1797 1837 1900 1892 qua
1948 1814 2095 1888 pleni

524 1935 724 1990 bonum
775 1932 1180 1987 Testamentum
1221 1922 1538 1995 praedicant,
1587 1918 1643 1975 id
1683 1922 1797 1981 est,
1845 1911 2007 1981 Legis
2045 1913 2100 1965 et

523 2019 818 2095 Evangelii.

596 2091 768 2172 Erant
799 2115 935 2170 enim
962 2115 1270 2184 piscatores,
1302 2116 1348 2162 et
1380 2109 1454 2160 ait
1482 2103 1608 2167 illis,
1637 2110 1742 2156 etc.
1793 2098 1897 2169 (Ex
1923 2091 2100 2165 Orig.)

526 2211 656 2267 Mihi
701 2210 919 2264 videtur
964 2221 1072 2260 non
1139 2203 1362 2258 fortuitu
1413 2197 1743 2264 contigisse,
1800 2201 1860 2244 ut
1904 2188 2103 2242 Petrus

528 2305 748 2375 quidem
785 2307 840 2356 et
868 2299 1112 2356 Andreas
1151 2303 1207 2351 et
1248 2295 1342 2348 ﬁlii
1371 2290 1614 2347 Zebedtei
1651 2295 1768 2342 arte
1803 2283 2104 2354 piscatores

528 2371 924 2450 invenirentur.
977 2388 1176 2444 Paulus
1203 2400 1335 2440 vero
1378 2391 1494 2436 arte
1538 2379 1692 2434 faber
1728 2371 2105 2430 tabernaculo-

529 2500 684 2550 rum,
729 2490 784 2538 et
824 2482 898 2536 illi
929 2479 1107 2536 vocati
1148 2479 1216 2532 ab
1257 2485 1373 2530 arte
1413 2471 1811 2542 capiendorum
1838 2465 2102 2536 piscium,

527 2583 806 2632 mutantur
834 2580 889 2627 et
917 2571 1051 2626 ﬁunt
1079 2570 1379 2640 piscatores
1409 2562 1718 2625 hominum,
1751 2557 1966 2613 dicente
1992 2554 2102 2608 Do-

531 2667 714 2720 mino:
745 2661 927 2716 Vertite
955 2668 1068 2731 post
1097 2675 1198 2722 me,
1244 2657 1437 2726 faciam
1479 2669 1567 2707 vos
1606 2652 1892 2721 piscatores
1930 2645 2102 2700 homi-

532 2773 677 2823 num,
707 2770 815 2809 non
841 2753 1083 2816 dubium,
1121 2750 1250 2818 quin
1280 2755 1335 2801 et
1360 2745 1581 2808 Paulus,
1619 2742 1745 2811 quia
1777 2748 1832 2794 et
1860 2739 1975 2807 ipse
2005 2751 2106 2806 per

531 2846 820 2903 Dominum
847 2859 1030 2900 meum
1057 2841 1240 2898 Iesum
1266 2838 1540 2894 Christum
1566 2843 1789 2890 vocatus
1817 2830 2105 2902 Apostolus

531 2947 634 3005 est,
668 2936 831 2995 simili
862 2936 996 2991 artis
1022 2948 1134 2990 suae
1161 2929 1615 2987 transmutatione
1651 2934 1886 2982 mutatus
1916 2925 2008 2992 sit,
2046 2930 2108 2978 ut

533 3032 675 3087 sicut
708 3030 784 3084 illi
813 3043 880 3084 ex
914 3024 1275 3098 piscatoribus
1303 3021 1529 3093 piscium
1551 3063 1565 3087 ,
1605 3019 1899 3089 piscatores
1926 3015 2104 3071 homi-

536 3122 830 3180 num'facti
870 3129 1033 3185 sunt,
1081 3120 1156 3174 ita
1205 3125 1261 3172 et
1305 3117 1409 3171 iste
1448 3111 1712 3168 faciendis
1741 3107 2106 3165 tabernaculis

535 3215 783 3280 terrenis,
810 3214 876 3269 ad
905 3211 1144 3270 coelestia
1173 3206 1518 3266 tabernacula
1547 3202 1905 3261 construenda
1931 3208 2107 3256 trans—
2132 3225 2179 3290 ο

532 3309 673 3363 latus
702 3307 791 3363 sit.
825 3304 1104 3362 Construit
1127 3303 1272 3358 enim
1301 3298 1544 3356 coelestia
1572 3293 1956 3358 tabernacula,
2007 3292 2101 3347 do-

534 3415 662 3456 cens
707 3408 1147 3466 unumquemque
1174 3392 1317 3447 viam
1348 3390 1568 3453 salutis,
1628 3395 1682 3442 et
1723 3387 2005 3441 beatarum
2049 3382 2106 3436 in

534 3489 845 3545 coelestibus
882 3486 1224 3542 mansionum
1265 3483 1373 3538 iter
1396 3479 1724 3553 [ostendens,
1768 3477 1899 3532 facit
1925 3476 2109 3531 taber-

537 3578 727 3633 nacula
756 3577 954 3631 Paulus
981 3617 994 3640 ,
1043 3582 1099 3630 et
1146 3588 1267 3629 cum
1310 3574 1376 3628 ab
1413 3569 1748 3626 Hierusalem
1790 3568 1844 3622 in
1875 3566 2109 3621 circuitu

536 3682 716 3737 usque
737 3667 805 3721 ad
829 3665 1098 3735 Illyricum
1125 3663 1297 3733 replet
1318 3659 1667 3730 Evangelium
1692 3658 1810 3724 Dei,
1832 3655 2108 3726 Ecclesias

538 3753 919 3818 construendo,
948 3751 1080 3807 facit
1104 3759 1161 3806 et
1188 3751 1304 3822 ipse
1331 3747 1700 3805 tabernacula.

611 3847 680 3901 Et
716 3845 996 3918 procedens
1033 3844 1176 3910 inde,
1203 3851 1306 3898 etc.
1347 3843 1447 3917 (Ex
1489 3840 1818 3912 Fulgentio.)
1867 3839 2110 3894 Primum

541 3937 685 3992 enim
723 3939 887 3992 homo
925 3937 1062 3992 retia
1097 3935 1347 3992 desiderii
1378 3936 1459 3991 sui
1488 3934 1654 3989 mittit
1686 3934 1741 3989 in
1771 3948 1922 3988 mare
1951 3930 2113 4000 hujus

541 4029 753 4094 saeculi,
803 4036 864 4084 ut
896 4029 1044 4084 velut
1080 4029 1256 4098 pisces
1295 4042 1457 4097 opera
1504 4034 1720 4083 mortua
1759 4025 1967 4095 capiat,
2017 4023 2111 4078 sed

540 4119 962 4176 misericorditer
991 4119 1280 4175 adveniens
1306 4117 1575 4183 Christus,
1615 4132 1713 4187 per
1744 4114 2115 4184 compunctio—

541 4230 663 4268 nem
689 4214 852 4269 animi
881 4215 1062 4286 priora
1083 4220 1257 4268 mutat
1277 4212 1658 4275 instrumenta,
1681 4217 1741 4263 ut
1767 4210 1965 4264 iterum
1994 4214 2114 4262 rete

538 4305 664 4360 boni
684 4303 937 4360 desiderii
961 4304 1216 4373 infsmculi
1235 4318 1384 4357 mare.
1398 4302 1632 4372 jactans,
1653 4299 1827 4371 pisces
1846 4300 2113 4355 bonarum

541 4395 800 4448 virtutum
831 4395 956 4448 navi
985 4395 1166 4448 carnis
1196 4395 1261 4448 ad
1284 4402 1500 4462 portum
1526 4393 1652 4447 vitae
1691 4391 1912 4455 alferat,
1947 4388 2115 4445 relin-

544 4501 715 4554 quens
737 4486 1020 4556 fugitivum
1043 4485 1332 4549 diabolum,
1357 4485 1437 4540 sic
1463 4484 1606 4538 enim
1631 4485 1922 4539 Zebedaeus
1947 4481 2120 4538 inter-'

542 4584 805 4644 pretatur.
838 4575 1079 4643 Quatuor
1102 4574 1465 4645 apostolorum
1492 4573 1711 4629 nomina
1735 4574 1867 4628 duos
1887 4573 2113 4645 populos

544 4665 868 4736 signiﬁcant.
926 4664 1109 4722 Simon
1158 4666 1304 4721 enim
1350 4665 1636 4731 obediens,
1687 4666 1882 4720 Petrus
1932 4674 2112 4721 autem

546 4769 839 4825 agnoscens
871 4756 1274 4826 interpretatur,
1309 4757 1574 4828 signiﬁcat
1615 4757 1871 4826 populum
1903 4756 2115 4812 Judae-

546 4864 684 4914 rum,
709 4849 802 4918 qui
822 4849 973 4919 prius
994 4850 1232 4906 obedivit
1256 4851 1539 4921 praeceptis
1559 4849 1798 4916 Domini,
1821 4857 1875 4903 et
1896 4850 2118 4920 agnovit

545 4950 843 4996 creatorem
870 4957 1044 4996 suum.
1097 4942 1154 4997 1d
1184 4943 1389 5012 ipsum,
1432 4950 1488 4998 et
1511 4941 1774 5007 Iacobus,
1817 4942 1907 5011 qui
1943 4942 2116 4997 inter-

543 5039 790 5101 pretatur
816 5031 1204 5101 supplantator,
1248 5033 1535 5104 signiﬁcat.
1591 5033 1835 5088 Andreas
1868 5048 1996 5088 vero
2037 5033 2117 5087 in-

544 5132 876 5195 terpretatur
900 5125 1090 5191 virilis,
1132 5126 1397 5196 signiﬁcat
1426 5127 1682 5196 populum
1721 5126 1988 5197 gentium,
2023 5126 2116 5194 qui

545 5218 599 5272 in
628 5218 731 5273 ﬁde
758 5218 958 5275 Christi
984 5218 1212 5274 viriliter
1237 5220 1365 5288 agit.
1402 5219 1634 5289 ldipsum
1664 5228 1719 5274 et
1744 5217 1999 5286 Joannes,
2023 5220 2116 5289 qui

544 5309 756 5364 Domini
795 5310 965 5382 gratia
1006 5310 1391 5380 interpretatur
1417 5309 1702 5381 signiﬁcat.
1750 5309 1934 5364 Gratia
1970 5310 2117 5365 enim

544 5400 639 5454 Dei
667 5401 887 5460 salvam
915 5411 1040 5458 sunt
1068 5411 1276 5475 gentes.
1330 5402 1466 5457 Nam
1512 5410 1566 5456 et
1606 5405 1722 5458 haec
1761 5411 1996 5473 quatuor
2021 5418 2120 5458 no—

544 5491 688 5546 mina
715 5494 770 5547 in
795 5494 1034 5548 moribus
1052 5493 1472 5562 uniuscujusque
1494 5493 1727 5549 hominis
1751 5494 2116 5559 continentur,

546 5580 734 5638 Simon
766 5586 1064 5642 obediendo
1094 5587 1224 5652 Deo,
1251 5586 1443 5641 Petrus
1473 5586 1809 5656 agnoscendo
1835 5592 2118 5654 peccatum

545 5689 703 5731 suum
725 5715 739 5740 ,
783 5674 1024 5732 Andreas
1051 5677 1280 5732 viriliter
1315 5679 1628 5733 sustinendo
1667 5677 1900 5731 labores.
1953 5675 2118 5731 Iacob

543 5769 674 5824 vitia
697 5770 875 5825 carnis
893 5769 1305 5840 supplantando,
1327 5769 1560 5826 Ioannes
1583 5769 1678 5823 Dei
1704 5769 1933 5842 gratiam
1955 5769 2120 5825 susci-

545 5861 743 5933 piendo
789 5861 1076 5920 habentur.
1141 5860 1268 5923 Sive
1313 5861 1429 5919 haec
1476 5869 1709 5933 quatuor
1753 5861 1970 5921 nomina
2017 5876 2118 5935 pro

2180 617 2333 672 Tunc
2359 614 2504 670 enim
2530 607 2902 679 unusquisque
2933 603 3190 660 obediens
3214 605 3298 656 est
3317 640 3330 664 ,
3373 611 3496 652 cum
3524 595 3766 665 pruden-

2184 710 2310 765 tiam
2341 703 2664 778 agnoscendi
2691 706 2915 773 peccata
2950 694 3220 752 habuerit.
3273 690 3428 745 Tunc
3459 686 3636 743 virilis
3678 695 3769 742 est

2184 819 2308 859 cum
2339 799 2750 870 temperantiam
2794 791 3094 851 sustinendi
3122 789 3364 844 laborem
3393 781 3768 855 apprehende-

2184 897 2276 950 rit.
2329 893 2479 948 Tunc
2519 890 2915 961 supplantator,
2957 899 3080 940 cum
3109 879 3482 936 fortitudinem
3510 871 3769 929 vincendi

2185 989 2314 1043 vitia
2342 985 2623 1056 receperit.
2659 982 2811 1038 Tunc
2832 967 2927 1035 Dei
2950 977 3126 1050 gratia
3144 989 3268 1031 cum
3286 985 3475 1028 veram
3497 965 3771 1040 justitiam

2187 1077 2442 1150 implendi
2472 1075 2724 1131 mandata
2754 1070 3040 1126 invenerit.

2389 1199 2943 1285 INCIPIUNT
3018 1187 3589 1274 LECTIONES

2475 1341 2626 1401 PER
2672 1317 3117 1398 ADVENTUM
3160 1324 3475 1390 DOMTNI.

2279 1457 2695 1519 HEBDOMADA
2727 1457 2796 1513 1V
2829 1454 3014 1511 ANTE
3051 1447 3383 1507 NATALEM
3415 1441 3694 1510 DOMINI,

2853 1569 2959 1623 ho’c
2994 1574 3078 1622 est
3091 1607 3105 1631 ,

2477 1682 2691 1741 PRIMA
2729 1677 3056 1737 DOMINICA
3090 1670 3489 1739 ADVENTUS,

2675 1799 2762 1853 Ἀυ
2798 1809 2962 1858 nom,
3001 1807 3119 1848 car.
3155 1803 3278 1845 xm.

2125 1877 2176 1940 Β
2283 1931 2302 1964 ‹
2334 1909 2578 1966 Scientes
2605 1908 2733 1979 quia
2765 1907 2900 1962 hora
2939 1913 3025 1958 est
3061 1900 3175 1971 jam
3215 1913 3315 1954 nos
3344 1897 3413 1953 de
3439 1909 3632 1952 somno
3662 1908 3784 1950 sur-

2210 2025 2229 2059 ‹
2261 2020 2406 2078 gere.
2441 2002 2595 2059 Nunc
2625 2008 2805 2057 autem
2844 1997 3064 2069 propior
3093 2003 3177 2050 est
3216 1999 3406 2050 nostra
3439 1989 3588 2046 salus
3617 2003 3782 2058 quam

2211 2117 2230 2152 ‹
2262 2113 2384 2153 cum
2416 2093 2764 2151 credidimus.
2821 2089 2938 2144 Nox
2969 2085 3285 2160 praacessit,
3333 2083 3451 2139 dies
3482 2091 3662 2136 autem
3693 2095 3785 2150 ap-

2209 2209 2230 2244 ‹
2257 2187 2658 2263 propinquavit.
2693 2184 3027 2255 Abjiciamus
3065 2197 3194 2251 ergo
3228 2193 3395 2250 opera
3431 2176 3784 2232 tenebrarum

2209 2300 2231 2335 ‹
2263 2290 2318 2337 et
2345 2281 2633 2335 induamur
2660 2291 2806 2332 arma
2836 2275 2993 2337 lucis,
3032 2273 3174 2328 sicut
3201 2273 3258 2326 in
3285 2271 3372 2324 die
3409 2270 3640 2324 honeste
3673 2280 3788 2319 arn-

2212 2392 2232 2427 ‹
2261 2373 2529 2429 bulemus.
2584 2369 2704 2424 Non
2760 2368 2813 2421 in
2865 2361 3354 2422 comessationibus
3405 2367 3460 2415 et
3510 2355 3787 2412 ebrietati-

2211 2489 2230 2523 ι
2264 2471 2382 2526 bus.
2417 2466 2536 2521 Non
2562 2466 2620 2520 in
2647 2462 2917 2519 cubilibus
2939 2467 2993 2515 et
3020 2455 3388 2528 impudicitiis.
3427 2451 3549 2507 Non
3578 2451 3635 2505 in
3659 2463 3788 2504 con-

2213 2582 2232 2615 ‹
2267 2563 2600 2619 tentioneiet
2626 2554 2999 2618 aemulatione,
3043 2551 3141 2607 sed
3177 2544 3470 2604 induimini
3497 2542 3788 2600 Dominum

2212 2673 2232 2708 ς
2263 2661 2511 2715 nostrum
2539 2649 2726 2704 Iesum
2753 2646 3049 2701 Christum.
3085 2661 3104 2694 ι

2279 2741 2513 2800 Scientes
2542 2741 2668 2813 quia
2705 2739 2836 2793 hora
2873 2744 2949 2792 est
2977 2736 3095 2806 jam
3126 2748 3219 2788 nos
3248 2731 3313 2784 de
3339 2743 3524 2784 somno
3561 2741 3788 2795 surgere.

2209 2835 2306 2909 (Ex
2335 2832 2510 2905 Orig.)
2557 2831 2695 2887 Sunt
2725 2830 2949 2894 animae,
2980 2824 3154 2890 oculi,
3192 2837 3384 2887 aures,
3426 2833 3661 2902 manps,
3703 2831 3794 2886 pe-

2210 2905 2326 2991 des,
2354 2933 2460 2980 etc.
2513 2922 2644 2990 Qum
2680 2919 2892 2992 singula
2921 2933 3028 2974 non
3059 2915 3306 2972 membra
3335 2910 3674 2981 corporalia,
3706 2905 3794 2965 sed

2207 3017 2438 3072 virtutes
2491 3014 2723 3070 dicimus
2780 3027 2938 3078 esse,
3010 3009 3206 3079 quibus
3254 3006 3324 3061 ad
3370 3001 3796 3074 unumquodque

2208 3123 2428 3164 movere
2453 3121 2589 3178 opus
2615 3113 2715 3162 est.
2770 3104 2912 3175 Ergo
2952 3101 3146 3156 animae
3185 3112 3408 3154 somnus
3445 3095 3669 3165 quidem
3709 3108 3795 3148 se-

2210 3199 2444 3254 cundum
2469 3196 2653 3254 oculos
2680 3209 2825 3258 suos,
2841 3193 2886 3250 si
2913 3193 3057 3247 enim
3075 3207 3180 3246 non
3200 3189 3310 3260 agit
3336 3194 3584 3256 tempore
3607 3199 3795 3255 oppor-

2209 3301 2342 3347 tuno
2380 3305 2500 3362 quae
2541 3288 2638 3343 Dei
2683 3297 2838 3349 sunt,
2891 3285 2986 3340 sed
3023 3282 3226 3338 desidia
3260 3277 3552 3348 torpescit,
3600 3276 3794 3349 merito

2211 3381 2449 3439 dormire
2472 3380 2672 3436 dicitur
2689 3396 2702 3444 ;
2733 3377 2936 3434 idcirco
2950 3374 3150 3430 Paulus
3163 3386 3341 3443 przeco
3353 3369 3558 3425 Christi
3574 3368 3794 3423 circum-

2211 3475 2329 3530 iens
2366 3472 2626 3529 mundum
2669 3469 2722 3524 in
2767 3482 2956 3525 somno
2982 3464 3203 3522 desidiae
3237 3462 3471 3534 positum
3516 3460 3796 3514 annuntiat

2211 3565 2400 3620 adesse
2419 3564 2533 3635 jam
2555 3563 2748 3626 lucem,
2774 3568 2830 3616 et
2853 3567 3064 3630 tempus
3088 3566 3150 3612 ut
3175 3561 3430 3628 surgatur
3453 3567 3485 3609 a
3511 3567 3727 3620 somno,
3746 3559 3794 3606 et

2211 3664 2424 3728 tempus
2449 3653 2768 3727 ignorantiae
2794 3651 3154 3721 relinquatur.

2287 3747 2444 3802 Nunc
2492 3747 2627 3801 enim
2677 3744 2892 3815 propior
2935 3750 3008 3796 est
3057 3747 3238 3794 nostra
3281 3737 3427 3792 salus
3471 3752 3634 3806 quam
3685 3751 3796 3788 cum

2213 3840 2550 3897 credidimus.
2594 3837 2785 3892 Nostra
2814 3835 2982 3899 salus,
3005 3834 3060 3889 id
3079 3841 3181 3894 est,
3204 3831 3316 3886 vita
3338 3829 3520 3884 futura
3551 3829 3604 3883 in
3634 3828 3792 3890 coelo,

2213 3945 2333 4002 quae
2358 3927 2596 3999 quotidie
2626 3925 3021 3982 lahesceutibus
3051 3923 3241 3979 diebus
3277 3920 3708 3992 appropinquat,
3747 3925 3796 3974 et

2214 4023 2387 4094 spatia
2426 4035 2544 4090 quae
2574 4017 2866 4090 praeteritis
2897 4023 3180 4086 augentur,
3227 4012 3425 4068 futuris
3471 4012 3590 4067 sine
3634 4011 3794 4066 dubio

2215 4110 2640 4173 imminuuntur,
2697 4116 2753 4162 et
2797 4107 2916 4162 ideo
2959 4105 3181 4175 propior
3222 4103 3284 4158 ﬁt
3325 4103 3572 4174 quotidie
3612 4112 3794 4157 nostra

2214 4199 2382 4267 salus,
2415 4199 2470 4253 id
2499 4207 2602 4263 est,
2633 4196 2934 4266 redemptio
2960 4204 3175 4259 nostra,
3209 4209 3329 4264 quae
3355 4202 3439 4248 est
3467 4194 3583 4249 vita
3609 4209 3794 4264 perpe-

2214 4301 2304 4347 tua
2326 4333 2340 4357 ,
2373 4307 2534 4361 quam
2563 4306 2684 4345 cum
2717 4289 3080 4352 credidimus,
3123 4287 3265 4342 unde
3299 4295 3354 4341 et
3382 4286 3650 4341 Dominus
3685 4287 3791 4340 ait:

2212 4381 2402 4437 Levate
2424 4383 2598 4452 capita
2621 4390 2810 4446 vestra,
2837 4379 3088 4450 quoniam
3113 4379 3493 4450 appropinquat
3516 4378 3794 4448 redeatptio

2212 4483 2386 4532 uestra
2411 4471 2563 4544 (Luc.
2587 4471 2725 4543 xxx).

2287 4565 2413 4620 Nox
2439 4564 2724 4636 prwcessit,
2747 4562 2857 4616 dies
2886 4568 3061 4616 autem
3090 4561 3545 4632 appropinquavit.
3575 4559 3790 4615 Noctem

2215 4658 2348 4714 dicit
2381 4665 2591 4726 tempus
2621 4655 2779 4720 illud,
2811 4669 2917 4724 quo
2955 4653 3260 4724 ignorantia
3287 4652 3599 4708 hominibus
3629 4653 3794 4708 domi-

2216 4757 2342 4802 nata
2372 4756 2474 4801 est.
2523 4746 2676 4800 Diem
2706 4761 2838 4800 vero
2867 4743 3112 4799 nominat
3141 4753 3352 4814 tempus
3383 4743 3514 4798 illud
3534 4785 3548 4808 ,
3582 4761 3690 4813 quo
3713 4744 3792 4815 ju-

2216 4838 2362 4892 stitia
2387 4837 2515 4892 solis
2543 4835 2839 4891 adventura
2869 4835 3306 4892 decrescentibus
3333 4835 3577 4891 tenebris
3601 4835 3792 4905 agnitio

2216 4929 2463 4987 veritatis
2493 4929 2730 4984 advenit.
2775 4927 2903 4984 Sive
2927 4943 3036 4984 nox
3061 4935 3145 4982 est
3171 4926 3483 4990 inﬁdelitas,
3521 4927 3616 4982 lux
3644 4927 3788 4983 ﬁdes.

2219 5024 2346 5081 Sive
2372 5040 2478 5080 nox
2505 5039 2744 5095 praesens
2781 5023 3015 5079 mundus
3042 5037 3213 5092 usque
3251 5022 3318 5077 ad
3350 5021 3640 5091 judicium,
3685 5023 3790 5077 dies

2220 5128 2432 5190 tempus
2471 5128 2595 5189 post
2623 5119 2783 5173 ﬁnem
2816 5117 3018 5172 saeculi.
3054 5116 3254 5170 Verum
3285 5115 3564 5171 sciendum
3593 5123 3679 5171 est
3706 5115 3791 5168 ad-

2219 5221 2438 5265 ventum
2460 5209 2594 5264 lucis
2612 5207 2790 5276 hujus,
2807 5216 2864 5262 et
2880 5207 2984 5262 diei
3006 5206 3203 5276 duplici
3222 5207 3381 5262 modo
3398 5207 3787 5275 accipiendum.

2220 5300 2556 5357 Generaliter
2576 5299 2850 5362 omnibus,
2873 5307 2928 5352 et
2951 5298 3243 5367 unicuique
3269 5297 3602 5367 specialiter.
3633 5296 3794 5352 Gene-

2220 5394 2410 5449 raliter
2434 5408 2557 5448 cum
2595 5391 2710 5446 dies
2749 5389 2916 5445 futuri
2955 5390 3136 5446 saeculi
3179 5390 3494 5453 advenerit,
3541 5390 3610 5444 ad
3648 5389 3795 5460 cujus

2225 5486 2682 5556 comparationem
2711 5484 2995 5553 praesentis
3028 5483 3186 5552 hujus
3224 5483 3408 5538 mundi
3446 5484 3680 5554 spatium
3723 5491 3794 5536 te-

2225 5578 2405 5632 nebrae
2453 5575 2810 5647 appellantur.
2887 5574 3244 5646 Singularitcr
3291 5574 3583 5644 unicuique
3609 5616 3624 5640 ,
3674 5587 3794 5628 cum

2224 5670 2474 5727 Christus
2500 5671 2554 5725 in
2579 5669 2742 5724 corde
2767 5675 2874 5732 est,
2899 5667 3038 5725 diem
3067 5667 3144 5723 illi
3169 5666 3322 5734 facit,
3347 5681 3470 5723 cum
3497 5663 3793 5739 ignorantia

2226 5765 2478 5822 tenebras
2505 5763 2580 5817 illi
2609 5769 2852 5834 generat.

2297 5856 2618 5927 Abjiciamut
2658 5870 2779 5926 ergo
2815 5869 2972 5925 opera
3009 5852 3373 5927 tenebrarum,
3421 5859 3468 5908 et
3512 5850 3794 5916 indum
