4026 6462
269 393 382 451 815

1079 385 1594 445 COLLECTIONES
1627 384 1694 443 1N
1735 383 2114 444 EPISTOLAS
2153 385 2242 443 ΕΤ
2283 385 2700 444 EVANGELIA.

3415 388 3518 444 5M

271 518 428 560 arma
457 499 623 567 lucis,
659 499 794 556 sicut
832 497 889 554 in
923 498 1009 554 die
1045 500 1254 556 honeste
1289 501 1634 557 ambulemus.
1681 501 1857 571 Opera
1883 508 1936 568 Α
1959 502 2207 558 fessionis
2231 502 2482 572 portabat
2508 501 2730 574 typum],
2751 509 2808 558 et
2824 508 2944 559 erat
2964 499 3100 558 situs
3128 499 3185 557 in
3209 510 3391 560 monte
3419 505 3525 564 Oli-

273 592 625 652 tenebrardm
664 600 792 648 sunt
829 599 982 647 actus
1022 591 1132 657 illi,
1174 590 1268 662 qui
1299 608 1331 647 a
1357 592 1468 648 Deo
1505 593 1666 648 alieni
1694 601 1854 661 sunt,

271 701 398 757 quae
435 685 617 741 carnis
656 697 822 754 opera
869 682 1227 754 appellantur,
1274 682 1330 736 in
1371 683 1456 738 his
1500 683 1591 753 qui
1637 699 1858 740 carnem

274 792 434 833 suam
461 775 689 830 luxuriae
721 783 776 830 et
805 773 1183 844 impudicitiae,
1213 789 1319 830 non
1349 774 1655 841 sanctitati,
1686 778 1860 844 itaque

276 869 509 924 Domino
532 869 928 938 manciparunt.
957 869 1122 922 Arma
1143 882 1272 922 vero
1293 867 1450 935 lucis,
1474 878 1598 924 sunt
1617 868 1856 924 omnium

273 961 576 1031 assumptio
606 962 865 1016 virtutum
883 1000 898 1026 ,
942 961 998 1015 in
1024 961 1220 1030 quibus
1247 962 1402 1031 quasi
1432 960 1488 1016 in
1519 962 1606 1018 die
1636 961 1860 1017 honeste

275 1062 335 1110 et
368 1053 704 1110 conﬁdenter
730 1052 1086 1108 ambulamus.

353 1143 480 1199 Non
526 1144 582 1198 in
624 1143 1086 1198 comessationibus
1137 1152 1185 1198 et
1241 1143 1600 1199 ebrietatibus.
1649 1144 1864 1200 Comes-

279 1238 424 1294 satio
483 1251 684 1293 mensae
735 1237 953 1292 collatio
1002 1244 1124 1303 est._
1159 1235 1285 1291 Sive
1324 1237 1745 1293 comessationes
1785 1237 1863 1293 di-

281 1337 483 1384 cuntur
501 1327 787 1383 inhonesta
811 1335 865 1382 et
884 1327 1165 1382 luxuriosa
1185 1327 1450 1393 convivia,
1468 1328 1664 1397 quibus
1685 1342 1864 1383 comes

281 1428 369 1474 est
399 1419 711 1490 turpissima
741 1418 1080 1474 temulentia.

360 1508 486 1563 Non
510 1509 565 1562 in
588 1508 846 1564 cubilibus
871 1519 917 1563 et
941 1509 1300 1580 impudicitiis.
1329 1509 1375 1563 Α
1403 1509 1562 1566 fmdis
1581 1510 1865 1567 cubitatio-

283 1599 448 1655 nibus
475 1599 672 1654 cubilia
701 1599 967 1670 appellata
994 1607 1150 1665 sunt,
1205 1615 1323 1668 quae
1361 1616 1467 1655 non
1492 1609 1600 1654 tam
1631 1602 1866 1657 rationa-

284 1690 488 1746 bilibus
534 1690 820 1746 videantur
867 1691 1197 1752 hominibus,
1241 1705 1406 1760 quam
1431 1689 1559 1746 feris
1591 1700 1646 1747 et
1675 1692 1868 1747 belluis

287 1780 599 1838 convenire.
636 1781 976 1852 Impudicitia
1003 1781 1201 1838 dicitur
1227 1781 1636 1854 irreligiositas,
1671 1792 1727 1839 et
1750 1783 1868 1840 sine

287 1871 617 1927 verecundia
645 1873 937 1943 turpitudo.

366 1963 492 2019 Non
520 1965 577 2018 in
609 1966 934 2021 contentione
980 1977 1028 2022 et
1060 1968 1415 2026 aemulatione.
1447 1971 1542 2027 Illa
1568 1987 1688 2042 quae
1715 1986 1873 2043 supe-

292 2054 409 2112 rius
431 2056 566 2112 dixit
588 2058 770 2113 carnis
792 2067 917 2114 sunt
935 2059 1066 2114 vitia
1087 2101 1102 2128 ,
1130 2063 1248 2117 hmc
1275 2079 1404 2120 vero
1433 2066 1623 2120 animae
1642 2106 1656 2130 ,
1686 2081 1875 2134 quam-

292 2152 379 2208 vis
392 2153 572 2207 omnia
586 2153 748 2208 simul
768 2154 948 2208 carnis
964 2169 1126 2224 opera
1149 2164 1205 2208 et
1229 2158 1577 2211 tenebrarum
1599 2157 1870 2222 dicantur,

292 2243 422 2311 quia
464 2257 653 2298 revera
692 2244 968 2298 contentio
1006 2255 1062 2300 et
1094 2245 1370 2300 aemulatio
1396 2247 1451 2300 in
1497 2246 1652 2301 malis
1688 2229 1876 2302 eorum

293 2341 399 2398 est,
432 2333 525 2402 qui
553 2335 850 2388 secundum
871 2349 1091 2389 carnem
1114 2335 1321 2400 vivunt,
1351 2344 1405 2389 et
1430 2337 1523 2405 qui
1552 2337 1608 2390 in
1638 2337 1876 2392 tenebris

297 2425 612 2492 ambulant;
643 2426 737 2496 qui
765 2435 946 2481 autem
972 2427 1026 2482 in
1052 2427 1171 2482 luce
1199 2435 1304 2494 est,
1331 2436 1386 2483 et
1419 2429 1557 2483 sicut
1587 2429 1641 2484 in
1669 2429 1755 2484 die
1781 2430 1878 2484 ho-

298 2525 453 2571 neste
482 2517 757 2584 ambulat,
803 2518 938 2574 nihil
983 2535 1080 2590 per
1118 2523 1550 2587 contentionem,
1584 2538 1758 2592 neque
1782 2535 1879 2591 per

299 2608 516 2662 inanem
541 2608 764 2680 gloriam
800 2611 971 2681 gerit,
1023 2612 1112 2668 hic
1146 2613 1414 2668 aemulatio
1447 2613 1741 2670 invidentia
1791 2614 1877 2670 in-

303 2698 582 2767 telligitur.

373 2788 476 2844 Sed
517 2789 800 2847 induimini
837 2793 1122 2850 Dominum
1153 2795 1337 2851 Iesum
1373 2797 1656 2856 Christum.
1723 2798 1880 2855 Modo

300 2882 541 2952 exponit,
572 2885 716 2953 quod
737 2887 984 2956 superius
1022 2888 1179 2956 dixit,
1209 2889 1496 2946 induamus
1535 2907 1686 2947 arma
1718 2892 1874 2948 lucis.

302 2971 552 3029 Christus
565 2976 710 3030 enim
728 2979 971 3033 omnium
989 2988 1301 3036 sanctorum
1325 2999 1545 3038 suorum
1568 3000 1719 3038 arma
1743 2984 1880 3041 lucis

302 3065 552 3122 eﬁicitur.
631 3069 966 3141 Frequenter
1011 3074 1155 3128 enim
1195 3075 1426 3132 diximus
1473 3076 1748 3132 Christum
1793 3094 1882 3134 sa-

303 3159 564 3228 pientiam
614 3176 734 3218 esse
796 3173 852 3219 et
903 3164 1173 3234 justitiam
1212 3176 1267 3223 et
1311 3169 1790 3226 sanctiﬁcationem
1825 3180 1880 3228 et

1955 596 2083 663 veti,
2111 596 2201 650 ubi
2228 594 2411 652 lumen
2436 596 2676 652 scientiae
2699 633 2718 662 ,
2765 595 2860 652 ubi
2903 594 3150 674 laborum
3190 602 3248 651 et
3280 595 3524 654 dolorum

1955 690 2172 760 requies
2192 698 2294 746 est.

2029 784 2174 840 Tunc
2202 784 2358 840 Iesus
2400 783 2546 838 misit
2591 783 2723 838 duos
2764 781 3072 853 discipulos,
3095 782 3271 838 dicens
3297 782 3390 838 eis.
3424 782 3529 854 (Ex

1956 878 2147 952 Beda.)
2200 879 2320 936 Non
2347 878 2618 935 immerito
2643 879 2824 948 posuit
2850 879 2956 934 duo
2985 878 3258 948 discipuli,
3291 879 3357 934 ad
3385 878 3534 934 exhi-

1959 973 2134 1028 benda
2159 972 2390 1030 Domino
2419 971 2670 1027 animalia
2699 972 2955 1027 destinati
2981 973 3086 1027 duo
3119 972 3530 1042 praedicatorum

1961 1064 2197 1132 ordines,
2227 1081 2368 1119 unus
2405 1062 2656 1119 videlicet
2699 1061 2755 1117 in
2796 1070 3014 1133 gentes,
3059 1063 3197 1117 alter
3224 1063 3281 1118 in
3303 1063 3536 1118 circum-

1962 1154 2167 1211 cisione
2203 1155 2448 1226 intelligi.
2512 1155 2614 1224 Qui
2643 1166 2788 1211 recte
2822 1156 2927 1211 duo
2954 1155 3258 1223 mittuntur,
3285 1157 3398 1213 sive
3418 1171 3537 1228 pro-

1961 1253 2083 1316 pter
2118 1248 2402 1304 scientiam
2441 1249 2686 1303 veritatis
2722 1257 2777 1304 et
2818 1248 3148 1319 operationis
3185 1249 3536 1316 munditiam,

1963 1351 2059 1391 seu
2079 1346 2298 1409 propter
2317 1339 2543 1409 gemina:
2567 1339 2867 1396 dilectionis
2888 1339 2984 1394 Dei
3011 1338 3263 1394 videlicet
3273 1347 3329 1396 et
3353 1339 3541 1410 proxi—

1964 1428 2039 1484 mi
2069 1438 2470 1484 sacramentum
2502 1435 2612 1485 tote
2634 1431 2766 1486 orbe
2791 1429 3209 1500 praedicandum.

2037 1518 2119 1573 Ite
2150 1521 2205 1574 in
2236 1520 2508 1574 castellum
2539 1521 2679 1591 quod
2714 1529 2897 1575 contra
2927 1537 3013 1574 vos
3037 1529 3132 1574 est.
3163 1518 3267 1591 (Ex
3291 1517 3542 1589 Hieron.)

1967 1608 2168 1664 Contra
2197 1611 2468 1682 apostolos
2491 1611 2637 1666 enim
2666 1619 2810 1677 erat,
2848 1625 2949 1665 nec
2968 1610 3156 1681 jugum
3178 1609 3545 1665 doctrinarum

1966 1701 2221 1756 volebant
2243 1703 2507 1773 accipere.
2547 1701 2696 1758 Missi
2728 1702 2818 1757 isti
2841 1701 3086 1772 discipuli
3111 1701 3358 1757 doctores
3378 1701 3547 1774 signi-

1969 1793 2170 1859 ﬁcant,
2223 1793 2317 1863 qui
2366 1794 2584 1849 indocta
2637 1809 2704 1850 ac
2741 1795 2973 1850 barbara
3020 1795 3184 1850 totius
3230 1796 3380 1852 orbis
3407 1796 3546 1863 loca,

1899 1880 1946 1942 B
1973 1885 2126 1955 quasi
2153 1885 2504 1954 contrapositi
2539 1884 2744 1942 castelli
2779 1884 2981 1940 moenia
3015 1884 3430 1957 evangelizando
3457 1900 3550 1957 pe-

1975 1975 2236 2029 netrando
2265 1973 2573 2029 destinavit.

2045 2065 2115 2118 Et
2163 2066 2344 2118 statim
2388 2065 2657 2120 invenietis
2701 2065 2909 2119 asinam
2950 2064 3224 2135 alligatam
3269 2073 3318 2119 et
3348 2064 3554 2135 pullum

1977 2170 2094 2208 cum
2117 2170 2210 2220 ea;
2249 2153 2449 2220 solvite,
2478 2164 2526 2209 et
2557 2153 2802 2208 adducite
2826 2153 2976 2207 mihi.
3039 2153 3374 2208 lntroeuntes
3397 2169 3552 2208 mun-

1977 2243 2106 2298 dum
2134 2244 2516 2313 praedicatores
2545 2244 2754 2308 sancti,
2807 2243 3130 2298 invenerunt
3168 2241 3424 2313 populum
3463 2257 3554 2298 na-

1978 2338 2184 2392 tionum
2225 2337 2464 2407 perﬁdiae
2501 2336 2729 2391 vinculis
2759 2335 3051 2391 irretitum.
3105 2335 3381 2390 Funiculis
3408 2335 3553 2390 enim

1977 2439 2323 2500 peccatorum
2371 2443 2594 2484 suorum
2642 2427 3014 2496 unusquisque
3043 2429 3372 2482 constrictus
3415 2434 3554 2493 erat,

1977 2536 2080 2576 nec
2102 2519 2275 2575 solum
2297 2519 2596 2584 nationum,
2619 2533 2808 2574 verum
2829 2518 2995 2572 etiam
3019 2515 3350 2584 Iudaeorum,
3369 2532 3559 2573 omnes

1979 2613 2125 2668 enim
2150 2619 2511 2682 peccaverunt
2539 2617 2595 2664 et
2619 2616 2777 2680 egent
2797 2608 2966 2678 gloria
2999 2607 3114 2662 Dei.
3144 2608 3310 2663 Asina
3339 2607 3556 2678 quippe,

1979 2718 2098 2772 qua:
2143 2700 2437 2772 subjugalis
2468 2709 2520 2756 ct
2546 2700 2778 2766 domita,
2827 2713 3183 2770 synagogam,
3226 2697 3558 2769 quzejugum

1980 2793 2113 2864 legis
2143 2800 2421 2858 traxerat,
2465 2791 2643 2863 pullus
2687 2790 2853 2845 asinae
2878 2789 3112 2845 lascivus
3151 2797 3206 2844 et
3229 2789 3366 2844 liber
3393 2804 3560 2859 popu-

1981 2885 2091 2939 lum
2138 2885 2420 2939 nationum
2461 2883 2763 2954 signiﬁcat,
2819 2897 2980 2952 super
3015 2897 3176 2951 quem
3203 2897 3362 2938 nemo
3387 2882 3563 2936 adhuc

1982 2978 2262 3033 hominum
2295 2977 2453 3043 sedit,
2495 2977 2620 3047 quia
2647 2991 2807 3032 nemo
2840 2977 3243 3032 rationabilium
3272 2977 3558 3032 doctorum

1982 3069 2192 3126 frenum
2217 3071 2570 3126 correctionis
2593 3111 2608 3136 ,
2659 3069 2802 3140 quod
2841 3069 2925 3123 vel
2967 3069 3204 3140 linguam
3250 3069 3504 3125 c‘ohibere
3532 3085 3564 3123 a

1985 3165 2147 3230 malo,
2170 3164 2257 3219 vel
2279 3165 2335 3220 in
2361 3172 2570 3219 arctam
2598 3163 2723 3218 vitze
2748 3163 2894 3216 viam
2935 3162 3015 3217 ire
3053 3171 3354 3233 cogeretur.
3393 3162 3563 3218 Nemo

305 3248 591 3305 veritatem
616 3292 630 3316 ,
681 3261 738 3307 et
771 3269 960 3310 omnes
999 3257 1258 3324 virtutes,
1288 3274 1424 3328 quas
1451 3260 1636 3331 utique
1667 3262 1761 3332 qui
1791 3277 1879 3319 as—
1907 3235 1952 3300 Ο
1986 3259 2299 3313 indumenta
2329 3244 2516 3313 salutis
2546 3257 2740 3326 quibus
2772 3255 3123 3325 spiritualiter
3153 3255 3444 3319 caleﬁeret,
3473 3271 3566 3324 po-

305 3343 598 3411 sumpserit
643 3341 920 3400 Christum
969 3347 1164 3402 dicitur
1210 3348 1474 3416 induisse,
1517 3351 1561 3405 si
1595 3353 1740 3407 enim
1767 3354 1884 3410 haac
1981 3349 2107 3419 pulo
2153 3347 2390 3418 gentium
2441 3346 2593 3400 utilia
2645 3345 2919 3400 suadendo
2965 3343 3306 3408 contulerat,
3355 3344 3566 3398 sederet

304 3433 490 3500 omnia
536 3432 784 3492 Christus
831 3445 947 3503 est,
1000 3441 1307 3496 necessario
1348 3443 1441 3511 qui
1483 3442 1599 3499 haec
1626 3445 1788 3502 habet
1828 3456 1884 3503 et
1985 3454 2218 3508 namque
2245 3454 2405 3509 super
2435 3437 2583 3492 illum
2607 3438 2799 3502 homo,
2835 3437 2881 3493 si
2919 3435 3114 3506 aliquis
3137 3435 3350 3490 ratione
3381 3443 3562 3500 utens,

307 3523 585 3580 Christum
611 3525 794 3582 habet.

602 3633 942 3676 EVANGELIUI
977 3634 1266 3688 ΙΔΤΊἮΔΞΙ,
1309 3639 1426 3680 CAP.
1468 3639 1582 3681 XXI.

388 3725 407 3759 ι
427 3705 561 3764 Cum
579 3712 1528 3788 appropinquassentHierosolymis,
1545 3725 1597 3772 et
1611 3719 1888 3778 venissent

312 3817 332 3850 ι
365 3798 675 3870 Bethphage
719 3803 789 3857 ad
829 3814 1068 3860 montem
1107 3805 1320 3861 Oliveti.
1382 3807 1529 3863 Tunc
1553 3810 1710 3866 Jesus
1737 3812 1888 3866 misit

311 3908 331 3942 ι
369 3891 504 3946 duos
533 3891 846 3962 discipulos,
877 3895 1062 3952 dicens
1081 3897 1198 3952 eis:
1237 3897 1315 3954 lte
1354 3898 1409 3952 in
1448 3901 1729 3957 castellum
1744 3903 1889 3972 quod

315 4001 334 4034 ι
368 3990 558 4038 contra
599 4001 696 4039 vos
725 3995 838 4051 est,
876 3995 931 4040 et
952 3987 1133 4042 statim
1167 3989 1452 4046 invenietis
1473 3993 1680 4047 asinam
1703 3993 1890 4064 alliga-

316 4093 334 4125 ι
367 4084 500 4140 tam,
532 4083 585 4129 et
606 4076 808 4146 pullum
840 4091 963 4131 cum
996 4094 1088 4144 ea;
1133 4079 1350 4147 solvite,
1379 4091 1432 4136 et
1460 4082 1707 4138 adducite
1734 4084 1886 4138 mihi.

252 4243 259 4250 I
315 4187 334 4219 ι
369 4169 438 4223 Ει
479 4170 524 4225 si
551 4172 672 4240 quis
709 4172 861 4227 vobis
889 4173 1091 4243 aliquid
1112 4174 1336 4241 dixerit,
1379 4176 1538 4232 dicite
1567 4197 1580 4230 :
1632 4178 1766 4244 Quia
1795 4180 1893 4234 Do-

316 4278 335 4310 t
367 4259 551 4316 minus
581 4262 664 4316 his
688 4278 822 4332 opus
851 4263 1044 4332 habet,
1092 4274 1146 4320 et
1183 4267 1466 4323 confestim
1500 4269 1735 4325 dimittet
1775 4285 1888 4327 eos.

315 4368 335 4402 ι
367 4350 485 4408 Hoc
502 4361 683 4408 autem
706 4362 879 4409 totum
895 4354 1098 4411 factum
1122 4367 1219 4424 est,
1249 4366 1310 4414 ut
1339 4359 1725 4430 adimpleretur
1749 4362 1892 4431 quod

316 4464 337 4499 ι
370 4448 572 4502 dictum
617 4456 701 4504 est
751 4465 849 4520 per
881 4449 1203 4520 Prophetam
1257 4453 1525 4509 dicentem
1568 4455 1783 4509 :Dicite
1832 4455 1894 4509 ﬁ-

318 4555 338 4589 t
368 4537 454 4593 lia:
482 4537 612 4594 Sion
637 4558 649 4593 :
675 4539 814 4595 Ecce
848 4556 942 4596 rex
981 4549 1104 4598 tuus
1140 4542 1288 4598 venit
1319 4544 1413 4599 tibi
1442 4554 1778 4611 mansuetus,
1810 4561 1894 4601 se-

320 4650 340 4684 c
369 4632 504 4688 dens
556 4649 719 4704 super
767 4634 974 4690 asinam
1014 4643 1069 4690 et
1108 4637 1310 4706 pullum
1365 4637 1532 4692 ﬁlium
1579 4637 1891 4710 subjugalis.

321 4741 341 4776 ε
373 4723 576 4780 Euntes
627 4732 810 4780 autem
869 4723 1115 4796 discipuli
1166 4725 1410 4783 iecerunt
1442 4726 1600 4782 sicut
1641 4727 1898 4798 przecepit

322 4834 343 4868 ι
372 4815 483 4870 illis
503 4813 682 4871 Iesus.
758 4817 826 4872 Et
863 4818 1200 4874 adduxerunt
1243 4820 1451 4874 asinam
1497 4827 1552 4874 et
1595 4819 1799 4890 pullum
1843 4830 1898 4876 et

324 4925 345 4960 ι
380 4907 754 4977 imposuerunt
781 4923 942 4980 super
965 4926 1059 4964 eos
1086 4910 1407 4966 vestimenta
1432 4926 1547 4976 sua,
1576 4921 1628 4966 et
1652 4928 1774 4968 eum
1807 4913 1899 4968 de-

325 5017 347 5053 ‹
381 5013 546 5069 super
573 4999 763 5055 sedere
798 4999 1059 5056 fecerunt.
1099 5001 1335 5058 Plurima
1366 5013 1548 5060 autem
1577 5005 1732 5060 turba
1763 5012 1900 5060 stra-

327 5107 346 5142 (
375 5096 575 5145 verunt
600 5089 918 5146 vestimenta
943 5106 1040 5147 sua
1060 5091 1114 5146 in
1146 5092 1250 5146 via.
1290 5093 1394 5150 Alii
1417 5106 1596 5151 autem
1625 5095 1902 5152 caedebant

329 5199 349 5234 t
383 5197 566 5237 ramos
589 5180 656 5237 de
687 5181 970 5238 arboribus
1005 5189 1059 5238 et
1096 5182 1409 5238 sternebant
1446 5185 1500 5239 in
1535 5185 1639 5241 via.
1708 5185 1902 5242 Turbae

330 5290 348 5323 ι
382 5280 565 5327 autem
595 5287 715 5342 quae
744 5271 1148 5342 praecedebant,
1177 5281 1233 5328 et
1259 5289 1379 5343 qua:
1404 5276 1767 5346 sequebantur
1792 5275 1904 5332 cla-

330 5380 350 5415 ς
381 5364 625 5429 mabant,
664 5364 905 5420 dicentes
931 5383 944 5418 :
978 5363 1193 5420 Osanna
1217 5365 1328 5421 ﬁlio
1349 5367 1546 5435 David,
1583 5367 1901 5424 benedictus

330 5473 350 5506 ι
381 5456 474 5526 qui
501 5456 650 5510 venit
669 5458 723 5512 in
748 5457 964 5512 nomine
1000 5458 1230 5513 Domini.
1265 5479 1282 5512 ι

399 5547 533 5604 Cum
578 5551 1083 5621 adpropinquassent
1111 5549 1492 5622 Hierosolymis
1515 5593 1530 5620 ,
1561 5560 1610 5608 et
1646 5552 1905 5608 venissent

327 5639 631 5712 Bethphage
655 5641 724 5694 ad
750 5651 973 5695 montem
1000 5641 1205 5697 Oliveti.
1238 5643 1340 5714 (Ex
1370 5643 1612 5714 Hieron.)
1638 5643 1905 5714 Bethpha—

331 5746 398 5802 ge
428 5739 608 5786 autem
632 5733 823 5788 domus
847 5732 1028 5788 buccae
1048 5774 1061 5799 ,
1105 5734 1217 5789 sive
1245 5734 1435 5789 domus
1459 5735 1800 5790 maxillarum
1825 5736 1906 5792 in-

335 5830 686 5893 terpretatur,
729 5826 855 5896 quia
899 5825 1237 5883 sacerdotum
1272 5825 1478 5882 viculus
1520 5836 1665 5890 erat,
1695 5834 1750 5883 et
1778 5842 1906 5885 con-

1918 4597 1972 4658 D

1986 3531 2104 3602 ejus
2133 3530 2416 3586 stultitiam
2443 3530 2794 3600 deprimendo
2821 3530 3135 3602 corrigeret.

1955 3647 1966 3656 -
2058 3623 2130 3677 Et
2167 3622 2214 3676 si
2239 3622 2354 3693 quis
2378 3621 2516 3676 vobis
2543 3615 2744 3692 aliquid
2769 3622 2958 3676 dixerit
2984 3637 3002 3676 :
3043 3619 3212 3674 Dicite
3236 3619 3362 3690 quia
3391 3617 3568 3672 Domi-

1988 3729 2087 3767 nus
2110 3713 2191 3767 Itis
2214 3727 2340 3782 opus
2366 3711 2536 3776 habet,
2559 3721 2606 3764 et
2633 3710 2905 3781 confestim
2931 3709 3152 3764 dimittet
3178 3724 3284 3762 eos.
3342 3706 3402 3761 In
3423 3706 3568 3762 Luca

1989 3804 2250 3874 scriptum
2276 3810 2377 3868 est,
2411 3803 2536 3872 quia
2591 3801 2847 3856 Dixerunt
2886 3801 3087 3855 domini
3137 3800 3250 3870 ejus
3291 3798 3361 3852 ad
3395 3797 3516 3852 illos
3547 3811 3566 3850 .'

1993 3895 2133 3960 Quid
2162 3893 2358 3949 solvitis
2396 3892 2638 3964 pullum?
2673 3901 2730 3949 et
2779 3901 2902 3962 apte
2949 3891 3120 3947 satis:
3156 3891 3351 3946 Multos
3373 3893 3573 3961 quippe

1992 3984 2228 4041 habebat
2251 3985 2530 4050 dominos,
2561 3985 2652 4054 qui
2679 3999 2788 4040 non
2817 4000 2926 4040 uno
2966 3984 3204 4054 dogmati
3229 3992 3284 4037 et
3317 3983 3572 4053 supersti-

1996 4079 2126 4134 tioni
2149 4079 2394 4144 deditus,
2434 4078 2529 4132 sed
2555 4093 2654 4147 pro
2674 4077 2832 4132 libitu
2858 4078 3255 4132 immundorum
3286 4076 3573 4145 spirituum

1995 4168 2064 4223 ad
2089 4169 2270 4224 varios
2311 4170 2658 4238 diversosque
2692 4169 2858 4224 miser
2896 4168 3211 4236 raptabatur
3243 4181 3478 4232 errores,
3508 4166 3574 4221 ad

1996 4261 2287 4316 simulacra
2315 4270 2486 4327 muta,
2523 4270 2681 4331 prout
2706 4261 3004 4315 ducebatur
3038 4258 3313 4314 incedens.

2069 4353 2184 4408 Hoc
2215 4362 2389 4409 autem
2422 4363 2589 4408 totum
2621 4353 2817 4436 factum
2853 4363 2958 4418 est,
3007 4363 3065 4406 ut
3098 4352 3400 4424 impleretur
3439 4353 3576 4424 quod

1995 4444 2192 4498 dictum
2213 4453 2284 4498 est
2304 4461 2396 4515 per
2408 4440 2745 4514 PrOphetam,
2763 4443 3017 4499 dicentem
3049 4443 3250 4498 :Dicite
3271 4443 3398 4513 filia:
3421 4444 3574 4510 Sion,

1997 4545 2102 4593 etc.
2165 4537 2279 4593 Hoc
2319 4537 2374 4592 in
2423 4537 2684 4607 propheta
2723 4537 2985 4592 Zacharia
3033 4537 3291 4607 scriptum
3323 4544 3450 4592 est:
3482 4535 3573 4590 Fi-

1999 4631 2070 4684 lia
2094 4628 2222 4686 Sion
2251 4629 2471 4702 (lac/ta.
2498 4632 2596 4700 ix).
2636 4629 2996 4686 ilistorialiter
3032 4629 3367 4685 Hierusalem
3410 4638 3578 4685 totam

2000 4724 2085 4778 vel
2110 4723 2263 4790 Sion,
2295 4740 2414 4793 qua:
2445 4725 2498 4778 in
2530 4732 2648 4779 arte
2669 4725 2840 4794 posita
2867 4732 2984 4780 erat
3007 4725 3139 4780 dicit
3164 4743 3178 4780 :
3215 4724 3582 4795 Spiritualiter

2001 4831 2132 4872 vero
2177 4824 2419 4872 sanctam
2467 4815 2736 4884 signiﬁcat
2765 4816 3062 4872 Ecclesiam
3087 4857 3101 4884 ,
3145 4817 3211 4872 ad
3235 4833 3395 4887 quam
3425 4817 3582 4872 Chri-

2001 4917 2117 4963 stus
2150 4907 2336 4962 venire
2366 4906 2619 4978 dignatus
2642 4915 2744 4962 est.
2787 4907 2941 4975 Quod
2964 4909 3095 4964 dicit
3127 4907 3241 4962 Rex
3262 4919 3416 4973 tuus,
3447 4923 3511 4964 ac
3533 4907 3580 4964 si

2003 4997 2169 5064 dicat,
2208 5013 2314 5052 non
2341 5006 2653 5064 extrancus,
2683 5014 2789 5053 non
2813 4998 3140 5070 alienigena,
3183 4999 3277 5054 sed
3307 5000 3577 5070 proprius,

2003 5097 2338 5154 mansuetus,
2369 5087 2424 5142 id
2461 5097 2565 5155 est,
2596 5104 2703 5145 non
2730 5088 2884 5144 ferox
2920 5097 2975 5146 et
3002 5089 3222 5144 immitis
3248 5130 3262 5155 ,
3297 5087 3578 5154 utcmteri,

2003 5183 2116 5254 ipse
2151 5183 2294 5238 enim
2323 5181 2389 5238 de
2415 5197 2474 5238 se
2500 5182 2577 5238 ait
2603 5202 2615 5236 :
2647 5183 2847 5239 Discite
2869 5200 2902 5237 a
2931 5199 3031 5252 me,
3072 5183 3197 5254 quia
3223 5181 3362 5236 mitis
3386 5197 3502 5235 sum
3532 5186 3582 5236 et

2003 5273 2216 5328 humilis
2237 5273 2392 5328 corde
2421 5272 2635 5346 (Matth.
2666 5273 2764 5346 χι).

2076 5367 2274 5422 Euntes
2304 5377 2480 5423 autem
2505 5369 2749 5441 discipuli
2776 5368 3030 5438 fecerunt,
3063 5367 3198 5421 sicut
3232 5365 3476 5436 prwcepit
3507 5364 3582 5420 eis

2006 5459 2184 5525 Iesus,
2211 5469 2261 5516 et
2290 5461 2626 5517 adduxerunt
2657 5465 2862 5518 asinam
2886 5471 2934 5515 et
2955 5458 3178 5530 pullum.
3212 5457 3351 5524 Quid
3374 5457 3585 5513 solven-

2007 5553 2076 5610 do
2130 5553 2274 5624 pullo
2317 5557 2792 5619 contradixerant,
2855 5553 3040 5608 audito
3099 5551 3307 5605 Domini
3347 5551 3584 5615 nomine,

2007 5646 2289 5717 quiescunt
2313 5689 2326 5713 ,
2379 5649 2470 5717 qui
2501 5647 2843 5702 venientibus
2870 5643 2937 5698 ad
2965 5643 3195 5699 salutem
3223 5644 3459 5717 gentium
3493 5643 3589 5698 do-

2007 5739 2247 5794 ctoribus
2277 5739 2648 5802 obsistebant,
2701 5745 2928 5791 eatenus
2964 5752 3090 5792 suas
3124 5737 3376 5792 tenebras
3402 5733 3588 5805 deleti:

2009 5831 2236 5900 derunt,
2282 5815 2453 5888 donec
2477 5826 2754 5886 miraculis
2800 5830 3210 5898 attestantibus,
3239 5829 3352 5884 veri
3381 5839 3590 5898 posses.
