4026 6524
501 492 605 560 515

1780 481 2134 551 SMARAGDI
2170 482 2394 542 ABBAT
2399 478 2462 539 IS

3647 480 3773 541 516

493 616 640 679 loris
664 573 738 675 sc,
769 609 984 673 Domini
1007 607 1181 667 virtus
1218 603 1446 671 emicuit
1464 636 1487 670 ,,
1522 616 1594 667 ac
1615 608 1905 672 postquam
1945 597 2070 656 ﬁdei

2179 613 2197 645 ‹
2224 610 2321 651 nes
2338 601 2572 664 patrum.
2622 589 2822 648 Gentes
2849 592 3030 651 autem
3059 602 3223 660 super
3249 588 3630 653 misericordia
3662 593 3775 651 ho-

497 706 779 766 dominicae
802 708 1041 774 potestas
1080 695 1363 768 apparuit,
1407 692 1722 749 cedentibus
1742 691 1945 764 passim
1980 690 2076 751 ad-

498 797 862 868 versariorum
912 790 1149 863 querelis
1208 788 1347 849 liber
1398 784 1737 851 credentium
1784 791 1962 853 curtus
2004 780 2076 837 ad

496 889 688 960 Deum,
716 900 877 958 quem
903 884 1071 951 corde
1090 870 1359 953 portaret,
1384 877 1766 951 adducebatur.
1898 944 1909 949 _
1946 886 1960 895 ‘

567 979 638 1034 Et
661 980 1016 1051 imposuerunt
1055 989 1212 1046 super
1244 987 1332 1045 eos
1352 971 1668 1047 uestimenta
1692 983 1822 1034 sua,
1874 973 1923 1021 et
1956 981 2075 1031 eunt

497 1072 720 1142 desuper
741 1069 919 1139 sedere
938 1068 1199 1145 {egerunt
1241 1065 1572 1129 Vestimenta
1600 1063 1965 1137 apostolorum
1990 1060 2075 1119 vel

497 1160 743 1239 doctrina
764 1158 1047 1233 virtutum,
1076 1155 1161 1211 vel
1198 1153 1514 1233 edisseratio
1539 1153 1960 1225 scripturarum,
1990 1151 2075 1207 vel

496 1258 645 1323 certe
672 1246 1170 1323 ecclesiasticorum
1198 1247 1505 1319 dogmstutn
1533 1245 1825 1299 varietates
1850 1243 2074 1316 intelligi

490 1314 724 1421 possunt
748 1380 773 1417 ,Ξ
810 1339 1007 1419 quibus
1046 1316 1135 1393 ille
1179 1314 1342 1392 corda
1368 1314 1649 1390 hominum
1678 1344 1803 1397 ante
1842 1336 1986 1391 nuda
2020 1314 2076 1391 et

496 1429 693 1503 frigida
738 1446 845 1502 quo
873 1430 1089 1487 Christo
1133 1445 1444 1502 possessore
1493 1426 1654 1501 digna
1692 1428 1845 1495 ﬁant,
1872 1429 2071 1500 operit.

567 1523 813 1599 Plurima
843 1533 1015 1593 autem
1058 1526 1211 1578 turba
1235 1533 1527 1579 straverunt
1555 1523 1856 1579 vestimenta
1892 1538 1989 1575 sua
2019 1523 2076 1575 in

492 1607 601 1691 pia.
638 1614 896 1689 Portante
927 1614 1214 1673 Dominum
1255 1616 1408 1673 asino
1433 1615 1588 1671 multi
1619 1614 1940 1669 vestimenta
1978 1627 2075 1669 sua

498 1705 555 1783 in
602 1706 689 1760 via
718 1713 1004 1771 sternunt,
1048 1707 1176 1779 quia
1219 1707 1390 1762 sancti
1432 1714 1705 1776 martyres
1743 1704 1976 1775 propriae
2016 1717 2075 1759 se

500 1797 681 1879 carnis
705 1798 904 1869 amictu
928 1806 1220 1865 eruentes,
1268 1798 1690 1869 simplicioribus
1731 1796 1827 1851 Dei
1859 1795 2075 1851 famulis

488 1867 641 1967 :viam
689 1906 789 1946 suo
831 1891 1093 1961 sanguine
1137 1900 1366 1961 parant,
1412 1902 1473 1947 ut
1510 1890 1762 1946 videlicet
1813 1889 2111 1951 inoffenso,

2181 706 2204 740 ι
2232 702 2424 747 norare
2439 685 2627 750 Deum,
2641 684 2782 740 sicut
2799 683 3060 754 scriptum
3080 690 3165 739 est
3182 700 3195 736 :
3219 680 3518 757 Propterea
3533 686 3770 741 conﬁte-

2182 795 2203 831 s
2229 777 2328 851 hor
2345 777 2442 833 tibi
2462 777 2517 832 in
2540 774 2810 847 gentibus,
2840 782 2895 829 et
2923 773 3129 831 nomini
3146 772 3244 829 tuo
3270 774 3525 830 cantabo.
3565 774 3641 830 Et
3660 775 3769 831 ite-

2182 888 2204 924 ι
2234 886 2353 927 rum
2394 869 2561 926 dicit:
2590 866 2872 927 Lietamini
2914 876 3105 938 gentes
3152 881 3280 922 cum
3317 866 3476 936 plebe
3510 867 3659 937 eius.
3694 867 3767 924 Et

2177 982 2203 1016 4
2230 964 2429 1020 iterum
2463 980 2477 1017 :
2508 962 2769 1028 Laudate,
2795 974 2983 1017 omnes
3007 969 3217 1031 gentes,
3240 960 3551 1026 Dominum,
3564 969 3627 1016 et
3647 976 3769 1019 m—

2184 1074 2203 1108 c
2228 1055 2479 1127 gniticate
2507 1069 2630 1109 eum
2656 1067 2844 1108 omnes
2865 1051 3069 1122 populi.
3111 1052 3180 1107 Et
3201 1068 3417 1109 mrsum
3442 1051 3620 1111 Isaias
3651 1053 3764 1108 ait:

2185 1168 2206 1203 s
2229 1149 2351 1205 Erit
2377 1148 2532 1205 radix
2562 1146 2737 1213 Iesse,
2766 1152 2821 1201 et
2851 1145 2945 1215 qui
2968 1152 3223 1216 exsurget
3250 1161 3440 1217 regere
3456 1154 3680 1216 gentes,
3710 1149 3767 1204 in

2183 1255 2204 1293 ι
2228 1256 2356 1297 eum
2388 1247 2581 1312 gentes
2631 1236 2944 1308 sperabunt.
2985 1236 3131 1292 Deus
3174 1244 3355 1293 autem
3394 1237 3512 1307 spei
3552 1237 3766 1307 repleat

2183 1354 2203 1388 ‹
2232 1351 2330 1392 vos
2356 1335 2503 1392 omni
2530 1334 2729 1406 gaudio
2755 1341 2810 1388 et
2832 1331 3045 1403 pacein
3064 1332 3358 1398 credendo,
3382 1338 3446 1387 ut
3469 1330 3765 1389 abundetis

2183 1448 2203 1482 ε
2229 1430 2283 1485 in
2307 1445 2401 1500 spe
2426 1437 2481 1484 et
2501 1429 2703 1484 virtute
2728 1427 2952 1498 spiritus
2976 1427 3171 1483 sancti.
3194 1445 3217 1481 ι

2248 1525 2583 1596 Qutecunque
2626 1525 2823 1593 scripta
2859 1532 3015 1587 sunt,
3064 1522 3135 1577 ad
3176 1530 3411 1577 nostrain
3459 1522 3762 1577 doarinant

2174 1620 2370 1689 scripta
2397 1627 2537 1673 sunt.
2581 1617 2683 1689 (Ex
2714 1615 2889 1688 Orig.)
2928 1616 3157 1685 Propter
3176 1629 3278 1671 nos
3309 1614 3455 1670 enim
3496 1616 3762 1684 scriptun

2173 1720 2279 1775 est,
2322 1709 2462 1781 quod
2489 1708 2754 1762 Abraham
2778 1708 2911 1762 duos
2940 1707 3079 1778 ﬁlios
3118 1707 3328 1771 habuit,
3377 1707 3637 1761 unum‘de
3660 1724 3761 1761 an-

2173 1802 2321 1866 cilla,
2346 1811 2395 1855 et
2423 1816 2584 1856 unum
2609 1800 2862 1855 delibera
2888 1841 2903 1867 ,
2954 1809 3017 1855 ut
3058 1815 3162 1855 nos
3178 1800 3424 1856 sciamus
3442 1841 3457 1864 ,
3489 1801 3619 1870 quia
3644 1802 3763 1855 hac

2176 1902 2302 1948 sunt
2330 1892 2616 1962 allegorice
2660 1892 2766 1947 duo
2795 1891 3163 1945 Testamenta.
3214 1890 3449 1960 Propter
3480 1900 3587 1946 nos
3625 1892 3763 1945 scri-

501 1996 690 2052 gressu
714 1983 909 2037 mentis
928 1983 995 2036 ad
1020 1998 1265 2052 superum
1284 1983 1485 2039 muenia
1506 1981 1766 2045 civitatis,
1790 1995 1898 2050 quo
1918 1978 2075 2036 Jesus
2101 1973 2149 2033 B
2175 1991 2324 2053 ptum
2367 1990 2452 2036 est
2497 1981 2640 2050 quod
2683 1979 2907 2052 populus
2946 1981 3281 2034 manducavit
3305 1994 3525 2043 manna,
3552 1992 3605 2034 et
3636 1980 3762 2036 bibit

497 2073 712 2146 ducitur
740 2074 1013 2141 incedant.
1073 2073 1206 2131 Item
1255 2075 1491 2129 salvator
1526 2081 1711 2129 noster
1740 2074 1961 2131 asellum
1992 2089 2075 2129 se-

497 2165 631 2234 dens
651 2164 988 2222 Hierusalem
1010 2166 1203 2231 tendit,
1217 2167 1432 2237 quando
1459 2169 1877 2239 uniuscujusque
1904 2166 2077 2222 ﬁdelis

494 2256 706 2324 pnima,
746 2270 937 2326 regens
962 2257 1214 2313 videlicet
1244 2257 1547 2325 jumentum
1574 2256 1755 2325 suum,
1790 2261 1856 2314 ad
1885 2274 2075 2329 pacem

499 2345 704 2411 intimae
746 2347 971 2405 visionis
996 2349 1145 2403 ducit
1179 2349 1517 2418 iumentum,
1557 2352 1653 2408 sed
1677 2362 1731 2409 et
1758 2352 1918 2408 etiam
1951 2367 2073 2407 cum

500 2446 702 2507 sanctae
730 2438 981 2495 Ecclesiae
1010 2442 1387 2498 universaliter
1417 2445 1688 2513 praesidet,
1721 2462 1840 2501 eam
1869 2462 1989 2517 quae
2020 2448 2074 2503 in

500 2542 746 2599 supernae
789 2529 939 2600 pacis
984 2531 1309 2590 desiderium
1353 2537 1617 2593 accendit.
1697 2537 1845 2594 Multi
1892 2545 2073 2594 autem

498 2623 823 2678 vestimenta
850 2638 947 2680 sua
975 2624 1030 2681 in
1051 2625 1135 2680 via
1162 2636 1432 2694 sternunt,
1458 2631 1582 2699 quia
1605 2647 1831 2702 corpora
1861 2648 1955 2689 sua
1979 2648 2077 2702 per

497 2713 885 2775 abstinentiam
916 2718 1205 2782 edomant,
1255 2728 1316 2774 ut
1358 2722 1406 2775 ei
1450 2722 1552 2776 iter
1589 2723 1656 2777 ad
1682 2725 1851 2778 Deum
1879 2732 2078 2793 tempe-

500 2817 647 2872 rent,
671 2807 757 2867 vel
780 2809 1028 2878 exempla
1052 2810 1192 2865 bona
1218 2813 1568 2880 sequentibus
1594 2813 1885 2882 praebeam.

483 2941 511 2961 .,
569 2898 678 2953 Alii
702 2909 881 2959 autem
894 2902 1169 2959 tradebant
1195 2921 1367 2959 ramos
1393 2904 1458 2959 de
1480 2906 1772 2976 arboribus,
1804 2917 1855 2961 et
1874 2917 2072 2963 sterne-

502 2991 629 3059 bant
651 2992 707 3046 in
730 2993 836 3049 via.
873 2992 1117 3051 Frondes
1135 2996 1219 3051 vel
1245 3011 1425 3053 ramos
1445 2998 1511 3052 de
1539 2998 1821 3054 arboribus
1840 3001 2072 3068 cedunt,

501 3083 595 3154 qui
652 3082 708 3137 in
749 3083 992 3138 doctrina
1048 3086 1321 3151 veritatis,
1378 3086 1540 3143 verba
1590 3096 1751 3158 atque
1782 3090 2076 3147 sententias

496 3180 714 3247 patrum
729 3183 785 3230 et
797 3174 1077 3231 doctorum
1097 3177 1309 3247 eloquia
1331 3187 1578 3248 carpunt,
1592 3187 1648 3234 et
1668 3179 1783 3236 hate
1796 3181 1849 3236 in
1868 3182 1954 3236 via
1978 3182 2073 3237 Dei

499 3266 569 3323 ad
590 3267 854 3325 auditoris
877 3269 1118 3326 animum
1164 3271 1430 3329 venientis
1468 3273 1659 3329 humili
1688 3275 2075 3345 pradicatione

500 3358 842 3421 submittunt.

478 3514 481 3519 η
572 3451 761 3509 Turba:
794 3462 966 3509 autem
1007 3471 1126 3527 qua!
1162 3457 1523 3527 prlecedehant
1562 3462 1611 3514 'et
1646 3477 1765 3531 quia
1788 3465 2075 3532 sequeban-

502 3553 591 3599 tur
616 3544 943 3610 clamabant,
978 3556 1084 3605 etc.
1145 3548 1428 3607 Pra‘cessit
1454 3552 1651 3622 quippe
1688 3552 1943 3609 Iudaicus
1979 3569 2075 3624 po-

496 3635 675 3707 pulus,
705 3646 925 3697 secutus
945 3649 1029 3693 est
1054 3642 1370 3710 gentilis,'et
1393 3644 1519 3712 quia
1547 3648 1735 3699 omnes
1759 3645 1939 3710 electi,
1959 3647 2073 3701 sive

499 3727 595 3796 qui
626 3727 681 3782 in
702 3726 886 3785 Judaaa
914 3745 1033 3785 esse
1052 3738 1326 3801 poterant,
1356 3736 1470 3790 sive
1504 3735 1597 3805 qui
1626 3752 1771 3792 nunc
1803 3736 1859 3791 in
1876 3737 2071 3793 Eccle-

499 3816 582 3877 lia
604 3818 875 3887 existunt,
908 3821 962 3875 in
990 3823 1347 3880 mediatorcm
1375 3825 1472 3881 D'ei
1504 3834 1561 3882 et
1593 3827 1873 3883 hominum
1901 3831 2075 3887 credi-

498 3907 719 3985 derunt,
745 3919 800 3968 et
840 3914 1067 3970 credunt
1105 3917 1196 3985 qui
1238 3920 1517 3987 praeeunt,
1554 3927 1610 3974 et
1631 3920 1724 3989 qui
1749 3932 2068 3990 sequuntur,

498 4013 704 4063 osanna
755 4002 1081 4061 clamabant.
1116 4073 1121 4081 ‘
1163 4006 1378 4063 Osanna
1426 4017 1607 4064 autem
1652 4009 1843 4066 Latina
1887 4008 2072 4082 lingua

502 4092 739 4150 salvator
786 4095 1004 4153 dicitur.
1064 4096 1147 4153 Ab
1189 4098 1305 4169 ipso
1345 4100 1492 4155 cnim
1519 4100 1747 4157 salutem
1787 4111 1841 4157 et
1860 4102 2072 4174 priores

497 4186 858 4255 quazsierunt,
903 4196 958 4244 et
996 4198 1293 4261 praisentes
1325 4201 1610 4261 quaerunt,
1650 4205 1707 4248 et
1730 4194 2072 4252 benedictum

498 4275 588 4344 qui
627 4277 772 4331 venit
813 4278 868 4333 in
918 4281 1135 4337 nomine
1164 4281 1375 4338 Domini
1419 4285 1766 4354 conﬁtentur,
1814 4290 2069 4358 quoniam

496 4379 603 4418 una
632 4382 776 4435 spes,
806 4383 909 4422 una
936 4370 1067 4426 ﬁdes
1090 4380 1172 4428 est
1194 4374 1615 4443 praecedentium
1640 4386 1805 4449 atque
1839 4395 2069 4449 sequen-

497 4457 629 4512 tium
659 4460 998 4530 populorum.

622 4586 1038 4677 hausurum
1074 4602 1144 4677 in
1176 4622 1364 4679 ANTE
1398 4625 1650 4684 NATAL.
1688 4592 1945 4698 boum,

864 4796 871 4803 ,
1165 4736 1269 4793 hoc
1297 4746 1402 4803 est,

866 4844 1189 4904 DOMINICA
1225 4848 1269 4905 ll
1305 4850 1699 4911 ADVENTUS.

494 4980 753 5031 EPISTOLA
781 4992 939 5033 sum
977 4996 1130 5036 mth
1161 4998 1417 5041 srosrou
1455 5003 1523 5041 an
1548 5002 1811 5055 ROMANOS,
1837 5004 1955 5044 car.
1977 5006 2065 5046 xv.

498 5164 515 5169 -
550 5106 596 5163 _c
633 5087 974 5169 Quaacunque
996 5094 1196 5165 scripta
1225 5106 1368 5164 sunt,
1398 5099 1464 5152 ad
1486 5110 1729 5156 nostram
1764 5101 2064 5159 doctrinam

496 5198 524 5261 ‘s
550 5182 752 5251 scripta
782 5192 907 5259 sunt
933 5225 949 5251 ,
985 5194 1045 5240 ut
1088 5203 1187 5259 per
1206 5191 1522 5264 patientiam
1551 5200 1606 5247 et
1640 5195 2064 5253 consolationem

504 5290 524 5324 ι
552 5273 940 5344 scripturarum
960 5292 1108 5346 spem
1140 5280 1453 5336 habeamus.
1493 5282 1635 5340 Deus
1654 5295 1830 5341 autem
1853 5288 2063 5357 patien-

503 5380 523 5417 ι
554 5364 640 5420 tiae
661 5374 716 5421 et
739 5368 914 5423 solatii
930 5369 1018 5423 det
1039 5372 1190 5437 vobis
1209 5373 1437 5444 idipsum
1459 5391 1648 5446 sapere
1669 5378 1722 5441 in
1749 5379 2064 5439 alterutrum

500 5469 523 5539 ξ
550 5458 841 5536 secundum
866 5457 1062 5537 ‘Jesum
1101 5462 1395 5537 Christum,
1426 5475 1493 5533 qut
1528 5470 1811 5535 unanimes
1834 5487 1940 5529 uno
1971 5487 2067 5528 ore

498 5545 918 5637 ibonoriﬁcetis
957 5553 1129 5631 Deum
1155 5563 1208 5627 et
1252 5564 1465 5629 patrem
1508 5560 1710 5614 domini
1750 5564 1918 5637 nostri
1940 5562 2065 5621 Iesu

503 5632 772 5717 sChriqsti.
814 5640 1037 5713 Propter
1070 5647 1212 5715 quod
1254 5648 1511 5720 suscipite
1540 5651 1803 5717 invicem,
1847 5632 1986 5708 sicut
2012 5644 2072 5711 et

503 5742 524 5779 ι
551 5725 796 5813 Christus
836 5737 1074 5807 suscepit
1108 5753 1205 5811 vos
1241 5740 1296 5815 in
1331 5741 1588 5797 honorem
1617 5743 1730 5798 Dei.
1764 5744 1896 5800 Dico
1923 5745 2066 5805 enim

502 5834 523 5870 ε
547 5816 728 5915 {suum
775 5823 1046 5915 plurimum
1084 5832 1389 5907 ministrum
1426 5834 1589 5907 fuisse
1622 5836 2065 5901 circumcisionis.

502 5926 521 5961 ι
550 5910 775 5983 Propter
791 5910 1067 5976 veritatem
1092 5923 1205 5989 Dei,
1242 5926 1306 5979 ad
1337 5926 1736 5982 confirmandas
1756 5928 2067 5997 promissio-

2094 4692 2149 4753 D

2174 2091 2367 2146 aquam
2412 2075 2476 2129 de
2512 2083 2659 2142 petra
2686 2113 2699 2139 ,
2736 2079 2796 2127 ut
2823 2072 3215 2144 intelligamus,
3260 2074 3387 2142 quia
3414 2073 3761 2143 spiritualem

2134 2176 2138 2183 '
2174 2182 2355 2224 escam
2384 2174 2679 2238 potumque
2720 2167 2994 2221 biberunt.
3033 2165 3298 2245 Bibebant
3328 2177 3513 2222 autem
3546 2167 3616 2222 de
3647 2167 3758 2237 spi—

2172 2260 2357 2315 rituali
2382 2300 2397 2326 ,
2447 2268 2814 2329 consequente
2859 2274 2954 2314 eos
3002 2267 3177 2329 petra.
3222 2258 3386 2313 Petra
3422 2267 3608 2313 autem
3644 2269 3760 2314 erat

2174 2348 2438 2405 Christus.
2478 2349 2604 2404 limo
2630 2357 2686 2404 et
2724 2349 2809 2404 bis
2850 2349 3046 2405 similia
3075 2350 3145 2403 ad
3171 2356 3417 2405 nostram
3449 2350 3758 2405 doctrinam

2175 2450 2302 2499 sunt
2330 2442 2531 2511 scripta
2555 2482 2571 2506 ,
2612 2441 2809 2510 quibus
2846 2451 2946 2512 pur
2986 2440 3280 2499 Salvatoris
3303 2442 3603 2499 adventum
3630 2450 3761 2497 sunt

2168 2532 2539 2600 manifestata,
2568 2533 2661 2605 qui
2691 2545 2872 2589 autem
2898 2534 3205 2606 intelligunt
3232 2544 3352 2603 quae
3374 2535 3584 2605 scripta
3608 2541 3755 2600 sunt,

2174 2630 2306 2684 illud
2330 2631 2449 2685 'sine
2470 2630 2632 2684 dubio
2655 2629 2954 2693 invenient,
2994 2628 3136 2697 quod
3152 2628 3435 2696 sequitur,
3462 2627 3520 2682 id
3548 2634 3672 2691 est,
3700 2636 3758 2681 ut

2175 2738 2276 2793 per
2297 2722 2615 2793 sapientiam
2651 2730 2707 2776 et
2728 2721 3150 2776 consolationem
3177 2718 3587 2789 Scripturarum
3605 2733 3755 2789 5pm

2176 2812 2473 2869 habeamus
2515 2813 2583 2867 ad
2613 2811 2781 2869 Deutn
2803 2852 2819 2878 ,
2851 2826 3013 2881 quam
3052 2813 3254 2866 habere
3297 2825 3407 2866 non
3430 2818 3620 2880 νοιεει
3636 2810 3753 2874 ille,

2175 2906 2270 2977 qui
2299 2914 2401 2961 nec
2428 2904 2621 2971 credit,
2650 2918 2750 2959 nec
2775 2903 3026 2975 intelligit
3057 2902 3385 2973 Scripturas.

2244 2995 2388 3051 Deus
2414 3004 2587 3050 autent
2625 2997 2896 3066 patientia:
2930 3005 2978 3049 et
3008 2994 3187 3050 solatii
3224 2995 3310 3048 det
3346 2995 3500 3048 vobis
3525 2995 3755 3065 idipsum

2174 3106 2358 3160 sapere
2409 3088 2465 3143 in
2518 3087 2830 3143 alterutrum
2892 3087 3176 3142 secundum
3224 3084 3409 3149 Iesum
3461 3086 3752 3143 Christum.

2175 3178 2413 3236 Grandis
2456 3178 2553 3234 Dei
2599 3186 2685 3235 est
2732 3180 2836 3235 ista
2881 3179 3215 3244 benedictio,
3260 3188 3322 3233 ut
3345 3192 3517 3234 unum
3542 3182 3757 3251 sapiant

2178 3286 2388 3337 omnes,
2418 3278 2580 3340 atque
2604 3286 2772 3325 unum
2809 3270 3067 3338 sentiant,
3096 3278 3152 3326 et
3177 3271 3319 3326 sicut
3340 3272 3449 3327 sibi
3478 3273 3557 3327 ita
3590 3278 3756 3327 unus-

2104 3332 2150 3396 Ο
2180 3332 2409 3434 quisque
2436 3332 2569 3417 velit
2609 3370 2663 3418 et
2706 3362 2973 3433 proximo.
3017 3332 3240 3417 multum
3266 3364 3415 3419 enim
3446 3365 3756 3421 Muna-

2172 3455 2438 3517 nimitatis
2458 3442 2655 3525 gratia,
2684 3455 2827 3510 unde
2858 3454 3109 3510 Salvator
3130 3456 3216 3511 ait
3248 3472 3263 3510 :
3314 3455 3377 3512 Si
3402 3448 3516 3511 uta
3543 3450 3625 3512 uel
3648 3467 3753 3513 tres

2171 3545 2229 3599 in
2271 3562 2433 3599 unum
2484 3546 2872 3612 consenserint,
2926 3563 3245 3618 quacunque
3286 3549 3533 3617 petierint
3568 3556 3605 3601 is
3647 3548 3753 3603 Deo

2171 3638 2259 3707 ﬁet
2281 3638 2353 3692 eis
2401 3637 2616 3709 (Matth.
2644 3638 2824 3711 xvm).
2873 3640 3041 3694 Aiunt
3078 3639 3246 3694 ludat
3277 3642 3345 3695 de
3376 3641 3493 3696 illis
3515 3682 3532 3707 ,
3561 3643 3658 3711 qui
3698 3642 3752 3696 in

2170 3732 2430 3802 psalterio
2460 3732 2733 3798 dicuntur,
2776 3731 2872 3787 ﬁlii
2898 3732 3092 3788 libora!
3115 3775 3131 3800 ,
3180 3741 3413 3804 quorum
3446 3737 3671 3791 nomina
3698 3736 3752 3791 in

2170 3822 2359 3881 Exodo
2406 3823 2776 3889 inveniuntur,
2822 3824 2877 3879 id
2918 3832 3024 3890 cst,
3070 3826 3254 3898 Assyr,
3279 3828 3372 3897 qui
3403 3815 3670 3894 eruditio,
3701 3840 3754 3884 et

2171 3911 2469 3981 Helchana,
2498 3915 2589 3983 qui
2626 3915 2897 3985 possessio
2919 3914 3049 3980 Dein,
3087 3914 3142 3971 et
3167 3916 3471 3987 Abiasaph,
3498 3919 3593 3989 qui
3625 3932 3751 3974 eon-

2171 4008 2414 4079 gregatio
2449 4008 2623 4078 patris
2662 4007 3086 4078 interpretatur,
3139 4007 3282 4077 quod
3320 4024 3443 4063 cum
3476 4016 3635 4079 pater
3666 4025 3754 4066 eo-

2171 4110 2294 4153 rum
2318 4105 2616 4167 peccasset,
2650 4108 2705 4153 et
2724 4113 2833 4151 una
2862 4113 2986 4152 cum
3009 4097 3222 4152 Dathan
3254 4105 3312 4152 et
3336 4096 3544 4154 Abiron
3571 4114 3753 4171 segre-

2170 4198 2361 4258 gareut
2388 4203 2446 4243 se
2475 4205 2504 4243 a
2534 4199 2675 4244 cmtu
2714 4187 2954 4254 nefario,
2986 4198 3039 4243 et
3072 4190 3395 4259 sequestrati
3424 4192 3754 4247 unanimiter

2170 4283 2239 4338 ad
2264 4282 2429 4337 Deum
2458 4297 2649 4352 preces
2678 4281 2881 4337 fudisse
2918 4291 3081 4351 atque
3101 4283 3383 4337 exauditos
3408 4298 3553 4349 esse,
3569 4292 3624 4339 et
3647 4300 3749 4339 non

2172 4376 2348 4432 solum
2376 4376 2589 4432 veniam
2610 4392 2801 4446 ptume,
2836 4376 2928 4431 sed
2959 4385 3013 4430 et
3038 4376 3339 4447 prophetia:
3376 4379 3612 4447 gratiam
3642 4390 3751 4432 me-

2170 4466 2366 4530 ruisse,
2396 4467 2577 4522 ethoc
2600 4479 2813 4535 quoque
2844 4466 2925 4520 eis
2954 4481 2983 4519 a
3004 4465 3115 4521 Deo
3140 4467 3465 4535 praestitum,
3514 4483 3585 4523 ne
3624 4467 3751 4536 quid

2172 4557 2328 4611 triste
2353 4556 2675 4626 prophetare
2688 4556 3047 4625 iuberentur,
3082 4565 3138 4612 et
3168 4558 3237 4612 ob
3268 4558 3373 4612 hoc
3399 4573 3597 4614 omnes
3612 4560 3751 4628 psal-

2171 4647 2271 4713 mi,
2296 4647 2604 4716 quicunque
2630 4647 2939 4702 nominibus
2979 4662 3167 4702 eorum
3207 4648 3590 4714 attitulautur,
3618 4649 3748 4704 nihil

2173 4743 2332 4819 triste
2351 4741 2612 4795 adversus
2654 4748 3000 4809 peccatores,
3035 4750 3128 4796 aut
3163 4754 3413 4811 asperum
3443 4740 3744 4809 continent,

2172 4831 2279 4889 hoc
2304 4831 2655 4902 protulimus,
2687 4839 2748 4887 ut
2776 4841 2980 4902 quanta
3013 4832 3088 4887 sit
3120 4832 3456 4889 unanimitas
3480 4842 3745 4889 monstra-

2171 4939 2375 4983 remus.

2174 5060 2183 5075 ,
2247 5014 2315 5069 Ut
2341 5016 2611 5071 unanimes
2640 5033 2747 5071 uno
2780 5033 2867 5071 ore
2880 5016 3235 5087 honoriﬁcetis
3260 5016 3450 5083 Deum,
3475 5028 3527 5073 et
3549 5027 3743 5090 patrem

2170 5105 2387 5163 Domini
2412 5108 2577 5161 nostri
2596 5107 2725 5163 Jesu
2746 5106 2959 5161 Christi.
2981 5107 3153 5162 Unum
3177 5121 3412 5177 namque
3440 5116 3508 5163 os
3524 5109 3740 5172 dicitur,

2168 5198 2260 5255 ubi
2290 5210 2432 5256 unus
2460 5207 2628 5268 atque
2674 5199 2814 5254 idem
2854 5212 2952 5268 per
2978 5199 3316 5254 diversorum
3340 5202 3527 5256 omnia
3554 5216 3740 5256 sensus

2168 5297 2223 5344 et
2250 5304 2430 5346 sermo
2455 5289 2720 5360 procedit,
2749 5296 2801 5344 et
2823 5289 2950 5358 quia
2978 5298 3153 5359 potest
3176 5289 3318 5355 ﬁeri,
3358 5300 3423 5345 ut
3448 5300 3509 5346 ct
3539 5294 3595 5347 in
3632 5304 3740 5347 ma-

2164 5379 2281 5437 litia
2309 5382 2474 5452 aliqui
2502 5382 2833 5437 unanimiter
2856 5383 3212 5447 consentiant,
3247 5392 3303 5438 et
3332 5388 3502 5439 unum
3530 5387 3738 5457 sapiant

2167 5471 2223 5526 in
2249 5471 2421 5543 pejus,
2453 5474 2521 5528 ob
2548 5474 2651 5527 hoc
2686 5473 2910 5539 addidit,
2932 5475 3218 5529 secundum
3238 5474 3422 5530 Iesum
3449 5475 3732 5533 Christum.

2239 5562 2467 5636 Propter
2491 5565 2632 5635 quod
2671 5566 2916 5636 suscipite
2958 5567 3178 5621 inuicem
3218 5568 3356 5622 sicut
3401 5580 3449 5624 et
3502 5566 3734 5625 Christus

2166 5656 2393 5726 suscepit
2413 5672 2501 5710 vos
2547 5657 2602 5709 in
2628 5656 2879 5712 honorem
2913 5656 3031 5711 Dei.
3081 5657 3163 5712 Ad
3194 5658 3325 5714 illud
3358 5662 3611 5730 respicit,
3646 5662 3734 5717 ubi

2165 5746 2450 5809 occasione
2483 5747 2804 5805 mundorum
2840 5749 2926 5803 vel
2953 5750 3352 5807 immundorum
3376 5754 3624 5809 ciborum
3652 5752 3732 5809 di-

2166 5854 2324 5901 .versa
2351 5840 2672 5904 sentientes,
2706 5840 3009 5896 abinvicem
3048 5842 3453 5914 discrepabunt,
3490 5850 3555 5900 a‘c
3577 5845 3629 5902 si
3654 5844 3734 5900 di-

2166 5941 2314 5987 ceret
2358 5951 2369 5985 :
2425 5931 2567 5988 Nihil
2610 5934 2675 5988 de
2725 5934 3063 5989 immunditia
3107 5938 3417 5995 animalium
3452 5937 3729 6009 iudicetis,
