4026 6460
245 410 354 468 517

1052 405 1569 466 COLLECTIONES
1605 398 1675 462 IN
1716 404 2095 465 EPISTOLAS
2128 405 2218 463 ET
2254 402 2667 466 EVANGELIA.

3394 404 3503 469 διε

247 526 393 583 sicut
417 531 471 580 et
497 522 747 581 Christus
774 521 1143 578 immunditias
1170 520 1505 578 credentium
1529 519 1817 591 reputavit.
1847 526 1902 588 Α
1924 516 2088 573 etiam
2130 516 2249 588 quin
2283 517 2340 574 in
2376 517 2550 575 cmiis.
2589 518 2746 575 Omni
2782 518 2980 592 gaudio
3017 526 3074 574 et
3114 530 3250 592 paco
3271 518 3501 593 impleti,

247 617 351 685 Qui
404 614 604 671 nullius
649 614 834 671 obruit
880 613 1179 681 delictum,
1237 628 1338 669 nec
1365 598 1527 669 alicui
1556 611 1827 683 reputavit

244 718 569 784 peccatum,
618 709 711 764 sed
742 722 931 764 omnes
976 708 1032 764 in
1079 709 1342 764 honorem
1382 692 1637 783 suscepit.
1682 705 1826 773 Quos

244 804 393 859 enim
421 802 657 874 suscepit
680 802 957 869 Christus,
995 803 1156 858 docet
1187 818 1280 858 eos
1308 804 1383 877 ita
1414 792 1575 875 agere
1603 801 1825 868 debere,

244 906 308 954 ut
336 897 585 952 videntes
621 896 870 952 homines
915 912 1083 968 opera
1121 912 1306 953 eorum
1336 876 1479 954 bona
1524 880 1828 969 gloriﬁcent

244 999 481 1062 patrem,
517 989 608 1061 qui
636 989 692 1044 in
722 989 874 1045 cwlis
900 998 1001 1045 est.
1300 1052 1307 1069 ί
1438 1068 1447 1075 Α
1526 1054 1533 1077 1
1584 1060 1589 1069 ι

318 1082 450 1136 Dico
496 1082 632 1137 enim
671 1078 936 1137 Christum
966 1082 1147 1137 Jesum
1185 1084 1481 1138 ministrum
1521 1076 1685 1153 fuisse
1722 1076 1827 1153 cir-

245 1172 583 1227 cumcisionis
609 1212 626 1239 ,
672 1183 884 1243 propter
914 1173 1181 1229 veritatem
1206 1175 1304 1229 Dei
1336 1176 1403 1229 ad
1435 1174 1825 1255 conﬁrmandus

242 1264 617 1335 promissiones
640 1274 871 1336 patrum.
922 1264 1131 1337 Duplici
1165 1269 1325 1323 modo
1354 1270 1455 1323 hoc
1488 1248 1714 1341 intelligi
1735 1284 1826 1339 po-

246 1362 377 1420 test,
413 1354 527 1409 sive
553 1354 699 1425 quod
739 1355 1207 1411 circumcisionem
1244 1357 1297 1411 in
1333 1374 1496 1412 carne
1520 1374 1614 1412 sua
1645 1372 1825 1412 susce-

244 1445 327 1518 pit
353 1446 487 1515 ipse,
505 1441 579 1525 ut
604 1461 672 1499 ex
701 1447 909 1525 sem-ine
934 1447 1164 1502 Abrahae
1191 1448 1413 1502 veniens
1443 1447 1739 1518 compleret
1768 1447 1823 1502 in

244 1537 448 1608 seipso,
480 1522 598 1611 quin
629 1522 875 1607 patribus
900 1537 1119 1619 Afuerant
1147 1540 1492 1610 repromissa,
1535 1538 1651 1593 sive
1678 1546 1737 1593 ut
1766 1539 1821 1593 in

242 1644 411 1687 carne
444 1644 539 1684 sua
572 1630 820 1685 minister
866 1630 1296 1687 circumcisionis
1344 1631 1510 1686 fuisse
1560 1624 1772 1685 dicatur
1804 1649 1817 1684 :

241 1721 310 1777 de
351 1737 456 1790 qua
485 1721 624 1775 idem
666 1721 955 1791 Apostolus
982 1723 1149 1779 dicit:
1187 1723 1309 1777 Non
1336 1725 1426 1794 qui
1464 1724 1518 1777 in
1542 1708 1818 1793 manifele

237 1809 466 1865 Iudaeus
489 1821 580 1876 est,
609 1828 771 1883 neque
795 1829 911 1883 qua:
956 1814 1008 1889 in
1034 1813 1310 1887 manifesto
1335 1813 1389 1867 in
1415 1831 1570 1867 carne
1596 1814 1818 1866 circum-

1930 604 2142 665 videtiir
2182 602 2315 665 mihi
2361 608 2575 667 difficile
2618 610 2835 683 exponi;
2898 610 3011 666 PI!
3046 609 3288 668 ﬁdelium
3324 612 3380 667 in
3407 625 3505 684 spe

1930 708 2089 764 debet
2116 696 2235 763 esse
2263 706 2447 763 futura
2470 749 2485 775 ,
2532 707 2623 763 ubi
2668 706 2924 779 gaudium
2948 704 3275 780 perpetuom
3313 704 3369 765 δι
3396 720 3503 778 pax

1928 790 2076 855 certa
2106 798 2416 872 permanet,
2460 798 2788 857 abundantia
2820 799 2952 857 verb
2986 800 3101 872 spei
3127 799 3184 856 tu
3210 796 3503 857 Virtutibus

1928 892 2197 949 consistit.

2273 986 2613 1043 evenerunt
2649 990 2836 1052 male;
2876 972 2994 1042 cilia
3028 992 3144 1041 sn.

2005 1096 2023 1129 ‹
2050 1076 2227 1133 Erunt
2254 1072 2408 1152 signa
2435 1079 2491 1134 in
2519 1079 2630 1135 sole
2648 1086 2707 1135 “et
2726 1078 2853 1134 lun'a
2881 1084 2936 1133 et
2959 1062 3150 1145 trellis,
3178 1084 3241 1135 ei
3261 1078 3319 1135 un
3343 1078 3504 1136 mm

1933 1189 1952 1222 ι
1979 1186 2236 1242 pressura
2272 1162 2523 1229 Gentium
2550 1214 2565 1240 ,
2614 1170 2730 1243 pra:
2758 1170 3075 1227 confusione
3099 1170 3310 1226 sonitus
3332 1169 3504 1226 muri

1932 1282 1951 1317 ι
1981 1272 2035 1316 et
2062 1261 2315 1318 ﬂuctuum
2342 1305 2357 1332 ,
2407 1264 2775 1320 arescentibtts
2814 1245 3126 1319 hominibus
3165 1270 3281 1332 pm
3309 1263 3504 1318 timore

1932 1371 1951 1405 ‹
1980 1362 2035 1408 et
2058 1354 2461 1425 exspectatione
2501 1356 2620 1427 qua:
2657 1350 3041 1426 supervenient
3075 1346 3332 1409 ubive'rso
3357 1352 3500 1408 orbi.

1931 1462 1951 1496 ε
1978 1444 2114 1499 Nam
2140 1446 2369 1501 virtutes
2397 1446 2659 1502 caelorum
2690 1447 3071 1503 movebuntur.
3106 1445 3175 1501 Et
3200 1453 3329 1500 tunc
3355 1443 3504 1499 vide-

1930 1554 1949 1587 ε
1977 1535 2112 1591 bunt
2140 1536 2308 1591 ﬁlium
2333 1538 2566 1593 hominis
2587 1537 2895 1593 venientem
2934 1537 2988 1592 in
3024 1537 3167 1593 nube
3203 1530 3326 1591 cum
3353 1534 3505 1606 pote-

1930 1646 1949 1679 ι
1980 1634 2117 1683 state
2142 1628 2336 1700 magna
2362 1634 2421 1684 ’et
2440 1628 2737 1699 majestate.
2778 1626 2876 1686 ms
2892 1628 3077 1686 autem
3098 1630 3220 1685 ﬁeri
3240 1629 3506 1700 incipien-

1929 1736 1949 1770 ‹
1981 1720 2122 1775 tibus
2145 1761 2161 1787 ,
2209 1708 2464 1791 respicite
2507 1733 2561 1778 et
2588 1723 2764 1778 levate
2794 1724 2971 1795 capita
3000 1732 3179 1779 vestra
3198 1763 3214 1789 ,
3245 1722 3503 1793 quoniam

1930 1832 1949 1865 ‹
1978 1816 2374 1887 appropinquat
2400 1816 2698 1888 redemptio
2728 1824 2927 1872 vestra.
2968 1816 3037 1871 Et
3057 1817 3195 1871 dixit
3219 1815 3325 1871 illis
3358 1815 3506 1869 simi-

239 1896 371 1950 cisio
400 1938 414 1961 ,
465 1897 555 1950 sed
610 1898 699 1968 qui
734 1898 787 1951 in
808 1894 1025 1963 ,occulto
1073 1897 1294 1952 Judwus
1344 1907 1391 1951 et
1427 1899 1819 1953 circumcisione

1930 1926 1947 1960 ι
1977 1907 2259 1964 litudinem
2305 1924 2320 1962 :
2365 1910 2557 1965 Videte
2600 1908 2885 1964 ficulneam
2932 1917 2988 1964 et
3023 1922 3213 1965 omnes
3250 1909 3491 1964 arbores.

237 1991 436 2053 cordis,
463 2007 579 2061 quw
604 1992 791 2060 spiritu
816 2008 917 2044 non
938 1990 1109 2044 littera
1131 1990 1222 2059 ﬁt,
1268 1990 1419 2059 cujus
1461 1989 1577 2044 laus
1614 2008 1713 2044 non
1750 2007 1814 2044 ex

236 2081 535 2135 hominibus
565 2079 737 2153 (Ilum.
776 2082 862 2153 tl),
898 2082 991 2136 sed
1019 2096 1084 2135 ex
1114 2082 1222 2135 Deo
1249 2090 1348 2148 est,
1381 2096 1477 2151 per
1506 2079 1814 2149 liujusmodi

236 2176 711 2231 circumeisionem
759 2184 966 2231 certum
1024 2185 1106 2232 est
1150 2187 1367 2248 patrum
1420 2174 1815 2248 promissiones

234 2279 360 2319 esse
390 2266 709 2336 completas.

310 2359 498 2417 Gentes
531 2372 705 2417 autent
730 2379 885 2433 super
903 2346 1316 2416 misericordiam
1344 2356 1603 2415 honorare
1628 2358 1810 2415 Deum.

236 2454 396 2510 Sicut
429 2456 615 2513 audire
644 2456 877 2523 debent,
921 2455 1045 2527 quia
1091 2455 1197 2509 illis
1224 2454 1365 2509 Deus
1391 2454 1684 2525 gratuitam
1714 2454 1814 2508 mi-

232 2549 592 2604 sericordiam
620 2549 874 2619 donavit;
916 2548 1001 2604 cui
1036 2548 1180 2603 enim
1205 2548 1326 2618 plus
1352 2538 1666 2614 dimittitur,
1692 2546 1816 2618 plus

232 2638 466 2708 diligere
492 2639 669 2694 debet.

307 2728 458 2786 Sicut
478 2732 728 2802 scriptum
749 2739 826 2784 est
848 2744 865 2782 :
890 2728 1174 2802 Propterea
1197 2716 1481 2800 confitebor
1500 2728 1594 2783 tibi
1616 2730 1670 2784 in
1692 2747 1815 2802 gen-

236 2822 399 2888 tibus,
426 2822 552 2876 etin
578 2822 784 2876 nomine
817 2832 905 2876 tuo
936 2822 1178 2877 cantabo.
1228 2823 1328 2896 (Ex
1360 2820 1618 2899 Primus.)
1650 2822 1815 2878 Tollit

232 2911 438 2973 ludatis
485 2915 845 2984 arrogantiam
874 2953 889 2981 ,
938 2914 1065 2968 dum
1113 2915 1349 2987 gentium
1399 2915 1623 2971 salutem
1657 2915 1815 2969 docet

234 3020 359 3064 esse
387 3006 720 3076 przedictam,
745 3006 990 3076 quamvis
1012 3007 1142 3078 ipsis
1158 3024 1262 3083 non
1292 3006 1455 3087 fuerit
1480 3007 1809 3074 nuntiatum,

233 3097 488 3154 Christus
512 3098 570 3153 in
595 3098 847 3171 gentibus
876 3098 1181 3154 confitetur.
1221 3099 1287 3153 Et
1312 3098 1506 3154 iterum
1532 3099 1663 3154 dicit
1691 3117 1705 3153 :

306 3188 568 3254 Laudato,
589 3205 764 3242 omnes
787 3198 961 3260 gentes
987 3230 1023 3267 ,ι
1043 3189 1326 3243 Dominum
1344 3229 1360 3254 ,
1404 3199 1453 3243 et
1478 3178 1813 3261 magniﬁcale
1862 3248 1871 3257 ε

234 3298 379 3348 eum,
406 3297 583 3335 omnes
603 3280 803 3351 pepuli.
858 3279 983 3336 llazc
1016 3296 1121 3335 vox
1147 3268 1512 3369 apostolorpip
1534 3272 1654 3347 est,
1683 3296 1813 3350 pro-
1841 3272 1886 3336 C

234 3373 545 3431 vocantium
576 3373 645 3427 ad
671 3374 997 3445 baptismum
1040 3374 1310 3431 novellum
1354 3374 1609 3445 populum
1630 3414 1645 3441 ,
1675 3389 1741 3429 ac
1768 3374 1815 3429 si

233 3466 479 3522 diceret:
510 3467 618 3523 Vos
643 3482 834 3535 omnes
860 3463 1089 3531 Gentes,
1128 3465 1220 3536 qui
1256 3464 1460 3519 relictis
1489 3460 1813 3533 simulacris,

232 3560 547 3616 accessistis
575 3560 643 3623 ad
690 3558 859 3613 Deum
904 3574 1003 3630 per
1045 3559 1227 3625 ﬁdem,
1258 3557 1470 3612 laudate
1498 3573 1637 3629 eum,
1670 3540 1815 3628 quod

231 3648 406 3705 David
430 3650 596 3705 dicit:
624 3632 961 3720 Magniﬁcam
995 3664 1120 3705 eum
1146 3630 1333 3704 omnes
1360 3634 1572 3729 populi,
1605 3656 1661 3703 et
1690 3648 1815 3702 hor-

233 3749 385 3797 tatur
410 3756 544 3810 eos,
599 3743 692 3814 qui
735 3758 803 3797 ex
843 3740 1044 3799 Judaeis
1089 3741 1302 3823 fuerant
1338 3738 1613 3823 conversi:
1658 3738 1814 3808 Quod

232 3835 425 3890 titulus
451 3835 541 3890 ille
565 3836 956 3907 pronuntiavit,
980 3852 1139 3908 quem
1168 3819 1331 3908 super
1358 3852 1576 3892 crucem
1596 3820 1814 3891 Pilatus

229 3928 452 4000 posuit,
498 3928 756 3998 scriptum
801 3928 1099 3997 liebraiee,
1148 3928 1333 3989 Grmce
1377 3938 1433 3986 et
1488 3928 1704 3996 Latine,
1753 3916 1811 3985 id
1862 3946 1873 3951 ·

230 4028 342 4088 est,
380 4021 496 4077 Rex
518 4018 899 4093 Judzeorum.‘
1006 4088 1013 4093 _
1078 4092 1087 4097 δ
1250 4092 1257 4105 ,
1340 4076 1349 4101 ,
1783 4096 1791 4105 ,

302 4114 375 4168 Et
402 4131 611 4171 rursum
649 4114 824 4171 Isaias
855 4116 929 4177 ait
953 4129 975 4166 .t
1003 4114 1121 4168 Erit
1151 4114 1304 4169 radix
1330 4113 1505 4177 Iesse,
1536 4124 1584 4169 et
1608 4117 1695 4188 qui
1722 4131 1811 4169 ea;-

228 4206 401 4274 surgit
448 4222 618 4277 regere
659 4216 831 4276 gentes
877 4206 930 4259 in
974 4222 1093 4259 eum
1132 4207 1631 4279 genteslsperabunt.
1668 4206 1811 4275 Quo-

228 4296 383 4351 niam
414 4293 565 4351 Jesse
592 4298 976 4371 interpretatur
1005 4297 1058 4351 in
1090 4308 1273 4353 nostra
1300 4284 1501 4369 lingua,
1542 4308 1626 4354 est
1653 4302 1805 4355 mihi.

228 4389 290 4445 In
330 4391 562 4446 adventu
607 4406 736 4461 ergo
765 4391 963 4445 Christi
1000 4392 1203 4457 omnis,
1236 4392 1328 4462 qui
1360 4376 1538 4447 credit
1569 4394 1648 4460 ei,
1680 4410 1810 4449 con-

230 4484 515 4539 venienter
541 4484 677 4537 dixit
704 4503 715 4538 ε
767 4484 861 4538 Est
893 4484 1052 4551 mihi,
1084 4487 1237 4555 quasi
1274 4487 1418 4541 dicat
1446 4486 1534 4541 ille
1555 4528 1570 4549 ,
1608 4488 1674 4542 de
1702 4503 1809 4558 quo

229 4580 412 4636 Moses
438 4581 572 4636 dixit
597 4600 611 4635 :
644 4581 745 4647 Qui
774 4592 870 4647 est,
892 4582 1031 4635 misit
1054 4599 1131 4635 me
1154 4581 1222 4636 ad
1246 4600 1329 4637 ros
1356 4624 1373 4649 ,
1403 4584 1516 4653 ipse
1540 4592 1623 4639 est
1649 4584 1803 4651 mihi,

228 4672 336 4728 hoc
359 4681 467 4738 est,
495 4674 551 4728 in
572 4674 745 4743 ipsum
768 4674 970 4738 'credo,
1010 4681 1065 4726 et
1091 4674 1206 4744 ipse
1244 4685 1325 4737 est
1352 4675 1444 4745 qui
1476 4676 1715 4731 Surrexit
1739 4692 1807 4732 ex

228 4766 415 4821 radice
439 4765 608 4832 Jesse,
642 4774 697 4820 et
720 4766 774 4820 in
802 4766 918 4836 ipso
939 4775 1126 4845 gentes
1151 4769 1466 4837 sperabunt.

299 4860 445 4915 Deus
468 4870 642 4915 autem
675 4860 782 4931 spei
807 4860 998 4930 repleat
1042 4877 1128 4915 vos
1165 4862 1306 4915 omni
1334 4861 1550 4932 gaudio,
1596 4871 1645 4916 et
1683 4879 1811 4934 pace

229 4956 288 5010 in
329 4955 619 5018 credendo,
662 4964 719 5009 ut
764 4954 1038 5008 abundetis
1086 4955 1142 5007 in
1182 4972 1271 5025 spe
1306 4966 1352 5008 et
1382 4956 1570 5008 virtute
1596 4956 1810 5026 spiritus

224 5046 419 5102 sancti.
462 5046 596 5114 Quia
627 5046 875 5115 superius
899 5046 1111 5101 dixerat
1137 5064 1150 5099 :
1175 5044 1241 5099 In
1278 5062 1396 5100 eum
1428 5056 1601 5115 gentes
1635 5063 1814 5116 spera-

225 5138 381 5203 bunt,
414 5138 690 5209 conjungit
722 5146 1000 5210 gratanter
1028 5159 1041 5193 :
1067 5138 1211 5193 Deus
1241 5142 1378 5209 spei;
1419 5140 1464 5195 si
1507 5142 1647 5194 enim
1679 5140 1814 5195 scri—

214 5241 381 5301 ptum
405 5230 593 5287 fuisset
613 5230 883 5299 superius,
911 5231 964 5284 in
1001 5230 1177 5300 ipsum
1209 5241 1399 5302 gentes
1440 5232 1683 5294 credunt,
1719 5230 1814 5285 ad-

218 5320 451 5395 iecisset
473 5322 588 5379 sine
613 5323 796 5387 dubio,
834 5323 975 5379 Deus
1003 5324 1147 5389 ﬁdei,
1174 5324 1267 5383 sed
1300 5324 1425 5394 quia
1454 5325 1521 5379 ab
1547 5325 1814 5395 sperando

218 5423 421 5488 gentes
467 5414 664 5484 posuit,
709 5415 830 5469 ideo
876 5415 1043 5469 Deum
1091 5416 1206 5486 spei
1248 5416 1462 5475 invocat
1508 5433 1671 5487 super
1715 5431 1810 5472 eos

223 5512 319 5585 qni
348 5518 573 5583 sperant
597 5512 652 5566 in
688 5525 813 5565 eum
833 5550 850 5576 ,
897 5526 935 5563 a.
960 5524 1069 5579 quo
1096 5509 1178 5565 eis
1198 5518 1252 5575 et
1274 5510 1666 5565 benedictionis
1694 5526 1809 5581 mu-

222 5618 332 5659 nus
378 5610 637 5673 precatur
678 5601 884 5671 augeri.
936 5600 1034 5656 Est
1076 5607 1256 5655 autem
1287 5600 1592 5657 benedictio
1627 5599 1810 5671 hujus-

222 5695 410 5761 modi,
460 5703 527 5749 ut
573 5695 882 5766 repleantur
925 5692 1073 5749 omni
1124 5693 1324 5765 gaudio
1367 5704 1422 5749 et
1452 5695 1601 5753 omni
1650 5712 1802 5767 pace,

222 5789 375 5858 quod
401 5788 474 5843 de
490 5787 711 5844 Christo
731 5794 881 5844 recte
908 5785 1243 5857 intelligitur,
1264 5787 1359 5856 qui
1384 5788 1690 5858 paciﬁcavit
1710 5804 1808 5859 per

223 5879 547 5950 sanguinem
600 5893 759 5934 suum
785 5917 801 5945 ,
850 5892 959 5933 non
1010 5875 1181 5932 solum
1227 5890 1348 5946 quae
1386 5876 1442 5932 in
1471 5878 1662 5945 terris,
1713 5878 1808 5935 sed

1928 2019 1946 2052 ι
1978 2000 2112 2055 Cum
2138 2002 2442 2071 producunt
2457 2001 2570 2071 jam
2609 2018 2675 2056 ex
2697 2018 2754 2058 se
2780 2002 3037 2068 fructum,
3065 2003 3217 2057 scitis
3247 2004 3503 2073 quoniam

1924 2110 1942 2142 ε
1970 2107 2139 2163 prope
2179 2103 2261 2148 est
2296 2102 2476 2148 aestas.
2516 2093 2592 2147 ita
2625 2104 2679 2148 et
2707 2110 2803 2150 vos
2833 2110 2956 2149 cum
2984 2087 3232 2149 v’ideritis
3260 2095 3376 2150 haec
3402 2095 3502 2149 lie-

1924 2204 1943 2238 ‹
1972 2188 2040 2252 ri,
2071 2188 2268 2243 scitote
2307 2188 2565 2260 quoniam
2605 2169 2773 2260 prope
2811 2197 2893 2244 est
2922 2186 3148 2261 regnum
3173 2188 3289 2243 Dei.
3330 2187 3504 2243 Amen

1924 2297 1942 2331 ι
1972 2280 2093 2335 dico
2123 2282 2295 2346 vobis,
2325 2282 2449 2350 quia
2476 2298 2581 2335 non
2610 2281 2909 2351 pneteribit
2939 2282 3217 2354 generatio
3244 2282 3379 2348 haec,
3410 2279 3504 2335 do-

1923 2388 1943 2422 ι
1973 2387 2077 2426 nec
2104 2373 2289 2426 omnia
2319 2370 2468 2427 ﬁant.
2514 2372 2722 2427 Caelum
2763 2381 2817 2428 et
2844 2383 2991 2429 terra
3014 2373 3349 2440 transibunt,
3378 2387 3503 2428 ver-

1923 2481 1943 2515 ‹
1972 2462 2040 2518 ba
2069 2473 2248 2519 autem
2270 2479 2391 2519 mea
2415 2480 2523 2520 non
2548 2466 2871 2520 transibunt.
2910 2484 2929 2518 ι

1988 2553 2164 2608 Erunt
2209 2555 2363 2626 signa
2410 2557 2465 2609 in
2507 2555 2616 2610 sole
2648 2566 2697 2611 et
2738 2555 2864 2611 luna
2897 2563 2946 2610 et
2979 2556 3165 2624 stellis,
3198 2552 3323 2611 etin
3350 2546 3501 2611 terris

1915 2662 2162 2723 pressura
2208 2647 2461 2718 gentium,
2514 2640 2625 2718 pro:
2670 2646 2977 2718 confusione
3013 2649 3219 2703 sonitus
3248 2648 3409 2702 maris
3452 2654 3502 2703 et

1915 2740 2198 2808 ﬂuctuant.
2254 2738 2409 2805 Quod
2453 2754 2583 2793 vero
2626 2739 2795 2794 dicit:
2843 2740 3016 2793 Erunt
3056 2742 3207 2811 signa
3237 2736 3292 2794 in
3319 2738 3428 2793 sole
3452 2746 3502 2793 et

1917 2827 2046 2883 lana
2075 2839 2122 2883 et
2157 2829 2323 2883 stellis
2350 2870 2366 2896 ,
2404 2845 2769 2901 praecursores
2808 2831 2973 2885 vicini
3014 2829 3254 2899 ejusdem
3286 2828 3500 2899 iudicii,

1916 2921 2073 2994 quasi
2100 2922 2324 2977 nuntius
2349 2921 2572 2977 indicat.
2612 2922 2653 2976 E
2677 2922 2874 2994 quibus
2900 2929 3012 2989 cst,
3046 2930 3102 2978 et
3124 2920 3253 2977 illud
3274 2923 3504 2993 prophe-

1916 3020 1985 3069 ιω
2013 3033 2027 3068 :
2056 3013 2148 3070 Sol
2173 3025 2398 3070 vertetur
2434 3016 2490 3069 in
2538 3000 2806 3082 tenebras,
2850 3014 2899 3069 et
2930 3013 3055 3069 luna
3081 3014 3139 3069 in
3169 3006 3499 3085 sanguinem,

1914 3115 2193 3176 antequam
2246 3107 2417 3160 veniat
2459 3090 2569 3161 dies
2611 3096 2823 3160 Domini
2862 3098 3081 3177 magnus
3108 3102 3162 3160 et
3191 3106 3501 3177 manifestus

1872 3234 1884 3283 ζ
1917 3196 2078 3269 (Joel.
2110 3197 2194 3279 ri).
2235 3197 2367 3254 Item
2396 3192 2742 3283 quod‘Lu'cas
2773 3196 2887 3283 ait:
2922 3197 2993 3251 Et
3023 3196 3265 3283 inr'terris
3291 3212 3501 3268 pressu-

1919 3305 1980 3343 ra
2005 3276 2270 3361 gentium,
2302 3276 2477 3367 ipsum
2516 3276 2637 3367 esse
2659 3286 2807 3357 'reor,
2839 3280 2985 3361 quod
3010 3282 3330 3345 Antichristi
3360 3300 3497 3345 tem-

1915 3400 2051 3455 pora
2081 3385 2394 3441 describens
2432 3366 2720 3442 Matthzeus
2744 3428 2760 3455 ,
2801 3386 2934 3443 dicit
2981 3406 2995 3442 :
3050 3384 3167 3441 Erit
3205 3388 3343 3442 enim
3377 3384 3499 3442 tunc

1913 3475 2184 3530 tribulatio
2226 3493 2448 3548 magna,
2498 3477 2671 3551 qualis
2715 3460 2821 3533 non
2860 3478 2962 3549 fuit
3017 3478 3082 3532 ab
3127 3479 3275 3533 initio
3316 3469 3529 3534 mundi

1916 3584 2077 3641 usque
2103 3570 2277 3634 modo,
2310 3586 2475 3649 neque
2496 3571 2604 3651 ﬁet.
2624 3571 2777 3651 Quod
2798 3583 2977 3627 autem
3001 3564 3173 3628 Lucas
3204 3572 3497 3646 subju'ngit,

1910 3678 2022 3733 pro:
2049 3661 2357 3732 confusione
2404 3648 2604 3743 sonitus
2631 3648 2791 3718 maris
2822 3674 2870 3717 et
2899 3665 3187 3735 ﬂuctuum,
3211 3666 3390 3738 praeco
3416 3675 3501 3722 est

1910 3754 2079 3821 illius,
2109 3755 2254 3825 quod
2288 3756 2432 3810 inter
2465 3758 2665 3811 cratera
2690 3752 2971 3814 mutabilia
3002 3756 3207 3825 saeculi;
3261 3754 3497 3814 Joannes

1913 3862 2063 3901 mare
2084 3846 2405 3902 habiturum
2436 3838 2737 3919 conspexit.

1981 3939 2348 3994 Arescentibus
2370 3939 2665 3994 hominibus
2685 3922 2795 4012 pra:
2817 3924 3003 3995 timore
3022 3950 3071 3995 et
3092 3940 3495 4012 exspectatione,

1910 4048 2028 4104 qua:
2055 4041 2415 4102 supervenient
2464 4032 2705 4086 uniuerso
2746 4031 2879 4100 orbi,
2923 4016 3045 4087 nam
3086 4034 3300 4087 virtutes
3342 4031 3498 4086 caelo-

1904 4140 2028 4191 prum
2056 4124 2535 4179 commovebuntur.
2567 4104 2741 4180 Credo
2771 4125 2946 4197 ipsum
2975 4117 3180 4197 judicis
3203 4106 3495 4179 adventum

1908 4215 2013 4270 hac
2041 4216 2310 4269 sententia
2353 4215 2646 4287 designari,
2680 4196 2896 4287 quando
2934 4216 3093 4287 juxta
3137 4196 3359 4271 alterius
3388 4216 3494 4271 loci

1904 4304 2223 4379 parabolam
2264 4320 2478 4373 omnes,
2514 4306 2618 4361 hoc
2647 4315 2751 4372 est,
2797 4313 2852 4360 et
2893 4292 3191 4377 prudentes
3233 4288 3291 4361 et
3333 4305 3495 4363 fatua:

1908 4398 2149 4470 virgines
2203 4397 2423 4452 insolito
2448 4396 2683 4452 clamore
2707 4397 2952 4452 suscitati
2974 4394 3247 4468 lampades
3274 4405 3493 4464 ornant,

1909 4486 1964 4542 id
2009 4499 2124 4554 est,
2166 4504 2263 4544 sua
2314 4503 2497 4543 secum
2540 4503 2705 4559 opera
2756 4495 3084 4561 numerant,
3148 4504 3247 4558 pro
3298 4488 3493 4560 quibus

1908 4582 2146 4637 maximo
2174 4598 2297 4637 eum
2332 4582 2525 4637 timore
2564 4578 2681 4651 jam
2716 4560 2937 4652 jamque
2968 4570 3259 4635 instantem
3302 4583 3493 4637 aeterni

1912 4673 2243 4729 discriminis
2262 4683 2584 4744 exspectant
2613 4666 2885 4729 eventum.
2921 4672 3071 4729 Tunc
3099 4675 3283 4746 itaque
3307 4692 3495 4749 super,

1912 4766 2163 4819 veniente
2191 4767 2445 4820 universo
2488 4766 2606 4821 orbi
2644 4768 2858 4834 timore,
2897 4776 2951 4823 ct
2982 4771 3385 4840 exspectatione
3412 4772 3494 4825 di-

1913 4860 2091 4915 stricti
2120 4858 2405 4924 examinis,
2442 4859 2595 4913 multi
2622 4861 2715 4931 qui
2743 4861 2799 4915 in
2830 4862 2932 4916 hoc
2969 4863 3167 4917 mundo
3193 4861 3385 4919 ﬂorere
3412 4860 3493 4918 vi-

1915 4951 2205 5018 debantur,
2230 4968 2354 5007 cum
2380 4966 2439 5006 se
2459 4953 2575 5006 sine
2597 4952 2774 5007 fructu
2796 4955 3196 5024 conspexerint,
3219 4936 3487 5022 arescent,

1917 5054 2045 5099 tunc
2092 5046 2245 5111 ﬁdes,
2276 5061 2397 5115 qua:
2439 5046 2556 5099 sine
2587 5046 2841 5116 operibus
2864 5046 3093 5115 vixerat,
3138 5044 3405 5118 probante
3431 5064 3491 5104 se

1904 5134 2036 5204 justi
2060 5135 2261 5205 judicis
2287 5137 2426 5207 igne,
2450 5147 2764 5193 marcescet.

1984 5227 2053 5282 Et
2084 5239 2206 5283 tunc
2244 5230 2485 5284 ridebunt
2509 5228 2682 5300 ﬁliam
2706 5229 2930 5286 hominis
2956 5232 3240 5286 uenientem
3279 5231 3333 5284 in
3356 5231 3492 5284 nube

1912 5339 2031 5378 cum
2066 5331 2319 5395 potestate
2345 5338 2536 5394 magna
2565 5333 2613 5378 et
2644 5325 2934 5395 majestate.
2970 5324 3072 5397 (Ex
3100 5320 3287 5401 (ΣΙ-οε.)
3316 5322 3372 5376 In
3394 5338 3493 5394 po-

1916 5422 2111 5470 testate
2134 5429 2330 5485 magna
2360 5423 2417 5469 et
2448 5414 2730 5491 majestate
2757 5408 2923 5471 visuri
2950 5406 3096 5480 sunt,
3123 5429 3283 5483 quem
3312 5412 3366 5468 in
3394 5412 3493 5468 hu-

1915 5506 2146 5562 militate
2179 5506 2412 5577 positum
2438 5507 2626 5564 audire
2664 5506 2972 5571 noluerunt,
3009 5515 3069 5559 ut
3092 5504 3348 5560 virtutem
3375 5502 3492 5575 ejus

1916 5609 2071 5656 tanto
2106 5609 2235 5655 tunc
2268 5599 2569 5658 districtius
2608 5599 2864 5681 sentiant,
2896 5604 3098 5689 quapto
3142 5610 3283 5651 nunc
3306 5597 3494 5689 cervi-

1913 5707 2033 5749 cem
2069 5692 2250 5749 cordis
2290 5692 2361 5765 ad
2397 5692 2514 5765 ejus
2557 5688 2875 5763 patientiam
2917 5680 3026 5745 non
3062 5680 3346 5765 inclinant.
3377 5680 3492 5744 'Sed

1913 5786 2041 5857 quia
2070 5787 2187 5844 haec
2206 5757 2687 5869 coptragreprpbq‘s
2706 5770 3184 5869 'dictausun't'nmofx
3204 5757 3273 5869 ad
3294 5764 3494 5869 ’eiect'o-

1915 5844 2037 5935 rum
2067 5844 2681 5935 consolationem-verba
3040 5844 3179 5931 Rata
3200 5850 3488 5934 ῗίὼὶῖἱῖιιῖε
