4026 6468
520 380 628 438 519

1797 348 2152 412 SMARAGDI
2186 344 2480 406 ABBATIS

3672 328 3792 389 520

592 488 693 544 His
717 490 892 541 autem
916 480 1035 553 fieri
1055 474 1443 550 incipientibus,
1470 470 1705 544 respicite
1729 475 1781 525 et
1816 467 1981 522 levate
2006 481 2099 519 ca-
2125 463 2181 526 Α
2209 479 2227 513 ι
2261 462 2499 535 humano
2548 455 2655 512 die.
2708 453 2816 510 Sed
2864 463 3042 524 neque
3091 425 3385 521 meipsum-
3406 445 3615 520 judico,
3644 445 3795 502 nihil

519 582 631 656 pitu
664 586 857 643 vestra,
888 571 1133 648 quoniam
1169 566 1549 639 appropinquat
1579 559 1858 632 redemptio
1904 564 2095 613 vestra.

522 671 659 728 Cum
681 670 875 743 plagas,
912 662 1107 734 inquit,
1143 660 1330 717 mundi
1365 657 1735 719 crebrescunt,
1766 665 1891 707 cum
1922 656 2101 703 terror

520 765 711 838 judicii
757 758 1045 818 virtutibus
1091 753 1376 811 commotis
1421 749 1744 814 ostenditur,
1780 744 1957 799 levate
2003 754 2102 794 vos

526 831 721 928 capita,
768 855 822 910 id
859 859 964 916 est,
1001 847 1301 905 exhilarate
1342 844 1526 909 corda,
1572 839 1699 912 quia
1744 837 1871 893 dum
1918 831 2104 888 ﬁnitur

526 925 777 1014 mundus,
811 944 968 1016 cujus
996 942 1156 998 amici
1179 956 1287 996 non
1312 938 1467 1003 estis,
1498 946 1667 1006 prope
1689 930 1750 985 ﬁt
1781 925 2101 995 redemptio,

525 1056 691 1113 quam
736 1035 1027 1110 quaesistis.
1072 1032 1280 1088 Levare
1316 1030 1500 1099 itaque
1540 1024 1716 1095 capita
1764 1028 1848 1076 est
1885 1018 2105 1075 omnino

526 1110 735 1191 mentes
779 1136 998 1186 nostras
1036 1125 1106 1181 ad
1135 1123 1330 1197 gaudia
1371 1118 1561 1192 patrias
1598 1112 1834 1172 caelestis
1874 1110 2103 1179 erigere.

525 1225 679 1294 Quod
709 1229 913 1294 .autem
966 1216 1165 1273 calcari
1209 1212 1463 1277 mundus,
1522 1223 1587 1263 ac
1633 1203 1839 1275 despici
1891 1201 2105 1263 debeat,

525 1290 750 1391 provida
785 1312 1045 1370 Dominus
1067 1305 1474 1379 comparatione
1498 1297 1831 1356 manifestat.
1858 1290 1994 1348 Nam
2023 1304 2110 1346 se-

530 1409 743 1480 quitur:

599 1500 667 1555 Et
706 1496 840 1553 dixit
880 1492 988 1550 illis
1022 1487 1415 1547 similitudinem
1443 1499 1462 1538 .'
1509 1483 1691 1540 Videte
1729 1475 2012 1549 ﬁculneam
2060 1479 2109 1527 et

529 1607 705 1650 omnes
735 1588 967 1653 arbores,
984 1599 1103 1639 cum
1122 1581 1422 1654 producunt
1442 1578 1552 1646 iam
1568 1591 1632 1630 ex
1652 1588 1706 1627 se
1730 1570 1978 1641 fructum,
2010 1563 2113 1618 sci-

529 1683 595 1737 tis
623 1680 871 1753 quoniam
895 1691 1053 1747 prope
1096 1681 1173 1727 est
1202 1680 1380 1736 testas,
1406 1668 1482 1721 ita
1521 1674 1569 1720 et
1616 1679 1702 1718 vos
1730 1675 1848 1714 cum
1880 1652 2111 1711 videritis

529 1742 646 1828 haec
687 1769 837 1839 ﬁeri,
886 1742 1069 1821 scitote
1110 1761 1359 1834 quoniam
1407 1771 1566 1828 prope
1610 1761 1688 1808 est
1732 1762 1946 1820 regnum
1992 1742 2109 1797 Dei.

2204 571 2225 604 ι
2260 551 2407 608 enim
2445 549 2578 605 mihi
2617 547 2867 603 conscius
2917 560 3059 611 sum,
3090 544 3185 598 sed
3213 557 3322 597 non
3348 540 3404 596 in
3435 541 3538 599 hoc
3576 536 3794 610 justiﬁ-

2206 664 2225 697 ι
2256 652 2410 701 catus
2437 658 2577 699 sum.
2622 640 2724 708 Qui
2762 646 2943 695 autem
2986 635 3198 706 judicat
3235 649 3347 701 me,
3385 632 3655 689 Dominus
3682 638 3793 686 est.

2207 755 2227 789 ‹
2260 737 2448 807 Itaque
2475 734 2642 792 nolite
2691 739 2818 787 ante
2866 739 3079 800 tempus
3117 727 3385 799 judicare,
3432 725 3798 795 quoadusque

2209 850 2227 884 ι
2261 830 2443 886 veniat
2486 826 2785 890 Dominus,
2852 822 2947 894 qui
2996 829 3051 877 et
3098 819 3421 877 illuminabit
3469 815 3799 871 abscondita

2208 942 2229 975 ι
2259 922 2627 987 tenebrarum,
2658 924 2714 973 et
2742 912 3115 971 manifestabit
3149 909 3378 967 consilia
3422 907 3699 965 cordium.
3732 905 3803 961 Et

2210 1032 2229 1065 ‹
2262 1021 2392 1068 tunc
2421 1011 2540 1067 laus
2563 1010 2671 1065 erit
2698 1007 2991 1077 unicuique
3017 1021 3051 1059 a
3075 1005 3207 1060 Deo.

2275 1102 2365 1161 Sic
2411 1119 2505 1158 nos
2539 1100 2798 1156 existimet
2847 1098 3039 1163 homo,
3086 1104 3145 1150 ut
3188 1093 3454 1149 ministros
3501 1091 3717 1147 Christi
3752 1100 3801 1145 ct

2206 1193 2588 1267 dispensatores
2613 1188 2981 1262 mysteriorum
3006 1187 3124 1242 Dei.
3155 1186 3214 1241 Id
3253 1194 3353 1249 est,
3379 1200 3488 1239 non
3524 1191 3591 1237 ut
3611 1197 3803 1251 aequa-

2207 1290 2287 1346 les
2321 1288 2543 1352 Christi,
2576 1288 2680 1342 hoc
2719 1293 2804 1341 est
2846 1283 3051 1352 dicere,
3094 1297 3204 1336 non
3231 1280 3407 1335 dicam
3452 1279 3804 1350 pseudoapo-

2209 1381 2395 1446 stolos,
2427 1381 2523 1436 sed
2550 1395 2619 1435 ne
2659 1377 2932 1449 apostolos
2968 1376 3187 1447 quidem
3216 1374 3385 1429 nimia
3414 1373 3577 1428 laude
3620 1372 3807 1427 hono-

2211 1489 2335 1531 rare
2358 1472 2588 1538 debetis,
2619 1473 2760 1529 sicut
2787 1471 2892 1527 alio
2915 1470 3037 1526 loco
3064 1467 3240 1523 dixit:
3289 1465 3548 1537 Nunquid
3584 1462 3803 1519 Paulus

2211 1567 2495 1635 cruciﬁxus
2524 1572 2598 1619 est
2620 1581 2712 1635 pro
2738 1563 2902 1629 vobis,
2922 1570 3012 1616 aut
3041 1560 3098 1614 in
3120 1557 3325 1613 nomine
3353 1553 3511 1609 Pauli
3541 1553 3806 1624 baptizati

2211 1661 2376 1716 estis?
2403 1660 2529 1729 quia
2551 1653 2888 1726 baptismatis
2910 1654 3072 1708 homo
3096 1650 3345 1706 minister
3363 1655 3468 1713 est,
3490 1656 3696 1701 auctor
3723 1661 3808 1700 ve-

2213 1769 2277 1808 ro
2295 1753 2458 1817 Deus,
2490 1750 2628 1805 sicut
2656 1747 2920 1819 legimus:
2972 1744 3141 1814 Super
3178 1757 3329 1812 quem
3368 1738 3559 1793 videris
3596 1737 3806 1792 colunt-

531 1816 637 1828 "“"
687 1816 837 1839 ιη’-ι
888 1816 1057 1821 νν-έ-ίί
1122 1816 1135 1834 ι
1407 1816 1419 1828 .
1505 1816 1515 1826 .
1789 1816 1805 1820 -

531 1863 729 1933 Aperte
758 1873 886 1929 ergo
931 1857 1109 1920 docet,
1158 1852 1285 1923 quia
1336 1848 1480 1905 sicut
1526 1861 1596 1900 ex
1638 1842 1820 1898 fructu
1855 1836 2111 1893 arborum

2225 1845 2336 1900 bam
2364 1816 2777 1907 descendentem,
2808 1839 2892 1894 hic
2912 1846 2985 1893 est
3009 1836 3099 1908 qui
3121 1834 3351 1905 baptizat
3377 1831 3431 1885 in
3453 1830 3647 1900 spiritu
3679 1846 3807 1882 san-

533 1929 762 2008 ventura
781 1957 942 2005 sistas
967 1944 1300 2017 agnoscitur,
1346 1942 1419 1995 ita
1449 1954 1517 1994 ex
1545 1934 1704 1992 ruina
1732 1929 1917 1987 mundi
1945 1938 2113 1998 prope

531 2060 654 2102 esse
679 2040 1023 2113 cognoscitur
1052 2051 1275 2109 regnum
1301 2033 1420 2099 Dei,
1449 2029 1642 2101 quibus
1670 2023 1912 2098 profecto
1932 2018 2115 2075 verbis

531 2109 856 2198 ostenditur,
902 2130 1030 2202 quia
1078 2126 1289 2182 fructus
1334 2122 1521 2180 mundi
1550 2119 1711 2175 ruina
1755 2123 1857 2171 est.
1899 2110 1984 2167 Ad
2013 2109 2116 2164 hoc

532 2228 678 2283 enim
706 2222 902 2280 crescit
923 2228 986 2275 ut
1011 2218 1189 2281 cadat,
1239 2214 1307 2270 ad
1342 2214 1447 2278 hoc
1474 2210 1743 2283 germinat
1782 2214 1841 2259 ut
1865 2216 2117 2274 quaecun-

534 2333 639 2388 que
678 2310 1080 2387 germinaverit,
1125 2305 1368 2362 cladibus
1410 2306 1712 2358 consumat.
1749 2296 1894 2350 Bene
1935 2299 2118 2346 autem

535 2422 760 2480 regnum
787 2404 884 2459 Dei
912 2400 1088 2457 testati
1117 2402 1484 2467 comparatur,
1518 2392 1648 2462 quia
1688 2398 1820 2444 tunc
1868 2381 2120 2439 maeroris

537 2500 709 2558 nostri
762 2496 948 2553 nubila
996 2498 1298 2557 transeunt,
1335 2496 1392 2544 et
1435 2486 1561 2540 vitae
1598 2483 1714 2538 dies
1760 2477 1951 2535 aeterni
1992 2472 2120 2530 solis

535 2592 783 2649 claritate
842 2587 1167 2659 fulgescunt,
1195 2596 1314 2651 qua:
1358 2578 1540 2634 omnia
1563 2590 1687 2630 cum
1728 2584 1927 2640 magna
1957 2564 2124 2622 certi-

536 2685 722 2741 tudine
747 2679 1156 2743 conﬁrmantur,
1181 2688 1307 2729 cum
1331 2667 1598 2727 sententia
1629 2661 1990 2733 subjungitur,
2014 2670 2123 2728 qua

538 2778 737 2833 dicitur
761 2790 775 2828 :

607 2866 776 2921 Amen
796 2864 912 2919 dico
933 2861 1098 2927 vobis,
1121 2856 1245 2929 quia
1268 2870 1372 2910 non
1394 2848 1679 2925 praeteribit
1702 2840 1966 2918 generatio
1986 2839 2120 2905 lucc,

537 2960 699 3013 donec
740 2956 917 3012 omnia
956 2954 1109 3023 ﬁant.
1144 2948 1246 3022 (Ex
1274 2944 1461 3015 Beda.)
1501 2941 1725 2998 Multum
1752 2936 1949 3008 quippe
1972 2946 2123 2987 com-

538 3049 761 3104 mendat
801 3044 1079 3110 Dominus,
1106 3039 1250 3111 quod
1286 3039 1362 3093 ita
1388 3032 1724 3107 pronuntiat,
1763 3026 2123 3099 quodammo-

540 3141 629 3207 do,
655 3140 699 3196 si
723 3138 828 3195 dici
851 3136 933 3192 fas
954 3142 1056 3199 est,
1082 3130 1284 3201 juratio
1305 3130 1421 3201 ejus
1446 3145 1459 3181 :
1487 3126 1652 3180 Amen
1672 3121 1788 3176 dico
1818 3117 1976 3182 vobis,
1997 3114 2123 3186 quia

539 3248 642 3287 non
662 3229 944 3302 pra'teribit
962 3225 1226 3298 generatio
1243 3223 1375 3287 hazc,
1398 3219 1561 3274 donec
1581 3215 1756 3272 omnia
1773 3213 1925 3283 ﬁant.
1950 3208 2123 3265 Gene-

541 3324 804 3379 rationem
852 3328 1056 3386 autem,
1099 3325 1193 3373 aut
1225 3327 1388 3371 omne
1427 3308 1707 3366 hominum
1756 3318 1925 3375 genus
1968 3299 2119 3367 dicit,

538 3422 633 3470 aut
652 3411 958 3485 specialiter
983 3407 1311 3464 Judaeorum.

612 3505 811 3561 Cretum
854 3513 903 3558 et
932 3511 1074 3556 terra
1118 3495 1437 3560 transibunt,
1477 3490 1633 3548 verba
1672 3494 1848 3544 autem
1872 3499 1989 3539 mea
2016 3496 2124 3537 non

542 3597 818 3655 transient.
845 3593 1053 3650 Caelum
1074 3589 1217 3660 quod
1243 3584 1499 3642 transibit
1533 3596 1643 3637 non
1667 3579 1981 3641 :ethereum,
2011 3573 2125 3629 sive

544 3690 838 3753 sidereum,
870 3684 966 3740 sed
1000 3696 1242 3747 aereum,
1284 3696 1318 3734 a
1358 3692 1466 3748 quo
1506 3683 1563 3730 et
1590 3688 1718 3728 aves
1764 3669 1905 3736 caeli,
1936 3676 1993 3725 et
2021 3683 2124 3723 nu-

544 3779 651 3837 bila
699 3777 822 3835 cmli
869 3773 1337 3847 cognominantur,
1392 3765 1691 3838 intelligere
1738 3764 2015 3819 debemus.
2067 3760 2127 3816 Si

547 3877 728 3924 autem
767 3865 961 3923 cmlum
1004 3872 1061 3919 et
1109 3871 1253 3918 terra
1302 3858 1627 3931 transibunt,
1662 3870 1881 3911 movere
1927 3860 2124 3923 potest,

546 3960 813 4033 quomodo
855 3959 1002 4015 dicat
1038 3954 1394 4011 Ecclesiastes
1429 3969 1443 4005 :
1478 3947 1755 4004 Generatio
1798 3945 2053 4017 pra-terit,
2078 3951 2127 3998 et

545 4031 811 4124 generatio
839 4047 1070 4115 advenit,
1094 4056 1234 4100 terra
1264 4059 1381 4099 vero
1407 4043 1464 4097 in
1493 4051 1744 4096 wternum
1794 4044 1897 4091 stat
1925 4031 2123 4107 (Eccle.

548 4146 612 4219 ι),
643 4144 738 4200 sed
772 4149 959 4215 aperta
982 4140 1193 4195 ratione
1213 4136 1411 4193 coelum
1433 4142 1491 4190 et
1522 4141 1664 4188 terra
1694 4145 1794 4201 per
1818 4143 1939 4184 eam
1963 4140 2129 4197 quam

548 4255 691 4295 nunc
719 4239 922 4293 habent
957 4234 1218 4307 speciem,
1273 4234 1573 4286 transeunt.
1627 4224 1880 4280 Attamen
1914 4235 2011 4290 per
2038 4233 2128 4273 es-

549 4333 780 4389 sentiam
821 4330 938 4385 sine
981 4329 1087 4382 ﬁne
1125 4325 1461 4381 subsistunt:
1509 4318 1753 4374 Prwterit
1783 4315 1922 4370 enim
1956 4312 2130 4384 ﬁgura

551 4424 709 4493 hujus
737 4419 940 4475 mundi.
969 4418 1035 4473 Et
1065 4417 1133 4471 ad
1159 4400 1426 4471 Joannem.
1449 4409 1670 4481 angelus
1695 4427 1707 4462 :
1759 4406 1902 4471 Erit,
1930 4403 2127 4474 inquit,

2216 1945 2298 1991 cto
2328 1934 2379 2007 (1
2388 1951 2508 1989 oan.
2537 1932 2600 2005 1).

2290 2004 2392 2080 Hic
2434 2004 2842 2095 iamrquteritur
2885 2004 3474 2088 interldispensatorcs,
3517 2020 3581 2066 ut
3628 2011 3808 2080 ﬁdelis

2215 2115 2330 2189 quis
2361 2113 2672 2169 inveniatur.
2700 2110 2827 2166 Haec
2848 2107 3231 2177 interrogantis
3258 2120 3363 2160 vox
3391 2110 3497 2169 est,
3527 2102 3623 2157 hic
3651 2118 3806 2169 qua:-

2217 2209 2379 2273 ritur,
2406 2206 2461 2260 id
2486 2212 2590 2270 est,
2636 2203 2689 2257 in
2737 2200 2989 2273 praesenti
3039 2197 3253 2263 saeculo,
3302 2194 3417 2265 jam
3457 2208 3555 2249 vos
3600 2192 3808 2261 putatis

2219 2296 2576 2354 conscientias
2592 2293 2832 2365 judicare
2851 2294 3135 2349 humanas.
3167 2288 3321 2356 Quod
3341 2287 3488 2350 dicit,
3517 2284 3806 2356 quaeritur,

2221 2390 2539 2448 subauditur
2566 2389 2634 2443 ab
2663 2385 2993 2451 hominibus,
3027 2391 3088 2438 ut
3113 2379 3289 2437 ﬁdelis
3314 2378 3437 2450 quis
3461 2376 3807 2432 inveniatur?

2222 2484 2351 2541 Sive
2377 2485 2425 2539 is
2453 2483 2545 2553 qui
2592 2479 2848 2543 mittitur,
2884 2477 2997 2532 sive
3030 2477 3097 2531 de
3147 2472 3234 2528 his
3273 2472 3342 2527 ad
3371 2484 3509 2541 quos
3544 2467 3807 2531 mittitur,

2220 2585 2283 2632 ut
2311 2575 2482 2630 ﬁdelis
2510 2580 2565 2629 et
2592 2585 2781 2628 servus
2808 2569 3045 2640 prudens
3092 2564 3418 2620 inveniatur.
3451 2559 3651 2623 Aliter,
3689 2567 3812 2612 tan-

2223 2681 2385 2738 quam
2412 2665 2460 2719 si
2504 2664 2729 2729 diceret,
2757 2660 2847 2716 hic
2887 2658 2998 2727 jam
3036 2656 3267 2713 forsitan
3291 2654 3489 2724 aliquis
3525 2652 3809 2722 dispensa-

2223 2767 2403 2815 torum
2431 2756 2625 2812 merita
2662 2751 2941 2825 praesumit
2980 2749 3263 2814 extollere,
3293 2755 3349 2802 et
3375 2759 3543 2801 ausus
3569 2751 3658 2799 est
3685 2752 3810 2797 ante

2223 2856 2437 2919 tempus
2456 2845 2647 2916 judicii
2674 2845 2740 2899 de
2768 2839 3118 2900 conscientiis
3139 2837 3403 2908 judicare.

2297 2936 2429 2991 Mihi
2455 2944 2627 2989 autem
2649 2950 2744 3006 pro
2780 2932 2997 2988 minimo
3023 2938 3123 2997 est,
3148 2936 3205 2982 ut
3239 2946 3271 2981 a
3294 2926 3435 2982 vobis
3451 2923 3696 2996 judicer,
3722 2933 3811 2977 aut

2224 3028 2290 3083 ab
2330 3028 2565 3082 humano
2609 3024 2716 3092 die,
2772 3023 2863 3080 sed
2910 3038 3073 3094 neque
3129 3020 3385 3091 meipsum
3417 3016 3639 3087 judico,
3683 3014 3812 3069 nihil

2200 3125 2353 3179 mihi
2387 3122 2622 3178 conscius
2665 3136 2802 3177 sum.
2861 3117 3019 3187 Quod
3061 3116 3229 3172 dicit:
3284 3112 3420 3168 Mihi
3450 3128 3549 3183 pro
3598 3110 3813 3164 minimo
3884 3142 3891 3147 ο

2223 3227 2322 3285 est,
2356 3232 2421 3272 ac
2449 3217 2497 3272 si
2530 3216 2695 3281 dicat,
2715 3228 2815 3285 pro
2852 3211 3023 3267 nihilo
3046 3208 3184 3266 mihi
3205 3213 3309 3286 est,
3339 3213 3457 3260 uta
3486 3203 3650 3258 vobis
3671 3202 3814 3272 judi-

2222 3326 2333 3366 cer.
2364 3309 2669 3364 Humanum
2705 3303 2970 3377 judicium
2997 3302 3118 3358 ideo
3142 3298 3375 3364 vocavit,
3404 3296 3536 3366 quia
3559 3293 3812 3364 frequen-

2225 3412 2308 3460 ter
2348 3402 2405 3457 in
2453 3416 2520 3458 eo
2555 3399 2758 3456 veritas
2800 3407 2855 3453 et
2886 3395 3098 3467 justitia
3140 3394 3454 3448 frustratur.
3503 3388 3812 3443 Humanum

2224 3509 2359 3551 vero
2386 3488 2552 3559 diem,
2576 3493 2753 3562 ipsam
2773 3487 2998 3547 humani
3014 3484 3206 3558 judicii
3234 3481 3627 3539 revelationem
3648 3477 3809 3534 dixit:

2224 3585 2412 3657 Neque
2459 3582 2726 3654 meipsum
2764 3580 2978 3653 judico,
3026 3576 3232 3647 inquit,
3278 3574 3334 3629 id
3389 3579 3508 3638 est,
3547 3570 3812 3640 meipsum

2225 3694 2332 3734 non
2361 3676 2540 3746 culpo,
2569 3674 2698 3745 quia
2740 3672 2876 3728 nihil
2920 3669 3049 3725 mali
3094 3669 3153 3724 in
3199 3681 3287 3722 me
3314 3663 3449 3730 scio,
3477 3677 3663 3732 neque
3692 3676 3815 3715 cou-

2226 3772 2372 3828 scius
2400 3784 2540 3825 sum.
2568 3767 2741 3824 Aliter
2766 3784 2779 3819 :
2807 3764 2940 3821 Mihi
2965 3779 3058 3835 pro
3092 3761 3307 3815 minimo
3344 3766 3442 3825 est,
3472 3756 3530 3811 id
3562 3762 3674 3820 est,
3700 3768 3815 3808 esse

2226 3859 2446 3931 aliquid,
2488 3866 2549 3913 ut
2576 3858 2644 3914 ab
2686 3858 2925 3912 humano
2971 3854 3080 3920 die,
3129 3852 3185 3907 id
3228 3857 3333 3915 est,
3361 3849 3613 3905 humana:
3641 3845 3814 3901 laudis

2227 3954 2401 4024 gratia
2429 3952 2513 4007 vel
2538 3950 2723 4007 favore
2753 3965 2862 4005 non
2891 3948 3097 4017 capior,
3136 3953 3197 4000 ut
3226 3944 3397 3999 illud:
3442 3942 3601 3997 Diem
3645 3942 3814 3996 homi-

2227 4044 2309 4098 nis
2335 4057 2438 4096 non
2462 4040 2774 4107 desideravi,
2822 4039 2878 4095 id
2921 4044 3023 4104 est,
3055 4034 3504 4099 consolationem,
3536 4030 3701 4102 cujus
3726 4029 3810 4100 ju-

2228 4133 2475 4191 cunditas
2503 4132 2774 4199 carnalem
2802 4138 3040 4187 mentem
3066 4136 3247 4201 potest
3281 4142 3498 4199 capere,
3531 4142 3643 4181 non
3674 4141 3815 4197 quaso

2228 4228 2352 4286 sivi.
2393 4228 2502 4284 Sed
2538 4242 2716 4300 neque
2743 4227 3010 4298 meipsum
3033 4224 3319 4309 judico,.id
3369 4230 3475 4290 est,
3501 4237 3685 4294 neque
3712 4238 3815 4277 me-

2210 4320 2404 4391 ipsum
2450 4320 2677 4390 alicujus
2722 4319 2903 4375 meriti
2945 4333 3066 4373 esse
3117 4315 3434 4388 pronuntio,
3506 4315 3638 4385 quia
3695 4314 3812 4385 plus

2229 4414 2388 4469 credo
2413 4413 2760 4470 conscientiae
2794 4427 2948 4477 meae,
2978 4425 3141 4481 quam
3169 4409 3313 4465 laudi
3356 4424 3425 4465 ex
3454 4407 3634 4462 aliena
3667 4410 3809 4462 testi-

552 4516 736 4570 coelnm
766 4525 955 4565 novum
982 4518 1029 4562 et
1067 4518 1210 4561 terra
1237 4521 1387 4558 nova.
1438 4501 1568 4569 Qua:
1615 4499 1834 4569 quidem
1880 4512 1989 4551 non
2022 4495 2127 4549 alia
2152 4517 2205 4577 D
2229 4503 2467 4558 marione
2492 4502 2748 4558 venienti.
2800 4501 2908 4575 (Ea;
2935 4498 3181 4572 August.)
3220 4498 3446 4567 Quando
3480 4514 3709 4569 possum
3728 4497 3810 4566 ju—

554 4603 831 4662 condenda
852 4607 1000 4683 sunt,
1022 4597 1118 4655 sed
1141 4599 1257 4653 haec
1282 4596 1398 4667 ipsa
1418 4600 1767 4649 renovantur.
1799 4590 2006 4646 Caelum
2032 4589 2130 4660 igi-

554 4706 642 4752 tur
668 4703 724 4751 et
750 4703 916 4759 terra,
944 4700 998 4747 et
1027 4689 1277 4746 transibit
1299 4696 1355 4744 et
1383 4685 1506 4753 erit,
1532 4684 1656 4755 quia
1678 4691 1733 4738 et
1756 4683 1826 4738 ab
1850 4698 1937 4747 ea,
1967 4695 2130 4751 quam

553 4804 696 4846 nunc
723 4781 891 4843 habet
925 4783 1123 4855 specie,
1152 4797 1248 4853 per
1290 4781 1468 4851 ignem
1499 4783 1757 4847 tergetur,
1781 4781 1837 4830 et
1866 4781 2047 4829 tamen
2073 4771 2129 4828 in

554 4896 651 4938 sua
678 4892 892 4949 semper
920 4882 1112 4932 natura
1137 4873 1458 4930 servabitur.

649 5008 1070 5069 ﬂEBDOMADA
1096 5006 1143 5064 ll
1181 5005 1367 5062 ANTE
1402 5000 1734 5059 NATALEM
1778 4994 2035 5064 DOMINI,

1224 5120 1329 5177 hoc
1364 5126 1470 5185 est,

836 5233 1162 5296 DOMlNlCA
1188 5230 1443 5288 TERTIA
1470 5221 1862 5285 ADVENTUS.

553 5356 815 5403 IPISTOLA'
867 5356 1028 5399 BBATI
1077 5352 1233 5395 PAULI
1284 5347 1541 5390 APOS'I‘OLI
1603 5347 1669 5385 AD
1722 5339 2041 5385 CORINTHIOS
2091 5337 2134 5390 1,

1233 5421 1350 5462 CAP.
1380 5418 1453 5461 IV.

634 5545 653 5580 ι
682 5525 775 5583 Sic
805 5538 907 5581 nos
930 5520 1204 5580 existimet
1246 5518 1407 5573 homo
1435 5522 1496 5571 ut
1522 5512 1797 5569 ministros
1826 5508 2048 5576 Christi,
2080 5513 2137 5563 et

564 5633 585 5670 ι
620 5615 1017 5686 dispensatores
1039 5608 1422 5684 mysteriorum
1442 5606 1558 5661 Dei.
1585 5604 1684 5660 Hic
1716 5603 1831 5672 jam
1874 5600 2136 5672 quaeritur

564 5726 585 5762 ι
620 5708 761 5766 inter
785 5708 1182 5779 dispensatores
1208 5710 1269 5757 ut
1297 5700 1469 5758 ﬁdelis
1497 5699 1619 5770 quis
1646 5696 1973 5752 inveniatur.
2004 5693 2133 5749 Mihi

565 5815 591 5856 ε
622 5808 804 5859 autem
826 5812 924 5869 pro
946 5795 1169 5855 minimo
1197 5800 1301 5863 est,
1335 5799 1454 5850 uta
1475 5788 1630 5847 vobis
1666 5783 1901 5856 judicer,
1945 5792 2038 5842 aut
2067 5785 2136 5843 ab

2234 4597 2415 4652 dicare
2439 4595 2832 4652 conscientiam
2877 4609 3076 4659 meam,
3124 4592 3342 4663 quando
3376 4590 3699 4647 examinare
3724 4604 3812 4659 po-

2232 4696 2372 4755 tero,
2399 4702 2507 4757 quo
2533 4686 2716 4741 animo
2741 4684 2901 4751 facio,
2924 4684 3183 4755 quidquid
3218 4663 3382 4747 facio,
3403 4688 3670 4750 quantum
3694 4694 3811 4750 pos-

2233 4794 2353 4836 sum
2391 4777 2641 4833 homines
2676 4775 2743 4831 dc
2788 4773 2894 4830 alio
2936 4772 3201 4842 judicare,
3251 4771 3375 4841 plus
3418 4771 3583 4826 homo
3628 4769 3811 4839 utique

2231 4873 2298 4927 de
2338 4885 2395 4925 se
2429 4870 2565 4940 ipso,
2613 4868 2708 4925 sed
2735 4867 2878 4924 Deus
2921 4865 3040 4937 plus
3066 4865 3133 4921 de
3158 4864 3403 4931 homine,
3430 4878 3600 4934 quam
3651 4863 3811 4918 homo

2231 4964 2298 5018 de
2326 4975 2403 5017 se.
2433 4958 2606 5015 Homo
2628 4959 2772 5015 enim
2796 4958 2941 5014 videt
2966 4957 3019 5012 in
3048 4954 3208 5023 facie,
3232 4956 3376 5012 Deus
3406 4954 3464 5009 in
3489 4955 3675 5010 corde.

2301 5054 2406 5111 Sed
2438 5069 2543 5109 non
2586 5054 2644 5107 in
2670 5053 2766 5108 hoc
2809 5050 3137 5122 justiﬁcatus
3174 5064 3313 5103 sum.
3354 5047 3414 5103 Id
3456 5054 3563 5111 est,
3614 5047 3672 5102 in
3710 5045 3806 5101 hoc

2229 5157 2491 5218 tempore,
2534 5151 2631 5199 aut
2660 5144 2709 5198 si
2754 5142 2893 5197 forte
2922 5140 3129 5196 nullum
3166 5140 3377 5195 crimen
3422 5136 3642 5203 admisi,
3691 5136 3810 5191 ideo

2232 5256 2340 5297 non
2368 5237 2607 5311 peccavi.
2654 5234 2715 5291 Si
2758 5234 2862 5290 hoc
2904 5232 3101 5288 Paulus
3145 5231 3297 5296 dicit,
3345 5230 3475 5302 quid
3502 5243 3607 5285 nos
3633 5227 3810 5283 dicere

2233 5330 2536 5387 debemus?
2562 5327 2656 5397 qui
2680 5326 2837 5397 longe
2858 5324 2927 5380 ab
2953 5323 3097 5379 illius
3117 5322 3330 5379 meritis
3370 5322 3655 5377 distamus.
3699 5316 3811 5373 Ali-

2236 5433 2320 5479 ter
2343 5440 2358 5477 :
2387 5421 2511 5476 Non
2550 5420 2608 5473 in
2634 5417 2731 5471 hoc
2750 5414 3075 5487 justiﬁcatus
3102 5430 3239 5480 sum,
3269 5413 3375 5468 hoc
3399 5419 3484 5467 est
3509 5411 3715 5472 dicere,
3740 5420 3814 5462 ne

2236 5515 2339 5572 hoc
2367 5513 2583 5585 quidem
2619 5507 2753 5565 mihi
2791 5505 3141 5575 adjustitiam
3166 5505 3399 5576 proﬁcit,
3428 5504 3477 5560 si
3501 5503 3670 5559 nolim
3696 5499 3813 5555 lau-

2234 5587 2376 5673 dari,
2400 5603 2492 5675 qui
2519 5617 2607 5658 me
2634 5601 2911 5673 indignum
2946 5598 3104 5654 laude
3129 5612 3422 5668 cognosco.

2311 5699 2414 5765 Qui
2440 5706 2613 5753 autem
2633 5693 2843 5767 judicat
2864 5708 2965 5759 me,
2989 5690 3244 5752 Dominus
3269 5700 3368 5745 est.
3394 5688 3470 5742 Ac
3492 5685 3537 5741 si
3562 5686 3807 5741 diceret:

2237 5788 2442 5847 Cuncta
2467 5789 2604 5855 hac,
2650 5801 2772 5857 qua:
2795 5785 2957 5842 homo
2997 5782 3227 5855 propria:
3258 5777 3634 5839 astimationis
3672 5774 3811 5831 aﬂa-
