4026 6470
239 387 343 445 53!

1063 381 1583 441 COLLECTIONES
1621 380 1689 438 IN
1729 379 2111 437 EPISTOLAS
2149 381 2240 437 ET
2280 381 2696 439 EVANGELIA.

3421 382 3529 438 522

240 506 396 555 ctum
423 495 656 566 probare
691 510 750 550 se
771 494 964 558 credit,
995 492 1177 548 divino
1221 502 1349 548 sunt
1389 493 1714 548 reservanda
1750 491 1838 561 ju-
1864 499 1915 557 Α
1940 491 2229 547 ditJesus:
2269 491 2408 548 ϐανσὶ
2447 493 2640 559 uident,
2689 509 2754 550 ac
2795 494 2840 550 si
2883 493 3108 559 diceret,
3152 503 3364 566 tempus
3398 495 3528 550 illud
3559 534 3566 537 ς

240 589 413 652 dicio,
444 587 535 656 qui
582 587 733 641 novit
767 602 874 641 non
916 586 1088 640 solum
1136 587 1202 640 de
1247 585 1525 657 Operibus.
1556 586 1650 641 sed
1674 595 1728 640 et
1773 586 1841 641 de

239 680 669 751 cogitationibus
689 679 936 748 judicare
959 678 1156 750 (Eccle.
1191 679 1275 749 ιι).

316 773 508 843 Itaque
558 771 717 825 nolite
746 783 866 826 ante
918 779 1120 841 tempus
1165 770 1438 841 judicare,
1486 782 1594 827 etc.
1648 771 1704 826 Id
1732 778 1838 836 est,

236 863 414 920 nolite
447 870 576 918 ante
623 861 815 931 judicii
865 872 1080 932 tempus
1110 863 1177 918 de
1209 862 1368 918 laude
1418 863 1652 918 hominis
1697 862 1841 918 ferre

237 955 599 1020 sententiam,
642 954 770 1025 quia
800 956 1063 1025 scriptum
1103 963 1208 1021 est,
1240 971 1310 1010 ne
1346 954 1533 1010 laudes
1565 955 1840 1010 hominem

234 1046 297 1101 in
325 1045 436 1099 vita
467 1060 582 1099 sua.

311 1137 384 1191 Et
425 1147 548 1192 tunc
599 1143 716 1192 laus
763 1139 864 1193 erit
910 1139 1191 1210 unicuique
1217 1130 1254 1193 Va
1289 1124 1554 1196 Dem—De
1603 1139 1840 1195 humana

236 1226 404 1283 laude
432 1243 492 1284 se
529 1229 732 1285 habere
774 1246 1084 1289 sermonem
1119 1235 1210 1289 hic
1254 1235 1536 1292 evidenter
1580 1235 1834 1301 ostendit,

236 1336 367 1376 cum
401 1322 550 1386 dicit,
593 1323 910 1380 meritorum
952 1328 1241 1382 veritatem
1282 1329 1334 1382 in
1383 1329 1494 1384 sola
1545 1329 1641 1384 Dei
1683 1328 1841 1382 laude

237 1413 565 1477 consistere,
601 1415 689 1469 ille
743 1432 870 1472 vero
900 1418 1186 1476 laudabilis
1219 1430 1325 1487 est,
1366 1437 1525 1492 quem
1558 1422 1699 1477 Deus
1725 1422 1840 1476 lau-

237 1503 472 1572 daverit,
505 1506 596 1576 qui
626 1509 810 1562 omnia
839 1509 1047 1565 occulta
1079 1520 1134 1566 et
1163 1513 1337 1567 invisa
1366 1513 1664 1582 cognoscit.

583 1613 927 1655 svmcsuun
961 1617 1238 1666 IlAT’l‘lu-Il,
1273 1620 1392 1658 car.
1422 1620 1496 1657 xl.
1583 1602 1588 1604 ’

317 1709 337 1743 ι
368 1685 502 1746 Cum
527 1693 769 1748 audisset
798 1693 1034 1749 Joannes
1059 1697 1111 1749 in
1154 1697 1383 1751 vinculis
1405 1711 1570 1766 opera
1611 1695 1833 1761 Christi,

241 1797 264 1832 ι
301 1781 528 1836 mittens
555 1780 692 1837 duos
737 1783 803 1838 de
830 1783 1108 1852 discipulis
1133 1786 1247 1840 suis
1277 1787 1353 1840 ait
1389 1785 1464 1839 illi
1492 1805 1504 1839 :
1546 1785 1626 1839 Tu
1661 1801 1721 1840 es
1743 1784 1833 1854 qui

1945 590 2180 655 advenit,
2226 599 2284 645 ut
2314 591 2442 645 cruci
2472 591 2564 660 qui
2598 591 2763 646 solem
2803 592 3028 662 justitiac
3056 591 3207 662 prius
3236 607 3340 646 non
3383 592 3532 647 vide-

1943 680 2096 749 bant,
2117 683 2228 754 jam
2258 683 2511 752 impletur
2538 683 2590 736 in
2626 683 2743 737 eis:
2776 681 2926 736 Beati
2956 683 3152 737 mundo
3183 684 3357 748 corde,
3397 701 3531 755 quo-

1944 778 2082 831 niam
2111 779 2210 848 ipsi
2257 777 2423 831 Deum
2451 777 2713 832 videbunt.
2744 776 2810 830 Et
2841 777 3016 832 claudi
3041 778 3132 846 qui
3178 776 3409 832 terrenis
3439 776 3535 832 ad-

1943 871 2244 935 hterehant,
2288 879 2341 925 et
2375 871 2441 926 de
2479 869 2789 925 coelestibus
2819 870 3039 924 minime
3082 869 3412 941 cogitabant,
3438 883 3537 940 per

1943 965 2374 1020 mansuetudinis
2426 963 2805 1027 humilitatem,
2861 963 2927 1017 ad
2981 970 3186 1017 terram
3235 962 3534 1017 viventium

1938 1066 2185 1122 currant,
2213 1066 2274 1112 ut
2301 1056 2593 1126 impleatur
2633 1055 2688 1109 in
2727 1055 2842 1109 eis:
2894 1053 3045 1107 Beati
3085 1055 3257 1117 mites,
3283 1053 3535 1125 quoniam

1941 1150 2043 1220 ipsi
2071 1149 2404 1220 possidebunt
2433 1158 2647 1203 terram.
2683 1148 2755 1203 Et
2795 1147 3016 1217 leprosi,
3043 1147 3134 1216 qui
3162 1147 3427 1202 immensa
3452 1146 3536 1200 vi-

1942 1239 2142 1294 tiorum
2171 1239 2312 1294 mole
2340 1240 2549 1311 gravati
2582 1239 2927 1308 languebant,
2969 1238 3339 1308 paenitentiam
3371 1254 3536 1310 agen—

1940 1339 2043 1396 tes,
2081 1330 2504 1386 consolationem
2551 1329 2840 1400 accipiant,
2889 1336 2946 1383 et
2992 1328 3279 1398 impleatur
3307 1328 3364 1383 in
3409 1329 3530 1384 eis:

1939 1420 2092 1475 Beati
2120 1423 2210 1492 qui
2239 1421 2435 1492 lugent,
2458 1422 2707 1494 quoniam
2731 1421 2831 1492 ipsi
2861 1418 3288 1474 consolabuntur.
3320 1419 3386 1473 Et
3409 1435 3534 1474 sur-

1941 1512 2016 1577 di,
2047 1513 2138 1582 qui
2178 1514 2429 1568 audiendi
2455 1529 2618 1568 aures
2661 1513 2883 1567 minitne
2911 1513 3201 1577 habebant,
3228 1511 3344 1582 jam
3372 1511 3534 1567 modo

1931 1601 2200 1670 justitiam
2235 1605 2416 1659 cordis
2461 1605 2686 1659 auribus
2734 1604 3008 1667 hauriant,
3056 1611 3111 1658 et
3155 1601 3442 1672 impleatur
3476 1600 3535 1654 in

1938 1693 2019 1748 eis
2055 1712 2068 1746 :
2107 1693 2258 1748 Beati
2304 1694 2393 1765 qui
2418 1696 2654 1747 esuriunt
2679 1701 2726 1747 et
2753 1694 2936 1746 sitiunt
2956 1691 3241 1761 Justitiam,
3281 1688 3534 1760 quoniam

1938 1786 2039 1856 ipsi
2067 1787 2421 1840 satiabuntur.
2467 1786 2536 1840 Et
2569 1787 2660 1856 qui
2703 1786 2854 1856 prius
2883 1786 3080 1838 mortui
3128 1792 3287 1838 erant
3315 1783 3448 1846 Deo,
3479 1789 3536 1837 et

241 1888 264 1924 ι
301 1881 567 1927 venturus
586 1887 645 1928 es
673 1889 741 1928 an
767 1873 929 1928 alium
956 1879 1382 1945 exspectamus?
1410 1878 1478 1931 Et
1506 1878 1838 1948 respondens
1865 1879 1915 1938 B
1941 1879 2196 1933 vivebant
2223 1879 2442 1944 saeculo,
2477 1879 2841 1933 misereantur
2872 1894 2971 1947 per
2996 1876 3372 1946 paenitentiam
3417 1874 3536 1928 ani-

241 1981 264 2014 s
298 1961 460 2020 Jesus
497 1965 573 2018 ait
597 1965 704 2020 illis
737 1980 752 2019 :
788 1966 992 2022 Euntes
1019 1969 1326 2024 renuntiate
1355 1967 1547 2023 Joanni
1587 1985 1707 2039 quae
1738 1985 1837 2023 au-

242 2076 263 2108 s
301 2057 459 2112 distis
488 2065 544 2111 et
583 2057 815 2113 vidistis.
863 2056 1006 2113 Caeci
1051 2059 1256 2124 vident,
1306 2060 1482 2115 claudi
1536 2059 1836 2126 ambulant,

242 2163 265 2198 ι
303 2147 506 2218 leprosi
554 2149 906 2214 mandantur,
955 2150 1102 2204 surdi
1145 2151 1389 2212 audiunt,
1424 2152 1621 2206 mortui
1651 2166 1836 2206 resur-

243 2256 265 2290 s
304 2247 458 2309 gunt,
505 2253 776 2308 pauperes
806 2239 1269 2310 evangelizantur.
1316 2239 1384 2293 Et
1421 2239 1611 2296 beatus
1634 2248 1720 2296 est
1745 2241 1838 2310 qui

242 2348 265 2382 s
301 2345 410 2385 non
464 2328 630 2384 fuerit
681 2331 1082 2386 scandalizatus
1139 2331 1193 2386 in
1233 2345 1339 2386 me.
1393 2331 1505 2387 lllis
1535 2341 1715 2386 autem
1745 2332 1840 2386 ab-

243 2437 266 2471 s
304 2420 584 2484 euntibus,
611 2419 779 2490 coepit
807 2418 969 2474 Jesus
992 2419 1178 2474 dicere
1205 2420 1276 2475 ad
1297 2421 1482 2475 turbas
1503 2419 1571 2476 de
1592 2418 1833 2474 Joanne:

244 2530 267 2564 ι
306 2511 448 2578 Quid
497 2510 692 2566 existis
745 2511 800 2566 in
851 2511 1129 2566 desertum
1205 2510 1446 2566 videre?
1499 2510 1838 2566 Arundinem

243 2625 267 2659 ‹
298 2615 463 2662 vento
512 2607 815 2677 agitatam?
847 2605 956 2662 Sed
981 2606 1112 2678 quid
1155 2607 1349 2664 existis
1375 2607 1607 2663 videre?
1654 2605 1840 2661 Homi-

241 2716 268 2752 ι
301 2714 428 2754 nem
473 2700 728 2756 mollibus
775 2699 1078 2755 vestitum?
1119 2699 1261 2755 Ecce
1313 2700 1408 2769 qui
1456 2698 1709 2754 mollibus
1747 2713 1839 2753 ve-

243 2805 269 2842 s
303 2789 544 2845 stiuntur
580 2789 636 2844 in
666 2789 919 2844 domibus
939 2803 1128 2860 regum
1163 2798 1311 2844 sunt.
1342 2788 1450 2844 Sed
1470 2788 1601 2859 quid
1645 2788 1839 2845 existis

241 2894 272 2934 ε
303 2879 535 2934 videre?
583 2878 954 2949 Prophetam?
1005 2879 1206 2935 Etiam.
1251 2880 1383 2936 Dico
1407 2880 1583 2946 vobis,
1616 2887 1673 2936 et
1716 2880 1838 2951 plus

246 2985 272 3023 ς
303 2985 467 3040 quam
510 2971 849 3042 prophetam.
903 2971 1006 3027 Hic
1026 2981 1112 3029 est
1145 2973 1294 3028 enim
1323 2972 1390 3028 de
1423 2987 1531 3042 quo
1573 2973 1838 3044 scriptum

245 3077 270 3113 ε
303 3069 386 3116 est
411 3079 423 3114 :
457 3061 598 3118 Ecce
628 3064 784 3118 mitto
812 3064 1061 3134 angelum
1089 3079 1272 3120 meum
1299 3073 1424 3120 ante
1444 3064 1642 3121 faciem
1664 3075 1833 3133 tuam,

245 3168 268 3202 ι
302 3152 396 3223 qui
418 3153 742 3224 praeparabit
771 3155 914 3210 viam
940 3164 1087 3210 tuam
1111 3165 1237 3212 ante
1266 3167 1337 3212 te.
1361 3177 1381 3210 ι

1944 1988 2046 2026 mae
2069 1989 2201 2038 suae,
2230 1981 2285 2028 et
2326 1973 2529 2036 vivant,
2557 1980 2615 2026 et
2656 1971 2949 2040 impleatur
2979 1970 3033 2024 itt
3058 1970 3138 2024 eis
3163 1986 3178 2022 :
3208 1968 3360 2022 Beati
3384 1968 3537 2023 mise-

1941 2062 2194 2127 ricordes,
2237 2063 2485 2132 quoniam
2530 2061 2629 2132 ipsi
2676 2059 3090 2114 misericordiam
3133 2067 3532 2112 conseauentur.

1941 2152 2008 2205 Et
2035 2153 2127 2221 qui
2154 2153 2306 2221 prius
2348 2167 2612 2222 pauperes
2656 2160 2812 2206 erant
2850 2150 3165 2214 virtutibus,
3207 2149 3536 2218 impleantur

1943 2241 2149 2313 Spiritu
2186 2252 2396 2309 sancto,
2443 2251 2498 2296 et
2519 2243 2914 2312 evangelizent,
2943 2248 3005 2294 ut
3051 2240 3265 2294 dicatur
3297 2239 3365 2293 de
3392 2238 3479 2293 his
3515 2253 3531 2290 :

1943 2333 2115 2400 Quam
2164 2333 2372 2404 pulchri
2418 2350 2575 2403 super
2618 2341 2817 2386 montes
2858 2331 3013 2402 pedes
3061 2329 3533 2400 evangelisantium

1939 2439 2142 2493 pacem,
2169 2421 2640 2493 euangelizantium
2667 2421 2803 2474 bona
2830 2419 2986 2492 (Isai.
3016 2420 3135 2492 LII).

2012 2511 2082 2565 Et
2123 2512 2306 2565 beatus
2347 2520 2443 2575 est,
2490 2511 2581 2582 qui
2620 2527 2725 2564 non
2765 2510 2923 2579 fuerit
2966 2508 3381 2564 scandalizatus.
3431 2509 3534 2580 (Ex

1940 2601 2130 2674 Greg.)
2161 2603 2301 2671 Quid
2341 2612 2427 2658 est
2451 2617 2582 2675 ergo
2605 2602 2806 2668 dicere,
2838 2601 3019 2656 beatus
3043 2610 3137 2667 est,
3165 2602 3255 2673 qui
3285 2618 3391 2655 non
3414 2601 3535 2672 [ue-

1940 2695 2007 2747 rit
2035 2693 2430 2748 scandalizatus
2474 2694 2531 2747 in
2574 2709 2656 2753 me
2679 2693 2706 2748 ?
2738 2692 2844 2748 nisi
2872 2701 3062 2763 aperta
3102 2707 3235 2747 voce
3277 2690 3538 2760 abjectio-

1940 2800 2066 2840 nem
2094 2786 2288 2842 mortis
2314 2800 2426 2840 suae
2449 2784 2925 2855 humilitatemque
2957 2784 3218 2856 signare?
3259 2784 3341 2839 Ac
3369 2784 3414 2838 si
3438 2799 3538 2854 pa-

1939 2883 2118 2932 tenter
2144 2877 2307 2944 dicat,
2330 2881 2470 2932 mtra
2501 2878 2717 2947 quidem
2761 2876 2924 2944 facio,
2955 2880 3049 2932 sed
3089 2876 3301 2945 abjecta
3325 2878 3539 2948 perpeti

1938 2983 2047 3024 non
2076 2969 2356 3042 dedignor,
2385 2971 2512 3041 quia
2541 2985 2642 3042 ego
2671 2970 2954 3026 moriendo
2982 2971 3303 3040 subsequor.
3331 2969 3536 3027 Caven-

1939 3062 2068 3115 dum
2090 3060 2247 3116 valde
2282 3069 2368 3117 est
2393 3062 2724 3126 hominibus,
2770 3077 2839 3117 ne
2867 3062 2926 3117 in
2959 3077 3047 3117 me
3077 3070 3308 3118 mortem
3353 3063 3535 3136 despi-

1939 3154 2106 3220 ciant,
2139 3155 2230 3224 qui
2258 3155 2414 3227 signa
2442 3161 2795 3211 venerantur.

313 3217 448 3299 Cum
472 3217 707 3302 audisset
725 3246 1034 3304 Joannesin
1057 3251 1276 3305 uinculis
1298 3267 1457 3321 opera
1477 3249 1694 3318 Christi,
1718 3254 1837 3307 mit-
1863 3228 1909 3292 (ἶ
2010 3217 2130 3298 Illis
2155 3217 2338 3298 dulei;
2381 3245 2692 3301 abeuntibus
2736 3247 2886 3317 εωρὶε
2927 3245 3085 3302 Jews
3125 3248 3298 3304 dicere
3322 3250 3393 3304 ad
3417 3259 3534 3304 tur—
3575 3217 3577 3219 Ι

239 3343 358 3391 lens
398 3336 530 3391 duos
575 3338 640 3392 de
667 3339 940 3411 discipulis
969 3341 1104 3406 suis,
1129 3343 1203 3395 ait
1233 3341 1312 3395 illi
1335 3356 1353 3394 :
1384 3341 1463 3396 Tu
1500 3361 1554 3398 es
1586 3346 1676 3415 qui
1716 3362 1838 3399 ven-

237 3438 396 3486 turus
421 3448 496 3497 es,
522 3449 594 3486 an
621 3432 787 3487 alium
812 3444 1172 3505 exspectamus
1197 3437 1222 3490 .9
1245 3435 1343 3508 (Ex
1367 3436 1555 3511 Beda.)
1578 3437 1677 3505 Qui
1701 3455 1835 3495 ven-

239 3529 399 3577 turus
425 3531 526 3588 est,
561 3523 616 3580 id
642 3532 744 3591 est,
789 3541 953 3596 quem
994 3527 1271 3598 prOphette
1311 3540 1598 3586 venturum
1635 3533 1836 3602 praedi-

237 3622 458 3667 carunt.
507 3612 623 3669 Non
668 3616 787 3670 ait:
839 3616 917 3671 Tu
945 3632 1005 3673 es
1033 3619 1125 3688 qui
1169 3620 1390 3686 venisti,
1430 3623 1527 3678 sed
1551 3631 1609 3677 tu
1654 3638 1716 3677 es
1743 3623 1836 3694 qui

237 3713 507 3761 venturus
530 3721 612 3772 es,
643 3716 698 3762 et
726 3719 808 3764 est
849 3723 1061 3778 sensus,
1094 3714 1289 3769 manda
1328 3715 1482 3781 mihi,
1514 3717 1605 3786 qui
1633 3717 1837 3772 interli-

237 3795 468 3852 ciendus
494 3800 562 3854 ab
589 3798 821 3867 Herode,
852 3810 909 3857 et
935 3803 1003 3858 ad
1032 3803 1240 3860 inferna
1287 3807 1649 3863 descensurus
1690 3825 1833 3875 sun,

238 3897 428 3944 utrum
463 3896 515 3944 te
540 3899 596 3946 et
625 3892 678 3946 in
704 3891 891 3949 inferis
912 3895 1136 3950 debeam
1162 3897 1438 3962 nuntiare,
1468 3902 1559 3968 qui
1593 3900 1834 3955 nuntiavi

238 3978 477 4049 superis,
509 3995 577 4033 an
613 3994 721 4034 non
748 3983 1036 4037 conveniat
1060 3983 1201 4041 Filio
1240 3985 1354 4051 Dei,
1384 3996 1445 4042 ut
1483 3999 1664 4059 gustet
1690 4005 1834 4046 mor-

238 4077 371 4134 tem,
406 4079 462 4126 et
485 4071 651 4126 alium
680 4074 745 4127 ad
774 4075 892 4129 haec
913 4085 1254 4131 sacramenta
1287 4078 1550 4135 missurus
1575 4097 1653 4136 es.

313 4161 385 4215 Et
418 4163 733 4233 respondens
773 4163 951 4232 Iesus,
989 4167 1063 4220 ait
1109 4167 1257 4223 illis:
1301 4169 1502 4226 Euntes
1541 4175 1834 4230 renuntiate

235 4250 442 4306 Jodnni
477 4269 595 4322 qua:
635 4253 834 4310 vidistis
879 4265 928 4310 et
959 4257 1181 4314 audistis
1216 4272 1236 4310 :
1263 4262 1388 4315 caeci
1431 4263 1622 4328 rident,
1655 4263 1834 4321 claudi

238 4342 539 4408 ambulant,
568 4343 758 4415 leprosi
802 4347 1147 4415 mandantur,
1173 4351 1322 4405 surdi
1359 4353 1604 4418 audiunt,
1639 4357 1834 4410 mortui

238 4443 542 4503 resurgunt,
572 4451 825 4505 pauperes
850 4438 1297 4508 euangelizantur,
1325 4453 1372 4496 et
1412 4442 1592 4498 beatus
1630 4455 1704 4500 est
1743 4447 1833 4516 qui

237 4541 348 4578 non
372 4525 530 4592 [uertt
569 4527 964 4584 scandalizatus
992 4531 1044 4584 in
1075 4549 1173 4586 me.
1217 4531 1316 4603 (Ex
1343 4533 1619 4609 Fulgent.)
1671 4539 1831 4594 Aliud

1939 3337 2030 3390 bas
2054 3336 2118 3390 de
2153 3335 2362 3391 Joanne
2383 3350 2403 3388 .°
2444 3335 2584 3403 Quid
2614 3338 2794 3392 existis
2822 3338 2878 3391 in
2899 3338 3163 3393 desertum
3184 3341 3354 3395 videre
3375 3342 3400 3396 ?
3425 3350 3532 3398 etc.

1937 3426 2052 3484 Hoc
2092 3428 2342 3484 videlicet
2383 3443 2489 3483 non
2531 3429 2847 3495 asserendo,
2897 3430 2993 3485 sed
3039 3433 3288 3502 negando
3329 3432 3532 3490 intulit.

1936 3520 2271 3575 Arundinem
2303 3521 2522 3590 quippe,
2563 3535 2692 3575 mox
2720 3529 2782 3575 ut
2807 3536 2940 3575 aura
2978 3523 3287 3595 contigerit,
3317 3524 3371 3578 in
3401 3538 3534 3596 par-

1939 3620 2048 3666 tem
2071 3610 2258 3677 ilectit,
2291 3620 2347 3666 et
2369 3612 2498 3680 quid
2517 3626 2617 3683 per
2653 3613 2999 3680 arundinem,
3027 3614 3132 3669 nisi
3155 3615 3391 3672 carnalis
3417 3617 3536 3673 ani-

1937 3718 2059 3758 mus
2106 3702 2440 3773 designatur,
2490 3704 2583 3772 qui
2629 3717 2757 3758 mox
2799 3702 3007 3772 favore,
3062 3705 3149 3762 vel
3195 3707 3533 3768 detractione

1937 3794 2197 3862 tangitur,
2229 3794 2284 3848 in
2309 3806 2519 3864 partem
2542 3795 2839 3865 quamlibet
2866 3796 3177 3853 inclinatur.
3204 3798 3262 3854 Si
3285 3801 3431 3855 enim
3460 3803 3530 3860 ab

1936 3890 2175 3945 humano
2204 3905 2300 3944 ore
2327 3905 2460 3944 aura
2507 3889 2711 3946 favoris
2752 3889 2985 3958 ﬂaverit,
3015 3892 3313 3962 ltilarescit,
3358 3896 3531 3952 extol-

1933 3982 2086 4049 litur,
2128 3991 2408 4052 totumque
2449 4000 2509 4039 se
2531 3985 2687 4054 quasi
2719 3984 2788 4039 ad
2833 4001 3058 4057 granam
3106 3988 3314 4058 ﬂectit;
3346 3992 3441 4048 sed
3482 3993 3529 4048 si

1938 4073 2062 4128 inde
2087 4082 2280 4130 ventus
2313 4073 2667 4131 detractionis
2713 4079 2978 4147 eruperit,
3025 4081 3166 4134 unde
3193 4081 3367 4138 laudis
3392 4099 3527 4140 aura

1933 4163 2204 4228 veniebat,
2229 4179 2356 4221 mox
2377 4166 2523 4221 hunc
2542 4169 2694 4237 quasi
2718 4169 2784 4223 ad
2806 4181 3014 4239 partem
3041 4173 3291 4241 alteram,
3324 4177 3392 4230 ad
3418 4177 3528 4232 vim

1934 4253 2137 4310 furoris
2176 4255 2420 4311 inclinat.
2454 4256 2563 4312 Sed
2601 4261 2814 4315 arundo
2841 4270 3003 4318 vento
3044 4265 3248 4334 agitata
3289 4266 3529 4325 Joannes

1935 4361 2042 4400 non
2077 4354 2215 4411 erat,
2244 4346 2370 4417 quia
2394 4348 2539 4404 hunc
2567 4365 2668 4405 nec
2693 4350 2948 4407 blandum
2987 4356 3187 4426 gratia,
3212 4374 3313 4415 nec
3342 4359 3525 4430 cujus-

1933 4434 2066 4490 libet
2105 4436 2183 4491 ira
2214 4452 2466 4509 asperum
2507 4437 2760 4507 faciebat,
2805 4457 2908 4498 nec
2941 4461 3200 4517 prospera
3240 4449 3386 4508 hunc
3420 4454 3530 4510 eri-

1934 4545 2084 4601 gere,
2123 4547 2223 4587 nec
2252 4533 2480 4588 adversa
2510 4544 2778 4590 noverant
2802 4536 3084 4595 inclinare.

239 4614 391 4670 cnim
425 4623 634 4670 tantum
664 4617 974 4684 audierunt,
1005 4619 1149 4674 aliud
1180 4629 1386 4676 tantum
1412 4607 1699 4680 vijerunt:
1733 4643 1832 4682 au-
1860 4607 1914 4667 Ῐ)
2012 4621 2118 4678 Sed
2147 4623 2272 4696 quid
2309 4625 2489 4680 existis
2535 4626 2726 4694 videre,
2779 4628 3042 4685 hominem
3083 4633 3326 4692 mollibus
3370 4641 3529 4695 uesti-

239 4704 464 4760 dierunt
489 4707 633 4761 enim
677 4709 821 4778 quod
866 4710 1016 4765 surdi
1063 4711 1332 4778 audirent,
1385 4715 1525 4783 quod
1569 4732 1835 4788 pauperes

240 4796 770 4869 evangelizarentur,
812 4801 1064 4856 viderunt
1121 4810 1302 4858 autem
1346 4820 1518 4860 caecos
1564 4807 1829 4877 videntes,

241 4887 468 4944 claudos
503 4888 858 4956 ambulantes,
890 4891 1131 4963 leprosos
1173 4898 1477 4952 mundatos.
1518 4897 1833 4957 Renuntiate

238 4978 464 5045 Joanni,
491 4988 596 5037 etc.
621 4982 700 5035 Ac
724 4981 769 5037 si
798 4982 1021 5048 diceret,
1062 4986 1303 5041 nuntiate
1330 4986 1543 5054 Joanni,
1575 4991 1701 5060 quia
1731 5007 1831 5063 ego

241 5086 369 5130 sum
398 5073 464 5128 de
496 5089 604 5143 quo
647 5076 908 5146 prOpheta
939 5077 1150 5132 dicebat
1177 5097 1190 5132 :
1241 5079 1382 5134 Deus
1429 5081 1537 5150 ipse
1565 5085 1748 5148 veniet,
1777 5093 1827 5139 et

239 5164 418 5222 salvos
447 5182 540 5220 nos
560 5167 717 5237 faciet
742 5165 892 5236 (Esa.
925 5171 1110 5236 xxxv).
1133 5167 1273 5225 Caeci
1296 5170 1494 5234 vident,
1526 5179 1583 5226 ut
1607 5172 1830 5244 implea-

244 5265 339 5312 tur
369 5255 494 5311 illud
523 5258 897 5329 propheticum
921 5275 935 5314 :
979 5257 1124 5315 Tunc
1176 5264 1478 5333 aperientur
1504 5263 1642 5318 oculi
1668 5281 1834 5320 σακο-

245 5361 387 5400 rum.
415 5346 602 5404 Claudi
625 5351 922 5416 ambulant,
954 5361 1016 5404 ut
1040 5353 1368 5422 impleatur:
1401 5351 1546 5410 Tunc
1578 5356 1729 5409 saliet
1759 5357 1834 5412 si-

243 5447 334 5492 cut
364 5455 543 5495 cervus
572 5439 812 5496 claudus.
855 5440 1014 5497 Surdi
1043 5445 1285 5511 audiunt,
1313 5454 1372 5501 ut
1410 5447 1728 5519 impleatur:
1760 5447 1830 5504 Et

240 5546 405 5586 aures
442 5533 729 5586 'surdorum
769 5533 1037 5604 patebunt.
1080 5534 1444 5605 Spiritualiter
1483 5539 1718 5595 Joannes
1754 5541 1828 5596 le-

240 5637 371 5695 gem
402 5624 704 5695 signiﬁcat:
739 5626 878 5696 Ergo
917 5625 1151 5684 Joannes
1185 5629 1239 5684 in
1275 5632 1503 5686 vinculis
1527 5633 1611 5688 lex
1650 5635 1831 5692 vincta

243 5713 302 5771 in
328 5711 550 5782 Judazis,
593 5718 741 5772 misit
767 5718 902 5773 duos
945 5719 1165 5776 Scrihas
1198 5730 1254 5776 et
1287 5722 1627 5780 Pharisaeos:
1660 5725 1740 5780 Tu
1769 5740 1830 5784 es

245 5803 358 5872 lex,
389 5805 683 5878 interrogat
705 5807 1002 5875 Christum,
1029 5819 1089 5866 ut
1107 5827 1230 5868 eum
1265 5813 1539 5885 pradicet.
1579 5817 1828 5890 Respon-

609 5899 888 5961 ΡΑτιιοι.
934 5897 1068 5964 Cll.

1937 4721 2088 4775 tum?
2117 4720 2254 4775 Ecce
2282 4722 2372 4792 qui
2397 4721 2640 4776 mollibus
2666 4724 2958 4778 vestiuntur
2983 4726 3039 4781 in
3076 4727 3315 4786 domibus
3343 4749 3525 4805 regum

1936 4823 2080 4868 sunt.
2111 4811 2454 4869 Camelorum
2475 4813 2677 4868 etenim
2701 4815 2828 4885 pilis
2847 4817 3076 4874 vestitus
3101 4818 3338 4880 Joannes
3356 4824 3528 4884 fuisse

1937 4905 2282 4963 describitur.
2335 4901 2452 4958 Non
2479 4919 2610 4977 ergo
2651 4906 2879 4975 ccclesti,
2923 4910 3121 4980 inquit,
3164 4915 3260 4970 sed
3307 4925 3527 4978 terreno

1932 5012 2101 5070 regno
2121 4995 2355 5050 militant
2377 4995 2456 5061 hi,
2479 4995 2570 5065 qui
2592 5011 2691 5067 pro
2713 4998 2823 5054 Deo
2843 5003 3053 5072 perpeti
3073 5019 3262 5076 aspera
3286 5005 3522 5082 fugiunt,

1934 5090 2028 5146 sed
2061 5087 2189 5143 solis
2215 5085 2577 5143 exterioribus
2615 5089 2803 5158 dediti,
2833 5096 3117 5164 prtesentis
3161 5098 3287 5154 vitae
3326 5101 3524 5160 molliti

1933 5191 2081 5246 sunt,
2123 5189 2182 5234 et
2210 5178 2620 5236 delectationem
2666 5194 2934 5252 quarunt.
2973 5185 3145 5244 Nemo
3178 5205 3308 5260 ergo
3333 5192 3524 5250 existi-

1935 5283 2047 5328 met
2074 5271 2130 5326 in
2159 5271 2284 5325 luxu
2310 5280 2473 5340 atque
2510 5275 2689 5330 studio
2713 5277 2970 5345 vestium,
2999 5291 3283 5350 peccatum
3309 5283 3520 5356 deesse,

1937 5365 2064 5432 quia
2104 5364 2147 5420 si
2177 5365 2281 5421 hoc
2326 5365 2480 5436 culpa
2512 5383 2619 5422 non
2648 5378 2814 5436 esset,
2859 5370 3008 5426 nullo
3054 5375 3215 5428 modo
3257 5372 3520 5438 Joannem

1936 5458 2196 5514 Dominus
2245 5459 2313 5515 de
2368 5461 2676 5516 vestimenti
2723 5463 2806 5517 sui
2871 5464 3165 5532 asperitate
3220 5467 3517 5532 laudasset.

1936 5548 2191 5617 Quamvis
2216 5551 2318 5607 hoc
2343 5552 2488 5622 quod
2532 5550 2766 5609 Joannes
2806 5569 2912 5609 non
2941 5563 3086 5611 esset
3118 5560 3348 5619 vestitus
3383 5563 3520 5625 mol-

1933 5639 2076 5698 libus
2104 5641 2322 5709 dicitur,
2356 5657 2453 5714 per
2491 5643 2936 5713 signiﬁcationem
2981 5646 3205 5720 intelligi
3239 5653 3398 5710 aliter
3419 5671 3520 5728 po-

1935 5738 2062 5788 test.
2112 5730 2358 5787 Mollibus
2403 5732 2549 5787 enim
2596 5733 2822 5788 vestitus
2869 5751 2977 5791 non
3022 5735 3143 5805 fuit,
3194 5744 3320 5814 quia
3347 5747 3514 5804 vitam

1935 5825 2300 5894 peccantium,
2329 5840 2437 5880 non
2478 5825 2862 5884 blandimentis
2906 5829 3061 5898 fovit,
3091 5831 3185 5891 sed
3211 5837 3397 5909 vigore
3427 5858 3514 5898 as-

3037 5928 3110 5988 17
