4026 6466
512 313 623 372 523

1810 307 2163 392 simulter)!
2193 307 2485 364 ABBATIS

3695 312 3813 368 524

512 446 659 504 perae
709 427 1029 484 invectionis
1074 423 1392 498 increpavit,
1443 424 1632 481 dicens
1657 442 1669 479 :
1721 421 1998 480 Genimina
2037 426 2113 480 υἱ-
2137 429 2191 494 Α
2214 423 2644 491 commendatur,
2666 422 2759 495 qui
2786 437 2910 481 cum
2933 427 3099 480 tanta:
3120 423 3340 481 virtutis
3363 433 3526 491 esset,
3555 433 3618 481 ut
3645 426 3816 484 Chri‘

513 535 783 592 perarum,
835 519 952 591 quis
988 515 1130 572 vobis
1167 515 1541 571 demonstravit
1587 515 1766 587 fugere
1809 532 1842 570 a
1888 525 2108 570 ventura

516 616 600 667 ira
626 612 840 686 (Matth.
871 610 992 677 tu)?

588 709 696 766 Sed
723 709 852 781 quid
891 707 1072 762 existis
1110 708 1322 762 uidere?
1363 703 1724 779 Prophetam?
1748 715 1798 763 et
1840 706 1958 778 jam
1987 705 2108 762 dico

517 802 657 857 vobis
695 811 744 856 et
775 800 1051 872 plusquam
1096 800 1423 871 prophetam.
1461 797 1745 870 Propheta:
1774 799 1974 870 quippe
2000 799 2106 854 mi-

514 893 799 950 nisterium
825 900 929 959 est,
957 901 1188 948 ventura
1215 893 1417 958 dicere,
1443 909 1551 947 non
1581 893 1745 948 etiam
1767 891 2107 947 demonstra-

517 1002 596 1042 re.
624 985 861 1042 Joannes
887 1000 1016 1056 ergo
1045 986 1332 1056 plusquam
1360 985 1624 1056 propheta
1670 995 1775 1050 est,
1805 985 1932 1056 quia
1959 1000 2106 1052 eum,

515 1094 677 1150 quem
702 1077 1087 1150 pnecurrendo
1110 1077 1550 1148 prophetaverat.
1584 1076 1749 1132 etiam
1777 1075 2110 1132 ostendendo

515 1172 820 1228 nuntiabat.

587 1254 690 1317 Hic
714 1271 790 1318 est
815 1261 879 1317 de
897 1279 998 1334 quo
1022 1262 1272 1334 scriptum
1310 1269 1385 1316 est
1411 1275 1429 1312 :
1468 1259 1624 1314 Mitto
1655 1257 1898 1331 angelum
1932 1274 2108 1312 meum

516 1365 638 1411 ante
666 1354 857 1425 faciem
889 1364 1056 1420 tuam,
1088 1355 1178 1424 qui
1216 1353 1530 1425 prwparavit
1555 1353 1692 1406 viam
1722 1358 1868 1404 tuam
1897 1358 2017 1404 ante
2041 1357 2109 1403 te.

517 1445 671 1514 Quod
700 1445 887 1502 Graece
921 1444 1155 1521 ἄγγελος,
1180 1445 1401 1517 angelus
1429 1443 1623 1498 Latine
1646 1440 1867 1497 nuntius
1893 1440 2109 1496 dicitur.

518 1537 689 1594 Recte
727 1552 876 1609 ergo,
913 1538 1007 1608 qui
1049 1537 1301 1593 nuntiare
1332 1550 1626 1606 supernum
1667 1532 1906 1603 judicem
1950 1531 2116 1587 mitti-

520 1639 630 1698 tur,
655 1630 877 1704 angelus
917 1639 1166 1695 vocatur,
1197 1637 1258 1684 ut
1300 1629 1614 1700 dignitatem
1646 1635 1827 1684 servet
1866 1625 1921 1680 in
1946 1619 2116 1680 nomi-

513 1737 604 1791 ne,
639 1737 804 1794 quam
834 1722 1015 1793 explet
1055 1722 1388 1793 Operatione.
1434 1719 1614 1774 Alium
1648 1719 1867 1789 quidem
1913 1732 2112 1772 nomen

2213 523 2330 570 stus
2354 515 2497 570 credi
2522 517 2821 586 potuisset,
2870 515 3034 588 elegit
3082 516 3253 572 solide
3301 517 3597 573 subsistere
3638 519 3698 574 in
3727 536 3812 586 se,

2212 621 2281 660 ne
2325 606 2562 662 humana
2607 607 2860 678 opinione
2897 615 3183 678 raperetur
3224 607 3457 664 inaniter
3505 625 3677 681 super
3726 628 3814 670 se.

2215 697 2358 753 Nam
2389 699 2654 769 confessus
2683 709 2777 765 est,
2806 710 2854 753 et
2884 715 2989 754 non
3016 700 3239 770 negavit,
3269 700 3536 770 confessus
3559 714 3666 768 est,
3684 705 3818 775 quia

2215 807 2320 846 non
2369 808 2484 846 sum
2528 807 2620 862 ego
2677 788 2937 847 Christus.
3001 789 3106 847 Sed
3141 792 3266 862 quia
3294 793 3460 860 dixit,
3508 812 3619 851 non
3661 812 3812 864 sum,

2215 885 2432 954 negavit
2459 883 2620 954 plane
2648 885 2792 954 quod
2829 901 2937 940 non
2960 893 3080 939 erat
3105 925 3119 950 ,
3159 888 3253 941 sed
3279 901 3384 940 non
3413 888 3633 959 negavit
3664 889 3817 958 quod

2216 985 2354 1041 erat,
2388 984 2448 1029 ut
2490 977 2780 1031 veritatem
2828 973 3092 1046 loquens,
3138 977 3255 1048 ejus
3284 977 3586 1033 membrum
3628 978 3815 1048 ﬁeret,

2217 1065 2371 1134 cujus
2395 1066 2497 1121 sibi
2519 1081 2714 1121 nomen
2747 1066 3014 1123 fallaciter
3039 1083 3149 1122 non
3176 1077 3479 1137 usurparet.

2288 1155 2356 1210 Et
2383 1159 2830 1227 interrogaverunt
2857 1175 2976 1214 eum
3011 1175 3029 1213 :
3060 1157 3201 1224 Quid
3230 1159 3390 1229 ergo?
3416 1157 3567 1214 Elius
3611 1178 3674 1215 es
3714 1172 3772 1215 tu
3796 1164 3819 1217 .’

2218 1241 2289 1304 Et
2323 1248 2454 1302 dixit
2484 1247 2648 1302 :Non
2691 1266 2827 1304 sum.
2871 1245 3189 1304 Timendum
3213 1258 3296 1304 est
3315 1249 3482 1316 enim,
3522 1267 3592 1306 ne
3625 1254 3817 1309 minus

2218 1337 2579 1410 intelligentes
2601 1340 2878 1396 contraria
2910 1349 3098 1411 putent
3116 1339 3377 1396 Joannem
3393 1341 3617 1409 dixisse,
3645 1360 3816 1414 quam

2219 1433 2516 1490 Christum.
2557 1435 2808 1490 Christus
2830 1433 3042 1490 dixerat
3078 1453 3089 1488 :
3120 1431 3268 1490 Elias
3289 1433 3401 1504 jam
3425 1438 3590 1503 venit,
3614 1449 3678 1493 et
3704 1440 3816 1510 ipse

2219 1533 2304 1580 est
2331 1525 2568 1580 Joannes
2589 1523 2852 1596 Baptista.
2896 1521 3132 1580 Joannes
3163 1525 3547 1598 interrogatus,
3581 1544 3816 1598 respon-

2221 1617 2338 1674 dit.
2373 1615 2490 1672 Non
2525 1631 2646 1670 sum
2677 1608 2859 1680 Elias,
2896 1616 3113 1684 utrique
3153 1615 3297 1670 enim
3340 1615 3626 1670 veritatem
3661 1618 3816 1673 dixe-

2221 1714 2367 1762 runt.
2411 1705 2471 1761 Si
2497 1705 2886 1776 proprietatem
2929 1705 3253 1776 interroges,
3293 1697 3530 1760 Joannes
3569 1703 3816 1765 Joanm

515 1787 618 1878 est,
645 1787 741 1866 sed
765 1787 1131 1866 vitaz—nomine
1159 1809 1384 1863 inferior
1423 1823 1529 1862 non
1560 1787 1679 1861 est;
1701 1805 1807 1861 Sed
1834 1814 1890 1859 et
1919 1819 2111 1860 omnes
2137 1787 2188 1849 Β
2217 1810 2323 1866 est,
2358 1807 2413 1855 et
2439 1799 2586 1854 Elias
2610 1799 2756 1855 Elias
2782 1806 2884 1854 est.
2924 1797 3155 1855 Joannes
3185 1807 3362 1854 autem
3397 1809 3544 1855 recte
3581 1801 3651 1856 de
3689 1818 3816 1871 pro—

516 1904 608 1976 qui
653 1902 943 1958 sacerdotii
990 1899 1209 1956 nomine
1245 1906 1557 1964 censentur,
1605 1896 1780 1970 angeli
1823 1903 2107 1963 vocantur,

513 1993 777 2065 propheta
820 2000 1131 2056 attestante,
1167 1991 1258 2061 qui
1286 1991 1399 2046 ait:
1435 1989 1600 2044 Labia
1627 1989 1915 2044 sacerdotis
1937 1997 2113 2043 custo-

512 2089 667 2144 diunt
697 2087 994 2151 scientiam,
1025 2094 1074 2140 et
1101 2084 1263 2156 legem
1307 2085 1580 2155 requirunt
1605 2099 1670 2136 ea:
1696 2097 1785 2136 ore
1823 2081 1960 2151 ejus,
1986 2081 2112 2152 quia

513 2174 732 2248 angelus
757 2175 970 2229 Domini
996 2175 1319 2229 exercituum
1341 2181 1436 2226 est.
1479 2170 1589 2226 Nec
1616 2186 1722 2225 non
1760 2170 1925 2226 etiam
1946 2183 2111 2224 unus-

514 2267 750 2338 quisque
792 2265 1054 2330 lldelium,
1103 2265 1158 2318 in
1199 2270 1463 2334 quantum
1507 2261 1724 2328 sulIicit,
1765 2260 1821 2316 in
1849 2270 2110 2332 quantum

514 2357 745 2429 gratiam
785 2370 1032 2425 superum
1057 2351 1404 2427 aspirationis
1433 2349 1648 2424 accipit,
1693 2352 1737 2407 si
1778 2369 1810 2408 a
1843 2353 2112 2424 pravitate

511 2447 822 2519 proximum
851 2457 1093 2510 revocat,
1119 2446 1166 2502 si
1193 2443 1472 2500 exhortari
1505 2444 1571 2498 ad
1610 2444 1748 2499 bene
1777 2441 2110 2514 operandum

514 2547 692 2604 curat,
737 2538 785 2593 si
832 2545 1094 2593 mternum
1139 2551 1366 2608 regnum
1413 2535 1499 2592 vel
1536 2535 1859 2607 supplicium
1905 2533 2114 2591 erranti

515 2629 818 2693 denuntiat,
846 2612 970 2683 cum
1010 2629 1175 2683 verba
1205 2635 1406 2684 sanctae
1432 2621 1821 2682 admonitionis
1851 2625 2106 2693 intendit,

513 2721 758 2793 profecto
785 2721 1008 2793 angelus
1031 2721 1236 2776 existit.

621 2832 1090 2890 HEBDOMADAI
1131 2833 1318 2890 ANTE
1355 2831 1688 2889 NATALEM
1735 2831 1999 2900 DOMINI,

1207 2961 1309 3004 Ποῦ
1341 2961 1461 3013 EST,

765 3063 1088 3122 DOMINICA
1131 3061 1416 3134 QUARTA
1456 3059 1848 3122 ADVENTUS.

2214 1889 2450 1960 prietate
2501 1903 2749 1960 personae
2783 1905 2894 1945 sua:
2944 1890 3264 1960 respondit,
3317 1889 3435 1946 Non
3480 1907 3600 1946 sum
3638 1893 3811 1949 Elias.

2213 1978 2476 2036 Dominus
2519 1997 2650 2036 vero
2693 1981 2760 2036 de
2806 1979 3245 2053 prteliguratione
3291 1989 3443 2037 recte
3470 1980 3608 2038 dicit
3642 2002 3658 2038 :
3695 1984 3816 2055 Ipse

2213 2081 2298 2128 est
2325 2071 2488 2126 Elias.
2527 2069 2638 2126 Nec
2666 2069 2904 2127 Joannes
2934 2071 3148 2139 falsum,
3174 2088 3274 2128 nec
3302 2073 3562 2130 Dominus
3587 2073 3812 2142 falsum,

2213 2162 2330 2234 ipsa
2354 2162 2795 2235 praeﬁguratione
2820 2159 2969 2220 venit
2995 2163 3097 2220 iste
3119 2205 3135 2231 ,
3167 2181 3275 2236 qua
3304 2168 3640 2238 proprietate
3675 2185 3812 2226 ven-

2214 2259 2374 2310 turus
2403 2262 2489 2310 est
2518 2255 2682 2310 Elias.

2284 2345 2522 2403 Joannes
2553 2347 2719 2419 igitur
2748 2345 2804 2402 in
2849 2347 3042 2419 spiritu
3087 2340 3233 2404 Elias
3275 2358 3426 2416 erat,
3469 2350 3524 2406 in
3571 2367 3811 2422 persona

2213 2435 2362 2494 Elias
2385 2454 2490 2493 non
2523 2447 2659 2494 erat.
2704 2431 2858 2506 Quod
2893 2455 3021 2512 ergo
3053 2431 3311 2496 Dominus
3350 2440 3559 2497 fatetur
3591 2443 3658 2500 de
3702 2447 3811 2517 spi-

2213 2529 2346 2595 ritu,
2372 2531 2478 2586 hoc
2511 2526 2748 2584 Joannes
2783 2526 3014 2602 denegat
3058 2525 3124 2585 de
3156 2546 3421 2600 persona,
3479 2533 3610 2604 quia
3643 2545 3701 2590 et
3727 2537 3811 2607 ju-

2212 2631 2355 2678 stum
2392 2623 2472 2678 sic
2510 2629 2663 2687 erat,
2717 2629 2778 2677 ut
2811 2630 2866 2678 et
2903 2615 3184 2693 discipulis
3214 2623 3476 2681 Dominus
3506 2627 3810 2698 spiritalem

2213 2707 2280 2768 de
2305 2707 2512 2767 Joanne
2542 2712 2867 2767 sententiam
2898 2712 3133 2778 diceret;
3165 2721 3219 2767 et
3258 2712 3498 2770 Joannes
3540 2715 3600 2770 in
3639 2717 3812 2774 turbis

2213 2804 2521 2860 carnalibus
2544 2845 2560 2871 ,
2604 2819 2712 2860 non
2749 2801 2815 2860 de
2856 2813 2953 2860 suo
2984 2804 3196 2876 spiritu,
3228 2805 3323 2862 sed
3354 2808 3419 2862 de
3455 2824 3686 2878 corpore
3728 2827 3812 2866 re-

2212 2897 2524 2967 sponderet.

2285 2985 2551 3058 Propheta
2577 3003 2631 3040 es
2668 2983 2766 3039 tu?
2790 2983 2859 3038 Et
2901 2983 3207 3056 respondit:
3242 2983 3384 3040 Non.
3421 2979 3548 3043 Ideo
3581 2989 3809 3060 prophe-

2219 3087 2331 3134 tam
2371 3095 2428 3134 se
2469 3093 2588 3133 esse
2622 3095 2728 3133 non
2773 3079 2922 3142 dicit,
2974 3079 3098 3147 quia
3133 3079 3394 3148 majorem
3437 3095 3498 3135 se
3529 3085 3810 3152 prophetis

517 3173 773 3214 EPISTOLA
836 3176 992 3214 ΒΕΑΤΙ
1050 3175 1205 3214 PAULI
1271 3167 1527 3214 AI‘OSTOLI
1587 3175 1656 3213 AD
1717 3173 2111 3214 PBJLJPPENQEQ!
2146 3147 2190 3211 C
2223 3187 2343 3227 esse
2369 3170 2673 3240 cognoscit,
2705 3169 3010 3237 quiaquem
3040 3147 3315 3238 ριόριιριξῐξ
3355 3147 3651 3227 τνεηῑυξυηί
3699 3174 3810 3231 fore

1193 3268 1308 3308 CAP.
1352 3267 1434 3306 Ill.

585 3385 604 3418 ι
627 3367 866 3423 Gaudete
888 3369 940 3422 in
964 3368 1193 3424 Domino
1214 3383 1444 3439 semper,
1463 3369 1657 3424 iterum
1675 3367 1798 3423 dico
1820 3367 2066 3439 gaudete.
2089 3387 2109 3422 ›

590 3461 766 3531 Hujus
814 3462 1042 3533 epistolte
1089 3463 1463 3532 expositionem
1515 3462 1569 3516 in
1622 3460 1969 3517 Hebdomada
1999 3471 2116 3534 post

519 3553 858 3608 Pentecosten
889 3556 1129 3608 vicesima
1158 3564 1350 3625 quarta
1383 3555 1609 3623 require.

913 3660 1250 3699 EVANGELIUI
1289 3658 1526 3706 JOANNIS,
1558 3659 1676 3697 CAP.
1707 3657 1745 3697 ἰ.

597 3755 618 3789 ι
658 3737 919 3793 Miserunt
961 3734 1129 3791 ,ἰυόωί
1176 3737 1244 3791 ah
1292 3736 1677 3807 Hierosolymis
1715 3735 2022 3794 sacerdotes
2061 3746 2116 3795 et

524 3848 546 3883 s
580 3829 798 3886 Levitas
824 3829 893 3884 ad
913 3843 1057 3894 eum,
1084 3836 1142 3883 ut
1165 3829 1570 3900 interrogarent
1595 3843 1720 3884 eum
1741 3847 1753 3883 :
1774 3827 1854 3883 Tu
1874 3831 1997 3900 quis
2015 3831 2116 3887 es?

525 3939 544 3976 I
579 3923 646 3976 Et
673 3917 950 3977 confessus
977 3926 1083 3986 est,
1113 3927 1170 3974 et
1209 3934 1315 3974 non
1343 3919 1580 3990 negavit.
1609 3919 1678 3974 Et
1706 3918 1988 3976 confessus
2008 3930 2112 3990 est,

525 4031 546 4067 ι
577 4015 701 4085 quia
751 4029 859 4069 non
899 4029 1019 4069 sum
1069 4028 1171 4084 ego
1217 4011 1486 4068 Christus.
1532 4013 1600 4067 Et
1641 4012 2117 4085 interrogaverunt

525 4124 543 4158 ι
580 4121 724 4161 eum.
760 4105 898 4174 Quid
931 4105 1106 4176 ergo?
1134 4104 1282 4160 Elias
1306 4119 1364 4160 es
1404 4105 1505 4159 tu?
1532 4105 1602 4160 Et
1622 4105 1760 4160 dixit
1784 4124 1797 4160 :
1827 4105 1943 4162 Non
1971 4123 2109 4164 sum.

523 4217 543 4250 ι
573 4197 841 4270 Propheta
869 4213 929 4254 es
956 4199 1056 4253 tu?
1078 4197 1145 4252 Ει
1171 4197 1451 4269 respondit
1475 4215 1487 4251 :
1531 4196 1669 4253 Non.
1701 4198 1962 4254 Dixerunt
1983 4214 2115 4272 ergo

523 4309 544 4342 ι
576 4292 626 4346 ei
667 4310 678 4345 :
712 4290 844 4358 Quis
869 4305 951 4356 es,
995 4299 1058 4346 ut
1094 4305 1416 4361 responsum
1454 4290 1643 4346 demus
1687 4289 1771 4346 his
1811 4290 1904 4361 qui
1946 4291 2112 4348 misev

525 4400 545 4433 ι
580 4390 708 4438 runt
737 4382 879 4436 nos?
927 4380 1065 4449 Quid
1113 4382 1252 4438 dicis
1297 4383 1366 4438 de
1410 4383 1630 4452 teipso?
1666 4382 1796 4437 Ait:
1853 4383 1966 4454 Ego
2009 4397 2113 4438 vox

526 4492 546 4526 ι
579 4472 866 4528 clamantis
892 4473 947 4527 in
988 4473 1225 4537 deserto,
1273 4473 1492 4543 dirigite
1527 4473 1672 4526 viam
1715 4465 1947 4539 Domini,
1973 4474 2114 4530 sicut

527 4581 547 4616 ‹
580 4564 714 4619 dixit
741 4561 908 4618 Isaias
942 4563 1228 4633 pr0pheta.
1270 4562 1339 4617 Et
1365 4563 1459 4632 qui
1505 4563 1657 4617 missi
1690 4561 1925 4629 fuerant,
1952 4574 2109 4619 erant

525 4672 547 4707 ι
582 4670 649 4709 ex
675 4653 983 4710 Pharismis.
1013 4653 1081 4708 Et
1103 4653 1575 4724 interrogaverunt
1599 4667 1742 4719 eum,
1771 4662 1826 4710 et
1857 4655 2107 4711 dixerunt

526 4766 546 4799 ι
579 4747 630 4804 ei
657 4763 670 4800 :
697 4745 838 4813 Quid
864 4761 994 4820 ergo
1016 4747 1278 4817 baptizas,
1311 4747 1359 4802 si
1400 4754 1456 4802 tu
1486 4761 1592 4801 non
1621 4762 1681 4803 es
1710 4741 1976 4815 Christus,
2014 4763 2108 4804 ne-

527 4857 548 4891 ι
580 4855 685 4911 que
713 4833 877 4904 Elias,
927 4853 1026 4894 nec
1071 4839 1370 4910 propheta?
1407 4837 1705 4910 Respondit
1739 4840 1820 4896 eis
1851 4839 2104 4909 Joannes,

527 4952 550 4986 ‹
579 4933 766 4990 dicens
794 4947 808 4987 :
834 4931 946 5005 Ego
971 4933 1190 5004 baptizo
1216 4935 1270 4990 in
1295 4943 1518 5006 aquam,
1560 4934 1770 4992 medius
1797 4943 1978 4990 autem
2017 4951 2110 4992 ve-

528 5041 547 5075 ι
580 5033 756 5081 strum
799 5025 951 5081 stetit
979 5040 1139 5097 quem
1180 5042 1277 5083 vos
1313 5027 1556 5083 nescitis.
1607 5025 1726 5099 Ipse
1761 5035 1844 5082 est
1869 5027 1960 5098 qui
1989 5036 2110 5098 post

527 5136 548 5170 ι
583 5132 669 5172 me
715 5125 977 5174 venturus
1005 5126 1108 5184 est,
1148 5117 1241 5189 qui
1283 5127 1409 5173 ante
1453 5133 1540 5174 me
1586 5117 1765 5175 factus
1813 5125 1917 5183 est,
1955 5119 2109 5189 cujus

527 5228 548 5261 ε
581 5227 682 5284 ego
727 5226 835 5267 non
879 5226 998 5268 sum
1049 5211 1260 5285 dignus,
1309 5219 1370 5266 ut
1415 5212 1618 5268 solvam
1666 5213 1784 5286 ejus
1819 5213 2108 5285 corrigiam

528 5320 548 5354 α
579 5303 948 5359 calceamenti.
976 5295 1100 5358 llaec
1125 5303 1182 5358 in
1209 5301 1473 5359 Bethania
1501 5302 1644 5358 facta
1670 5311 1798 5360 sunt
1823 5312 1973 5359 trans
1996 5301 2112 5360 Jor-

529 5411 549 5446 ι
579 5393 794 5458 danem,
821 5391 910 5448 ubi
935 5404 1052 5448 erat
1073 5387 1311 5450 Joannes
1331 5392 1630 5465 baptizans.
1653 5413 1674 5448 ι

598 5481 855 5541 Miserunt
885 5481 1063 5541 Juda’i
1101 5486 1166 5541 ab
1204 5483 1580 5559 Hierosolymis
1609 5486 1903 5542 sacerdotes
1928 5495 1976 5542 et
2005 5481 2106 5541 Le-

527 5574 658 5633 vitas
688 5578 755 5632 ad
783 5577 1069 5646 Joannem,
1096 5592 1150 5635 ut
1173 5581 1554 5653 interrogarent
1577 5599 1695 5636 eum
1724 5596 1741 5633 :
1769 5580 1846 5636 Tu
1875 5583 1991 5653 quis
2015 5599 2069 5636 es
2087 5584 2112 5636 7

531 5665 600 5724 Et
624 5671 889 5740 confessus
917 5683 1077 5737 est,ct
1100 5691 1205 5730 non
1227 5676 1450 5746 negavit.
1479 5673 1548 5728 Et
1569 5673 1836 5744 confessus
1864 5684 1959 5740 est,
1982 5677 2108 5746 quia

532 5778 632 5814 non
660 5779 775 5816 sum
810 5779 902 5833 ego
926 5761 1188 5844 Christus.
1249 5765 1347 5822 His
1372 5765 1552 5822 verbis
1580 5763 1805 5822 Joannis
1831 5766 2108 5823 humilitas

2219 3261 2507 3327 dixerunt,
2554 3261 2655 3315 iste
2699 3257 2865 3329 digito
2910 3259 3333 3325 demonstravit,
3386 3261 3576 3317 dicens
3622 3283 3635 3318 :
3678 3265 3808 3321 Ecce

2220 3369 2387 3423 agnus
2411 3347 2529 3415 Dei,
2554 3365 2668 3403 ecce
2693 3350 2780 3419 qui
2809 3347 2944 3402 tollit
2971 3355 3184 3419 peccata
3210 3351 3414 3403 mundi.

2288 3439 2552 3497 Dixerunt
2596 3457 2717 3512 ergo
2768 3441 2816 3494 ei
2851 3455 2870 3494 :
2903 3439 3031 3505 Quis
3062 3457 3149 3507 es,
3181 3451 3234 3494 ut
3282 3459 3588 3512 responsum
3631 3447 3804 3503 demus

2219 3533 2302 3588 his
2331 3532 2420 3604 qui
2469 3530 2720 3584 miserunt
2768 3529 2910 3582 nos?
2948 3527 3090 3593 Quid
3135 3529 3266 3583 dicis
3318 3530 3381 3584 de
3409 3542 3458 3585 te
3489 3536 3652 3605 ipso?
3680 3540 3762 3591 Ait
3789 3557 3807 3592 :

2219 3619 2336 3695 Ego
2366 3639 2464 3678 vos:
2489 3620 2769 3675 clamantis
2791 3621 2846 3674 in
2871 3620 3107 3685 deserto,
3148 3620 3358 3692 dirigite
3392 3625 3532 3679 viam
3570 3628 3805 3695 Domini,

2219 3714 2354 3768 sicut
2394 3713 2526 3767 dixit
2563 3711 2737 3766 Isaias
2773 3710 3041 3782 propheta.
3087 3711 3284 3768 Vocem
3331 3731 3388 3771 se
3415 3731 3537 3772 esse
3571 3718 3807 3781 Joannes

2219 3807 2448 3871 asserit,
2478 3804 2606 3875 quia
2649 3805 2877 3859 verbum
2915 3805 3192 3874 prteccdit.
3243 3805 3484 3863 Primum
3529 3815 3681 3868 enim
3711 3833 3807 3872 vox

2219 3907 2378 3959 sonat
2403 3892 2658 3964 Joannis,
2692 3901 2752 3952 ut
2780 3900 3008 3953 verbum
3033 3906 3314 3969 sequatur.
3364 3902 3679 3964 Adventum
3713 3911 3806 3965 ita-

2217 4005 2324 4067 que
2373 3992 2702 4050 dominicum
2743 4005 3084 4062 praecurrens
3131 4007 3235 4048 vox
3277 3994 3512 4052 dicitur:
3543 3999 3682 4067 Quia
3718 4019 3805 4074 per

2216 4088 2334 4159 ejus
2369 4083 2688 4158 mysterium
2725 4083 2900 4155 patris
2940 4085 3166 4140 verbum
3208 4087 3276 4142 ab
3311 4085 3632 4149 hominibus
3662 4097 3802 4152 audi-

2216 4189 2325 4237 tur.
2365 4178 2502 4236 Illud
2529 4171 2753 4243 scilicet,
2784 4179 2850 4234 de
2877 4193 2986 4250 quo
3016 4175 3254 4235 Joannes
3277 4181 3352 4236 ait
3391 4201 3403 4236 :
3448 4181 3518 4239 In
3545 4191 3802 4260 principio

2217 4284 2329 4332 erat
2364 4274 2590 4328 Verbum
2612 4314 2627 4339 ,
2675 4279 2724 4327 et
2768 4270 2979 4326 verbum
3020 4281 3132 4326 erat
3161 4273 3303 4343 apud
3330 4273 3502 4330 Deum
3525 4319 3541 4345 ,
3597 4292 3646 4334 et
3669 4281 3802 4337 Deus

2215 4375 2327 4423 erat
2369 4365 2590 4422 Verbum
2612 4405 2628 4430 ,
2671 4361 2763 4435 qul
2788 4363 2952 4419 etiam
2977 4363 3030 4417 in
3060 4363 3275 4419 deserto
3303 4363 3523 4434 clamat,
3558 4373 3689 4442 quia
3723 4376 3804 4430 de

2216 4461 2422 4516 relictae
2466 4473 2533 4513 ac
2571 4455 2842 4511 destitutae
2880 4453 3114 4523 Judaere,
3160 4455 3409 4513 solatium
3444 4460 3800 4534 redemptoris

2216 4550 2517 4608 annuntiat.
2561 4539 2702 4617 Quid
2745 4556 2925 4602 autem
2966 4547 3208 4614 clamat,
3245 4549 3487 4607 insinuat
3512 4569 3640 4609 cum
3677 4558 3798 4612 sub-

2209 4643 2389 4715 jungit
2412 4661 2423 4696 :
2459 4641 2682 4712 Dirigite
2711 4640 2846 4694 viam
2873 4638 3115 4706 Domini,
3158 4641 3292 4695 sicut
3320 4642 3454 4696 dixit
3481 4641 3658 4703 Isaias
3685 4667 3799 4720 pro-

2214 4735 2371 4810 pheta
2399 4723 2557 4806 (lsai.
2592 4729 2682 4804 xx.)
2711 4750 2723 4786 :
2755 4729 2854 4786 Via
2895 4729 3108 4786 Domini
3151 4732 3220 4787 ad
3250 4748 3346 4788 cor
3373 4735 3647 4808 dirigitur,
3682 4757 3796 4796 cum

2215 4825 2462 4882 veritatis
2487 4837 2669 4878 sermo
2698 4819 2974 4877 humiliter
2998 4821 3235 4889 auditur,
3261 4824 3347 4879 via
3372 4825 3590 4884 Domini
3618 4831 3689 4888 ad
3711 4849 3798 4890 cur

2216 4914 2486 4988 dirigitur,
2512 4929 2636 4969 cum
2666 4913 2735 4968 ad
2757 4921 3084 4984 praeceptum
3113 4915 3237 4970 vita:
3255 4929 3620 4988 praeparatur.

2282 5026 2351 5082 Et
2376 5027 2466 5098 qui
2499 5026 2646 5081 missi
2672 5025 2916 5096 fuerant,
2967 5034 3117 5082 erant
3160 5044 3230 5082 ea;
3261 5025 3580 5090 Phariswis.
3622 5038 3696 5093 Et
3723 5041 3796 5095 in»

2209 5127 2601 5190 terrogaverunt
2629 5135 2764 5184 eum,
2808 5127 2858 5172 et
2884 5118 3130 5174 dixerunt
3155 5120 3204 5175 ei
3227 5137 3248 5177 :
3289 5122 3431 5190 Quid
3469 5145 3594 5200 ergo
3631 5133 3796 5203 ιιμί-

2211 5232 2322 5280 eos,
2353 5216 2397 5270 si
2426 5223 2484 5269 tu
2521 5231 2627 5270 non
2665 5232 2719 5270 es
2747 5212 3022 5280 Christus,
3072 5233 3234 5289 neque
3269 5218 3442 5290 Elius,
3481 5241 3649 5295 nequ
3676 5247 3797 5298 ρτο.

2207 5307 2404 5378 pheta?
2431 5306 2584 5374 Quod
2606 5308 2732 5376 quia
2771 5322 2879 5362 non
2901 5307 3082 5363 studio
3107 5315 3499 5382 cognoscet)“
3525 5321 3794 5389 veritatis,

2215 5399 2310 5454 sed
2357 5397 2574 5452 malitia:
2605 5397 2923 5452 exercendae
2971 5399 3331 5458 aemulationis
3369 5404 3594 5474 dicitur,
3632 5425 3800 5467 evan-

2213 5491 2402 5562 gelista
2432 5487 2595 5545 tacite
2616 5489 2869 5552 innotuit,
2904 5491 2996 5560 qui
3024 5491 3322 5560 subiunxit,
3351 5497 3540 5554 dicens
3572 5514 3587 5553 :
3616 5500 3684 5557 Et
3707 5503 3796 5572 qui

2215 5582 2360 5636 missi
2385 5581 2618 5649 fuerant,
2641 5588 2788 5634 erant
2814 5596 2878 5634 ea:
2907 5579 3218 5650 Pharisazis,
3250 5601 3315 5641 ac
3344 5588 3391 5643 si
3413 5600 3598 5659 aperte
3618 5593 3794 5647 dicat:

2212 5675 2293 5731 Illi
2318 5674 2579 5732 Joannem
2618 5676 2684 5732 de
2719 5675 2832 5730 suis
2879 5675 3092 5731 actibus
3119 5680 3429 5752 requirunt,
3474 5686 3568 5756 qui
3595 5687 3803 5744 docui

2213 5783 2339 5824 nam
2364 5770 2618 5826 nesciunt
2637 5782 2902 5840 quaerere,
2934 5769 3027 5825 sed
3054 5769 3317 5829 invidere.
