4026 6476
292 369 404 428 525

364 487 650 561 Respondit
695 492 769 547 eis
813 491 1084 560 Joannes,
1129 495 1305 551 dicens
1346 515 1364 552 :

289 601 451 656 aqua.
490 582 730 642 Joannes
764 602 873 641 non
907 588 1132 657 spiritu,
1169 590 1262 644 sed
1299 606 1440 662 aqua
1480 593 1878 664 baptizatorum

287 691 523 746 corpora
545 677 696 743 lavit,
729 678 825 733 sed
852 686 1033 735 tamen
1056 697 1155 750 per
1181 683 1395 738 veniam
1418 701 1528 740 non
1555 687 1721 742 lavat.
1769 687 1878 744 Cur

286 783 420 838 ergo
449 768 711 837 baptizat,
739 770 832 838 qui
857 781 1077 842 peccata
1102 788 1199 841 per
1219 775 1488 844 baptisma
1512 793 1617 834 non
1645 781 1874 848 relaxat,

288 860 397 915 nisi
433 870 493 914 ut
516 863 906 930 prazcursionis
951 880 1063 920 sua:
1100 867 1344 922 ordinem
1395 886 1641 939 servans,
1670 874 1761 942 qui
1786 890 1878 929 na-
1927 872 1937 879 ’

286 952 556 1008 sciturum
586 955 862 1011 nascendo
899 969 1266 1027 praevenerat,
1304 961 1702 1032 baptizaturum
1741 983 1878 1038 quo-

283 1058 395 1115 que
424 1047 718 1101 Dominum
737 1049 1066 1119 baptizando
1093 1055 1438 1122 praeveniret,
1471 1067 1526 1113 et
1557 1061 1651 1129 qui
1689 1063 1877 1131 praedi-

282 1137 459 1192 cando
483 1137 658 1194 factus
678 1150 758 1195 est
781 1157 1085 1211 praecursor
1114 1143 1336 1213 Christi,
1369 1150 1690 1218 baptizando
1711 1155 1874 1210 etiam

279 1243 596 1299 prtecursor
623 1231 740 1300 ejus
766 1232 922 1288 ﬁeret
950 1234 1254 1292 imitatione
1291 1243 1639 1298 sacramenti.

357 1319 569 1375 Medius
591 1332 766 1378 autem
800 1334 1024 1381 vestrum
1050 1331 1209 1392 stetit,
1233 1347 1385 1400 quem
1427 1350 1514 1387 vos
1549 1338 1778 1391 nescitis.
1813 1338 1874 1394 ln

278 1412 466 1469 medio
510 1429 639 1485 ergo
680 1416 959 1474 hominum
985 1428 1041 1475 et
1075 1423 1292 1478 stetisse
1331 1423 1584 1482 Salvator
1611 1432 1875 1488 asseritur

279 1513 340 1561 et
377 1506 615 1573 nesciri,
660 1507 786 1577 quia
830 1525 930 1579 per
958 1527 1180 1568 carnem
1215 1530 1482 1585 apperens
1506 1559 1520 1584 ,
1560 1529 1615 1574 et
1643 1520 1872 1578 visibilis
1919 1561 1925 1573 .

278 1598 437 1653 stetit
459 1612 689 1666 corpore
711 1607 767 1654 et
791 1601 1082 1658 invisibilis
1106 1604 1408 1673 majestate.

350 1687 462 1760 (Ea:
488 1688 682 1761 Beda.)
745 1690 922 1749 Lucas
947 1695 1092 1748 enim
1123 1696 1178 1750 in
1202 1697 1307 1753 hoc
1335 1697 1454 1754 loco
1485 1700 1561 1755 ait
1587 1719 1599 1754 :
1630 1700 1752 1773 Ipse
1775 1720 1871 1758 nos

277 1779 559 1851 baptizavit
581 1782 637 1835 in
661 1783 849 1852 spiritu
879 1796 1063 1841 sancto
1092 1797 1142 1841 et
1167 1789 1307 1859 igni,
1333 1792 1436 1847 hoc
1457 1801 1560 1857 est,
1595 1803 1650 1849 et
1677 1811 1873 1867 purga-

275 1871 430 1927 tione
474 1873 920 1930 sanctiﬁcationis
945 1916 962 1944 ,
1017 1886 1073 1933 et
1118 1881 1441 1949 probatione
1477 1883 1862 1942 tribulationis.
1894 1878 1943 1939 B

273 1962 466 2019 Potest
513 1973 692 2021 autem
740 1966 885 2022 idem
939 1969 1166 2039 spiritus
1210 1973 1384 2028 sancti
1439 1975 1604 2031 etiam
1651 1979 1871 2036 nomine

276 2057 420 2129 ignis
469 2059 842 2117 sanctiﬁcatus
891 2063 1159 2134 intelligi,
1211 2067 1342 2136 quia
1398 2077 1457 2124 et
1501 2069 1743 2126 incendit
1771 2088 1871 2143 per

276 2165 520 2206 amorem
544 2194 559 2221 ,
605 2161 662 2208 et
693 2169 793 2225 per
825 2155 1152 2226 sapientiam
1189 2157 1356 2214 corda
1394 2174 1517 2230 quae
1554 2161 1728 2232 replet
1752 2163 1872 2219 illu-

276 2244 473 2300 minat.

347 2338 472 2410 Ipse
504 2349 580 2395 est
618 2341 709 2412 qui
733 2350 849 2411 post
875 2359 959 2396 me
984 2351 1232 2398 venturus
1266 2352 1364 2411 est,
1414 2346 1505 2416 qui
1535 2354 1657 2400 ante
1677 2363 1759 2401 me
1781 2349 1867 2418 fa-

273 2440 390 2485 ctus
421 2441 516 2486 est.
569 2433 672 2504 (Ex
712 2432 901 2507 Greg.)
948 2433 1044 2490 Sic
1085 2450 1321 2507 namque
1349 2437 1586 2492 dicitur:
1622 2449 1744 2493 ante
1772 2457 1868 2498 ante

273 2523 472 2593 factus,
504 2540 569 2579 ac
592 2525 636 2579 si
667 2526 882 2581 dicatur
906 2543 918 2580 :
950 2534 1077 2582 ante
1109 2542 1196 2582 me
1222 2528 1451 2597 positus.
1474 2528 1603 2585 Post
1627 2546 1715 2585 me
1737 2547 1867 2602 ergo

271 2615 445 2682 venit,
475 2617 603 2686 quia
626 2621 973 2687 postmodum
995 2629 1176 2676 natus.
1217 2621 1356 2676 Ante
1377 2637 1464 2676 me
1487 2632 1666 2678 autem
1689 2623 1867 2680 faetus

271 2717 382 2776 est,
410 2713 535 2780 quia
560 2713 692 2766 mihi
723 2712 1006 2782 praelatus,
1045 2714 1141 2768 sed
1173 2714 1291 2768 haec
1323 2714 1485 2783 paulo
1514 2717 1764 2785 superius
1789 2717 1868 2771 di-

270 2816 400 2858 cens
425 2843 440 2869 ,
487 2805 652 2858 etiam
688 2804 1020 2873 praelationis
1057 2805 1174 2874 ejus
1211 2820 1405 2861 causas
1443 2808 1687 2876 aperuit,
1737 2809 1865 2877 quia

271 2895 424 2967 prior
450 2910 536 2950 me
564 2902 703 2961 erat,
727 2911 790 2950 ac
813 2895 859 2950 si
879 2905 1064 2966 aperte
1093 2899 1236 2951 dicat
1261 2915 1274 2951 :
1308 2897 1434 2953 Inde
1454 2913 1540 2952 me
1561 2900 1724 2954 etiam
1746 2908 1866 2969 post

273 2997 435 3044 natus
464 2997 704 3059 supcrat,
731 3005 840 3059 quo
862 3005 985 3044 eum
1014 2990 1317 3044 nativitatis
1347 3005 1457 3044 sum
1481 2999 1724 3061 tempora
1755 3009 1864 3047 non

272 3091 586 3153 angustant.
631 3082 765 3136 Nam
805 3084 897 3152 qui
926 3097 1024 3154 per
1054 3091 1283 3138 matrem
1315 3085 1371 3138 in
1405 3093 1647 3155 tempore
1689 3086 1865 3140 nasci-

271 3183 382 3241 tur,
412 3176 527 3230 sine
560 3184 803 3246 tempore
834 3185 917 3231 est
939 3194 966 3230 a
999 3185 1153 3246 patre
1181 3185 1487 3247 generatus.
1523 3177 1625 3244 Qui
1647 3189 1863 3248 quantae

1103 373 1623 433 COLLECTIONES
1660 376 1729 432 IN
1770 374 2150 433 EPISTOLAS
2189 377 2279 434 ET
2317 379 2722 442 EVANGELIA.

3453 387 3559 445 5%

1409 499 1526 570 Ego
1567 501 1773 572 baptizo
1819 505 1876 558 in
1903 511 1956 573 Α
1979 511 2080 568 est,
2113 517 2219 558 non
2245 503 2454 561 sufﬁcio
2477 508 2656 561 omnia
2685 507 2890 563 Christi
2934 508 3003 565 ad
3040 506 3318 578 liquidum,
3349 508 3561 568 sublato

1977 597 2269 652 verborum
2293 597 2588 665 velamine,
2621 601 2861 657 revelare
2882 603 3161 675 mysteria.

2050 689 2262 747 Haecin
2287 691 2552 748 Bethania
2582 694 2725 764 facta
2768 705 2888 750 sunt
2933 705 3080 752 trans
3117 681 3442 764 Iordanem,
3469 695 3565 756 ubi

1976 781 2211 838 Joannes
2240 782 2535 854 baptizans.
2559 784 2821 840 Bethania
2850 787 2976 841 villa
3007 796 3091 843 est
3129 786 3187 842 in
3228 789 3467 845 secundo
3489 786 3564 850 ab

1976 874 2095 930 Elia
2125 875 2401 942 milliario,
2430 877 2484 930 in
2516 877 2684 934 latere
2717 881 2919 936 montis
2944 880 3163 947 Oliveti,
3195 882 3286 937 ubi
3317 881 3562 939 salvator

1975 966 2244 1021 Lazarum
2270 967 2575 1022 suscitavit.
2631 969 2774 1024 Bene
2803 985 3105 1040 przecursor
3133 971 3346 1026 Domini
3383 971 3558 1028 nostri

1976 1063 2032 1119 in
2055 1065 2321 1123 Bethania
2344 1069 2544 1124 dicitur
2565 1069 2895 1138 baptizasse,
2928 1085 3051 1123 nam
3073 1068 3340 1124 Bethania
3367 1069 3559 1128 domus

1975 1156 2303 1215 obedientia:
2331 1161 2747 1231 interpretatur,
2778 1168 2841 1215 ut
2860 1160 3262 1215 demonstraret
3292 1175 3390 1230 per
3424 1159 3558 1215 obe-

1976 1249 2236 1305 dientiam
2288 1253 2413 1309 ﬁdei
2459 1269 2650 1310 omnes
2691 1254 2761 1309 ad
2803 1251 3003 1309 Christi
3052 1253 3321 1322 baptisma
3359 1252 3559 1312 debere

1974 1345 2281 1412 pervenire.

1977 1453 2249 1511 Hactenus
2273 1458 2477 1512 dierum
2507 1459 2904 1514 Dominicarum
2943 1457 3382 1528 festivitatumque
3425 1458 3563 1515 mut-

2045 1536 2221 1598 t‘arum
2268 1530 2640 1598 expositiones,
2681 1529 2900 1598 juvante
2945 1527 3174 1592 Christo,
3219 1527 3557 1586 absolvimus.

2043 1595 2245 1671 Dehinc
2302 1595 2601 1654 sancto-rum
2656 1595 2981 1671 martyrum,
3029 1600 3285 1670 virginum
3334 1608 3383 1654 et
3438 1615 3562 1656 con-

1993 1719 1995 1722 .
2046 1665 2302 1735 fessarum
2332 1671 2677 1739 expositiones
2703 1665 2974 1740 ponemus.

2302 1783 2368 1838 n1
2412 1785 2664 1840 NATALI
2701 1745 3237 1843 APOSTOLDRUM.

2088 1911 2346 1954 EPISTOLA
2383 1914 2544 1954 ΒΕΔΤΙ
2582 1917 2737 1956 PAULI
2774 1916 3032 1958 Αροετοιι
3067 1917 3136 1957 ΔΙ)
3176 1916 3441 1960 ΒΟΙΔΝω.

2626 1988 2743 2027 CAP.
2796 1989 2913 2028 νιιι.

2048 2101 2069 2134 ‹
2097 2082 2311 2140 Scimus
2325 2085 2582 2140 quoniam
2599 2086 2948 2156 diligentibus
2968 2087 3137 2142 Deum
3159 2085 3344 2142 omnia
3365 2099 3561 2155 coope-

1977 2193 1998 2229 (
2026 2185 2221 2231 rantur
2241 2178 2295 2232 in
2319 2178 2542 2243 bonum,
2568 2179 2653 2232 his
2674 2180 2766 2248 qui
2795 2181 3092 2236 secundum
3114 2179 3452 2250 propositum
3465 2193 3562 2236 vo-

1976 2286 1997 2320 (
2028 2269 2136 2323 cati
2165 2278 2291 2324 sunt
2318 2271 2512 2325 sancti.
2552 2269 2690 2324 Nam
2725 2287 2864 2342 quos
2888 2273 3163 2342 prescivit
3193 2280 3251 2329 et
3271 2271 3559 2344 prmdesti-

1976 2379 2000 2414 ι
2026 2365 2178 2418 navit
2196 2363 2506 2419 conformes
2527 2363 2646 2420 ﬁeri
2678 2364 2930 2436 imaginis
2968 2365 3063 2420 ﬁlii
3093 2365 3176 2421 sui
3203 2406 3219 2432 ,
3249 2374 3311 2420 ut
3347 2365 3418 2421 sit
3444 2364 3563 2437 ipso

1976 2470 1998 2504 ι
2027 2454 2423 2525 primogenitus
2448 2454 2503 2508 in
2529 2455 2716 2510 multis
2744 2455 3025 2511 fratribus.
3052 2455 3202 2522 Quos
3221 2465 3404 2514 autem
3420 2468 3562 2526 pra-

1977 2546 2301 2602 cdestinavit
2320 2548 2420 2601 hos
2435 2556 2488 2602 et
2505 2549 2739 2603 vocavit.
2765 2548 2833 2602 Et
2850 2564 2987 2618 quos
3007 2549 3244 2616 vocavit,
3272 2549 3374 2604 hos
3396 2556 3453 2605 et
3471 2548 3563 2619 ju-

1977 2653 1996 2688 t
2025 2637 2298 2692 stificavit.
2324 2637 2471 2704 Quos
2497 2648 2682 2695 autem
2704 2639 3044 2710 justiﬁeavit,
3084 2641 3206 2696 illos
3225 2648 3283 2696 et
3303 2638 3559 2712 magnifi-

1975 2747 1995 2780 ι
2025 2731 2191 2784 cavit.
2216 2729 2353 2796 Quid
2369 2745 2498 2800 ergo
2513 2731 2754 2786 dicemus
2769 2731 2837 2786 ad
2858 2731 3008 2786 haec?
3031 2731 3088 2786 Si
3106 2733 3250 2788 Deus
3263 2746 3364 2801 pro
3377 2731 3558 2798 nobis,

1976 2839 1997 2873 ι
2029 2823 2153 2892 quis
2175 2830 2365 2878 contra
2395 2825 2530 2880 nos?
2550 2824 2652 2890 Qui
2670 2825 2835 2880 etiam
2850 2826 3072 2895 proprio
3086 2824 3197 2880 ﬁlio
3216 2840 3315 2880 suo
3336 2838 3560 2896 nonpo-

1976 2931 1996 2964 ι
2023 2914 2220 2983 percit,
2255 2914 2349 2970 sed
2371 2928 2471 2984 pro
2491 2913 2648 2969 nobis
2677 2915 2931 2969 omnibus
2965 2914 3188 2969 tradidit
3222 2913 3394 2969 illum.
3413 2911 3567 2980 Quo-

1977 3023 1996 3056 ‹
2031 3007 2190 3061 modo
2217 3021 2326 3061 non
2363 3007 2530 3060 etiam
2576 3021 2702 3062 cum
2749 3006 2841 3061 illo
2891 3007 3071 3062 omnia
3115 3007 3273 3062 nobis
3301 3003 3564 3062 donavit?

1977 3114 1997 3147 ‹
2027 3097 2160 3165 Quis
2182 3097 2462 3152 accusabit
2485 3099 2748 3154 adversus
2772 3099 2976 3155 electos
3009 3099 3149 3154 Dei?
3186 3099 3332 3155 Deus
3352 3108 3439 3155 est
3465 3098 3562 3170 qui

1978 3208 1996 3240 ‹
2021 3189 2304 3259 justificat.
2346 3190 2480 3258 Quis
2501 3200 2586 3246 est
2612 3193 2704 3261 qui
2735 3193 3100 3248 condemnet?
3128 3191 3379 3249 Christus
3403 3191 3564 3253 Jesu:

271 3271 592 3325 reverentiae
615 3243 978 3325 humilitatem
1001 3271 1200 3326 habeat
1227 3273 1510 3326 subdeudo
1531 3272 1860 3328 manifestat.
1893 3243 1940 3308 α
1978 3307 1996 3338 ι
2021 3243 2119 3358 Elui
2148 3243 2396 3342 morm“;
2417 3295 2520 3354 est,
2547 3243 2657 3342 im;
2686 3289 2779 3358 qui
2814 3295 2869 3343 ει
2903 3289 3224 3354 resurrexit,
3262 3289 3354 3359 qui
3385 3295 3469 3345 εει
3491 3243 3564 3346 ξῖι

341 3365 509 3437 Cujus
540 3382 644 3420 non
670 3382 786 3420 sum
813 3366 1004 3435 dignus
1024 3405 1039 3431 ,
1086 3375 1145 3419 ut
1192 3364 1391 3419 solvam
1433 3366 1548 3436 ejus
1580 3368 1865 3437 corrigiam

269 3462 650 3529 calceamenti,
685 3472 790 3518 etc.
830 3461 944 3517 Mos
976 3461 1118 3531 apud
1159 3470 1376 3517 veteres
1405 3460 1532 3530 fuit,
1582 3468 1643 3516 ut
1673 3463 1716 3518 si
1742 3463 1866 3532 quis

271 3573 394 3614 eam
438 3573 558 3628 qum
603 3556 708 3612 sibi
756 3562 1090 3626 competeret
1130 3553 1378 3624 accipere
1421 3567 1648 3608 uxorem
1676 3554 1862 3620 nollet,

273 3653 366 3710 ille
389 3653 441 3709 ei
470 3653 899 3709 calceamentum
930 3651 1195 3716 solveret,
1243 3649 1334 3719 qui
1367 3649 1434 3703 ad
1465 3649 1605 3704 hanc
1635 3665 1864 3719 sponsus

263 3745 391 3818 jure
421 3745 844 3815 propinquitatis
871 3742 1084 3797 veniret
1109 3782 1123 3809 ,
1176 3741 1309 3812 quid
1343 3741 1509 3812 igitur
1532 3740 1674 3794 inter
1695 3741 1866 3795 homi-

267 3854 372 3895 nes
391 3838 663 3903 Christus,
688 3837 795 3892 nisi
819 3843 1021 3891 sanctze
1047 3833 1306 3890 Ecclesia:
1335 3849 1565 3903 sponsus
1593 3832 1861 3904 apparuit,

268 3933 338 3988 de
382 3947 488 4001 quo
533 3939 588 3986 et
625 3929 729 3985 iste
766 3927 1004 3985 Joannes
1047 3927 1178 3982 dicit
1230 3945 1242 3981 :
1281 3924 1384 3992 Qui
1425 3925 1578 3980 habet
1615 3941 1864 3996 sponsam

268 4040 494 4095 sponsus
531 4032 606 4077 est
639 4021 836 4092 (Joan.
863 4018 983 4092 Ill),
1031 4019 1125 4074 sed
1150 4019 1278 4088 quia
1319 4017 1583 4073 Joannem
1613 4017 1864 4072 homines

267 4117 548 4173 Christum
575 4131 696 4171 esse
728 4120 1075 4185 putaverunt,
1107 4113 1251 4182 quod
1284 4120 1339 4166 et
1370 4112 1474 4166 iste
1501 4109 1739 4166 Joannes
1765 4125 1862 4165 ne-

266 4219 380 4283 gat.
421 4210 589 4264 Recte
638 4223 695 4262 se
744 4207 1024 4278 indignum
1076 4219 1196 4260 esse
1248 4205 1315 4258 ad
1355 4204 1670 4259 solvendum
1697 4202 1867 4257 corri-

267 4303 414 4375 giam
442 4302 559 4372 ejus
589 4299 946 4355 calceamenti
977 4297 1283 4360 denuntiat,
1316 4311 1380 4350 ac
1403 4297 1448 4350 si
1471 4303 1658 4366 aperte
1686 4293 1861 4349 dicat:

264 4394 385 4464 Ego
412 4392 773 4463 redemptoris
813 4389 1042 4460 vestigia
1074 4389 1351 4443 denudare
1383 4403 1491 4442 non
1519 4387 1702 4452 valeo,
1737 4385 1865 4456 quia

267 4491 458 4562 Sponsi
487 4506 685 4544 nomen
716 4487 848 4543 mihi
873 4486 1180 4540 immeritus
1209 4500 1315 4538 non
1340 4497 1563 4553 usurpo.
1608 4480 1761 4548 Quod
1785 4489 1868 4535 ta-

266 4603 393 4641 men
435 4573 664 4654 intelligi
714 4590 769 4637 et
815 4581 972 4635 aliter
1019 4586 1238 4649 potest,
1288 4576 1410 4646 quis
1452 4575 1595 4630 enim
1631 4574 1858 4639 nesciat,

265 4679 415 4750 quod
459 4677 828 4733 calceamenta
857 4687 925 4726 ex
963 4670 1192 4725 mortuis
1239 4667 1562 4722 animalibus
1606 4665 1759 4731 ﬁant,
1784 4665 1863 4718 in-

267 4779 527 4828 carnatus
554 4784 684 4824 vero
713 4766 975 4819 Dominus
1003 4761 1227 4818 veniens
1245 4803 1258 4826 ,
1287 4760 1442 4830 quasi
1469 4759 1742 4814 calceatus
1770 4773 1864 4828 ap-

265 4863 474 4936 paruit,
503 4862 596 4934 qui
633 4860 688 4914 in
732 4857 1018 4913 divinitate
1050 4870 1149 4910 sua
1179 4853 1465 4908 morticina
1498 4848 1864 4920 corruptionis

268 4967 476 5014 nostra:
524 4952 858 5024 assumpsit,
907 4950 1002 5006 sed
1029 4947 1189 5017 hujus
1235 4946 1628 5002 incarnationis
1661 4951 1865 5014 myste-

269 5053 415 5109 rium
443 5052 714 5105 bumanus
740 5047 931 5103 oculus
960 5053 1246 5117 penetrare
1277 5057 1382 5094 non
1411 5037 1628 5094 sufﬁcit.
1680 5035 1865 5092 Corri-

270 5148 360 5221 gia
390 5161 520 5216 ergo
543 5141 898 5198 calceamenti
929 5149 1013 5194 est
1047 5138 1280 5209 ligatura
1320 5133 1585 5205 mystcrii.
1625 5128 1864 5185 Joannes

271 5239 459 5308 itaque
489 5236 698 5291 solvere
724 5233 1017 5305 corrigiam
1039 5228 1396 5286 calceamenti
1419 5224 1537 5294 ejus
1563 5239 1669 5278 non
1696 5222 1861 5277 valet.

270 5329 400 5400 quia
444 5325 834 5382 incarnationis
859 5325 1177 5396 mysterium
1200 5362 1214 5387 ,
1257 5335 1359 5375 nec
1393 5318 1509 5387 ipse
1534 5314 1864 5383 investigare

268 5418 493 5486 sufﬁcit,
527 5420 616 5489 qui
649 5418 790 5472 hanc
819 5431 916 5486 per
945 5413 1244 5484 prophetia:
1276 5410 1528 5480 spiritum
1559 5406 1799 5478 agnovit.

345 5511 574 5570 Solvere
613 5509 1043 5565 calceamentum
1075 5506 1282 5559 nudare
1313 5512 1396 5558 est
1427 5501 1702 5565 membra,
1744 5514 1864 5567 quae

270 5609 346 5666 ab
371 5608 488 5677 ipso
522 5610 798 5674 teguntur,
843 5608 898 5654 et
944 5598 1146 5652 nudum
1176 5597 1432 5661 verbum,
1467 5594 1520 5648 id
1549 5601 1662 5658 est,
1696 5590 1866 5670 divini

274 5696 550 5758 sermonis
585 5692 987 5749 cvidentissime
1013 5689 1134 5760 quis
1172 5688 1374 5758 poterit
1410 5685 1737 5756 speculando
1771 5699 1867 5738 ex—

274 5793 483 5864 plicare
510 5800 842 5851 sermonem,
876 5783 931 5836 ni
955 5781 1091 5836 forte
1123 5781 1391 5851 aliquibus
1417 5777 1740 5849 imaginibus
1772 5793 1863 5830 cx-

274 5886 501 5957 plicare,
537 5888 592 5938 et
619 5881 722 5936 hoc
750 5889 835 5936 est
861 5875 1006 5949 quod
1045 5875 1216 5933 dicit:
1266 5873 1384 5930 Non
1411 5887 1530 5930 sum
1556 5869 1767 5944 dignus,
1809 5869 1864 5927 id

1977 3399 1996 3431 ‹
2025 3381 2306 3436 dexteram
2335 3379 2474 3444 Dei,
2523 3379 2616 3449 qui
2671 3380 2834 3435 etiam
2883 3379 3195 3449 interpellat
3239 3394 3341 3448 pro
3379 3378 3560 3436 nobis.

1975 3491 1994 3523 ε
2027 3472 2160 3540 Quis
2209 3488 2339 3545 ergo
2397 3487 2497 3528 nos
2569 3473 2844 3543 separabit
2905 3487 2938 3526 a
2995 3472 3262 3527 charitate
3311 3469 3563 3528 Christi?

1976 3584 1994 3616 c
2027 3565 2326 3621 Tribulatio
2361 3581 2430 3620 an
2454 3565 2707 3637 angustia
2727 3608 2742 3633 ,
2773 3581 2840 3621 an
2872 3564 3074 3630 fames,
3105 3581 3174 3620 an
3201 3566 3454 3631 nuditas,
3489 3579 3562 3621 an

1975 3675 1994 3708 ‹
2022 3656 2358 3726 periculum,
2388 3672 2457 3710 an
2503 3656 2842 3725 persecutio,
2888 3670 2957 3710 an
2981 3655 3210 3725 gladius.
3252 3653 3406 3711 Sicut
3426 3654 3563 3712 scri-

1975 3768 1994 3800 ‹
2021 3757 2172 3820 ptum
2209 3756 2328 3804 est:
2358 3748 2495 3815 Quia
2518 3757 2744 3820 propter
2779 3757 2834 3804 te
2871 3747 3272 3803 mortiﬁcamur
3304 3753 3418 3803 tota
3446 3745 3560 3815 die,

1974 3859 1993 3892 ι
2027 3840 2284 3896 aestimati
2312 3855 2501 3896 sumus
2531 3841 2672 3896 sicut
2700 3856 2830 3896 oves
2873 3840 3184 3897 occisionis.
3239 3839 3345 3896 Sed
3377 3840 3432 3895 in
3474 3839 3564 3898 his

1973 3949 1993 3982 ‹
2023 3930 2277 3985 omnibus
2309 3943 2632 4000 superamus
2671 3938 2894 4001 propter
2917 3945 3041 3987 eum
3081 3929 3175 4000 qui
3207 3929 3400 3986 dilexit
3437 3944 3558 3987 nos.

1973 4037 1993 4071 ο
2021 4019 2214 4075 Certus
2261 4035 2381 4074 sum
2427 4020 2573 4075 enim
2605 4020 2730 4088 quia
2778 4036 2953 4090 neque
3005 4034 3182 4086 mors,
3218 4034 3398 4090 neque
3423 4020 3560 4088 vita,

1974 4135 1994 4168 ‹
2024 4131 2200 4186 neque
2227 4116 2402 4188 angeli
2431 4156 2446 4179 ,
2481 4130 2658 4184 neque
2684 4115 3020 4186 principatus
3044 4157 3057 4179 ,
3097 4129 3274 4184 neque
3303 4115 3559 4183 virtutes,

1973 4225 1993 4258 ς
2022 4221 2197 4276 neque
2225 4206 2485 4262 instantia
2511 4247 2525 4270 ,
2565 4220 2743 4275 neque
2795 4204 3012 4270 futura,
3050 4219 3228 4275 neque
3272 4205 3559 4275 fortitudo,

1974 4315 1993 4348 σ
2022 4312 2200 4368 neque
2222 4296 2473 4362 altitudo,
2510 4310 2688 4364 neque
2721 4295 3070 4365 profundum,
3106 4308 3283 4364 neque
3305 4302 3560 4352 creatura

1975 4409 1994 4441 ι
2024 4391 2126 4444 alia
2152 4390 2356 4459 poterit
2384 4404 2486 4444 nos
2511 4403 2767 4458 separare
2805 4403 2837 4442 a
2869 4387 3136 4442 charitate
3161 4386 3293 4455 Dei,
3324 4401 3448 4457 quae
3474 4393 3562 4442 est

1973 4499 1993 4533 ι
2021 4482 2076 4536 in
2104 4481 2324 4537 Christo
2357 4478 2486 4536 Jesu
2515 4479 2747 4535 Domino
2775 4486 2982 4535 nostro.
3015 4499 3033 4531 ›

2037 4571 2245 4629 Scimus
2288 4575 2539 4644 quoniam
2571 4571 2905 4642 diligentibus
2951 4571 3120 4625 Deum
3168 4571 3346 4627 omnia
3371 4585 3561 4644 coope-

1968 4675 2158 4720 rantur
2178 4667 2235 4719 in
2262 4665 2474 4719 bonum.
2529 4662 2588 4718 ln
2621 4671 2832 4717 tantum
2862 4662 3005 4718 enim
3040 4663 3221 4718 omnia
3260 4677 3561 4735 coeperan-

1965 4767 2059 4813 tur
2083 4759 2138 4813 in
2180 4758 2406 4825 bonum,
2457 4763 2512 4813 et
2557 4757 2867 4812 collaudant
2895 4755 2952 4810 hi
2984 4756 3078 4826 qui
3097 4756 3330 4828 diligunt
3360 4757 3555 4826 Deum,

1965 4863 2028 4910 ut
2085 4861 2141 4910 et
2185 4854 2303 4925 ipse
2349 4852 2575 4924 spiritus
2614 4851 2857 4922 adjuvet,
2896 4866 2996 4906 nec
3023 4852 3346 4923 dedignetur
3372 4850 3557 4906 divina

1967 4955 2163 5002 natura
2190 4943 2300 5000 dux
2323 4958 2446 4999 esse
2471 4941 2681 4997 itineris
2707 4941 2775 4996 ab
2801 4941 3022 4996 bonum.

2042 5037 2141 5093 His
2176 5037 2266 5108 qui
2315 5033 2603 5090 secundum
2643 5035 2965 5106 propositum
3011 5033 3180 5087 vocati
3212 5040 3334 5087 sunt
3362 5031 3554 5086 sancti.

1966 5127 2024 5184 ld
2048 5136 2150 5195 est,
2203 5126 2505 5184 secundum
2533 5127 2675 5197 quod
2720 5127 3036 5199 proposuit,
3075 5141 3181 5182 non
3209 5139 3274 5180 ex
3301 5122 3558 5194 operibus

1965 5222 2128 5294 legis,
2160 5238 2262 5277 nec
2292 5220 2554 5292 legalibus
2581 5220 2899 5287 sacriﬁciis,
2948 5221 3039 5274 sed
3071 5219 3186 5275 sola
3212 5216 3317 5271 ﬁde
3348 5221 3404 5271 et
3429 5229 3558 5270 san-

1969 5315 2152 5388 guinis
2187 5314 2269 5370 sui
2293 5312 2589 5380 effusione,
2621 5314 2832 5367 salvare
2860 5328 2996 5383 quos
3035 5309 3346 5382 praescierat
3377 5306 3559 5362 credi-

1966 5415 2161 5472 turos,
2217 5414 2273 5461 et
2321 5420 2458 5475 quos
2505 5405 2676 5476 gratis
2717 5405 2932 5459 vocavit
2980 5403 3046 5459 ad
3077 5399 3337 5466 salutem,
3379 5397 3556 5455 multo

1967 5499 2142 5570 magis
2171 5495 2496 5570 gloriﬁcavit
2523 5505 2831 5566 operantes.

2044 5592 2183 5648 Nam
2213 5609 2342 5664 quos
2372 5591 2627 5662 prwscivit
2654 5600 2699 5644 et
2720 5585 3126 5660 pra'destinavit.
3155 5581 3553 5642 Praedestinare

1969 5703 2076 5744 non
2110 5685 2250 5741 idem
2280 5683 2532 5754 estquod
2561 5681 2837 5752 prmscire,
2884 5680 3010 5750 quia
3039 5679 3377 5750 praescientia
3411 5693 3554 5750 prte-

1969 5777 2386 5834 destinationem
2420 5773 2629 5830 ratione
2659 5773 2934 5844 praecedit.
2998 5771 3135 5829 Nam
3169 5787 3304 5845 quos
3328 5772 3552 5844 praasci-

1967 5872 2047 5927 vit
2073 5872 2244 5930 bonos
2276 5867 2773 5944 praedestinatione,
2805 5867 2982 5926 reddit
3010 5867 3216 5925 beatos.
3240 5865 3382 5938 Ergo
3407 5881 3546 5940 quos
