4026 6462
510 468 616 526 527

1807 459 2161 522 sumsum
2193 434 2484 515 seems

2855 351 2959 379 ..κ

3687 451 3797 510 528

510 588 767 661 praevidit
810 586 1118 642 conformes
1159 584 1363 641 Christi
1408 583 1620 640 futuros
1652 583 1706 638 in
1732 582 1875 643 vita,
1927 575 2098 633 voluit
2125 579 2178 636 Λ
2273 570 2377 638 Qui
2395 572 2556 625 etiam
2605 570 2839 661 proprior
2859 565 2972 661 ﬁlio
3005 580 3237 661 σιω-ποθι
3272 575 3548 661 pepercit,
3580 567 3678 621 sed
3703 586 3800 639 pro

512 690 675 751 alque
709 678 1013 750 proposuit,
1048 685 1109 731 ut
1134 676 1330 732 ﬁerent
1357 675 1669 732 conlormes
1707 676 1761 729 in
1789 673 1993 745 gloria,
2027 671 2103 726 si-

512 781 607 830 cut
652 773 828 829 dixit:
868 769 972 836 Qui
1021 769 1372 839 conﬁgurabit
1421 786 1610 840 corpus
1656 765 1971 821 humilitatis
2011 778 2108 816 no-

512 876 637 920 strtc
664 864 930 933 conformo
956 860 1165 932 corpori
1196 859 1454 914 claritatis
1481 876 1592 913 sate
1620 856 1877 931 (Ph'lipp.
1912 854 2016 925 ιιι).

587 955 654 1011 Ut
678 956 745 1010 sit
768 956 878 1025 ipse
904 952 1277 1025 primogenitus
1299 952 1354 1004 in
1378 949 1558 1004 multis
1579 949 1857 1020 fratribus.
1892 945 2103 1002 Secun-

514 1048 642 1104 dum
693 1046 836 1117 quod
885 1044 1199 1115 unigenitus
1245 1042 1466 1108 dicitur,
1518 1042 1718 1097 l'ratres
1762 1056 1871 1095 non
1916 1039 2103 1106 habet,

513 1140 621 1194 hoc
646 1144 752 1201 est,
783 1135 1081 1191 secundum
1109 1133 1468 1188 divinitatem.
1510 1130 1824 1187 Secundum
1847 1130 1900 1184 id
1922 1138 2106 1184 autem

511 1229 658 1300 quod
685 1226 1083 1299 primogenitus
1114 1226 1334 1290 dicitur,
1379 1223 1576 1279 fratres
1619 1223 1812 1288 habet,
1866 1223 1969 1278 hoc
1996 1230 2101 1289 est,

513 1320 815 1376 secundum
848 1318 1278 1383 humanitatem,
1323 1318 1464 1372 unde
1493 1324 1575 1371 cst
1611 1323 1665 1371 et
1693 1315 1861 1371 illud:
1893 1313 2107 1369 Primo-

512 1410 717 1479 genitus
750 1425 814 1463 ea:
856 1409 1076 1462 mortuis
1097 1449 1110 1468 ,
1142 1415 1200 1461 ut
1228 1408 1301 1462 sit
1344 1408 1458 1477 ipse
1495 1406 1790 1477 primatum
1821 1415 2015 1462 tenens
2035 1421 2103 1461 ex

516 1501 914 1579 resurrectione
956 1511 1315 1555 mortuorum.

587 1591 731 1659 Quos
762 1601 933 1646 autent
959 1592 1351 1662 prtrdestinavit
1380 1592 1474 1647 hos
1504 1602 1551 1647 et
1588 1595 1806 1649 vocarit.
1862 1591 1977 1646 Non
2004 1605 2106 1659 pu-

516 1691 693 1738 temus
717 1724 732 1747 ,
784 1683 927 1753 quod
969 1683 1376 1753 prmdeslinatio
1408 1684 1519 1738 vim
1562 1684 1871 1740 nolentibus
1910 1682 2097 1737 faciat.

518 1772 781 1829 Vocando
805 1781 986 1828 autem
1020 1773 1265 1829 volentes
1287 1774 1495 1845 colligit
1513 1791 1619 1830 non
1650 1776 1874 1837 invitus,
1904 1789 2101 1828 vocan-

514 1870 606 1918 tur
634 1872 815 1918 autem
844 1872 906 1918 ut
929 1878 1030 1934 per
1056 1865 1495 1933 praedicationem
1525 1867 1769 1921 credant.
1805 1864 2100 1921 Credentes

514 1964 695 2010 autem
724 1970 819 2024 per
860 1955 1191 2023 baptismum
1215 1954 1606 2025 justiﬁcantur,
1657 1966 1713 2012 et
1752 1956 2099 2027 postmodum

516 2045 962 2118 magniﬁcantur,
990 2047 1045 2101 id
1068 2054 1171 2110 est,
1200 2047 1586 2119 gloriﬁcantur,
1619 2058 1713 2104 aut
1741 2066 1887 2105 nunc
1912 2050 1966 2105 in
1990 2050 2100 2104 vir-

514 2141 726 2195 tutibus
748 2142 1083 2211 gratiarum,
1135 2148 1230 2195 aut
1254 2143 1600 2213 postmodum
1627 2144 1683 2198 in
1719 2144 1880 2199 beata
1909 2149 2099 2198 ventu-

516 2231 565 2286 ri
596 2231 782 2287 saeculi
813 2232 1236 2287 resurrectione.

588 2324 654 2378 Et
675 2341 805 2395 quos
831 2326 1031 2378 vocavit
1055 2325 1148 2379 hos
1170 2334 1220 2379 et
1235 2325 1551 2396 justiﬁcavit
1568 2367 1583 2392 ,
1609 2344 1740 2398 quos
1761 2337 1956 2393 autem,
1987 2335 2094 2385 etc.

513 2417 612 2473 His
641 2417 735 2488 qui
766 2417 1062 2473 secundum
1105 2418 1444 2488 propositum
1475 2418 1674 2474 bonum
1712 2429 1769 2476 et
1792 2420 1989 2476 bonam
2010 2435 2101 2477 vo-

511 2508 777 2565 luntatem
804 2551 819 2576 ,
866 2524 1028 2581 quam
1077 2510 1223 2565 circa
1252 2510 1348 2565 Dei
1384 2510 1590 2565 cultum
1627 2512 1768 2582 gerit
1810 2510 2096 2580 vocantur,

512 2600 615 2672 ipsi
642 2608 768 2656 sunt
796 2601 889 2671 qui
917 2600 1214 2656 secundum
1250 2603 1588 2673 propositum
1614 2603 1795 2659 vocati
1826 2604 2096 2671 dicuntur,

512 2702 570 2750 et
593 2695 685 2749 isti
713 2701 841 2749 sunt
864 2694 959 2764 qui
996 2695 1172 2748 vocati
1197 2694 1568 2762 justiﬁcautur
1594 2704 1649 2749 et
1672 2693 1953 2762 iustiﬁcati
1987 2695 2102 2764 glo-

512 2784 819 2841 riﬁcantur.
862 2783 957 2838 illa
1001 2783 1172 2854 gloria
1217 2784 1272 2838 in
1322 2785 1576 2854 praesenti
1621 2784 1838 2851 saeculo,
1890 2786 1955 2841 de
1993 2801 2101 2856 qua

510 2875 803 2948 Apostolus
824 2874 934 2929 ait:
972 2872 1085 2929 Nos
1129 2885 1305 2929 autem
1343 2891 1520 2930 omnes
1552 2874 1776 2930 revelata
1817 2875 1954 2945 facie
1991 2876 2102 2947 glo-

514 2968 653 3022 riam
674 2965 887 3020 Domini
907 2964 1256 3035 speculantes,
1280 2966 1336 3020 in
1357 2967 1594 3020 eamdem
1618 2965 1899 3037 imaginem
1920 2976 2099 3023 trans-

515 3056 810 3126 formamur
849 3073 881 3109 a
916 3053 1087 3126 gloria
1115 3054 1184 3110 ad
1205 3054 1430 3127 gloriam
1450 3055 1507 3110 in
1529 3055 1711 3126 futuro
1764 3072 1883 3110 cum
1914 3073 2100 3128 corpus

514 3148 830 3202 humilitatis
862 3157 1056 3204 nostra:
1082 3158 1257 3220 surget
1284 3149 1339 3203 in
1373 3149 1618 3220 gloriam.

490 3296 493 3301 _
592 3234 704 3308 (Ea:
727 3236 977 3308 August.)
1041 3236 1194 3304 Quod
1223 3252 1352 3292 vero
1375 3238 1623 3307 superius
1652 3237 1728 3292 ait
1752 3255 1765 3291 :
1791 3234 2101 3309 Conformes

513 3328 633 3398 ﬁeri
678 3330 925 3400 imaginis
976 3328 1078 3398 ﬁlii
1121 3329 1235 3400 ejus
1280 3329 1362 3385 sic
1406 3329 1747 3400 intelligitur,
1794 3332 1922 3401 quia
1959 3331 2102 3387 sicut

432 3436 435 3437 '
513 3421 636 3488 ille,
687 3422 994 3478 immortale
1031 3437 1227 3492 corpus
1257 3422 1599 3488 habebimus,
1627 3422 1939 3479 conl'ormes
1971 3423 2103 3480 facti

512 3513 570 3570 in
600 3515 703 3570 hac
727 3525 903 3586 parte,
937 3530 1044 3569 non
1080 3515 1253 3584 patris
1288 3514 1571 3584 imaginis,
1605 3523 1697 3569 aut
1726 3515 1951 3585 spiritus
1974 3531 2105 3571 san-

513 3605 589 3659 cti
615 3645 630 3669 ,
671 3605 767 3660 sed
799 3605 1174 3659 tantuuunodo
1205 3602 1341 3668 ﬁlii,
1387 3604 1513 3673 quia
1547 3603 1613 3657 de
1660 3605 1763 3659 hoc
1804 3603 1938 3660 ﬁdes
1970 3621 2102 3661 sana

514 3694 782 3766 accipitur
828 3712 841 3747 :
903 3692 1129 3748 Verbum
1169 3709 1293 3746 caro
1331 3693 1531 3763 factum
1573 3704 1668 3747 est.
1728 3694 1915 3749 Potest
1948 3704 2003 3750 et
2024 3697 2104 3752 sic

362 3782 409 3832 .”
514 3784 688 3855 accipi
719 3825 734 3851 ,
773 3793 833 3838 ut
865 3784 1318 3855 quemadmodum
1352 3784 1507 3839 nobis
1532 3785 1621 3841 ille
1649 3785 1999 3855 mortalitate,
2026 3789 2103 3844 ita

514 3890 617 3933 nos
641 3876 719 3931 illi
749 3876 1048 3930 elﬁciamur
1075 3873 1487 3929 immortalitate
1513 3875 1842 3931 conformes.

587 3968 729 4035 Quid
778 3985 899 4038 ergo
942 3968 1176 4022 dicemus
1222 3967 1291 4020 ad
1336 3968 1487 4021 haec?
1535 3967 1592 4023 Si
1627 3969 1767 4024 Deus
1805 3987 1900 4041 pro
1932 3971 2099 4037 nobis,

512 4062 630 4134 quis
657 4071 839 4116 contra
877 4059 1012 4114 nos?
1054 4059 1178 4114 Vult
1217 4060 1539 4124 ostendere,
1580 4043 1723 4131 quod
1746 4076 1907 4116 nemo
1931 4064 2104 4133 possit

512 4168 744 4220 nocere,
787 4152 868 4207 vel
905 4150 1164 4220 impedire
1204 4164 1299 4205 eos
1334 4149 1427 4218 qui
1467 4150 1753 4221 diligentes
1788 4151 1956 4205 Dcum
1986 4151 2105 4208 dili-

513 4254 716 4315 guntur
763 4260 792 4296 a
840 4244 984 4309 Deo,
1030 4257 1139 4313 quo
1183 4241 1362 4296 minus
1391 4241 1653 4312 gloriam,
1683 4258 1805 4314 quae
1833 4245 2103 4315 promissa

514 4346 621 4401 est,
647 4346 1071 4404 consequantur,
1123 4351 1188 4389 eo
1233 4336 1379 4405 quod
1414 4334 1655 4405 perlecta
1681 4376 1698 4404 ,
1744 4352 1865 4408 qua:
1906 4339 1960 4393 in
1997 4339 2102 4396 illis

515 4437 619 4491 est,
651 4428 891 4482 cbaritas
926 4428 1070 4481 foras
1096 4442 1311 4481 onmem
1351 4443 1572 4483 causam
1601 4429 1848 4485 mortalis
1890 4430 2102 4488 timoris

514 4519 745 4589 expellat

588 4608 696 4681 (Ea:
721 4607 896 4680 Orig.)
961 4608 1243 4675 Quomodo
1280 4625 1381 4680 pro
1410 4611 1568 4667 nobis
1599 4613 1671 4667 sit
1695 4613 1839 4669 Deus
1868 4612 2097 4671 manife-

514 4709 656 4757 stum
688 4708 775 4756 est
814 4714 881 4755 ex
927 4699 1012 4754 his
1061 4714 1182 4771 quae
1222 4688 1387 4772 supra
1417 4703 1690 4773 exposuit,
1725 4703 1779 4759 id
1807 4713 1913 4771 est,
1952 4704 2094 4776 quod

2206 662 2354 718 nobis
2380 661 2619 717 omnibus
2643 658 2865 714 tradidit
2888 657 3060 712 illum.
3105 655 3364 714 Permisit
3392 657 3565 721 tradi,
3595 667 3662 711 ut
3691 666 3803 712 trao

2205 756 2383 811 dentis
2414 761 2665 810 maneret
2692 753 2917 811 libertas
2944 749 3194 816 arbitrii,
3222 758 3280 805 et
3306 749 3462 805 nobis
3493 764 3592 819 per
3617 748 3802 803 domi-

2203 845 2355 900 nicas
2395 845 2674 914 passiones
2714 842 2992 914 patientia:
3029 849 3424 912 proponeretur
3460 840 3798 910 exemplum.

2206 935 2313 993 Sed
2339 954 2437 1008 pro
2466 937 2623 992 nobis
2651 935 2937 1001 omnibus,
2970 935 3061 989 hic
3097 936 3343 998 adverte,
3373 932 3518 1003 quod
3552 948 3670 988 non
3702 948 3802 1003 pro

2203 1029 2533 1099 aliquantis,
2603 1029 2743 1084 sicut
2790 1026 3287 1098 praedestinationis
3333 1040 3492 1080 error
3534 1025 3803 1090 aestimat,

2204 1120 2297 1175 sed
2326 1136 2427 1191 pro
2454 1120 2706 1176 omnibus
2732 1119 2957 1176 tradidit
2987 1118 3159 1174 illum.

2280 1212 2389 1287 (Ea:
2418 1211 2594 1286 Orig.)
2626 1212 2743 1268 Non
2772 1212 2946 1269 solum
2974 1227 3073 1282 pro
3094 1211 3328 1274 sanctis,
3361 1226 3465 1266 na:
3491 1210 3678 1265 solum
3707 1225 3803 1280 pro

2202 1308 2409 1379 magis,
2435 1307 2530 1363 sed
2561 1322 2658 1377 pro
2686 1316 2741 1361 et
2768 1307 3007 1362 minimis
3039 1307 3293 1369 omnino,
3335 1304 3429 1375 qui
3456 1314 3588 1359 sunt
3612 1303 3674 1358 in
3703 1304 3801 1358 Ec-

2202 1398 2387 1463 clesia,
2420 1399 2644 1454 tradidit
2669 1398 2839 1453 ﬁlium
2869 1398 3148 1471 proprium
3177 1406 3353 1467 pater,
3384 1405 3441 1450 et
3470 1396 3597 1451 ideo
3624 1395 3802 1450 nullus

2203 1492 2259 1545 in
2284 1489 2526 1545 Ecclesia
2555 1488 3027 1551 scaudalizandus,
3055 1487 3140 1543 vel
3170 1486 3611 1543 contemnendus
3638 1495 3747 1540 est.

2275 1581 2549 1647 Quomodo
2573 1597 2677 1635 non
2706 1581 2867 1634 etiam
2893 1597 3014 1634 cum
3035 1578 3128 1634 illo
3154 1582 3333 1635 omnia
3373 1578 3522 1633 nobis
3544 1577 3802 1631 donavit!

2202 1671 2341 1741 Quid
2384 1680 2566 1741 potest
2604 1671 2808 1727 habere
2833 1671 3074 1733 charius,
3116 1670 3262 1741 quod
3303 1668 3462 1725 nobis
3486 1679 3679 1741 neget,
3711 1669 3798 1739 qui

2203 1762 2371 1816 lilium
2416 1764 2635 1817 unicum
2681 1777 2793 1817 non
2827 1762 3083 1833 negavit?
3120 1760 3202 1816 Ac
3249 1762 3296 1817 si
3331 1761 3588 1816 diceret:
3638 1759 3795 1814 Nulla

2202 1860 2307 1915 est,
2336 1852 2451 1908 sive
2477 1851 2729 1919 visibilis,
2764 1853 2878 1908 sive
2905 1851 3195 1907 invisibilis
3224 1859 3499 1916 creatura,
3531 1866 3660 1921 qua:
3691 1850 3797 1905 ﬁlio

2125 1931 2174 1992 Β
2200 1944 2374 2016 possit
2402 1946 2628 2017 aequari.
2672 1945 2787 2001 Etsi
2817 1955 3035 2001 creator
3063 1945 3180 2016 ipse
3219 1944 3454 1999 donatus
3483 1950 3573 1998 est
3615 1942 3794 2008 nobis,

2201 2038 2472 2109 quomodo
2498 2052 2606 2092 non
2629 2053 2754 2093 cum
2778 2037 2895 2104 ipso
2924 2037 3103 2093 omnis
3130 2035 3287 2092 nobis
3315 2044 3579 2092 creatura
3618 2036 3791 2091 dona-

2199 2129 2385 2185 bitur?
2413 2127 2477 2184 Et
2501 2129 2606 2185 hoc
2632 2127 2925 2199 dupliciter
2953 2127 3364 2199 intelligendum
3386 2167 3402 2192 ,
3439 2127 3489 2181 si
3519 2127 3675 2181 enim
3704 2127 3797 2181 ha-

2198 2219 2425 2276 beamus
2450 2220 2505 2274 in
2537 2219 2696 2275 nobis
2717 2218 3015 2283 Christum,
3049 2219 3345 2275 secundum
3374 2219 3481 2273 hoc
3505 2218 3655 2288 quod
3679 2234 3796 2274 ver-

2199 2311 2327 2369 bum
2372 2320 2430 2367 et
2472 2311 2741 2383 sapientia
2771 2318 2829 2366 et
2851 2311 3075 2376 veritas,
3102 2318 3159 2366 et
3180 2309 3391 2379 iustitia
3409 2351 3426 2376 ,
3471 2320 3526 2365 et
3554 2326 3663 2381 pax
3693 2317 3791 2375 est,

2200 2415 2257 2463 et
2275 2414 2472 2463 caetera
2515 2407 2700 2462 omnia
2739 2421 2860 2477 quae
2908 2405 2976 2461 de
3001 2420 3068 2461 eo
3095 2404 3300 2476 scripta
3338 2411 3503 2470 sunt,
3533 2419 3664 2460 cum
3695 2404 3795 2460 hac

2199 2499 2844 2572 plenitudine‘virtutum
2894 2496 3053 2553 nobis
3091 2497 3276 2552 omnia
3319 2495 3698 2560 donabuntur,
3740 2501 3795 2549 ut

2201 2593 2384 2648 omnia
2415 2606 2755 2663 quaecunque
2798 2590 3007 2646 creavit
3051 2588 3197 2644 Deus
3241 2587 3478 2643 visibilia
3513 2596 3572 2643 et
3600 2588 3792 2643 invisi-

2202 2684 2348 2747 bilia,
2399 2684 2613 2740 occulta
2654 2691 2710 2739 et
2756 2681 3046 2738 manifesta
3067 2721 3082 2746 ,
3116 2679 3437 2750 temporalia
3462 2688 3519 2734 et
3554 2687 3788 2745 aeterna,

2202 2790 2325 2831 cum
2351 2775 2569 2832 Christo
2594 2775 2801 2847 pariter
2841 2775 3171 2840 habeamus,
3219 2781 3276 2828 et
3306 2771 3413 2827 alio
3443 2772 3637 2836 modo,
3663 2786 3787 2826 cum

2203 2869 2321 2940 ipso
2357 2869 2540 2925 omnia
2587 2869 3013 2933 nobis.donavit,
3059 2868 3163 2923 hoc
3204 2874 3311 2933 est,
3347 2865 3448 2936 ipsi
3474 2873 3535 2919 ut
3565 2863 3790 2926 han-eli,

2202 2961 2360 3016 nobis
2387 2976 2517 3017 vero
2560 2968 2622 3015 ut
2652 2958 3052 3023 cobaeredibus,
3093 2957 3212 3028 ejus
3259 2956 3467 3028 pariter
3505 2971 3639 3011 cum
3679 2955 3793 3026 ipso

2201 3056 2361 3111 nobis
2386 3054 2642 3110 universa
2668 3050 2875 3123 perfrui
2907 3050 3129 3106 dabitur
3153 3057 3424 3106 creatura.

2276 3144 2407 3214 Quis
2438 3145 2704 3201 accusabit
2728 3144 2980 3199 adversus
3015 3141 3207 3198 electos
3233 3141 3329 3196 Dei
3347 3141 3373 3194 ἲ
3413 3139 3557 3195 Deus
3585 3141 3679 3211 qui
3700 3141 3790 3211 ju-

2203 3238 2417 3309 stiﬁcat.
2459 3238 2686 3294 Videtur
2723 3236 2855 3292 mihi
2896 3235 3042 3307 quod
3068 3234 3184 3289 ait:
3219 3233 3350 3299 Quis
3392 3232 3669 3286 accusabit
3692 3232 3793 3285 ele-

2202 3340 2313 3386 ctos
2344 3330 2481 3385 Dei?
2510 3330 2578 3386 de
2600 3328 2815 3385 diabolo
2837 3328 3052 3392 dicere,
3083 3325 3262 3383 nullus
3283 3332 3367 3381 est
3388 3325 3537 3381 enim
3573 3323 3650 3379 ita
3680 3323 3790 3379 ele-

2202 3431 2341 3499 ctus,
2374 3430 2429 3477 et
2455 3421 2533 3476 ita
2565 3435 2797 3491 magnus
2824 3432 2989 3489 quem
3019 3418 3111 3473 ille
3139 3433 3250 3473 non
3276 3417 3475 3472 audeat
3503 3430 3787 3477 accusare,

2205 3516 2310 3583 nisi
2340 3514 2488 3569 illum
2519 3512 2692 3569 solum
2721 3511 2815 3582 qui
2843 3520 3128 3582 peccatum
3156 3524 3265 3564 non
3295 3507 3453 3573 fecit,
3492 3508 3589 3579 qui
3620 3516 3676 3563 et
3704 3506 3785 3562 di-

2202 3606 2396 3662 cebat:
2432 3602 2590 3658 Nunc
2612 3602 2749 3658 venit
2783 3601 3023 3672 princeps
3068 3600 3232 3670 hujus
3258 3598 3473 3664 mundi,
3516 3608 3564 3652 et
3614 3598 3669 3652 in
3710 3612 3789 3651 me

2203 3695 2335 3751 nihil
2376 3694 2605 3758 invenit;
2658 3692 2755 3748 sed
2815 3692 3067 3763 quamvis
3118 3690 3209 3747 ille
3255 3698 3442 3745 exerat
3489 3688 3788 3759 nequitiam

2201 3784 2478 3857 praepositi
2507 3783 2630 3857 sui,
2674 3783 2785 3837 Deo
2821 3779 3160 3850 justiﬁcaute
3200 3788 3256 3836 et
3288 3778 3502 3835 dolente
3533 3779 3789 3848 iniquita-

2203 3856 2634 3931 temelcctoruin
2662 3889 2907 3939 suorum,
2934 3873 3064 3944 quid
3094 3872 3346 3943 proﬁciet
3373 3879 3664 3925 accusator
3683 3871 3708 3922 2

2276 3965 2407 4031 Quis
2435 3974 2510 4020 est
2539 3965 2630 4035 qui
2674 3964 3018 4019 condemnet?
3043 3960 3285 4018 Christus
3326 3961 3485 4016 Iesus
3530 3963 3621 4033 qui
3651 3978 3789 4016 mor-

2203 4067 2324 4111 tuus
2349 4066 2448 4120 est,
2471 4058 2574 4110 imo
2596 4056 2686 4124 qui
2711 4064 2756 4110 et
2782 4054 3193 4127 resurrexit,qui
3215 4064 3289 4110 est
3313 4054 3381 4108 ad
3402 4055 3648 4109 dextram
3672 4055 3785 4121 Dei,

2201 4151 2291 4222 qui
2337 4151 2496 4203 e.iam
2535 4147 2831 4219 interpellat
2876 4165 2972 4218 pro
3023 4148 3189 4204 nobis.
3251 4148 3359 4204 Sed
3389 4164 3514 4204 cum
3540 4148 3787 4205 Christus

2202 4258 2301 4313 pro
2339 4242 2421 4296 eis
2460 4249 2706 4295 mortuus
2758 4240 2861 4305 sit,
2910 4241 3022 4296 imo
3061 4240 3246 4312 potius
3275 4256 3305 4295 a
3340 4242 3573 4295 mortuis
3609 4258 3787 4295 resur—

2203 4332 2346 4388 rexit
2372 4339 2428 4388 et
2456 4340 2566 4386 stat
2593 4348 2623 4386 a
2653 4331 2859 4386 dextris
2885 4332 3057 4401 patris
3100 4341 3155 4386 et
3204 4332 3513 4401 interpellat
3558 4348 3661 4402 pro
3684 4333 3780 4398 his,

2203 4427 2326 4498 quis
2368 4442 2463 4481 eos
2512 4424 2713 4496 poterit
2742 4423 3143 4479 condemnare?
3186 4423 3399 4478 Aliter:
3434 4424 3662 4479 Videtur
3691 4427 3786 4482 hoc

2203 4526 2391 4572 contra
2418 4515 2636 4570 Judtcos
2665 4515 2828 4569 tacite
2849 4514 2995 4584 loqui
3022 4532 3035 4568 :
3068 4513 3319 4585 Nunquid
3350 4529 3611 4573 accusare
3641 4526 3786 4586 pote-

2207 4611 2327 4666 ritis
2371 4608 2558 4664 ﬁdeles
2586 4607 2791 4671 Christi
2840 4608 3122 4663 venientes
3153 4622 3219 4663 ex
3247 4608 3533 4678 gentibus,
3560 4610 3651 4678 qui
3676 4623 3805 4677 cre-~

2200 4705 2390 4759 dentes
2418 4702 2629 4774 gratiae,
2670 4700 2925 4755 mandata
2973 4699 3166 4772 legalis
3211 4700 3664 4770 praetermittunt,
3700 4699 3785 4769 qui
3882 4738 3885 4739 ν

513 4792 728 4862 spiritus
758 4790 855 4845 Dei
878 4790 1083 4845 habitat
1108 4792 1161 4845 in
1192 4792 1362 4858 nobis,
1389 4794 1474 4850 vel
1500 4796 1643 4865 quod
1671 4795 1913 4852 Christus
1946 4798 2098 4853 estin
2191 4797 2328 4868 justi
2372 4796 2545 4865 signis
2575 4804 2632 4851 et
2659 4794 2956 4851 virtutibus
3003 4795 3484 4851 demonstrantur?
3536 4794 3645 4848 Aut
3670 4794 3785 4864 quis

516 4884 681 4949 nobis,
710 4883 797 4940 vel
827 4884 970 4954 quod
1017 4884 1203 4954 spiritu
1237 4884 1332 4939 Dei
1356 4888 1568 4957 agimur
1611 4898 1658 4943 et
1699 4891 1943 4960 spiritum
1974 4890 2100 4944 ado-

512 4974 708 5044 ptionis
732 4975 1051 5046 accepimus,
1080 4975 1164 5028 vel
1191 4976 1334 5046 quod
1362 4994 1543 5033 sumus
1571 4979 1673 5050 ﬁlii
1703 4980 1830 5048 Dei,
1863 4990 1911 5035 et
1934 4981 2100 5037 luere-

512 5064 606 5120 des
635 5074 682 5118 et
706 5063 999 5119 cohwredes
1023 5061 1221 5118 Christi
1240 5106 1254 5129 ,
1285 5067 1371 5121 vel
1400 5069 1543 5137 quod
1578 5069 1841 5140 primitias
1880 5071 2097 5141 spiritus

512 5156 830 5230 accepimus,
863 5164 919 5210 et
945 5157 1088 5226 quod
1110 5157 1221 5228 ipse
1249 5160 1462 5229 spiritus
1484 5160 1782 5232 interpellat
1805 5179 1899 5233 pro
1926 5163 2095 5229 nobis,

511 5248 599 5303 vel
642 5247 786 5318 quod
829 5248 1008 5301 omnia
1052 5247 1201 5302 nobis
1241 5259 1590 5320 cooperantur
1630 5252 1687 5306 in
1733 5251 1961 5319 bonum,
2010 5253 2098 5310 vel

513 5341 660 5413 quod
687 5340 976 5396 secundum
1019 5340 1342 5411 propositum
1378 5344 1541 5397 vocati
1585 5361 1790 5409 sumus,
1825 5355 1874 5401 et
1902 5362 2100 5417 praeco-

513 5434 666 5505 gniti,
689 5444 735 5488 et
751 5434 1065 5505 justiﬁcati,
1093 5442 1140 5487 et
1166 5433 1549 5522 prwdestjnati,
1573 5446 1623 5492 et
1652 5438 1956 5509 glori/lculi.
1987 5437 2098 5495 Ho-

516 5542 640 5583 rum
684 5528 884 5582 etenim
926 5527 1172 5582 omnium
1203 5527 1367 5583 veluti
1393 5531 1799 5601 auacephaleosi
1833 5540 2010 5598 utens,
2041 5540 2101 5589 et

513 5617 680 5677 simul
719 5619 901 5676 omnia
955 5628 1227 5693 repetens,
1277 5621 1391 5676 ait:
1439 5621 1581 5689 Quid
1607 5639 1730 5694 ergo
1766 5625 1999 5681 dicemus
2024 5627 2096 5682 ad

514 5711 652 5778 lucc,
687 5710 792 5768 hoc
828 5719 945 5777 est,
991 5712 1061 5768 ad
1108 5712 1227 5768 haec
1267 5712 1450 5768 omnia
1480 5727 1600 5783 qua
1629 5728 1791 5786 supra
1835 5715 2093 5785 diximus,

514 5802 645 5875 quia
668 5802 713 5858 si
743 5801 824 5858 sic
851 5800 996 5857 Deus
1022 5817 1120 5872 pro
1146 5800 1301 5857 nobis
1323 5811 1437 5866 est,
1476 5811 1535 5856 ut
1561 5802 1678 5859 haec
1715 5806 1869 5862 nobis
1898 5818 2093 5867 cuncta

517 5892 868 5959 concesserit,
899 5891 1023 5962 quis
1048 5905 1168 5946 esse
1190 5892 1477 5948 adversum
1509 5908 1609 5949 nos
1635 5896 1868 5964 poterit?

2200 4892 2301 4947 bos
2345 4891 2440 4963 qui
2484 4905 2583 4960 p.-r
2632 4890 3099 4961 regenerationem
3149 4890 3320 4945 abluti
3366 4898 3423 4945 et
3460 4888 3785 4946 sanctiﬁcati

2198 4991 2344 5047 sunt,
2378 4997 2477 5053 pro
2507 4982 2753 5052 pristinis
2799 4983 3019 5037 audebit
3054 4996 3344 5048 accusare,
3373 4980 3616 5048 delictis,
3663 4983 3783 5037 sub-

2202 5075 2564 5131 audiendum?
2594 5073 2848 5144 Nunquid
2878 5074 3019 5130 Deus
3045 5074 3137 5145 qui
3160 5072 3446 5143 justilicat,
3478 5075 3784 5130 accusabit?

2203 5167 2457 5238 Nunquid
2503 5167 2754 5222 Christus
2798 5166 3046 5221 viventes
3087 5166 3140 5221 in
3172 5165 3783 5235 suisjustiﬁcationibns

2204 5259 2612 5323 condemnabit,
2645 5273 2744 5329 pro
2772 5258 2969 5329 quibus
2991 5270 3238 5314 mortuus
3260 5266 3363 5323 est,
3386 5267 3443 5313 et
3468 5274 3574 5329 pro
3595 5259 3780 5328 quibus

2202 5351 2514 5421 interpellat
2541 5360 2753 5423 patrem
2777 5390 2792 5415 ,
2844 5365 2910 5405 ac
2932 5366 3031 5421 pro
3059 5350 3140 5406 eis
3166 5348 3518 5421 infatigabilis
3548 5357 3774 5405 advoca-

2201 5447 2290 5496 tus
2341 5440 2584 5496 assistit?
2633 5439 2986 5509 lnterpellare
3032 5440 3177 5496 enim
3222 5448 3434 5510 patrem
3479 5455 3585 5509 pro
3630 5440 3776 5495 nobis

2198 5528 2420 5597 dicitur,
2455 5530 2585 5585 dum
2611 5545 2824 5600 semper
2870 5530 2921 5584 ei
2974 5529 3269 5596 hominem,
3319 5544 3483 5601 quem
3520 5531 3774 5603 suscepit,

2196 5627 2353 5696 quasi
2379 5633 2628 5682 nostrum
2656 5623 2853 5694 pignus
2879 5624 3138 5681 ostendit.

2266 5719 2376 5774 (Es:
2395 5716 2645 5788 August.)
2680 5716 2817 5772 Cum
2847 5727 2945 5788 pro
2971 5717 3078 5783 his,
3106 5717 3302 5788 inquit,
3332 5717 3589 5773 omnibus
3616 5717 3772 5774 bene-

2194 5807 2355 5871 ﬁciis,
2384 5821 2506 5876 qua:
2532 5807 2811 5863 consecuti
2839 5822 3058 5875 sumus,
3109 5807 3205 5864 ﬁxi
3234 5815 3290 5863 et
3316 5808 3548 5864 radicati
3587 5823 3775 5867 sumus

2195 5898 2249 5954 in
2277 5897 2546 5953 charitate
2590 5897 2710 5965 Dei,
2756 5894 2881 5969 quis
2924 5914 3027 5955 nos
3049 5900 3120 5956 ab
3143 5915 3209 5956 ea
3236 5899 3437 5973 poterit
3465 5901 3774 5971 separaret
