4026 6458
261 302 371 364 529

1071 310 1589 371 COLLECTIONES
1626 313 1697 371 IN
1735 313 2117 375 EPISTOLAS
2155 317 2244 376 ET
2284 320 2691 378 EVANGELIA.

3437 326 3545 386 830

260 421 572 480 Tribulatio
605 424 650 480 si
677 425 916 490 venerit,
949 424 1194 483 dicemus
1229 427 1295 483 ad
1333 427 1545 484 Deum:
1589 427 1658 484 In
1685 429 1851 484 tribu-
1878 434 2060 496 Αιατε
2111 432 2233 500 Dei,
2263 452 2381 504 quae
2419 445 2492 490 est
2539 437 2594 490 in
2650 433 2858 492 Christo
2895 436 3025 492 Iesu
3071 439 3298 495 Domino
3340 457 3540 498 nostra.

260 514 722 573 lationldilatasti
745 535 828 574 me
855 517 1027 591 (Psal.
1056 521 1130 592 tv)
1158 539 1171 574 :
1200 521 1466 594 Angustia
1483 523 1530 578 si
1553 523 1738 590 fuerit,
1765 540 1854 580 sa-

259 613 484 684 pientia:
513 611 610 668 Dei
640 621 696 668 et
729 613 970 668 scientiae
1003 613 1347 670 latitudinem
1378 617 1752 686 requiremus,
1797 619 1852 674 in

259 719 370 777 qua
399 721 499 761 nos
525 716 817 775 angustare
848 721 953 762 non
981 709 1186 777 poterit
1213 709 1446 763 mundus
1466 749 1480 774 ,
1525 709 1618 764 sed
1654 725 1752 779 per
1778 710 1854 765 di-

257 795 514 852 vinarum
557 797 784 868 mystice
825 806 881 853 et
923 798 1245 868 spiritaliter
1274 800 1669 869 scripturarum
1699 802 1854 871 equi-

259 892 394 947 tabo
418 890 785 959 amplissimos
826 907 1068 964 campos.
1109 893 1552 950 Persecutionem
1581 896 1626 951 si
1651 895 1851 965 patior,

258 993 320 1041 et
343 984 611 1040 conﬁteor
643 985 918 1042 Christum
951 1001 1131 1042 meum
1163 1003 1348 1042 coram
1374 978 1712 1055 hominibus,
1737 1003 1856 1044 cer-

257 1085 352 1136 tus
391 1094 511 1134 sum
550 1078 674 1148 quia
719 1086 774 1132 et
813 1077 904 1134 ille
950 1094 1039 1134 me
1085 1080 1436 1136 confitebitur
1464 1095 1649 1136 coram
1697 1090 1853 1152 patre

257 1185 384 1236 suo,
418 1171 511 1241 qui
537 1171 590 1226 in
619 1172 773 1226 cmlis
795 1180 878 1227 est
905 1171 1126 1242 (Matth.
1158 1173 1238 1243 x).
1271 1171 1468 1228 Fames
1511 1173 1556 1226 si
1594 1171 1848 1238 adfuerit,

258 1263 486 1318 turbare
509 1278 596 1318 me
624 1278 731 1318 non
759 1271 958 1334 potest,
987 1264 1163 1319 habeo
1191 1263 1336 1318 enim
1359 1277 1554 1334 panem
1580 1263 1726 1328 vitte,
1758 1263 1851 1334 qui

257 1355 329 1410 de
350 1355 492 1411 caelo
519 1355 802 1410 descendit
831 1355 1015 1427 (Joan.
1044 1354 1132 1428 ιι).
1176 1354 1402 1410 Nuditas
1444 1369 1532 1409 me
1562 1369 1668 1409 non
1715 1369 1850 1409 con-

258 1445 483 1514 fundit,
535 1449 754 1504 indutus
806 1465 926 1504 sum
976 1451 1122 1505 enim
1166 1450 1452 1505 Dominum
1483 1449 1667 1504 Jesum
1697 1449 1854 1505 Chri-

259 1547 404 1594 stum
433 1539 614 1609 (Rom.
653 1541 795 1614 xtn).
850 1539 1154 1597 Periculum
1197 1558 1303 1597 non
1341 1543 1563 1608 timebo,
1597 1541 1853 1596 Dominus

258 1632 406 1686 enim
449 1631 769 1686 illuminatio
819 1650 934 1688 mea
979 1643 1028 1687 et
1055 1632 1201 1688 salus
1251 1652 1385 1697 mea,
1436 1652 1586 1706 quem
1616 1635 1854 1689 timebo?

257 1722 489 1778 Gladius
514 1733 720 1780 terrere
751 1739 838 1779 me
872 1741 979 1781 non
1009 1735 1222 1797 potest,
1256 1727 1430 1782 habeo
1457 1729 1603 1784 enim
1637 1745 1848 1783 mecum

1954 525 2127 580 Etiam
2155 527 2201 581 si
2227 526 2329 582 alia
2359 535 2609 582 creatura
2627 568 2642 593 ,
2668 527 2720 583 id
2747 538 2852 595 est,
2884 529 3111 585 alterius
3137 535 3394 603 regionis,
3419 551 3541 606 qua:

1952 619 2006 674 in
2037 618 2140 674 alia
2168 637 2348 684 rerum
2382 631 2574 676 natura
2625 624 2859 692 seposita
2891 625 2996 690 sit,
3035 625 3100 680 de
3143 625 3334 682 inferis
3372 629 3546 699 possit

1953 726 2259 783 resurgere,
2281 729 2535 784 separare
2563 730 2660 770 nos
2689 731 2720 769 a
2747 727 3013 784 creatore,
3039 719 3127 773 cui
3159 719 3339 774 anima
3375 720 3544 777 etiam
3614 717 3618 720 ’

1953 813 2126 858 morte
2147 804 2418 876 jungenda
2447 816 2554 869 est,
2585 822 2689 861 non
2714 807 2938 862 valeret.
2986 859 2995 868 ,

2277 912 2614 953 EVANGELIU!
2666 914 2912 964 JOANNIS,
2955 916 3074 956 CAP.
3120 918 3209 956 XV.

2028 1004 2050 1039 ι
2086 986 2201 1044 Hoc
2225 997 2309 1044 est
2336 1000 2663 1060 praeceptum
2696 1006 2898 1056 meum,
2926 999 2987 1046 ιιι
3016 993 3253 1064 diligatis
3277 994 3540 1063 invicem,

1959 1096 1979 1130 ι
2019 1078 2162 1133 sicut
2209 1079 2372 1134 dilexi
2425 1095 2542 1136 vos.
2592 1081 2847 1152 Majorem
2887 1081 2989 1136 hac
3017 1083 3360 1140 dilectionem
3388 1101 3548 1142 nemo

1959 1190 1978 1223 ι
2020 1171 2208 1252 habet,
2240 1181 2301 1226 ut
2339 1174 2578 1228 animam
2629 1190 2780 1228 suam
2826 1175 2951 1244 quis
2993 1185 3161 1245 ponat
3209 1193 3308 1247 pro
3355 1179 3546 1234 amicis

1958 1283 1978 1315 c
2023 1266 2157 1321 suis.
2211 1266 2318 1322 Vos
2364 1267 2523 1322 amici
2573 1267 2680 1321 mei
2729 1266 2880 1334 estis,
2925 1267 2970 1322 si
3020 1265 3258 1324 feceritis
3287 1285 3407 1339 quin
3444 1283 3546 1341 ego

1960 1373 1978 1406 ι
2024 1355 2278 1425 ριέεειρίο
2328 1357 2502 1412 vobis.
2550 1354 2670 1411 Jam
2719 1372 2826 1412 non
2858 1357 3032 1412 dicam
3059 1373 3154 1410 vos
3181 1372 3388 1423 servos,
3420 1359 3546 1430 quia
3627 1421 3634 1426 _

1959 1464 1978 1497 ‹
2017 1461 2207 1502 servus
2242 1448 2417 1502 nescit
2443 1449 2571 1518 quid
2597 1447 2762 1504 faciat
2791 1449 3054 1504 Dominus
3073 1464 3207 1517 ejus.
3237 1450 3346 1506 Vos
3367 1459 3546 1506 autem

1958 1556 1976 1588 ι
2021 1537 2131 1592 dixi
2161 1538 2387 1604 amicos,
2409 1541 2535 1609 quia
2565 1541 2744 1595 omnia
2769 1556 3104 1611 quzecunque
3127 1543 3306 1596 audivi
3327 1559 3357 1596 a
3380 1542 3544 1600 Patre

1959 1648 1977 1680 ε
2024 1645 2166 1692 meo,
2195 1638 2319 1685 nota
2358 1630 2458 1686 feci
2494 1631 2665 1686 vobis.
2717 1631 2832 1687 Non
2875 1647 2972 1687 vos
3020 1647 3106 1687 me
3151 1631 3423 1702 elegistis,
3452 1634 3548 1689 sed

1959 1739 1977 1772 ι
2021 1737 2122 1793 ego
2146 1722 2280 1794 elegi
2305 1738 2418 1788 vos,
2450 1732 2510 1777 ut
2541 1724 2680 1778 eatis
2707 1733 2762 1778 et
2789 1723 3024 1778 fructum
3052 1723 3293 1779 aﬂ’eratis
3314 1765 3328 1790 ,
3351 1733 3408 1779 et
3435 1723 3550 1779 fru-

257 1814 500 1885 gladium
533 1815 758 1884 spiritus
781 1857 796 1881 ,
846 1817 988 1884 quod
1038 1827 1122 1872 est
1148 1820 1374 1873 verbum
1403 1819 1530 1885 Dei,
1580 1820 1769 1875 vivens
1793 1828 1848 1875 et
1874 1825 1923 1885 Β
1958 1832 1976 1864 ι
2023 1823 2142 1870 ctus
2170 1824 2350 1871 vester
2383 1827 2598 1872 maneat
2625 1833 2640 1870 :
2665 1825 2725 1871 ut
2752 1817 3113 1887 quodcunque
3152 1819 3420 1888 petieritis
3451 1835 3548 1891 pa-

257 1905 448 1962 etlicax
475 1947 488 1970 ,
523 1918 576 1961 et
611 1907 997 1976 penetrabilior
1041 1911 1186 1964 omni
1218 1910 1397 1981 gladio
1427 1913 1670 1982 ancipiti.
1701 1911 1850 1968 Illius

257 2000 406 2055 enim
441 1999 680 2055 charitas
722 2002 813 2072 qui
864 2018 963 2057 nos
993 2003 1182 2058 dilexit
1215 2013 1269 2058 et
1293 2014 1540 2060 nostrum
1568 2007 1634 2060 ad
1669 2022 1727 2061 se
1757 2021 1848 2060 ra-

257 2093 378 2162 puit
425 2091 699 2158 affectum,
744 2097 1046 2150 cruciatum
1096 2099 1341 2168 corporis
1386 2107 1443 2153 et
1474 2099 1718 2154 dolorem
1750 2113 1851 2155 nos

259 2185 464 2240 sentire
493 2185 643 2251 facit,
672 2187 793 2241 ideo
817 2203 948 2258 ergo
975 2189 1026 2242 in
1055 2189 1141 2244 his
1171 2191 1425 2245 omnibus
1455 2206 1800 2262 superamus.

332 2275 455 2346 (Ea:
492 2275 682 2348 Orig.)
717 2277 941 2332 Videtur
970 2279 1114 2333 enim
1149 2295 1310 2349 posse
1349 2281 1464 2336 lucc
1509 2298 1691 2352 agere,
1725 2290 1784 2336 ut
1821 2297 1854 2337 a

257 2365 531 2422 charitate
563 2367 656 2422 Dei
704 2383 1040 2438 separemur.
1093 2369 1238 2425 Mors
1279 2379 1334 2426 et
1377 2371 1626 2427 fortassis
1656 2373 1852 2444 angeli,

259 2471 319 2518 et
343 2463 700 2532 principatus,
734 2473 790 2519 et
836 2465 1070 2520 virtutes
1127 2466 1478 2521 adversantes
1530 2467 1708 2532 nobis,
1737 2468 1855 2522 sine

261 2553 428 2609 dubio
449 2563 503 2609 et
531 2557 843 2625 prtesentia,
879 2572 998 2627 quae
1028 2565 1154 2610 sunt
1192 2558 1380 2628 utique
1425 2559 1632 2613 lubrica
1663 2567 1718 2614 et
1763 2573 1857 2614 ca-

260 2643 422 2708 duca,
457 2647 550 2701 sed
588 2655 643 2700 et
691 2647 1043 2717 profundum,
1074 2657 1253 2718 potest
1308 2649 1559 2704 similiter
1603 2651 1852 2722 intelligi,

259 2736 372 2790 vita
400 2747 579 2792 autem
611 2737 788 2792 futura
817 2748 872 2792 et
899 2739 1127 2793 altitudo
1155 2749 1209 2795 et
1231 2750 1504 2806 creatura,
1529 2743 1712 2813 aliquo
1739 2759 1856 2799 mo-

262 2825 334 2882 do
363 2842 394 2882 a
426 2829 692 2884 charitate
723 2830 815 2884 Dei
845 2846 1099 2902 separare
1123 2847 1221 2886 nos
1243 2840 1531 2887 conantur.
1568 2832 1686 2888 Non
1715 2835 1854 2889 otio-

264 2937 384 2978 sum
415 2924 632 2980 videtur
653 2939 947 2995 exponere,
972 2925 1073 2979 nisi
1105 2925 1227 2995 quis
1245 2925 1386 2980 forte
1416 2927 1560 2981 dicat
1591 2927 1857 2998 hyperbo-

263 3013 367 3070 lice
409 3014 525 3070 haec
562 3015 878 3085 Apostolum
928 3016 1130 3082 dicere,
1158 3018 1260 3072 hoc
1286 3027 1390 3082 est,
1420 3033 1528 3072 non
1559 3017 1730 3072 solum
1760 3033 1857 3088 per

265 3120 330 3159 ea
356 3120 476 3175 quae
507 3107 752 3160 accidere
779 3115 1026 3176 possunt,
1058 3109 1153 3162 sed
1182 3122 1248 3162 ne
1281 3124 1376 3179 per
1400 3124 1462 3163 ea
1490 3110 1708 3179 quidem
1733 3125 1856 3181 quae.

1957 1927 1977 1960 ‹
2025 1917 2163 1963 trem
2196 1911 2249 1964 in
2277 1911 2496 1965 nomine
2520 1926 2641 1965 meo
2668 1911 2758 1965 det
2789 1912 2960 1965 vobis.
3002 1930 3018 1964 ι

2023 2002 2141 2057 Hoc
2179 2012 2253 2057 est
2282 2012 2600 2072 prwceptum
2630 2019 2826 2068 meum,
2855 2015 2912 2056 ut
2941 2003 3176 2072 diligatis
3206 2001 3450 2067 invicem,
3475 2003 3549 2058 si-

1951 2105 2037 2150 cut
2059 2095 2218 2149 dilexi
2247 2113 2355 2150 vos.
2385 2094 2484 2167 (Ex
2516 2095 2768 2167 August.)
2803 2096 2872 2152 Ut
2899 2096 3026 2165 quid
3049 2096 3191 2150 enim
3229 2111 3330 2151 nos
3356 2096 3546 2153 dilexit

1951 2186 2220 2252 Christus,
2248 2187 2352 2242 nisi
2386 2195 2443 2240 ut
2468 2187 2738 2256 possimus
2767 2203 2997 2258 regnare
3025 2203 3150 2242 cum
3176 2187 3430 2244 Christo?
3458 2188 3542 2247 Ad

1953 2279 2058 2334 hoc
2104 2293 2203 2332 nos
2253 2279 2477 2349 diligere
2509 2281 2768 2334 debemus
2791 2321 2804 2346 ,
2837 2288 2896 2333 ut
2927 2280 3226 2336 habeamus
3266 2281 3458 2346 Deum,
3487 2291 3546 2336 et

1954 2387 2271 2427 maneamus
2324 2372 2378 2426 in
2416 2373 2545 2436 Deo,
2578 2383 2634 2428 et
2686 2374 2732 2428 si
2783 2374 2861 2428 sic
2885 2374 2976 2444 qui
3008 2390 3067 2431 se
3095 2375 3345 2446 diligunt,
3376 2376 3545 2432 Deum

1955 2463 2204 2534 diligunt,
2231 2471 2286 2518 et
2321 2464 2438 2518 haec
2469 2472 2555 2518 est
2580 2464 2818 2530 dilectio,
2851 2475 2908 2518 ut
2942 2466 3006 2520 sit
3063 2465 3200 2520 Deus
3257 2469 3434 2520 omnia
3490 2469 3548 2521 in

1956 2557 2197 2611 omnibus
2229 2557 2282 2629 (1
2306 2553 2430 2611 Cor.
2460 2557 2572 2628 xv).

2029 2646 2290 2717 Majorem
2343 2649 2442 2702 hac
2496 2649 2830 2706 dilectionem
2874 2669 3025 2706 nemo
3082 2653 3237 2707 habet
3287 2670 3444 2724 quam
3491 2662 3550 2706 ut

1954 2741 2190 2794 animam
2229 2758 2382 2795 suam
2418 2753 2579 2813 ponat
2628 2747 2745 2815 quis
2781 2762 2876 2815 pro
2913 2747 3098 2800 amicis
3147 2747 3279 2801 suis.
3334 2745 3391 2800 In
3447 2748 3552 2802 hoc

1954 2829 2160 2885 Christi
2191 2831 2411 2886 dilectio
2443 2836 2810 2902 supereminet
2858 2837 2910 2890 in
2962 2851 3089 2899 nos,
3120 2837 3247 2906 quia
3299 2837 3466 2900 venit,
3490 2845 3550 2890 ut

1957 2921 2195 2975 animam
2225 2937 2376 2976 suam
2412 2934 2642 2993 poneret
2673 2941 2774 2995 pro
2805 2927 3043 2981 inimicis
3073 2927 3216 2992 suis,
3242 2926 3309 2981 ad
3337 2926 3442 2980 hoc
3469 2935 3548 2980 ta-

1959 3026 2083 3065 men
2115 3020 2174 3066 ut
2195 3026 2262 3066 ex
2299 3012 2533 3068 inimicis
2562 3014 2766 3072 faceret
2794 3019 3020 3082 amicos,
3043 3018 3139 3074 sed
3168 3034 3274 3074 non
3306 3017 3553 3073 omnium

1958 3112 2044 3158 est
2092 3106 2433 3176 martyrium,
2469 3115 2647 3163 tamen
2685 3110 2927 3164 onmium
2975 3110 3299 3166 beneficium
3362 3119 3450 3168 est
3496 3111 3554 3166 in

263 3198 450 3253 venire
481 3199 701 3252 omnino
737 3213 841 3254 non
867 3206 1113 3269 possunt,
1145 3199 1255 3254 ullo
1280 3209 1441 3270 pacto
1470 3217 1499 3256 a
1535 3201 1631 3258 Dei
1675 3202 1854 3258 chari-
1880 3207 1925 3271 ς,
1957 3195 2172 3252 fratres.
2203 3197 2304 3264 Qui
2333 3212 2518 3252 veram
2547 3201 2908 3255 substantiam
2945 3216 3097 3255 suam
3145 3199 3302 3256 fratri
3352 3202 3407 3257 in
3455 3217 3554 3258 ne-

265 3302 380 3348 tate
401 3292 754 3349 deflectimnr.

337 3384 446 3456 (Ex
472 3385 630 3456 Aug.)
678 3384 848 3442 Nemo
876 3401 975 3443 nos
1021 3386 1146 3442 inde
1173 3394 1388 3457 separet
1417 3387 1677 3442 minando
1705 3403 1853 3443 mor-

265 3489 397 3546 tem,
431 3480 660 3549 idipsum
683 3481 846 3545 enim,
881 3481 1023 3555 quod
1053 3480 1326 3551 diligimus
1353 3479 1544 3544 Deum,
1577 3481 1715 3535 mori
1744 3497 1852 3536 non

263 3582 462 3645 potest.
488 3573 599 3627 Nisi
623 3573 748 3628 dum
775 3589 877 3628 non
903 3573 1075 3645 diligit
1099 3574 1287 3637 Deum,
1306 3573 1394 3628 cui
1422 3589 1572 3628 mors
1600 3575 1715 3644 ipsa
1750 3582 1854 3639 est,

265 3678 375 3718 non
401 3662 622 3733 diligere
651 3663 839 3718 Deum.
861 3662 1029 3718 Nemo
1049 3679 1146 3720 nos
1172 3664 1296 3720 inde
1318 3673 1533 3734 separet
1553 3664 1857 3735 pollicendo

264 3755 454 3809 vitam.
489 3754 656 3810 Nemo
699 3755 844 3810 enim
899 3756 967 3810 ab
1017 3756 1136 3826 ipso
1177 3754 1324 3812 fonte
1371 3765 1590 3827 separat
1638 3771 1850 3827 aquam.

264 3843 385 3900 Non
417 3856 635 3916 separat
665 3847 911 3918 angelus;
967 3863 1074 3903 non
1116 3849 1261 3904 enim
1309 3858 1393 3905 est
1438 3849 1681 3920 angelus,
1734 3865 1858 3905 cum

265 3937 595 3993 inhaeremus
626 3940 756 4005 Deo,
789 3949 978 3994 nostra
1006 3952 1189 3996 mente
1219 3940 1509 4011 potentior.
1542 3939 1659 3995 Non
1703 3955 1861 4011 sepa-

265 4043 354 4087 rat
386 4032 580 4096 virtus,
624 4032 712 4086 illa
758 4032 982 4092 scilicet,
1015 4047 1136 4101 quae
1163 4039 1486 4102 potestatem
1515 4032 1858 4086 tenebrarum

267 4125 323 4181 in
363 4125 466 4180 hoc
495 4125 697 4180 mundo
728 4133 893 4190 tenet,
931 4134 1043 4180 toto
1073 4124 1272 4179 mundo
1316 4131 1400 4179 est
1443 4124 1667 4178 omnino
1696 4122 1863 4178 subli-

265 4221 410 4276 mior
438 4237 590 4276 mens
621 4221 892 4276 inhaerens
939 4219 1071 4274 Deo.
1121 4217 1236 4272 Non
1287 4224 1543 4287 separant
1596 4216 1864 4271 instantes

268 4313 551 4379 molestae,
584 4313 686 4368 huc
730 4313 875 4367 enim
924 4312 1157 4367 leviores
1197 4325 1293 4365 eas
1322 4309 1588 4364 sentimus
1615 4324 1724 4379 quo
1751 4308 1800 4363 ei
1831 4323 1862 4362 a

268 4421 380 4477 quo
436 4421 537 4459 nos
591 4418 846 4475 separare
907 4403 1204 4458 moliuntur
1259 4401 1465 4456 arctius
1515 4400 1858 4455 inhaeremus.

267 4497 390 4553 Non
418 4507 632 4566 separat
660 4496 950 4566 promissio
973 4495 1300 4558 futurorum,
1334 4508 1458 4547 nam
1497 4501 1551 4547 et
1599 4491 1863 4562 quidquid

1957 3289 2218 3343 cessitate
2245 3290 2424 3358 posito
2451 3306 2557 3345 non
2588 3292 2801 3358 tribuit,
2831 3293 3102 3361 quomodo
3131 3295 3367 3348 animam
3395 3309 3552 3350 suam

1955 3379 2010 3435 in
2035 3382 2415 3450 persecutione
2443 3384 2670 3438 daturus
2715 3392 2801 3439 est
2832 3399 2931 3455 pro
2981 3384 3150 3440 fratre
3201 3386 3336 3440 suo?
3364 3386 3552 3442 Virtus

1954 3488 2086 3528 vero
2113 3472 2272 3542 hujus
2303 3475 2586 3530 eharitatis
2611 3485 2695 3530 est
2722 3477 2772 3531 in
2805 3493 2938 3546 pace
2966 3493 3064 3532 sua
3094 3477 3423 3534 distribuere
3453 3493 3552 3549 pro

1957 3563 2161 3620 Christi
2193 3581 2378 3621 amore
2410 3575 2470 3620 ut
2501 3568 2672 3638 possit
2709 3569 2762 3622 in
2809 3569 3218 3638 perturbatione
3260 3585 3318 3625 se
3372 3571 3549 3640 ipsum

1958 3660 2176 3714 tradere
2199 3675 2297 3729 pro
2324 3659 2544 3713 nomine
2573 3660 2713 3730 ejus.

2039 3751 2142 3806 Vos
2163 3751 2320 3805 amici
2337 3752 2438 3805 mei
2459 3752 2580 3806 estis
2607 3752 2652 3806 si
2679 3752 2906 3822 feceritis
2935 3771 3052 3824 qua:
3075 3770 3168 3825 ego
3194 3755 3444 3826 pra’cipio
3474 3773 3554 3810 vo-

1960 3846 2057 3901 bis.
2093 3845 2280 3916 Magna
2311 3853 2396 3900 est
2424 3845 2660 3916 dignitas
2684 3847 2920 3903 amicum
2947 3863 3069 3903 esse
3099 3847 3216 3913 Dei,
3247 3848 3342 3904 sed
3365 3847 3553 3904 viden-

1961 3939 2089 3994 dum
2124 3946 2230 4000 est,
2256 3937 2454 4007 quibus
2477 3937 2734 4008 gradibus
2759 3937 2824 3992 ad
2855 3939 2995 3994 hanc
3023 3939 3400 3995 celsitudinem
3422 3955 3551 4010 per-

1959 4032 2228 4088 veniatur.
2252 4029 2541 4101 Subjnngit
2568 4049 2583 4084 :
2616 4031 2677 4086 Si
2707 4032 2937 4101 feceritis
2957 4049 3020 4085 ea
3045 4050 3162 4103 qute
3189 4049 3279 4102 ego
3301 4033 3550 4104 prmcipio

1961 4124 2122 4179 vobis.
2155 4125 2234 4178 Ac
2263 4123 2309 4176 si
2341 4130 2528 4192 aperte
2555 4122 2700 4177 dicat
2733 4140 2745 4175 :
2773 4121 3036 4177 Gaudetis
3062 4123 3129 4176 de
3145 4123 3400 4188 culmine,
3418 4107 3552 4193 pen-

1963 4227 2079 4273 sate
2107 4217 2307 4286 quibus
2328 4214 2607 4270 laboribus
2634 4211 2853 4270 venitur
2882 4215 2947 4270 ad
2969 4214 3204 4269 culmen.
3242 4215 3433 4285 Magna
3464 4226 3549 4272 est

1962 4309 2334 4366 misericordia
2361 4308 2635 4379 largitoris
2656 4309 2848 4372 nostri,
2870 4309 3014 4365 servi
3032 4324 3138 4363 non
3158 4306 3356 4362 fuimus
3377 4309 3548 4378 digni,

1963 4411 2018 4458 et
2038 4402 2194 4457 amici
2223 4417 2500 4467 vocamur,
2529 4401 2650 4457 ideo
2679 4399 2974 4480 sulijnngit.

2033 4493 2065 4549 Ι
2074 4511 2159 4548 am
2186 4511 2288 4550 non
2323 4495 2496 4548 dicam
2519 4510 2608 4548 vos
2634 4511 2828 4559 servos,
2855 4496 2979 4566 quia
3008 4511 3184 4550 servus
3216 4497 3376 4550 nescit
3422 4496 3550 4568 quid

269 4591 399 4646 boni
430 4589 668 4644 futurum
689 4596 794 4651 est,
817 4587 1021 4643 certius
1048 4586 1314 4657 promittit
1344 4585 1506 4648 Deus,
1532 4593 1585 4637 et
1612 4583 1746 4637 nihil
1777 4594 1861 4638 est
1885 4573 1938 4633 D
1966 4587 2129 4657 faciat
2157 4586 2414 4642 Dominus
2452 4587 2588 4658 ejus.
2615 4586 2772 4641 Aliud
2796 4597 2879 4641 est
2905 4601 3123 4642 servum
3151 4588 3380 4654 timoris,
3406 4589 3551 4644 aliud

269 4682 391 4751 ipso
415 4681 526 4735 Deo
550 4679 762 4744 melius,
791 4679 882 4748 qui
904 4677 1016 4747 jam
1043 4676 1286 4748 profecto
1308 4675 1446 4731 bene
1467 4675 1570 4729 sibi
1597 4675 1866 4729 inhaeren-

271 4775 419 4828 tibus
443 4787 680 4843 pr:rscns
700 4781 802 4827 est.

346 4865 531 4920 Certus
575 4882 691 4918 sum
742 4865 900 4919 enim.
933 4863 1049 4918 Non
1095 4861 1512 4933 dixit,opinor,
1543 4860 1636 4916 sed
1685 4868 1867 4916 certus

271 4973 394 5014 sum
427 4957 570 5026 quod
597 4956 783 5011 ﬁdeles
813 4955 1012 5010 Christi
1045 4971 1152 5009 non
1188 4963 1408 5023 separat
1445 4953 1512 5007 ab
1543 4951 1660 5021 ejus
1686 4952 1866 5006 chari-

273 5060 408 5114 tate,
439 5066 540 5105 nec
563 5065 730 5116 mors,
763 5064 863 5104 nec
883 5049 1017 5113 vita,
1048 5049 1101 5103 id
1133 5055 1236 5110 est,
1263 5061 1360 5100 nec
1387 5046 1712 5116 persecutio,
1743 5061 1863 5116 quae

273 5159 422 5198 nunc
466 5157 613 5213 spem
653 5142 777 5196 vita:
802 5141 1020 5212 ingerit,
1059 5154 1202 5194 nunc
1239 5147 1500 5193 terrorem
1539 5137 1732 5192 mortis
1781 5137 1866 5191 in-

271 5247 472 5303 tentat,
507 5252 681 5306 neque
728 5245 969 5306 potestas
1009 5235 1235 5289 adversa
1284 5231 1678 5303 transﬁgurans
1717 5245 1775 5285 se
1809 5229 1864 5285 in

271 5330 525 5401 angelum
549 5329 700 5392 lucis,
728 5327 994 5382 audienda
1014 5333 1117 5381 est.
1151 5324 1334 5394 Neque
1354 5322 1716 5385 fortitudines,
1737 5321 1863 5392 quia

270 5437 406 5478 vasa
435 5422 590 5477 fortis
620 5421 964 5491 diripientur,
1000 5418 1091 5489 qui
1114 5432 1211 5488 per
1235 5417 1512 5472 Christum
1538 5413 1729 5485 ligatus
1755 5423 1859 5468 est.

351 5513 535 5586 Neque
581 5513 844 5577 altitudo,
880 5527 1042 5582 neque
1086 5509 1428 5579 profundum.
1467 5508 1523 5562 Id
1561 5515 1664 5571 est,
1688 5521 1863 5576 neque

275 5604 594 5676 astrologia,
629 5620 802 5675 neque
832 5601 1224 5664 necromantia,
1256 5599 1380 5668 quia
1407 5607 1462 5652 et
1499 5597 1589 5652 illa
1629 5597 1866 5652 altitudi-

274 5715 404 5757 nem
431 5715 666 5763 sursum,
690 5707 744 5754 et
772 5699 872 5752 ista
908 5694 1178 5751 infernum
1201 5701 1513 5747 scrutantur
1539 5691 1812 5745 deorsum.

354 5791 538 5867 Neque
566 5805 808 5850 creatura
833 5793 940 5850 alia
966 5789 1154 5862 poterit
1199 5804 1293 5845 nos
1340 5803 1586 5860 separare
1615 5804 1646 5840 a
1685 5785 1866 5842 chari-

1079 5918 1100 5970 ἱ

1967 4680 2189 4746 amoris,
2220 4695 2339 4749 quae
2367 4681 2472 4735 duo
2501 4679 2733 4749 exempli
2764 4679 2936 4748 gratia
2967 4679 3083 4749 ipsa
3111 4680 3314 4735 veritas
3345 4679 3398 4738 in
3447 4679 3552 4737 hoc

1967 4773 2158 4830 eodem
2189 4773 2482 4842 Evangelio
2509 4773 2788 4842 exprimit,
2815 4773 3002 4827 dicens
3031 4791 3042 4826 :
3087 4772 3282 4827 Servus
3303 4789 3407 4827 non
3438 4790 3552 4828 ma-

1970 4877 2052 4922 net
2078 4868 2133 4920 in
2156 4865 2389 4920 domoin
2428 4875 2703 4930 a'ternum,
2730 4864 2873 4934 [ilius
2922 4874 3096 4919 autem
3133 4873 3328 4919 manet.
3380 4863 3553 4920 Filius

1966 4974 2099 5014 vero
2128 4959 2296 5012 servit
2316 4957 2454 5026 patri
2480 4964 2703 5026 propter
2728 4971 2992 5020 amorem,
3010 4972 3199 5010 servus
3224 4963 3404 5010 autem
3427 4970 3553 5026 pro-

1965 5059 2088 5122 pter
2119 5051 2388 5114 timorem,
2416 5047 2481 5102 de
2511 5063 2618 5118 quo
2645 5048 2865 5102 servitio
2893 5046 3155 5102 Dominus
3186 5047 3323 5101 dixit
3366 5063 3380 5100 :
3424 5045 3551 5100 Iam

1969 5159 2074 5196 non
2118 5141 2234 5194 dico
2268 5157 2353 5194 vos
2384 5155 2576 5204 servos,
2612 5138 2703 5194 sed
2733 5139 3095 5207 amicos,qnia
3124 5137 3216 5192 filii
3252 5153 3357 5190 non
3384 5137 3550 5203 servi,

1969 5232 2090 5286 ideo
2117 5241 2174 5287 et
2200 5231 2382 5296 amici,
2411 5231 2536 5302 quia
2579 5248 2754 5285 servus
2806 5232 2966 5286 nescit
3000 5231 3126 5298 quid
3167 5229 3328 5298 faciat
3362 5227 3550 5282 Domi-

1971 5339 2067 5375 nus
2113 5323 2248 5393 ejus.
2295 5320 2480 5376 Nescit
2524 5322 2668 5376 enim
2721 5321 3049 5376 voluntatem
3082 5319 3292 5374 Domini
3323 5319 3430 5385 sui,
3458 5321 3550 5388 qui

1968 5428 2067 5483 per
2092 5413 2303 5468 timoris
2331 5414 2747 5469 amaritudinem
2775 5413 2942 5468 servit
2967 5411 3193 5466 Domino
3217 5424 3335 5474 suo,
3360 5418 3415 5464 et
3441 5424 3551 5466 non

1968 5522 2065 5577 per
2093 5507 2376 5562 eharitatis
2403 5505 2760 5569 dulcedinem,
2793 5503 2946 5573 quasi
2977 5503 3117 5573 patri
3148 5503 3372 5558 serviat.

2051 5596 2151 5652 Vos
2178 5608 2351 5652 autent
2374 5598 2486 5650 dixi
2511 5599 2722 5658 amicos,
2751 5597 2875 5666 quia
2905 5595 3080 5648 omnia
3109 5611 3428 5667 qua'cunque
3453 5609 3553 5650 att-

1971 5694 2074 5748 dioi
2105 5711 2136 5746 a
2162 5703 2312 5763 patre
2357 5708 2492 5756 meo,
2536 5699 2656 5744 nota
2697 5689 2795 5758 feci
2837 5687 2994 5742 vobis.
3029 5686 3160 5755 Qum
3190 5698 3316 5743 sunt
3340 5687 3546 5754 omnia,

1972 5801 2094 5858 qua:
2145 5785 2350 5842 audivit
2400 5799 2430 5838 a
2472 5789 2626 5856 patre
2653 5820 2667 5847 ,
2698 5795 2817 5852 quae
2859 5788 2985 5862 nota
3026 5779 3144 5837 fieri
3174 5780 3341 5837 voluit
3377 5783 3552 5863 servis
