4026 6466
511 385 612 443 551

1794 391 2152 449 SMARAGDI
2184 391 2475 450 ABBATIS

3676 389 3791 447 552

511 501 646 568 suis,
678 511 738 558 ut
763 516 860 560 eos
896 503 1182 573 perliceret
1203 503 1410 560 amicos
1443 517 1594 571 suos,
1623 503 1730 559 nisi
1777 505 1976 575 gaudia
2023 503 2105 560 in-
2132 507 2184 567 Α
2280 501 2349 556 Ut
2383 504 2643 574 possimus
2667 512 2716 556 et
2746 501 2846 572 ipsi
2871 501 3134 558 consolari
3157 518 3248 557 eos
3277 502 3369 572 qui
3393 501 3448 556 in
3467 503 3610 555 omni
3633 517 3794 570 pres—-

510 602 680 652 terna
702 596 1006 662 charitatis,
1039 597 1144 654 nisi
1168 597 1257 652 illa
1289 596 1429 653 festa
1456 612 1706 668 supernae
1733 598 1946 668 patriae,
1971 610 2098 666 qua:

507 687 712 746 nostris
767 689 1007 758 quotidie
1073 691 1346 746 manibus
1404 705 1501 760 per
1558 689 1947 760 aspirationem
2011 689 2097 746 sui

512 780 714 836 amoris
743 780 1036 850 imprimit,
1069 780 1162 836 sed
1214 783 1329 837 haac
1385 782 1646 854 cognitio,
1685 797 1808 851 quae
1840 797 1986 838 nunc
2024 797 2096 839 ex

508 882 663 942 parte
702 872 934 943 proﬁcit,
981 875 1038 928 in
1069 873 1162 929 illa
1183 874 1526 944 plenitudine
1565 875 1807 931 scientiae
1847 874 2094 945 perﬁcie-

508 971 615 1028 tur,
652 963 720 1018 de
745 975 856 1033 quo
879 963 1170 1035 Apostolus
1193 965 1270 1020 ait
1300 983 1314 1020 :
1343 965 1478 1020 Cum
1511 974 1689 1021 autem
1724 965 1916 1020 venerit
1949 965 2092 1036 quod

500 1054 789 1124 perfectum
813 1067 910 1121 est,
933 1057 1271 1112 euacuabitur
1295 1058 1436 1128 quod
1465 1074 1531 1112 ea;
1561 1067 1713 1129 parte
1749 1067 1827 1113 est
1867 1057 1942 1129 (Ι¹
1963 1056 2088 1113 Cor.

503 1147 646 1219 xm),
675 1149 781 1203 hoc
803 1149 951 1204 enim
988 1151 1249 1207 Dominus
1275 1151 1554 1222 discipulis
1580 1165 1641 1207 se
1683 1151 1881 1208 fecisse
1927 1151 2088 1219 dixit,

499 1238 646 1306 quod
668 1237 916 1294 facturus
943 1255 1064 1296 esse
1095 1242 1322 1296 sciebat.

576 1325 705 1382 Non
734 1346 822 1383 vos
844 1347 926 1384 me
944 1331 1189 1402 elegistis,
1209 1334 1298 1388 sed
1321 1351 1414 1404 ego
1439 1333 1572 1405 elegi
1598 1352 1708 1390 eos.
1745 1334 1872 1390 Haec
1897 1342 1983 1390 est
2002 1333 2088 1389 af-

498 1420 682 1479 fabilis
707 1426 903 1496 gratia,
935 1441 1055 1494 qua:
1084 1429 1347 1496 pravenit
1373 1444 1496 1494 nos,
1523 1437 1584 1482 ut
1621 1429 1794 1484 simus
1828 1429 1992 1483 amici
2016 1444 2087 1484 ex

498 1517 697 1582 servis,
723 1518 843 1573 ideo
871 1519 1028 1575 nobis
1055 1536 1164 1574 nou
1195 1523 1456 1592 subrepat
1479 1520 1759 1591 superbia,
1792 1522 1952 1600 quasi
1980 1537 2084 1591 pro

496 1609 703 1664 nostris
751 1612 961 1665 meritis
1011 1611 1220 1678 aliquid
1268 1614 1660 1684 acciperemus,
1688 1613 1816 1668 dum
1845 1613 1942 1667 ﬁlii
1989 1615 2086 1669 ira

495 1695 721 1765 fuimus,
755 1716 901 1755 nunc
925 1709 1107 1754 autem
1137 1702 1232 1755 lilii
1267 1701 1360 1756 Dei
1391 1719 1488 1772 per
1510 1703 1740 1772 gratiam
1777 1701 1953 1756 effecti
1993 1718 2084 1757 su-

493 1806 635 1856 mus,
661 1793 779 1846 sine
806 1809 910 1862 qua
947 1792 1082 1848 nihil
1121 1795 1411 1862 possumus
1443 1793 1643 1853 facere,
1672 1802 1732 1846 ut
1751 1793 1912 1862 paulo
1953 1801 2081 1848 ante

494 1879 609 1948 ipsa
634 1881 836 1936 veritas
857 1883 937 1936 ait
969 1901 980 1934 :
1015 1881 1138 1937 Sine
1165 1899 1246 1937 me
1276 1882 1406 1935 nihil
1433 1885 1645 1953 potestis
1669 1883 1859 1952 facere.

565 1970 635 2024 Et
659 1974 810 2042 posui
844 1984 952 2039 ves,
982 1985 1038 2027 ut
1063 1975 1194 2028 eatis
1217 1983 1264 2028 et
1291 1975 1521 2044 fructum
1545 1975 1802 2044 a/feratis.
1828 1975 1987 2029 Posui
2011 1976 2077 2030 ad

488 2064 738 2133 gratiam,
769 2065 1005 2135 plantavi
1031 2075 1090 2121 ut
1121 2067 1259 2122 eatis
1285 2057 1536 2131 volendb,
1579 2067 1790 2124 fructus
1835 2069 2080 2124 all‘eratis

487 2157 783 2225 cperando.
817 2158 966 2214 Eatis
985 2160 1133 2214 enim
1157 2160 1388 2216 volendo
1410 2161 1552 2215 dixit
1584 2175 1598 2213 :
1640 2161 1779 2227 Quia
1810 2161 1948 2217 velle
1977 2161 2078 2216 ali—

485 2245 616 2314 quid
643 2245 827 2302 facere
844 2248 957 2318 jam
987 2259 1168 2305 mente
1188 2251 1269 2304 ire
1297 2259 1402 2317 est,
1433 2251 1650 2321 qualem
1675 2266 1804 2308 vero
1833 2252 2077 2310 fructum

487 2333 684 2390 all‘errc
721 2337 959 2393 debeant
993 2340 1294 2411 subjungit.

552 2425 624 2480 Et
647 2427 852 2496 fructus
875 2441 1038 2484 vester
1061 2440 1286 2495 maneat,
1315 2441 1370 2486 ut
1419 2432 1767 2504 quodcunque
1822 2435 2074 2504 petieritis

479 2527 683 2587 patrem
713 2520 770 2574 in
797 2523 1006 2576 nomine
1048 2540 1162 2577 meo
1201 2524 1286 2576 det
1317 2524 1475 2578 vobis.
1509 2524 1718 2580 Nomen
1767 2525 1865 2580 ﬁlii
1913 2525 2074 2584 Jesus

478 2622 581 2677 est,
606 2614 765 2670 Jesus
787 2626 966 2672 autem
993 2619 1252 2684 salvator,
1270 2619 1355 2674 vel
1375 2621 1541 2675 etiam
1559 2619 1815 2675 salutaris
1835 2620 2067 2675 dicitur:

478 2705 572 2760 Ille
606 2722 737 2778 ergo
768 2708 822 2761 in
861 2708 1081 2763 nomine
1109 2708 1403 2764 salvatoris
1432 2711 1586 2779 petit,
1614 2711 1707 2780 qui
1747 2710 1880 2765 illud
1914 2711 2069 2780 petit,

477 2798 623 2866 quod
653 2799 721 2853 ad
749 2815 933 2854 veram
965 2801 1195 2855 salutem
1226 2802 1482 2871 pertinet.
1536 2800 1673 2856 Nam
1727 2802 1776 2856 si
1825 2801 1881 2856 id
1926 2803 2072 2872 quod

478 2907 586 2947 non
609 2893 863 2963 expediat
889 2894 1116 2964 petitur,
1146 2909 1253 2948 non
1286 2895 1342 2948 in
1365 2893 1586 2948 nomine
1607 2890 1737 2948 Iesu
1771 2894 1995 2964 petitur.

691 3023 762 3083 IN
797 3025 1055 3083 NA'I‘ALI
1105 3025 1315 3084 UNIUS
1350 3024 1841 3083 CONFESSORIS.

472 3155 731 3196 εριετοιΑ
785 3157 943 3201 ΒΕΔΤΙ
1007 3157 1161 3197 PAULI
1222 3157 1480 3197 AI’OSTOLI
1540 3158 1608 3198 AD
1670 3155 1924 3198 CORINTH.
1985 3159 2062 3210 II,

1134 3228 1307 3268 CAPUT
1348 3228 1386 3268 I.

549 3371 570 3405 ι
615 3351 939 3412 Benedictus
990 3355 1132 3411 Deus
1183 3363 1240 3410 et
1283 3353 1449 3410 Pater
1477 3355 1693 3411 Domini
1727 3357 1902 3414 nostri
1934 3354 2066 3414 Iesu

476 3463 499 3499 s
540 3443 766 3512 Christi,
815 3444 981 3500 Pater
1025 3446 1531 3501 misericordiarum
1583 3455 1642 3503 et
1698 3447 1842 3504 Deus
1895 3449 2065 3504 totius

473 3555 495 3588 ι
537 3537 954 3602 consolationis,
975 3538 1070 3607 qui
1095 3536 1412 3592 consolatur
1447 3551 1548 3592 nos
1587 3537 1644 3591 in
1697 3540 1844 3592 omni
1891 3539 2065 3594 tribu-

472 3646 492 3680 ι
536 3626 740 3684 latione
771 3638 984 3693 nostra,
1011 3637 1069 3681 ut
1099 3630 1370 3698 possimus
1398 3636 1455 3684 et
1482 3627 1585 3696 ipsi
1625 3631 1897 3684 consolari
1942 3647 2056 3696 eos,

473 3738 496 3773 s
539 3720 634 3790 qui
665 3720 721 3774 in
745 3720 895 3775 omni
921 3733 1175 3789 pressura
1207 3729 1336 3776 sunt
1358 3734 1458 3790 per
1479 3719 2060 3792 exbortationem,qua

472 3829 493 3864 ι
537 3811 901 3866 exhortamur
920 3820 976 3866 et
1015 3811 1117 3882 ipsi
1154 3829 1185 3866 a
1223 3811 1354 3867 Deo.
1403 3810 1672 3880 Quoniam
1723 3811 1863 3866 sicut
1890 3813 2060 3868 abun-

470 3923 492 3957 ι
532 3905 665 3961 dant
695 3906 981 3976 passiones
1014 3906 1220 3963 Christi
1252 3907 1307 3962 in
1344 3908 1537 3974 nobis,
1570 3908 1646 3962 ita
1674 3917 1730 3962 et
1755 3923 1852 3978 per
1881 3909 2059 3979 ipsum

469 4013 489 4049 ι
535 3996 778 4052 abundat
801 3999 1105 4054 consolatio
1135 4007 1344 4066 nostra,
1373 4000 1493 4058 sive
1515 4009 1700 4057 autem
1735 3999 2058 4058 tribulamur

469 4107 489 4141 ι
533 4105 632 4160 pro
659 4099 840 4146 vestra
861 4092 1246 4148 exhortatione
1270 4101 1324 4148 et
1346 4093 1543 4159 salute,
1569 4094 1684 4149 sive
1710 4093 2058 4149 consolamur

468 4201 488 4236 ι
532 4199 633 4254 pro
657 4193 837 4240 vestra
859 4186 1252 4250 consolatione,
1273 4201 1396 4256 qua:
1420 4194 1680 4258 operatur
1709 4186 2056 4242 tolerantiam

467 4291 488 4340 ᾳ
532 4277 844 4331 earumdem
859 4277 1191 4346 passionum,
1211 4293 1348 4346 quas
1368 4287 1422 4332 et
1448 4293 1548 4332 nos
1571 4277 1830 4348 patimur,
1850 4285 1909 4331 ut
1931 4292 2053 4347 spes

465 4383 488 4420 ι
533 4376 722 4422 nostra
744 4366 900 4421 ﬁrma
923 4369 995 4423 sit
1022 4383 1124 4437 pro
1156 4367 1331 4435 vobis,
1362 4370 1596 4424 scientes
1626 4369 1883 4439 quoniam
1909 4369 2052 4424 sicut

464 4473 487 4511 ι
531 4457 666 4514 socii
695 4457 1005 4527 passionum
1035 4459 1189 4522 estis,
1224 4459 1306 4514 sic
1355 4459 1510 4514 eritis
1543 4468 1601 4514 et
1635 4458 2046 4524 consolationis,

463 4565 486 4603 α
530 4548 585 4604 in
615 4547 830 4604 Christo
849 4547 977 4604 Iesu
999 4547 1229 4603 Domino
1267 4557 1476 4604 nostro.
1515 4568 1534 4602 s

531 4642 841 4700 Benedictus
859 4644 1002 4699 Deus
1031 4653 1080 4698 et
1108 4639 1272 4698 Pater
1293 4642 1507 4697 Domini
1545 4643 1712 4697 nostri
1755 4641 1905 4707 Iesu,
1932 4653 2038 4700 etc.

457 4735 1003 4807 Subintelligcndum,
1033 4735 1298 4790 Dominus
1327 4741 1512 4788 noster
1548 4732 1822 4789 benedicit
1847 4733 2035 4799 Deum,

456 4831 600 4902 quod
617 4829 1048 4886 consolationem
1101 4828 1221 4884 ideo
1269 4825 1541 4898 accipiunt
1592 4828 1790 4895 sancti,
1839 4837 1898 4883 ut
1936 4827 2040 4898 ipsi

453 4922 596 4981 alios
616 4922 987 4980 consolentur.

525 5013 692 5071 Pater
712 5015 1210 5071 misericordiamm.
1232 5013 1288 5070 Id
1310 5022 1414 5080 est,
1428 5015 1554 5084 quia
1569 5031 1635 5070 ex
1659 5016 1774 5086 ipso
1803 5027 1928 5072 nata
1955 5028 2040 5074 est

451 5108 863 5174 misericordia,
893 5117 948 5164 et
983 5117 1164 5163 tamen
1186 5105 1374 5175 junior
1422 5107 1514 5162 illo
1548 5125 1654 5163 non
1691 5119 1796 5164 est.
1861 5092 1871 5103 ’

525 5202 595 5258 Et
622 5202 767 5257 Deus
803 5201 965 5255 totius
1006 5198 1399 5264 consolationis,
1426 5200 1516 5270 qui
1563 5201 1870 5257 consolatur
1916 5220 2031 5258 nos.

450 5297 574 5354 Ideo
597 5296 736 5352 dixit
756 5295 920 5350 totius
940 5292 1348 5357 consolationis,
1376 5292 1502 5361 quia
1528 5308 1622 5348 eos
1661 5293 1819 5363 plene
1869 5303 2034 5364 atque

447 5388 689 5461 perfecte
713 5387 772 5442 in
793 5386 1070 5444 laboribus
1095 5382 1421 5446 consolatur,
1452 5390 1508 5437 et
1555 5383 1852 5438 consolatio
1907 5400 2032 5439 cum

447 5479 798 5536 tribulatione
832 5485 1170 5548 compensat,
1196 5475 1339 5530 sicut
1363 5475 1500 5528 dixit
1543 5475 1596 5529 in
1638 5476 1846 5546 psalmo
1883 5495 1894 5530 :
1937 5474 2030 5531 Se-

447 5572 677 5628 cundum
705 5570 1096 5627 multitudinem
1119 5569 1356 5624 dolorum
1384 5585 1618 5624 meorum
1649 5569 2027 5625 consolationes

443 5669 551 5716 tua
574 5661 955 5718 delectaverunt
995 5662 1225 5716 animam
1248 5676 1418 5714 meam
1449 5657 1620 5731 (Psal.
1647 5657 1819 5728 xcut).

516 5752 584 5809 In
612 5754 755 5810 omni
780 5753 1119 5809 tribulatione
1139 5760 1189 5806 et
1211 5749 1587 5809 consolatione.
1617 5749 1676 5806 Id
1703 5756 1805 5819 est,
1831 5765 1940 5807 non
1965 5752 2024 5808 in

445 5841 735 5916 aliquibus,
772 5843 866 5901 sed
894 5843 951 5899 in
975 5841 1248 5900 omnibus.

2197 610 2321 648 sura
2350 604 2491 648 sunt.
2531 594 2586 648 Id
2620 603 2727 659 est,
2757 603 3043 664 propterea
3073 610 3170 649 nos
3197 594 3416 657 liberat,
3447 601 3506 646 ut
3527 592 3629 662 ipsi
3665 605 3795 661 pos—

2197 687 2364 742 simus
2389 687 2524 742 alios
2546 687 2840 753 consolari,
2871 688 3098 743 lormam
3131 687 3288 743 nobis
3334 686 3428 740 dat
3474 684 3611 740 alios
3655 697 3797 740 con-

2195 778 2399 834 solandi
2423 787 2478 833 et
2503 795 2600 849 per
2631 780 3102 845 exhortationem,
3131 795 3233 849 qua
3262 778 3364 848 ipsi
3401 793 3500 848 per
3536 776 3796 833 volunta-

2196 881 2302 928 tem
2337 872 2432 927 Dei
2463 873 2600 930 alios
2628 873 3007 939 consolamur,
3054 871 3396 942 agnoscimus
3441 869 3591 940 quod
3639 867 3796 927 Deus

2192 964 2467 1020 neminem
2492 965 2856 1034 derelinquat,
2888 973 2942 1020 et
2971 963 3141 1019 multo
3171 964 3343 1034 magis
3370 963 3426 1017 in
3475 961 3670 1016 futuro
3701 977 3791 1019 ro-

2192 1057 2588 1122 tuunerabitur,
2613 1073 2751 1128 quos
2781 1058 2835 1113 in
2859 1057 3111 1128 praesenti
3143 1056 3344 1112 saeculo
3370 1053 3718 1110 consolatur.

2263 1133 2529 1214 Quoniam
2552 1151 2684 1204 sicut
2708 1149 2981 1204 abundant
3005 1150 3276 1220 passiones
3298 1145 3494 1202 Christi
3514 1147 3575 1202 in
3607 1145 3790 1202 nobis.

2190 1240 2247 1296 Id
2270 1250 2375 1306 est,
2405 1242 2688 1310 passiones
2721 1257 2820 1311 pro
2843 1243 3062 1297 nomine
3087 1241 3315 1296 Christi.

2261 1331 2349 1385 Ita
2379 1341 2427 1386 et
2461 1349 2555 1403 per
2577 1331 2845 1388 Christum
2865 1332 3098 1387 abundat
3127 1330 3418 1386 consolatio
3441 1341 3647 1387 nostra.
3679 1329 3791 1388 Per

2190 1427 2331 1481 hanc
2353 1425 2783 1482 consolationem
2806 1434 2861 1481 et
2887 1427 3003 1496 ipse
3028 1426 3083 1480 in
3106 1425 3217 1489 via,
3240 1423 3525 1479 manifesta
3543 1425 3787 1492 visione,

2189 1518 2289 1574 sub
2338 1525 2580 1588 tempore
2633 1519 2966 1574 evocationis
3013 1517 3286 1583 eruditur,
3309 1525 3367 1572 et
3400 1517 3620 1587 quando
3665 1518 3790 1589 ipse

2187 1609 2272 1664 vel
2295 1609 2489 1663 Petrus
2515 1608 2584 1664 de
2611 1624 2832 1664 carcere
2861 1608 3255 1664 liberabantur.

2259 1697 2380 1752 Sive
2415 1709 2588 1753 autem
2635 1699 2950 1754 tribulamur
2995 1716 3088 1770 pro
3125 1709 3294 1754 vestra
3323 1699 3693 1755 exhortatione
3739 1711 3789 1756 et

2194 1789 2387 1855 salute,
2412 1801 2516 1845 etc.
2551 1791 2610 1846 Id
2647 1800 2751 1858 est,
2802 1791 3001 1861 duplex
3057 1791 3214 1846 nobis
3259 1792 3627 1847 tribulationis
3669 1803 3786 1860 est,

2113 1876 2160 1936 B
2189 1896 2373 1948 causa,
2414 1883 2496 1938 vel
2525 1884 2650 1937 dum
2693 1882 2921 1937 salutem
2952 1889 3210 1949 vestram,
3243 1897 3363 1952 qua:
3391 1882 3644 1938 Christus
3673 1893 3783 1950 est,

2189 1974 2570 2042 praedicamus,
2622 1973 2704 2027 vel
2732 1973 2858 2026 dum
2899 1973 3208 2044 exemplum
3265 1973 3568 2030 tolerantiae
3620 1974 3784 2029 vobis

2183 2071 2369 2118 nostra
2399 2063 2690 2117 alllictionc
2720 2063 3041 2133 prmbemus.
3439 2067 3445 2072 ’

2252 2153 2485 2211 Scientes
2513 2156 2762 2226 quoniam
2788 2157 2920 2210 sicut
2948 2155 3076 2210 socii
3106 2157 3367 2226 passionis
3395 2158 3539 2222 estis,
3565 2158 3645 2211 sic
3673 2159 3778 2211 eri.

2178 2243 2244 2298 tis
2265 2254 2312 2298 et
2353 2245 2745 2301 consolationis.
2796 2245 3078 2314 Scientes,
3102 2247 3159 2302 id
3185 2256 3288 2313 est,
3315 2264 3414 2319 spe
3457 2247 3778 2305 ﬁrmissima

2175 2337 2490 2394 retinentes.

2555 2443 2895 2485 EVANGELIUII
2925 2444 3097 2495 ωερε,
3126 2444 3244 2484 CAP.
3277 2444 3388 2483 XIV.

2256 2541 2274 2576 ‹
2313 2521 2370 2578 Si
2401 2523 2524 2593 quis
2561 2524 2711 2578 venit
2737 2523 2803 2577 ad
2830 2538 2936 2588 me,
2964 2531 3020 2576 et
3056 2538 3164 2577 non
3196 2521 3309 2577 odit
3343 2528 3557 2591 patrem
3590 2538 3773 2588 suum,

2185 2632 2203 2667 ι
2241 2623 2296 2670 et
2323 2624 2577 2682 matrem,
2600 2623 2656 2670 et
2681 2630 2905 2670 uxorem
2923 2655 2938 2681 ,
2965 2625 3020 2669 et
3058 2613 3289 2680 ﬁlios,et
3313 2613 3512 2668 fratres
3542 2622 3600 2667 et
3622 2629 3764 2668 sero

2183 2724 2203 2757 ι
2238 2722 2348 2772 res,
2365 2707 2543 2761 adhuc
2561 2715 2744 2760 autem
2767 2715 2822 2762 et
2843 2707 3080 2761 animam
3104 2721 3278 2772 suam,
3296 2722 3402 2761 non
3415 2714 3605 2775 potest
3621 2721 3771 2762 mens

2188 2818 2206 2850 ι
2241 2815 2364 2855 esse
2419 2799 2736 2870 discipulus,
2761 2807 2816 2852 et
2851 2799 2944 2869 qui
2974 2814 3084 2854 non
3112 2798 3317 2870 bajulat
3339 2815 3561 2854 crucem
3591 2814 3771 2866 suam.

2181 2907 2200 2942 ‹
2235 2900 2292 2945 et
2329 2892 2474 2946 venit
2499 2902 2621 2961 post
2643 2907 2750 2959 me,
2782 2907 2888 2946 non
2919 2899 3096 2962 potest
3125 2906 3280 2947 meus
3303 2906 3423 2946 esse
3444 2890 3768 2962 discipulus.

2177 3003 2198 3036 ι
2235 2983 2368 3051 Quis
2398 2985 2542 3039 enim
2580 3000 2648 3040 ex
2680 2985 2830 3040 vobis
2851 2985 3036 3040 volens
3061 2985 3254 3040 turrim
3275 2985 3770 3052 :edilicare,nonns

2177 3096 2197 3128 ι
2229 3079 2382 3148 prius
2420 3079 2648 3145 sedens,
2695 3088 2974 3150 computat
3017 3087 3266 3150 sumptus
3311 3079 3405 3150 qui
3462 3080 3768 3138 necessarii

2177 3183 2196 3217 ‹
2233 3175 2380 3232 sunt,
2405 3167 2451 3221 si
2483 3166 2682 3223 habeat
2721 3169 2788 3222 ad
2814 3170 3245 3238 perliciendum?
3298 3169 3376 3226 Ne
3406 3180 3765 3241 posteaquam

2092 3235 2139 3299 (ἶ
2177 3279 2193 3310 ι
2228 3261 2474 3330 posuerit
2504 3235 2937 3326 fundamentum,
2969 3271 3025 3316 et
3070 3278 3176 3317 non
3204 3235 3443 3332 poluerit
3469 3235 3764 3333 perlicere,

2174 3371 2194 3404 ι
2227 3368 2417 3410 omnes
2446 3354 2538 3424 qui
2576 3355 2760 3424 vident
2789 3353 3052 3426 incipiant
3088 3356 3316 3412 illudere
3368 3356 3420 3410 ei
3464 3357 3760 3413 dicentes:

2172 3464 2191 3498 ι
2229 3445 2366 3512 Quia
2396 3447 2484 3502 hic
2511 3447 2675 3502 homo
2701 3449 2868 3518 cmpit
2895 3448 3164 3503 :edilicare
3191 3456 3246 3504 et
3275 3464 3381 3503 non
3410 3451 3591 3519 potuit
3635 3465 3757 3505 con-

2172 3555 2191 3588 ι
2225 3553 2520 3593 summare.
2546 3537 2655 3592 Aut
2684 3540 2806 3608 quis
2830 3555 2926 3594 rex
2960 3540 3134 3596 iturus
3170 3541 3515 3595 committere
3557 3539 3758 3595 bellum

2170 3646 2190 3682 ε
2226 3631 2487 3686 adversus
2517 3630 2684 3685 alium
2711 3646 2918 3702 regem,
2943 3648 3052 3687 non
3082 3633 3274 3688 sedens
3296 3633 3448 3703 prius
3474 3634 3686 3703 cogitat
3716 3632 3758 3687 si

2168 3739 2188 3772 σ
2229 3723 2403 3792 possit
2440 3739 2564 3778 cum
2593 3724 2781 3778 decem
2819 3724 3057 3779 millibus
3086 3739 3380 3779 occurrere
3417 3725 3464 3780 ei
3499 3725 3594 3794 qui
3632 3739 3755 3779 cum

2168 3831 2187 3865 ι
2224 3815 2416 3886 viginti
2461 3816 2700 3872 millibus
2740 3817 2892 3872 venit
2921 3817 2986 3872 ad
3017 3832 3094 3871 se.
3140 3817 3398 3887 Alioquin
3431 3817 3611 3872 adhuc
3666 3817 3755 3872 illo

2167 3924 2184 3956 ι
2229 3905 2384 3977 longe
2406 3917 2620 3977 agente,
2639 3907 2961 3979 legationem
2977 3908 3198 3963 mittens
3218 3916 3373 3980 rogat
3386 3923 3450 3962 ea
3469 3924 3589 3976 quae
3601 3909 3752 3977 pacis

2165 4017 2185 4051 ι
2226 4009 2371 4055 sunt.
2403 3999 2492 4056 Sic
2517 4017 2647 4072 ergo
2674 4002 2852 4056 omnis
2883 4018 2948 4057 ex
2982 4001 3134 4056 vobis
3166 4001 3260 4072 qui
3310 4017 3420 4056 non
3474 4003 3750 4056 renuntiat

2165 4110 2184 4142 ι
2217 4091 2468 4147 omnibus
2503 4109 2622 4164 quae
2647 4095 2907 4165 possidet,
2943 4109 3050 4148 non
3076 4102 3258 4166 potest
3301 4109 3423 4149 esse
3469 4111 3625 4154 meus
3676 4096 3748 4150 di-

2163 4200 2183 4232 ι
2221 4181 2478 4253 scipulus.
2515 4204 2530 4237 ι

2226 4271 2285 4328 Si
2323 4275 2439 4345 quis
2491 4276 2625 4328 venit
2671 4275 2741 4330 ad
2782 4292 2896 4341 me,
2923 4285 2970 4329 et
2997 4293 3102 4330 non
3132 4276 3241 4330 odit
3267 4287 3473 4348 patrem
3494 4295 3668 4344 suum,
3695 4288 3741 4331 et

2153 4375 2408 4432 matrem,
2437 4375 2486 4420 et
2527 4383 2762 4432 uxorem,
2808 4375 2912 4422 etc.
2948 4368 3048 4439 (Ex
3077 4366 3262 4441 Beda.)
3289 4368 3647 4424 Percunctari
3677 4368 3740 4421 li-

2152 4457 2246 4513 bet
2292 4459 2562 4529 quomodo
2629 4467 2883 4528 parentes
2946 4468 3002 4513 et
3053 4459 3347 4514 carnaliter
3403 4463 3738 4533 propinquos

2069 4589 2127 4652 Β
2150 4552 2498 4622 ρταξοίρίιηιιι*
2519 4551 2718 4616 odisse,
2735 4552 2825 4622 qui
2845 4552 3102 4623 jubemur
3123 4563 3176 4607 et
3201 4552 3451 4608 inimicos
3478 4553 3702 4624 diligere
3719 4594 3733 4620 ,

2150 4651 2206 4698 et
2237 4652 2384 4698 certe
2418 4643 2485 4698 de
2507 4659 2676 4699 uxore
2706 4641 2921 4699 Veritas
2959 4645 3092 4699 dixit
3121 4663 3132 4698 :
3165 4643 3318 4710 Quod
3363 4643 3507 4698 Deus
3529 4645 3730 4715 junxit,

2146 4731 2300 4786 homo
2330 4750 2432 4787 non
2461 4743 2664 4804 separet
2711 4733 2928 4804 (Matth.
2956 4735 3092 4807 xix),
3121 4746 3173 4790 et
3204 4734 3404 4790 Paulus
3434 4737 3511 4789 ait
3543 4755 3555 4788 :
3599 4733 3728 4802 Viri,

2145 4821 2347 4892 diligite
2375 4839 2564 4877 uxores
2606 4833 2823 4888 vestras,
2861 4825 2994 4879 sicut
3042 4834 3092 4879 et
3145 4822 3386 4879 Christus
3438 4823 3728 4878 Ecclesium

2147 4913 2364 4985 (Ephes.
2394 4914 2490 4988 v1).
2512 4915 2651 4970 Ecce
2674 4916 2969 4986 discipulus
2993 4933 3215 4972 uxorem
3241 4917 3571 4988 diligendum
3603 4931 3728 4986 pne-

2145 5006 2296 5076 cipit,
2327 5023 2450 5061 cum
2483 5007 2742 5078 magister
2780 5008 2908 5062 dicit
2947 5026 2959 5061 :
2999 5005 3099 5074 Qui
3155 5023 3381 5062 uxorem
3431 5023 3540 5062 non
3592 5007 3724 5070 odit,

2140 5112 2247 5152 non
2278 5106 2456 5166 potest
2477 5114 2596 5153 esse
2621 5114 2769 5152 meus
2792 5082 3361 5169 discipulus,nunquid
3394 5098 3539 5152 aliud
3558 5095 3722 5166 iudex

2138 5187 2374 5253 nuntiat,
2403 5189 2548 5242 aliud
2571 5205 2748 5258 praeco
2769 5189 3006 5243 clamat?
3034 5189 3116 5242 An
3146 5187 3306 5242 simul
3329 5197 3383 5242 et
3398 5189 3582 5243 odisse
3606 5201 3721 5259 pos-

2136 5294 2324 5335 sumus
2351 5287 2404 5334 et
2432 5279 2690 5351 diligere?
2714 5281 2805 5335 sed
2829 5281 2875 5336 si
2899 5281 3004 5335 vim
3029 5280 3285 5351 praecepti
3311 5281 3715 5350 perpendimus,

2133 5380 2427 5444 utrumque
2451 5390 2613 5446 agere
2641 5391 2738 5445 per
2783 5374 3166 5431 discretionem
3214 5375 3474 5437 valemus,
3525 5382 3586 5428 ut
3625 5387 3716 5429 eos

2135 5450 2229 5535 qui
2274 5467 2430 5522 nobis
2474 5467 2655 5522 carnis
2704 5469 3022 5539 cognatione
3047 5467 3317 5538 conjuncti
3349 5479 3500 5532 sunt,
3529 5475 3712 5537 etquo

2131 5560 2411 5630 proximos
2435 5562 2683 5616 novimus
2710 5562 3021 5632 diligamus,
3046 5572 3097 5616 et
3127 5576 3236 5632 quo
3265 5560 3609 5616 adversarios
3657 5560 3708 5613 in

2129 5651 2219 5708 via
2253 5653 2348 5707 Dei
2374 5653 2613 5724 patimur
2638 5654 2870 5710 odiendo
2894 5663 2948 5709 et
2975 5653 3230 5726 fugiendo
3277 5654 3608 5708 nesciamus.
3639 5650 3709 5708 Ut

2128 5756 2312 5802 autem
2343 5747 2603 5804 Dominus
2653 5750 3048 5804 demonstraret
3097 5748 3199 5804 hoc
3253 5764 3381 5820 erga
3434 5749 3703 5820 proximos

2126 5841 2332 5910 odium,
2357 5855 2466 5898 non
2495 5842 2562 5924 de
2586 5839 2927 5899 inall‘ectioue
2947 5843 3262 5916 procedere,
3297 5842 3392 5900 sed
3434 5844 3501 5900 de
3523 5837 3704 5897 chari-
