  <div class='ocr_page' id='page_1' title='image "/cluster/home/n/w/nwhite01/storage/ocr_20150623/102/hvd.32044015466808/272.png"; bbox 0 0 4026 6458; ppageno 0'>
   <div class='ocr_carea' id='block_1_1' title="bbox 1126 400 2735 480">
    <p class='ocr_par' dir='ltr' id='par_1_1' title="bbox 1126 400 2735 480">
     <span class='ocr_line' id='line_1_1' title="bbox 1126 400 2735 480; baseline 0.013 -22"><span class='ocrx_word' id='word_1_1' title='bbox 1126 400 1645 470; x_wconf 67' lang='lat' dir='ltr'><strong>COLLECTIONES</strong></span> <span class='ocrx_word' id='word_1_2' title='bbox 1679 406 1750 468; x_wconf 61' lang='grc' dir='ltr'><strong>ιω</strong></span> <span class='ocrx_word' id='word_1_3' title='bbox 1779 407 2164 474; x_wconf 67' lang='lat' dir='ltr'><strong>aptemus</strong></span> <span class='ocrx_word' id='word_1_4' title='bbox 2193 411 2285 470; x_wconf 83' lang='lat' dir='ltr'><strong>ET</strong></span> <span class='ocrx_word' id='word_1_5' title='bbox 2320 405 2735 480; x_wconf 75' lang='lat' dir='ltr'><strong>EVANGELIA.</strong></span> 
     </span>
    </p>
   </div>
   <div class='ocr_carea' id='block_1_2' title="bbox 267 602 3544 705">
    <p class='ocr_par' dir='ltr' id='par_1_2' title="bbox 267 602 3544 705">
     <span class='ocr_line' id='line_1_2' title="bbox 267 602 3544 705; baseline 0.013 -50"><span class='ocrx_word' id='word_1_6' title='bbox 267 617 444 656; x_wconf 65' lang='lat' dir='ltr'><strong>nam.</strong></span> <span class='ocrx_word' id='word_1_7' title='bbox 473 602 625 658; x_wconf 90' lang='lat' dir='ltr'><strong>Tunc</strong></span> <span class='ocrx_word' id='word_1_8' title='bbox 661 604 1145 666; x_wconf 87' lang='lat' dir='ltr'><strong>etenim‘animam</strong></span> <span class='ocrx_word' id='word_1_9' title='bbox 1185 617 1432 667; x_wconf 88' lang='lat' dir='ltr'><strong>nostram</strong></span> <span class='ocrx_word' id='word_1_10' title='bbox 1476 611 1712 679; x_wconf 87' lang='lat' dir='ltr'><strong>odimus,</strong></span> <span class='ocrx_word' id='word_1_11' title='bbox 1738 629 1865 674; x_wconf 82' lang='lat' dir='ltr'><strong>cum</strong></span> <span class='ocrx_word' id='word_1_12' title='bbox 1967 617 2135 688; x_wconf 79' lang='lat' dir='ltr'><strong>mine,</strong></span> <span class='ocrx_word' id='word_1_13' title='bbox 2157 633 2283 680; x_wconf 78' lang='lat' dir='ltr'><strong>eum</strong></span> <span class='ocrx_word' id='word_1_14' title='bbox 2307 637 2434 695; x_wconf 67' lang='lat' dir='ltr'><strong>rege</strong></span> <span class='ocrx_word' id='word_1_15' title='bbox 2454 633 2646 688; x_wconf 75' lang='lat' dir='ltr'><strong>nostro</strong></span> <span class='ocrx_word' id='word_1_16' title='bbox 2663 602 2732 686; x_wconf 69' lang='lat' dir='ltr'><strong>es</strong></span> <span class='ocrx_word' id='word_1_17' title='bbox 2751 602 2906 702; x_wconf 62' lang='lat' dir='ltr'><strong>sique</strong></span> <span class='ocrx_word' id='word_1_18' title='bbox 2933 632 3001 692; x_wconf 88' lang='lat' dir='ltr'><strong>ad</strong></span> <span class='ocrx_word' id='word_1_19' title='bbox 3024 634 3286 705; x_wconf 76' lang='lat' dir='ltr'><strong>judicium</strong></span> <span class='ocrx_word' id='word_1_20' title='bbox 3319 602 3432 695; x_wconf 85' lang='lat' dir='ltr'><strong>non</strong></span> 
     </span>
    </p>
   </div>
   <div class='ocr_carea' id='block_1_3' title="bbox 265 691 3545 795">
    <p class='ocr_par' dir='ltr' id='par_1_3' title="bbox 265 691 3545 795">
     <span class='ocr_line' id='line_1_3' title="bbox 265 691 3545 795; baseline 0.013 -47"><span class='ocrx_word' id='word_1_21' title='bbox 265 691 388 795; x_wconf 74' lang='lat' dir='ltr'><strong>ejus</strong></span> <span class='ocrx_word' id='word_1_22' title='bbox 440 695 752 756; x_wconf 76' lang='lat' dir='ltr'><strong>carnalibus</strong></span> <span class='ocrx_word' id='word_1_23' title='bbox 792 698 1086 795; x_wconf 67' lang='lat' dir='ltr'><strong>desideriis</strong></span> <span class='ocrx_word' id='word_1_24' title='bbox 1130 716 1242 756; x_wconf 89' lang='lat' dir='ltr'><strong>non</strong></span> <span class='ocrx_word' id='word_1_25' title='bbox 1289 705 1710 776; x_wconf 83' lang='lat' dir='ltr'><strong>acquiescimus,</strong></span> <span class='ocrx_word' id='word_1_26' title='bbox 1735 723 1862 769; x_wconf 75' lang='lat' dir='ltr'><strong>cum</strong></span> <span class='ocrx_word' id='word_1_27' title='bbox 1960 711 2200 778; x_wconf 71' lang='lat' dir='ltr'><strong>nimus,</strong></span> <span class='ocrx_word' id='word_1_28' title='bbox 2226 691 2658 784; x_wconf 35' lang='lat' dir='ltr'><strong>quodvnimirum</strong></span> <span class='ocrx_word' id='word_1_29' title='bbox 2693 691 3284 795; x_wconf 77' lang='lat' dir='ltr'><strong>conditio,</strong></span> <span class='ocrx_word' id='word_1_30' title='bbox 3319 691 3545 790; x_wconf 59' lang='lat' dir='ltr'><strong>wcau-</strong></span> 
     </span>
    </p>
   </div>
   <div class='ocr_carea' id='block_1_4' title="bbox 264 784 3547 895">
    <p class='ocr_par' dir='ltr' id='par_1_4' title="bbox 264 784 3547 895">
     <span class='ocr_line' id='line_1_4' title="bbox 264 784 3547 895; baseline 0.012 -55"><span class='ocrx_word' id='word_1_31' title='bbox 264 784 386 854; x_wconf 87' lang='lat' dir='ltr'><strong>ejus</strong></span> <span class='ocrx_word' id='word_1_32' title='bbox 442 788 742 859; x_wconf 86' lang='lat' dir='ltr'><strong>appetitum</strong></span> <span class='ocrx_word' id='word_1_33' title='bbox 783 788 1088 862; x_wconf 73' lang='lat' dir='ltr'><strong>frangimus</strong></span> <span class='ocrx_word' id='word_1_34' title='bbox 1106 833 1123 860; x_wconf 96' lang='lat'><strong>,</strong></span> <span class='ocrx_word' id='word_1_35' title='bbox 1146 793 1264 864; x_wconf 85' lang='lat' dir='ltr'><strong>ejus</strong></span> <span class='ocrx_word' id='word_1_36' title='bbox 1313 796 1686 854; x_wconf 68' lang='lat' dir='ltr'><strong>voluntatibus</strong></span> <span class='ocrx_word' id='word_1_37' title='bbox 1715 799 1864 860; x_wconf 79' lang='lat' dir='ltr'><strong>relu-</strong></span> <span class='ocrx_word' id='word_1_38' title='bbox 1963 818 2042 862; x_wconf 71' lang='lat' dir='ltr'><strong>sm</strong></span> <span class='ocrx_word' id='word_1_39' title='bbox 2076 803 2366 868; x_wconf 71' lang='lat' dir='ltr'><strong>inferiores</strong></span> <span class='ocrx_word' id='word_1_40' title='bbox 2391 810 2612 870; x_wconf 67' lang='lat' dir='ltr'><strong>exhibet</strong></span> <span class='ocrx_word' id='word_1_41' title='bbox 2629 853 2644 881; x_wconf 89' lang='lat'><strong>,</strong></span> <span class='ocrx_word' id='word_1_42' title='bbox 2671 816 2768 873; x_wconf 82' lang='lat' dir='ltr'><strong>sed</strong></span> <span class='ocrx_word' id='word_1_43' title='bbox 2789 784 3026 875; x_wconf 70' lang='lat' dir='ltr'><strong>fortasse</strong></span> <span class='ocrx_word' id='word_1_44' title='bbox 3049 784 3547 895; x_wconf 34' lang='lat' dir='ltr'><strong>{per—is</strong></span> 
     </span>
    </p>
   </div>
   <div class='ocr_carea' id='block_1_5' title="bbox 261 881 3546 982">
    <p class='ocr_par' dir='ltr' id='par_1_5' title="bbox 261 881 3546 982">
     <span class='ocr_line' id='line_1_5' title="bbox 261 881 3546 982; baseline 0.012 -48"><span class='ocrx_word' id='word_1_45' title='bbox 261 886 501 936; x_wconf 89' lang='lat' dir='ltr'><strong>ctamur.</strong></span> <span class='ocrx_word' id='word_1_46' title='bbox 555 881 688 957; x_wconf 80' lang='lat' dir='ltr'><strong>Quae</strong></span> <span class='ocrx_word' id='word_1_47' title='bbox 737 899 866 956; x_wconf 88' lang='lat' dir='ltr'><strong>ergo</strong></span> <span class='ocrx_word' id='word_1_48' title='bbox 919 895 1231 958; x_wconf 88' lang='lat' dir='ltr'><strong>contempta</strong></span> <span class='ocrx_word' id='word_1_49' title='bbox 1278 889 1344 944; x_wconf 89' lang='lat' dir='ltr'><strong>ad</strong></span> <span class='ocrx_word' id='word_1_50' title='bbox 1379 891 1574 948; x_wconf 88' lang='lat' dir='ltr'><strong>melius</strong></span> <span class='ocrx_word' id='word_1_51' title='bbox 1621 891 1861 960; x_wconf 81' lang='lat' dir='ltr'><strong>ducitur,</strong></span> <span class='ocrx_word' id='word_1_52' title='bbox 1963 895 2150 966; x_wconf 72' lang='lat' dir='ltr'><strong>culpas</strong></span> <span class='ocrx_word' id='word_1_53' title='bbox 2178 898 2579 970; x_wconf 80' lang='lat' dir='ltr'><strong>abscondimus,</strong></span> <span class='ocrx_word' id='word_1_54' title='bbox 2595 903 2710 975; x_wconf 86' lang='lat' dir='ltr'><strong>jam</strong></span> <span class='ocrx_word' id='word_1_55' title='bbox 2737 922 2905 977; x_wconf 76' lang='lat' dir='ltr'><strong>prava</strong></span> <span class='ocrx_word' id='word_1_56' title='bbox 2931 881 3546 982; x_wconf 45' lang='lat' dir='ltr'><strong>quaeliueexteriusde-</strong></span> 
     </span>
    </p>
   </div>
   <div class='ocr_carea' id='block_1_6' title="bbox 263 974 3547 1082">
    <p class='ocr_par' dir='ltr' id='par_1_6' title="bbox 263 974 3547 1082">
     <span class='ocr_line' id='line_1_6' title="bbox 263 974 3547 1082; baseline 0.013 -57"><span class='ocrx_word' id='word_1_57' title='bbox 263 974 421 1042; x_wconf 88' lang='lat' dir='ltr'><strong>quasi</strong></span> <span class='ocrx_word' id='word_1_58' title='bbox 455 989 552 1043; x_wconf 81' lang='lat' dir='ltr'><strong>per</strong></span> <span class='ocrx_word' id='word_1_59' title='bbox 571 975 754 1030; x_wconf 91' lang='lat' dir='ltr'><strong>odium</strong></span> <span class='ocrx_word' id='word_1_60' title='bbox 781 985 1015 1036; x_wconf 62' lang='lat' dir='ltr'><strong>iuuatur.</strong></span> <span class='ocrx_word' id='word_1_61' title='bbox 1049 977 1140 1036; x_wconf 87' lang='lat' dir='ltr'><strong>Sic</strong></span> <span class='ocrx_word' id='word_1_62' title='bbox 1159 980 1418 1038; x_wconf 83' lang='lat' dir='ltr'><strong>nimirum</strong></span> <span class='ocrx_word' id='word_1_63' title='bbox 1442 984 1702 1041; x_wconf 77' lang='lat' dir='ltr'><strong>exhibere</strong></span> <span class='ocrx_word' id='word_1_64' title='bbox 1735 999 1862 1055; x_wconf 84' lang='lat' dir='ltr'><strong>pre-</strong></span> <span class='ocrx_word' id='word_1_65' title='bbox 1964 987 2251 1048; x_wconf 90' lang='lat' dir='ltr'><strong>clinamus.</strong></span> <span class='ocrx_word' id='word_1_66' title='bbox 2277 993 2532 1067; x_wconf 76' lang='lat' dir='ltr'><strong>Nuuquid</strong></span> <span class='ocrx_word' id='word_1_67' title='bbox 2559 974 2628 1056; x_wconf 77' lang='lat' dir='ltr'><strong>ad</strong></span> <span class='ocrx_word' id='word_1_68' title='bbox 2647 974 2983 1058; x_wconf 69' lang='lat' dir='ltr'><strong>reddendam</strong></span> <span class='ocrx_word' id='word_1_69' title='bbox 3025 974 3294 1063; x_wconf 74' lang='lat' dir='ltr'><strong>rationem</strong></span> <span class='ocrx_word' id='word_1_70' title='bbox 3337 1010 3547 1082; x_wconf 71' lang='lat' dir='ltr'><strong>cogita-</strong></span> 
     </span>
    </p>
   </div>
   <div class='ocr_carea' id='block_1_7' title="bbox 259 1065 1858 1140">
    <p class='ocr_par' dir='ltr' id='par_1_7' title="bbox 259 1065 1858 1140">
     <span class='ocr_line' id='line_1_7' title="bbox 259 1065 1858 1140; baseline 0.009 -21"><span class='ocrx_word' id='word_1_71' title='bbox 259 1065 428 1119; x_wconf 81' lang='lat' dir='ltr'><strong>ximis</strong></span> <span class='ocrx_word' id='word_1_72' title='bbox 455 1067 657 1122; x_wconf 89' lang='lat' dir='ltr'><strong>nostris</strong></span> <span class='ocrx_word' id='word_1_73' title='bbox 677 1068 787 1122; x_wconf 90' lang='lat' dir='ltr'><strong>odii</strong></span> <span class='ocrx_word' id='word_1_74' title='bbox 814 1069 1195 1128; x_wconf 79' lang='lat' dir='ltr'><strong>discretionem</strong></span> <span class='ocrx_word' id='word_1_75' title='bbox 1217 1073 1498 1140; x_wconf 87' lang='lat' dir='ltr'><strong>debemus,</strong></span> <span class='ocrx_word' id='word_1_76' title='bbox 1525 1083 1582 1132; x_wconf 90' lang='lat' dir='ltr'><strong>ut</strong></span> <span class='ocrx_word' id='word_1_77' title='bbox 1615 1076 1669 1131; x_wconf 92' lang='lat' dir='ltr'><strong>in</strong></span> <span class='ocrx_word' id='word_1_78' title='bbox 1699 1077 1782 1132; x_wconf 89' lang='lat' dir='ltr'><strong>eis</strong></span> <span class='ocrx_word' id='word_1_79' title='bbox 1801 1084 1858 1133; x_wconf 90' lang='lat' dir='ltr'><strong>et</strong></span> 
     </span>
    </p>
   </div>
   <div class='ocr_carea' id='block_1_8' title="bbox 259 1155 1858 1240">
    <p class='ocr_par' dir='ltr' id='par_1_8' title="bbox 259 1155 1858 1240">
     <span class='ocr_line' id='line_1_8' title="bbox 259 1155 1858 1240; baseline 0.011 -30"><span class='ocrx_word' id='word_1_80' title='bbox 259 1155 575 1228; x_wconf 82' lang='lat' dir='ltr'><strong>diligamus,</strong></span> <span class='ocrx_word' id='word_1_81' title='bbox 600 1162 742 1230; x_wconf 84' lang='lat' dir='ltr'><strong>quod</strong></span> <span class='ocrx_word' id='word_1_82' title='bbox 766 1160 930 1229; x_wconf 86' lang='lat' dir='ltr'><strong>Deus,</strong></span> <span class='ocrx_word' id='word_1_83' title='bbox 946 1173 1000 1219; x_wconf 87' lang='lat' dir='ltr'><strong>et</strong></span> <span class='ocrx_word' id='word_1_84' title='bbox 1021 1165 1323 1223; x_wconf 86' lang='lat' dir='ltr'><strong>habeamus</strong></span> <span class='ocrx_word' id='word_1_85' title='bbox 1343 1169 1490 1234; x_wconf 91' lang='lat' dir='ltr'><strong>odio,</strong></span> <span class='ocrx_word' id='word_1_86' title='bbox 1517 1170 1660 1240; x_wconf 91' lang='lat' dir='ltr'><strong>quod</strong></span> <span class='ocrx_word' id='word_1_87' title='bbox 1685 1169 1740 1228; x_wconf 89' lang='lat' dir='ltr'><strong>in</strong></span> <span class='ocrx_word' id='word_1_88' title='bbox 1763 1169 1858 1227; x_wconf 89' lang='lat' dir='ltr'><strong>Dei</strong></span> 
     </span>
    </p>
   </div>
   <div class='ocr_carea' id='block_1_9' title="bbox 258 1250 956 1310">
    <p class='ocr_par' dir='ltr' id='par_1_9' title="bbox 258 1250 956 1310">
     <span class='ocr_line' id='line_1_9' title="bbox 258 1250 956 1310; baseline 0.009 -6"><span class='ocrx_word' id='word_1_89' title='bbox 258 1250 422 1306; x_wconf 88' lang='lat' dir='ltr'><strong>nobis</strong></span> <span class='ocrx_word' id='word_1_90' title='bbox 454 1251 647 1307; x_wconf 89' lang='lat' dir='ltr'><strong>itinere</strong></span> <span class='ocrx_word' id='word_1_91' title='bbox 667 1253 956 1310; x_wconf 90' lang='lat' dir='ltr'><strong>obsistunt.</strong></span> 
     </span>
    </p>
   </div>
   <div class='ocr_carea' id='block_1_10' title="bbox 330 1340 1856 1424">
    <p class='ocr_par' dir='ltr' id='par_1_10' title="bbox 330 1340 1856 1424">
     <span class='ocr_line' id='line_1_10' title="bbox 330 1340 1856 1424; baseline 0.01 -30"><span class='ocrx_word' id='word_1_92' title='bbox 330 1340 403 1395; x_wconf 89' lang='lat' dir='ltr'><strong>Et</strong></span> <span class='ocrx_word' id='word_1_93' title='bbox 426 1343 517 1414; x_wconf 88' lang='lat' dir='ltr'><strong>qui</strong></span> <span class='ocrx_word' id='word_1_94' title='bbox 539 1361 641 1398; x_wconf 89' lang='lat' dir='ltr'><strong>non</strong></span> <span class='ocrx_word' id='word_1_95' title='bbox 663 1345 864 1416; x_wconf 88' lang='lat' dir='ltr'><strong>bajulat</strong></span> <span class='ocrx_word' id='word_1_96' title='bbox 881 1364 1087 1402; x_wconf 88' lang='lat' dir='ltr'><strong>crucem</strong></span> <span class='ocrx_word' id='word_1_97' title='bbox 1107 1367 1278 1416; x_wconf 87' lang='lat' dir='ltr'><strong>suam,</strong></span> <span class='ocrx_word' id='word_1_98' title='bbox 1295 1360 1346 1407; x_wconf 87' lang='lat' dir='ltr'><strong>et</strong></span> <span class='ocrx_word' id='word_1_99' title='bbox 1361 1352 1498 1406; x_wconf 96' lang='lat' dir='ltr'><strong>venit</strong></span> <span class='ocrx_word' id='word_1_100' title='bbox 1519 1360 1635 1424; x_wconf 84' lang='lat' dir='ltr'><strong>post</strong></span> <span class='ocrx_word' id='word_1_101' title='bbox 1652 1370 1733 1408; x_wconf 90' lang='lat' dir='ltr'><strong>me</strong></span> <span class='ocrx_word' id='word_1_102' title='bbox 1751 1370 1856 1410; x_wconf 91' lang='lat' dir='ltr'><strong>non</strong></span> 
     </span>
    </p>
   </div>
   <div class='ocr_carea' id='block_1_11' title="bbox 253 1437 1856 1514">
    <p class='ocr_par' dir='ltr' id='par_1_11' title="bbox 253 1437 1856 1514">
     <span class='ocr_line' id='line_1_11' title="bbox 253 1437 1856 1514; baseline 0.009 -28"><span class='ocrx_word' id='word_1_103' title='bbox 253 1441 426 1504; x_wconf 83' lang='lat' dir='ltr'><strong>potest</strong></span> <span class='ocrx_word' id='word_1_104' title='bbox 453 1451 561 1489; x_wconf 85' lang='lat' dir='ltr'><strong>esse</strong></span> <span class='ocrx_word' id='word_1_105' title='bbox 583 1453 728 1492; x_wconf 85' lang='lat' dir='ltr'><strong>meus</strong></span> <span class='ocrx_word' id='word_1_106' title='bbox 763 1437 1074 1510; x_wconf 82' lang='lat' dir='ltr'><strong>discipulus.</strong></span> <span class='ocrx_word' id='word_1_107' title='bbox 1103 1440 1248 1497; x_wconf 79' lang='lat' dir='ltr'><strong>Crux</strong></span> <span class='ocrx_word' id='word_1_108' title='bbox 1278 1443 1478 1514; x_wconf 84' lang='lat' dir='ltr'><strong>quippe</strong></span> <span class='ocrx_word' id='word_1_109' title='bbox 1527 1459 1558 1497; x_wconf 91' lang='lat' dir='ltr'><strong>a</strong></span> <span class='ocrx_word' id='word_1_110' title='bbox 1610 1445 1856 1501; x_wconf 84' lang='lat' dir='ltr'><strong>cruciatu</strong></span> 
     </span>
    </p>
   </div>
   <div class='ocr_carea' id='block_1_12' title="bbox 256 1527 1826 1606">
    <p class='ocr_par' dir='ltr' id='par_1_12' title="bbox 256 1527 1826 1606">
     <span class='ocr_line' id='line_1_12' title="bbox 256 1527 1826 1606; baseline 0.01 -25"><span class='ocrx_word' id='word_1_111' title='bbox 256 1527 482 1595; x_wconf 88' lang='lat' dir='ltr'><strong>dicitur,</strong></span> <span class='ocrx_word' id='word_1_112' title='bbox 506 1539 560 1585; x_wconf 93' lang='lat' dir='ltr'><strong>et</strong></span> <span class='ocrx_word' id='word_1_113' title='bbox 594 1530 806 1587; x_wconf 91' lang='lat' dir='ltr'><strong>duobus</strong></span> <span class='ocrx_word' id='word_1_114' title='bbox 838 1535 1014 1590; x_wconf 88' lang='lat' dir='ltr'><strong>modis</strong></span> <span class='ocrx_word' id='word_1_115' title='bbox 1039 1550 1257 1592; x_wconf 89' lang='lat' dir='ltr'><strong>crucem</strong></span> <span class='ocrx_word' id='word_1_116' title='bbox 1290 1538 1502 1592; x_wconf 87' lang='lat' dir='ltr'><strong>Domini</strong></span> <span class='ocrx_word' id='word_1_117' title='bbox 1519 1535 1826 1606; x_wconf 87' lang='lat' dir='ltr'><strong>bajulamus</strong></span> 
     </span>
    </p>
   </div>
   <div class='ocr_carea' id='block_1_13' title="bbox 254 1624 1853 1699">
    <p class='ocr_par' dir='ltr' id='par_1_13' title="bbox 254 1624 1853 1699">
     <span class='ocr_line' id='line_1_13' title="bbox 254 1624 1853 1699; baseline 0.007 -26"><span class='ocrx_word' id='word_1_118' title='bbox 254 1634 382 1674; x_wconf 89' lang='lat' dir='ltr'><strong>cum</strong></span> <span class='ocrx_word' id='word_1_119' title='bbox 411 1628 505 1675; x_wconf 89' lang='lat' dir='ltr'><strong>aut</strong></span> <span class='ocrx_word' id='word_1_120' title='bbox 532 1637 629 1692; x_wconf 88' lang='lat' dir='ltr'><strong>per</strong></span> <span class='ocrx_word' id='word_1_121' title='bbox 649 1624 1037 1681; x_wconf 76' lang='lat' dir='ltr'><strong>abstinentiam</strong></span> <span class='ocrx_word' id='word_1_122' title='bbox 1067 1642 1286 1682; x_wconf 90' lang='lat' dir='ltr'><strong>carnem</strong></span> <span class='ocrx_word' id='word_1_123' title='bbox 1310 1627 1597 1694; x_wconf 76' lang='lat' dir='ltr'><strong>allicimus,</strong></span> <span class='ocrx_word' id='word_1_124' title='bbox 1626 1637 1721 1684; x_wconf 88' lang='lat' dir='ltr'><strong>aut</strong></span> <span class='ocrx_word' id='word_1_125' title='bbox 1753 1644 1853 1699; x_wconf 90' lang='lat' dir='ltr'><strong>per</strong></span> 
     </span>
    </p>
   </div>
   <div class='ocr_carea' id='block_1_14' title="bbox 255 1714 1851 1786">
    <p class='ocr_par' dir='ltr' id='par_1_14' title="bbox 255 1714 1851 1786">
     <span class='ocr_line' id='line_1_14' title="bbox 255 1714 1851 1786; baseline 0.005 -18"><span class='ocrx_word' id='word_1_126' title='bbox 255 1714 688 1783; x_wconf 88' lang='lat' dir='ltr'><strong>compassionem</strong></span> <span class='ocrx_word' id='word_1_127' title='bbox 718 1716 952 1786; x_wconf 85' lang='lat' dir='ltr'><strong>proximi</strong></span> <span class='ocrx_word' id='word_1_128' title='bbox 997 1719 1381 1775; x_wconf 87' lang='lat' dir='ltr'><strong>necessitatem</strong></span> <span class='ocrx_word' id='word_1_129' title='bbox 1422 1719 1566 1775; x_wconf 87' lang='lat' dir='ltr'><strong>illius</strong></span> <span class='ocrx_word' id='word_1_130' title='bbox 1604 1728 1851 1776; x_wconf 88' lang='lat' dir='ltr'><strong>nostram</strong></span> 
     </span>
    </p>
   </div>
   <div class='ocr_carea' id='block_1_15' title="bbox 253 1805 1848 1876">
    <p class='ocr_par' dir='ltr' id='par_1_15' title="bbox 253 1805 1848 1876">
     <span class='ocr_line' id='line_1_15' title="bbox 253 1805 1848 1876; baseline 0.009 -18"><span class='ocrx_word' id='word_1_131' title='bbox 253 1816 529 1876; x_wconf 88' lang='lat' dir='ltr'><strong>putamus.</strong></span> <span class='ocrx_word' id='word_1_132' title='bbox 557 1805 659 1874; x_wconf 86' lang='lat' dir='ltr'><strong>Qui</strong></span> <span class='ocrx_word' id='word_1_133' title='bbox 684 1808 830 1862; x_wconf 90' lang='lat' dir='ltr'><strong>enim</strong></span> <span class='ocrx_word' id='word_1_134' title='bbox 859 1809 1099 1865; x_wconf 88' lang='lat' dir='ltr'><strong>dolorem</strong></span> <span class='ocrx_word' id='word_1_135' title='bbox 1122 1813 1343 1868; x_wconf 82' lang='lat' dir='ltr'><strong>exhibet</strong></span> <span class='ocrx_word' id='word_1_136' title='bbox 1370 1813 1424 1870; x_wconf 92' lang='lat' dir='ltr'><strong>in</strong></span> <span class='ocrx_word' id='word_1_137' title='bbox 1454 1815 1630 1870; x_wconf 89' lang='lat' dir='ltr'><strong>aliena</strong></span> <span class='ocrx_word' id='word_1_138' title='bbox 1657 1829 1848 1876; x_wconf 85' lang='lat' dir='ltr'><strong>neces-</strong></span> 
     </span>
    </p>
   </div>
   <div class='ocr_carea' id='block_1_16' title="bbox 1963 1079 3545 1170">
    <p class='ocr_par' dir='ltr' id='par_1_16' title="bbox 1963 1079 3545 1170">
     <span class='ocr_line' id='line_1_16' title="bbox 1963 1079 3545 1170; baseline 0.015 -35"><span class='ocrx_word' id='word_1_139' title='bbox 1963 1079 2129 1140; x_wconf 82' lang='lat' dir='ltr'><strong>tionis</strong></span> <span class='ocrx_word' id='word_1_140' title='bbox 2165 1092 2373 1144; x_wconf 65' lang='lat' dir='ltr'><strong>nostra:</strong></span> <span class='ocrx_word' id='word_1_141' title='bbox 2416 1085 2747 1147; x_wconf 78' lang='lat' dir='ltr'><strong>suﬂicimus?</strong></span> <span class='ocrx_word' id='word_1_142' title='bbox 2791 1090 2930 1148; x_wconf 87' lang='lat' dir='ltr'><strong>Cum</strong></span> <span class='ocrx_word' id='word_1_143' title='bbox 2949 1093 3116 1164; x_wconf 80' lang='lat' dir='ltr'><strong>duplo</strong></span> <span class='ocrx_word' id='word_1_144' title='bbox 3133 1112 3270 1170; x_wconf 79' lang='lat' dir='ltr'><strong>ergo</strong></span> <span class='ocrx_word' id='word_1_145' title='bbox 3302 1079 3545 1158; x_wconf 73' lang='lat' dir='ltr'><strong>exercitu</strong></span> 
     </span>
    </p>
   </div>
   <div class='ocr_carea' id='block_1_17' title="bbox 1955 1175 3546 1263">
    <p class='ocr_par' dir='ltr' id='par_1_17' title="bbox 1955 1175 3546 1263">
     <span class='ocr_line' id='line_1_17' title="bbox 1955 1175 3546 1263; baseline 0.012 -32"><span class='ocrx_word' id='word_1_146' title='bbox 1955 1181 2152 1232; x_wconf 76' lang='lat' dir='ltr'><strong>contra</strong></span> <span class='ocrx_word' id='word_1_147' title='bbox 2171 1175 2429 1246; x_wconf 84' lang='lat' dir='ltr'><strong>simplum</strong></span> <span class='ocrx_word' id='word_1_148' title='bbox 2458 1179 2625 1243; x_wconf 89' lang='lat' dir='ltr'><strong>venit,</strong></span> <span class='ocrx_word' id='word_1_149' title='bbox 2643 1182 2735 1250; x_wconf 87' lang='lat' dir='ltr'><strong>qui</strong></span> <span class='ocrx_word' id='word_1_150' title='bbox 2758 1198 2859 1238; x_wconf 86' lang='lat' dir='ltr'><strong>nos</strong></span> <span class='ocrx_word' id='word_1_151' title='bbox 2886 1184 2976 1238; x_wconf 70' lang='lat' dir='ltr'><strong>vix</strong></span> <span class='ocrx_word' id='word_1_152' title='bbox 2999 1185 3056 1239; x_wconf 87' lang='lat' dir='ltr'><strong>in</strong></span> <span class='ocrx_word' id='word_1_153' title='bbox 3080 1187 3198 1243; x_wconf 73' lang='lat' dir='ltr'><strong>solo</strong></span> <span class='ocrx_word' id='word_1_154' title='bbox 3222 1204 3385 1258; x_wconf 85' lang='lat' dir='ltr'><strong>opere</strong></span> <span class='ocrx_word' id='word_1_155' title='bbox 3406 1208 3546 1263; x_wconf 70' lang='lat' dir='ltr'><strong>prae-</strong></span> 
     </span>
    </p>
   </div>
   <div class='ocr_carea' id='block_1_18' title="bbox 1959 1269 3550 1349">
    <p class='ocr_par' dir='ltr' id='par_1_18' title="bbox 1959 1269 3550 1349">
     <span class='ocr_line' id='line_1_18' title="bbox 1959 1269 3550 1349; baseline 0.013 -29"><span class='ocrx_word' id='word_1_156' title='bbox 1959 1275 2181 1336; x_wconf 83' lang='lat' dir='ltr'><strong>paratos</strong></span> <span class='ocrx_word' id='word_1_157' title='bbox 2214 1269 2376 1326; x_wconf 88' lang='lat' dir='ltr'><strong>simul</strong></span> <span class='ocrx_word' id='word_1_158' title='bbox 2412 1273 2480 1329; x_wconf 87' lang='lat' dir='ltr'><strong>de</strong></span> <span class='ocrx_word' id='word_1_159' title='bbox 2515 1288 2680 1343; x_wconf 88' lang='lat' dir='ltr'><strong>opere</strong></span> <span class='ocrx_word' id='word_1_160' title='bbox 2723 1283 2779 1332; x_wconf 87' lang='lat' dir='ltr'><strong>ct</strong></span> <span class='ocrx_word' id='word_1_161' title='bbox 2812 1276 3142 1349; x_wconf 82' lang='lat' dir='ltr'><strong>cogitatione</strong></span> <span class='ocrx_word' id='word_1_162' title='bbox 3193 1279 3433 1338; x_wconf 80' lang='lat' dir='ltr'><strong>discutit.</strong></span> <span class='ocrx_word' id='word_1_163' title='bbox 3477 1284 3550 1341; x_wconf 84' lang='lat' dir='ltr'><strong>Et</strong></span> 
     </span>
    </p>
   </div>
   <div class='ocr_carea' id='block_1_19' title="bbox 1952 1357 3545 1442">
    <p class='ocr_par' dir='ltr' id='par_1_19' title="bbox 1952 1357 3545 1442">
     <span class='ocr_line' id='line_1_19' title="bbox 1952 1357 3545 1442; baseline 0.01 -25"><span class='ocrx_word' id='word_1_164' title='bbox 1952 1357 2080 1417; x_wconf 78' lang='lat' dir='ltr'><strong>ideo</strong></span> <span class='ocrx_word' id='word_1_165' title='bbox 2103 1361 2230 1417; x_wconf 88' lang='lat' dir='ltr'><strong>dum</strong></span> <span class='ocrx_word' id='word_1_166' title='bbox 2259 1363 2433 1420; x_wconf 84' lang='lat' dir='ltr'><strong>adhuc</strong></span> <span class='ocrx_word' id='word_1_167' title='bbox 2453 1364 2614 1436; x_wconf 89' lang='lat' dir='ltr'><strong>longe</strong></span> <span class='ocrx_word' id='word_1_168' title='bbox 2638 1376 2743 1434; x_wconf 87' lang='lat' dir='ltr'><strong>est,</strong></span> <span class='ocrx_word' id='word_1_169' title='bbox 2769 1369 3096 1437; x_wconf 76' lang='lat' dir='ltr'><strong>legationem</strong></span> <span class='ocrx_word' id='word_1_170' title='bbox 3121 1372 3425 1442; x_wconf 76' lang='lat' dir='ltr'><strong>mittamus,</strong></span> <span class='ocrx_word' id='word_1_171' title='bbox 3454 1391 3545 1433; x_wconf 70' lang='grc' dir='ltr'><strong>ω-</strong></span> 
     </span>
    </p>
   </div>
   <div class='ocr_carea' id='block_1_20' title="bbox 1955 1445 3544 1536">
    <p class='ocr_par' dir='ltr' id='par_1_20' title="bbox 1955 1445 3544 1536">
     <span class='ocr_line' id='line_1_20' title="bbox 1955 1445 3544 1536; baseline 0.011 -30"><span class='ocrx_word' id='word_1_172' title='bbox 1955 1464 2148 1521; x_wconf 67' lang='lat' dir='ltr'><strong>gemus</strong></span> <span class='ocrx_word' id='word_1_173' title='bbox 2175 1468 2240 1509; x_wconf 89' lang='lat' dir='ltr'><strong>ea</strong></span> <span class='ocrx_word' id='word_1_174' title='bbox 2265 1469 2386 1524; x_wconf 76' lang='lat' dir='ltr'><strong>quae</strong></span> <span class='ocrx_word' id='word_1_175' title='bbox 2408 1445 2558 1526; x_wconf 72' lang='lat' dir='ltr'><strong>pacis</strong></span> <span class='ocrx_word' id='word_1_176' title='bbox 2595 1468 2743 1514; x_wconf 86' lang='lat' dir='ltr'><strong>sunt.</strong></span> <span class='ocrx_word' id='word_1_177' title='bbox 2773 1460 2958 1532; x_wconf 84' lang='lat' dir='ltr'><strong>Longe</strong></span> <span class='ocrx_word' id='word_1_178' title='bbox 2979 1463 3126 1518; x_wconf 77' lang='lat' dir='ltr'><strong>enim</strong></span> <span class='ocrx_word' id='word_1_179' title='bbox 3161 1478 3291 1521; x_wconf 83' lang='lat' dir='ltr'><strong>esse</strong></span> <span class='ocrx_word' id='word_1_180' title='bbox 3322 1465 3544 1536; x_wconf 76' lang='lat' dir='ltr'><strong>dicitur,</strong></span> 
     </span>
    </p>
   </div>
   <div class='ocr_carea' id='block_1_21' title="bbox 1953 1541 3545 1622">
    <p class='ocr_par' dir='ltr' id='par_1_21' title="bbox 1953 1541 3545 1622">
     <span class='ocr_line' id='line_1_21' title="bbox 1953 1541 3545 1622; baseline 0.01 -25"><span class='ocrx_word' id='word_1_181' title='bbox 1953 1541 2050 1611; x_wconf 76' lang='lat' dir='ltr'><strong>qui</strong></span> <span class='ocrx_word' id='word_1_182' title='bbox 2079 1544 2256 1600; x_wconf 85' lang='lat' dir='ltr'><strong>adhuc</strong></span> <span class='ocrx_word' id='word_1_183' title='bbox 2291 1560 2535 1615; x_wconf 60' lang='lat' dir='ltr'><strong>pasees</strong></span> <span class='ocrx_word' id='word_1_184' title='bbox 2565 1564 2664 1618; x_wconf 88' lang='lat' dir='ltr'><strong>per</strong></span> <span class='ocrx_word' id='word_1_185' title='bbox 2691 1551 2956 1622; x_wconf 80' lang='lat' dir='ltr'><strong>judicium</strong></span> <span class='ocrx_word' id='word_1_186' title='bbox 2983 1570 3092 1612; x_wconf 84' lang='lat' dir='ltr'><strong>non</strong></span> <span class='ocrx_word' id='word_1_187' title='bbox 3135 1554 3371 1613; x_wconf 84' lang='lat' dir='ltr'><strong>videtur.</strong></span> <span class='ocrx_word' id='word_1_188' title='bbox 3414 1555 3545 1613; x_wconf 74' lang='lat' dir='ltr'><strong>Mit-</strong></span> 
     </span>
    </p>
   </div>
   <div class='ocr_carea' id='block_1_22' title="bbox 1953 1635 3548 1712">
    <p class='ocr_par' dir='ltr' id='par_1_22' title="bbox 1953 1635 3548 1712">
     <span class='ocr_line' id='line_1_22' title="bbox 1953 1635 3548 1712; baseline 0.011 -22"><span class='ocrx_word' id='word_1_189' title='bbox 1953 1640 2134 1690; x_wconf 81' lang='lat' dir='ltr'><strong>tamus</strong></span> <span class='ocrx_word' id='word_1_190' title='bbox 2158 1635 2486 1706; x_wconf 74' lang='lat' dir='ltr'><strong>legationem</strong></span> <span class='ocrx_word' id='word_1_191' title='bbox 2511 1639 2778 1712; x_wconf 84' lang='lat' dir='ltr'><strong>lacrymas</strong></span> <span class='ocrx_word' id='word_1_192' title='bbox 2811 1645 3347 1709; x_wconf 72' lang='lat' dir='ltr'><strong>uostras,nittamus</strong></span> <span class='ocrx_word' id='word_1_193' title='bbox 3380 1646 3548 1706; x_wconf 59' lang='lat' dir='ltr'><strong>mlle-</strong></span> 
     </span>
    </p>
   </div>
   <div class='ocr_carea' id='block_1_23' title="bbox 1954 1724 3548 1813">
    <p class='ocr_par' dir='ltr' id='par_1_23' title="bbox 1954 1724 3548 1813">
     <span class='ocr_line' id='line_1_23' title="bbox 1954 1724 3548 1813; baseline 0.013 -33"><span class='ocrx_word' id='word_1_194' title='bbox 1954 1724 2204 1782; x_wconf 64' lang='lat' dir='ltr'><strong>ricordiae</strong></span> <span class='ocrx_word' id='word_1_195' title='bbox 2229 1741 2412 1798; x_wconf 81' lang='lat' dir='ltr'><strong>Opera,</strong></span> <span class='ocrx_word' id='word_1_196' title='bbox 2443 1742 2744 1790; x_wconf 84' lang='lat' dir='ltr'><strong>mactemus</strong></span> <span class='ocrx_word' id='word_1_197' title='bbox 2773 1736 2828 1790; x_wconf 83' lang='lat' dir='ltr'><strong>in</strong></span> <span class='ocrx_word' id='word_1_198' title='bbox 2866 1738 3105 1808; x_wconf 85' lang='lat' dir='ltr'><strong>ara&#39;ejus</strong></span> <span class='ocrx_word' id='word_1_199' title='bbox 3128 1741 3337 1798; x_wconf 75' lang='lat' dir='ltr'><strong>hostias</strong></span> <span class='ocrx_word' id='word_1_200' title='bbox 3361 1740 3548 1813; x_wconf 58' lang='lat' dir='ltr'><strong>plata-</strong></span> 
     </span>
    </p>
   </div>
   <div class='ocr_carea' id='block_1_24' title="bbox 1951 1815 3539 1904">
    <p class='ocr_par' dir='ltr' id='par_1_24' title="bbox 1951 1815 3539 1904">
     <span class='ocr_line' id='line_1_24' title="bbox 1951 1815 3539 1904; baseline 0.016 -31"><span class='ocrx_word' id='word_1_201' title='bbox 1951 1815 2134 1876; x_wconf 75' lang='lat' dir='ltr'><strong>tionis.</strong></span> <span class='ocrx_word' id='word_1_202' title='bbox 2161 1819 2287 1878; x_wconf 69' lang='lat' dir='ltr'><strong>Haec</strong></span> <span class='ocrx_word' id='word_1_203' title='bbox 2315 1831 2403 1878; x_wconf 89' lang='lat' dir='ltr'><strong>est</strong></span> <span class='ocrx_word' id='word_1_204' title='bbox 2421 1833 2608 1881; x_wconf 86' lang='lat' dir='ltr'><strong>nostra</strong></span> <span class='ocrx_word' id='word_1_205' title='bbox 2638 1826 2998 1900; x_wconf 66' lang='lat' dir='ltr'><strong>legatio,qu2</strong></span> <span class='ocrx_word' id='word_1_206' title='bbox 3023 1847 3208 1904; x_wconf 78' lang='lat' dir='ltr'><strong>regem</strong></span> <span class='ocrx_word' id='word_1_207' title='bbox 3235 1834 3539 1897; x_wconf 65' lang='lat' dir='ltr'><strong>venientem</strong></span> 
     </span>
    </p>
   </div>
   <div class='ocr_carea' id='block_1_25' title="bbox 251 1899 2152 1982">
    <p class='ocr_par' dir='ltr' id='par_1_25' title="bbox 251 1899 2152 1982">
     <span class='ocr_line' id='line_1_25' title="bbox 251 1899 2152 1982; baseline 0.005 -24"><span class='ocrx_word' id='word_1_208' title='bbox 251 1901 438 1968; x_wconf 88' lang='lat' dir='ltr'><strong>sitate,</strong></span> <span class='ocrx_word' id='word_1_209' title='bbox 468 1919 684 1958; x_wconf 85' lang='lat' dir='ltr'><strong>crucem</strong></span> <span class='ocrx_word' id='word_1_210' title='bbox 715 1913 897 1974; x_wconf 87' lang='lat' dir='ltr'><strong>portat</strong></span> <span class='ocrx_word' id='word_1_211' title='bbox 921 1906 974 1961; x_wconf 91' lang='lat' dir='ltr'><strong>in</strong></span> <span class='ocrx_word' id='word_1_212' title='bbox 997 1917 1198 1963; x_wconf 91' lang='lat' dir='ltr'><strong>mente.</strong></span> <span class='ocrx_word' id='word_1_213' title='bbox 1226 1907 1474 1977; x_wconf 80' lang='lat' dir='ltr'><strong>Bajulare</strong></span> <span class='ocrx_word' id='word_1_214' title='bbox 1499 1911 1701 1966; x_wconf 90' lang='lat' dir='ltr'><strong>etenim</strong></span> <span class='ocrx_word' id='word_1_215' title='bbox 1723 1928 1849 1970; x_wconf 86' lang='lat' dir='ltr'><strong>cru-</strong></span> <span class='ocrx_word' id='word_1_216' title='bbox 1875 1899 1924 1964; x_wconf 83' lang='grc' dir='ltr'><strong><em>Β</em></strong></span> <span class='ocrx_word' id='word_1_217' title='bbox 1951 1910 2152 1982; x_wconf 75' lang='lat' dir='ltr'><strong>placat.</strong></span> 
     </span>
    </p>
   </div>
   <div class='ocr_carea' id='block_1_26' title="bbox 250 1996 1847 2067">
    <p class='ocr_par' dir='ltr' id='par_1_26' title="bbox 250 1996 1847 2067">
     <span class='ocr_line' id='line_1_26' title="bbox 250 1996 1847 2067; baseline 0.005 -15"><span class='ocrx_word' id='word_1_218' title='bbox 250 2009 374 2052; x_wconf 90' lang='lat' dir='ltr'><strong>cem</strong></span> <span class='ocrx_word' id='word_1_219' title='bbox 399 2002 454 2048; x_wconf 92' lang='lat' dir='ltr'><strong>et</strong></span> <span class='ocrx_word' id='word_1_220' title='bbox 478 2004 600 2065; x_wconf 91' lang='lat' dir='ltr'><strong>post</strong></span> <span class='ocrx_word' id='word_1_221' title='bbox 638 1996 923 2054; x_wconf 90' lang='lat' dir='ltr'><strong>Dominum</strong></span> <span class='ocrx_word' id='word_1_222' title='bbox 959 2000 1063 2067; x_wconf 90' lang='lat' dir='ltr'><strong>ire,</strong></span> <span class='ocrx_word' id='word_1_223' title='bbox 1092 2008 1176 2056; x_wconf 88' lang='lat' dir='ltr'><strong>est</strong></span> <span class='ocrx_word' id='word_1_224' title='bbox 1219 2001 1304 2056; x_wconf 86' lang='lat' dir='ltr'><strong>vel</strong></span> <span class='ocrx_word' id='word_1_225' title='bbox 1350 2003 1533 2058; x_wconf 88' lang='lat' dir='ltr'><strong>carnis</strong></span> <span class='ocrx_word' id='word_1_226' title='bbox 1575 2004 1847 2060; x_wconf 83' lang='lat' dir='ltr'><strong>abstinen-</strong></span> 
     </span>
    </p>
   </div>
   <div class='ocr_carea' id='block_1_27' title="bbox 251 2088 1846 2163">
    <p class='ocr_par' dir='ltr' id='par_1_27' title="bbox 251 2088 1846 2163">
     <span class='ocr_line' id='line_1_27' title="bbox 251 2088 1846 2163; baseline 0.007 -22"><span class='ocrx_word' id='word_1_227' title='bbox 251 2089 406 2153; x_wconf 89' lang='lat' dir='ltr'><strong>tiam,</strong></span> <span class='ocrx_word' id='word_1_228' title='bbox 431 2088 517 2144; x_wconf 85' lang='lat' dir='ltr'><strong>vel</strong></span> <span class='ocrx_word' id='word_1_229' title='bbox 541 2093 971 2159; x_wconf 88' lang='lat' dir='ltr'><strong>compassionem</strong></span> <span class='ocrx_word' id='word_1_230' title='bbox 995 2095 1246 2163; x_wconf 78' lang='lat' dir='ltr'><strong>proximo</strong></span> <span class='ocrx_word' id='word_1_231' title='bbox 1269 2095 1449 2150; x_wconf 90' lang='lat' dir='ltr'><strong>studio</strong></span> <span class='ocrx_word' id='word_1_232' title='bbox 1495 2103 1714 2151; x_wconf 67' lang='lat' dir='ltr'><strong>mter-nte</strong></span> <span class='ocrx_word' id='word_1_233' title='bbox 1761 2097 1846 2152; x_wconf 87' lang='lat' dir='ltr'><strong>in-</strong></span> 
     </span>
    </p>
   </div>
   <div class='ocr_carea' id='block_1_28' title="bbox 248 2179 1844 2257">
    <p class='ocr_par' dir='ltr' id='par_1_28' title="bbox 248 2179 1844 2257">
     <span class='ocr_line' id='line_1_28' title="bbox 248 2179 1844 2257; baseline 0.004 -24"><span class='ocrx_word' id='word_1_234' title='bbox 248 2179 511 2235; x_wconf 88' lang='lat' dir='ltr'><strong>tentionis</strong></span> <span class='ocrx_word' id='word_1_235' title='bbox 537 2181 815 2236; x_wconf 79' lang='lat' dir='ltr'><strong>exhibere.</strong></span> <span class='ocrx_word' id='word_1_236' title='bbox 847 2182 981 2238; x_wconf 87' lang='lat' dir='ltr'><strong>Nam</strong></span> <span class='ocrx_word' id='word_1_237' title='bbox 1010 2184 1256 2254; x_wconf 88' lang='lat' dir='ltr'><strong>quisquis</strong></span> <span class='ocrx_word' id='word_1_238' title='bbox 1284 2186 1401 2241; x_wconf 61' lang='lat' dir='ltr'><strong>haec</strong></span> <span class='ocrx_word' id='word_1_239' title='bbox 1421 2201 1520 2255; x_wconf 92' lang='lat' dir='ltr'><strong>pro</strong></span> <span class='ocrx_word' id='word_1_240' title='bbox 1557 2186 1844 2257; x_wconf 87' lang='lat' dir='ltr'><strong>temporali</strong></span> 
     </span>
    </p>
   </div>
   <div class='ocr_carea' id='block_1_29' title="bbox 247 2268 1844 2348">
    <p class='ocr_par' dir='ltr' id='par_1_29' title="bbox 247 2268 1844 2348">
     <span class='ocr_line' id='line_1_29' title="bbox 247 2268 1844 2348; baseline 0.006 -24"><span class='ocrx_word' id='word_1_241' title='bbox 247 2268 554 2328; x_wconf 86' lang='lat' dir='ltr'><strong>intentione</strong></span> <span class='ocrx_word' id='word_1_242' title='bbox 574 2273 814 2339; x_wconf 80' lang='lat' dir='ltr'><strong>exhibet,</strong></span> <span class='ocrx_word' id='word_1_243' title='bbox 843 2289 1065 2330; x_wconf 90' lang='lat' dir='ltr'><strong>crucem</strong></span> <span class='ocrx_word' id='word_1_244' title='bbox 1096 2276 1316 2346; x_wconf 88' lang='lat' dir='ltr'><strong>quidem</strong></span> <span class='ocrx_word' id='word_1_245' title='bbox 1356 2277 1594 2348; x_wconf 86' lang='lat' dir='ltr'><strong>bajulat,</strong></span> <span class='ocrx_word' id='word_1_246' title='bbox 1624 2277 1720 2332; x_wconf 89' lang='lat' dir='ltr'><strong>sed</strong></span> <span class='ocrx_word' id='word_1_247' title='bbox 1759 2277 1844 2334; x_wconf 89' lang='lat' dir='ltr'><strong>ire</strong></span> 
     </span>
    </p>
   </div>
   <div class='ocr_carea' id='block_1_30' title="bbox 243 2363 1846 2439">
    <p class='ocr_par' dir='ltr' id='par_1_30' title="bbox 243 2363 1846 2439">
     <span class='ocr_line' id='line_1_30' title="bbox 243 2363 1846 2439; baseline 0.006 -23"><span class='ocrx_word' id='word_1_248' title='bbox 243 2371 373 2433; x_wconf 89' lang='lat' dir='ltr'><strong>post</strong></span> <span class='ocrx_word' id='word_1_249' title='bbox 399 2363 687 2418; x_wconf 89' lang='lat' dir='ltr'><strong>Dominum</strong></span> <span class='ocrx_word' id='word_1_250' title='bbox 710 2373 942 2420; x_wconf 87' lang='lat' dir='ltr'><strong>recusat.</strong></span> <span class='ocrx_word' id='word_1_251' title='bbox 970 2365 1107 2434; x_wconf 87' lang='lat' dir='ltr'><strong>Quia</strong></span> <span class='ocrx_word' id='word_1_252' title='bbox 1133 2382 1262 2422; x_wconf 85' lang='lat' dir='ltr'><strong>vero</strong></span> <span class='ocrx_word' id='word_1_253' title='bbox 1283 2368 1536 2424; x_wconf 82' lang='lat' dir='ltr'><strong>sublimia</strong></span> <span class='ocrx_word' id='word_1_254' title='bbox 1573 2377 1846 2439; x_wconf 69' lang='lat' dir='ltr'><strong>praecepta</strong></span> 
     </span>
    </p>
   </div>
   <div class='ocr_carea' id='block_1_31' title="bbox 245 2453 1844 2528">
    <p class='ocr_par' dir='ltr' id='par_1_31' title="bbox 245 2453 1844 2528">
     <span class='ocr_line' id='line_1_31' title="bbox 245 2453 1844 2528; baseline 0.004 -20"><span class='ocrx_word' id='word_1_255' title='bbox 245 2453 376 2508; x_wconf 89' lang='lat' dir='ltr'><strong>data</strong></span> <span class='ocrx_word' id='word_1_256' title='bbox 416 2463 560 2520; x_wconf 89' lang='lat' dir='ltr'><strong>sunt,</strong></span> <span class='ocrx_word' id='word_1_257' title='bbox 591 2457 837 2526; x_wconf 88' lang='lat' dir='ltr'><strong>protinus</strong></span> <span class='ocrx_word' id='word_1_258' title='bbox 859 2459 1193 2528; x_wconf 87' lang='lat' dir='ltr'><strong>comparatio</strong></span> <span class='ocrx_word' id='word_1_259' title='bbox 1235 2459 1568 2515; x_wconf 57' lang='lat' dir='ltr'><strong>aediﬁcanda:</strong></span> <span class='ocrx_word' id='word_1_260' title='bbox 1601 2459 1844 2516; x_wconf 88' lang='lat' dir='ltr'><strong>sublimi-</strong></span> 
     </span>
    </p>
   </div>
   <div class='ocr_carea' id='block_1_32' title="bbox 246 2545 1161 2618">
    <p class='ocr_par' dir='ltr' id='par_1_32' title="bbox 246 2545 1161 2618">
     <span class='ocr_line' id='line_1_32' title="bbox 246 2545 1161 2618; baseline 0.004 -19"><span class='ocrx_word' id='word_1_261' title='bbox 246 2545 381 2601; x_wconf 87' lang='lat' dir='ltr'><strong>tatis</strong></span> <span class='ocrx_word' id='word_1_262' title='bbox 410 2545 748 2618; x_wconf 87' lang='lat' dir='ltr'><strong>adjungitur,</strong></span> <span class='ocrx_word' id='word_1_263' title='bbox 777 2564 901 2604; x_wconf 90' lang='lat' dir='ltr'><strong>cum</strong></span> <span class='ocrx_word' id='word_1_264' title='bbox 924 2549 1124 2604; x_wconf 87' lang='lat' dir='ltr'><strong>dicitur</strong></span> <span class='ocrx_word' id='word_1_265' title='bbox 1150 2567 1161 2603; x_wconf 77' lang='grc' dir='ltr'>ε</span> 
     </span>
    </p>
   </div>
   <div class='ocr_carea' id='block_1_33' title="bbox 324 2635 1841 2711">
    <p class='ocr_par' dir='ltr' id='par_1_33' title="bbox 324 2635 1841 2711">
     <span class='ocr_line' id='line_1_33' title="bbox 324 2635 1841 2711; baseline 0.007 -22"><span class='ocrx_word' id='word_1_266' title='bbox 324 2635 456 2702; x_wconf 81' lang='lat' dir='ltr'><strong>Quis</strong></span> <span class='ocrx_word' id='word_1_267' title='bbox 483 2639 621 2692; x_wconf 90' lang='lat' dir='ltr'><strong>enim</strong></span> <span class='ocrx_word' id='word_1_268' title='bbox 656 2655 721 2694; x_wconf 80' lang='lat' dir='ltr'><strong>ea:</strong></span> <span class='ocrx_word' id='word_1_269' title='bbox 758 2640 901 2694; x_wconf 82' lang='lat' dir='ltr'><strong>vobis</strong></span> <span class='ocrx_word' id='word_1_270' title='bbox 933 2639 1108 2695; x_wconf 74' lang='lat' dir='ltr'><strong>volens</strong></span> <span class='ocrx_word' id='word_1_271' title='bbox 1135 2649 1335 2696; x_wconf 88' lang='lat' dir='ltr'><strong>turrem</strong></span> <span class='ocrx_word' id='word_1_272' title='bbox 1357 2641 1639 2711; x_wconf 75' lang='lat' dir='ltr'><strong>wdiﬁcare,</strong></span> <span class='ocrx_word' id='word_1_273' title='bbox 1673 2659 1841 2700; x_wconf 81' lang='lat' dir='ltr'><strong>nonne</strong></span> 
     </span>
    </p>
   </div>
   <div class='ocr_carea' id='block_1_34' title="bbox 242 2728 1836 2806">
    <p class='ocr_par' dir='ltr' id='par_1_34' title="bbox 242 2728 1836 2806">
     <span class='ocr_line' id='line_1_34' title="bbox 242 2728 1836 2806; baseline 0.006 -24"><span class='ocrx_word' id='word_1_274' title='bbox 242 2728 393 2799; x_wconf 84' lang='lat' dir='ltr'><strong>prius</strong></span> <span class='ocrx_word' id='word_1_275' title='bbox 431 2730 612 2785; x_wconf 88' lang='lat' dir='ltr'><strong>sedens</strong></span> <span class='ocrx_word' id='word_1_276' title='bbox 657 2743 920 2802; x_wconf 79' lang='lat' dir='ltr'><strong>computat</strong></span> <span class='ocrx_word' id='word_1_277' title='bbox 958 2746 1196 2804; x_wconf 84' lang='lat' dir='ltr'><strong>sumptus</strong></span> <span class='ocrx_word' id='word_1_278' title='bbox 1233 2737 1323 2806; x_wconf 86' lang='lat' dir='ltr'><strong>qui</strong></span> <span class='ocrx_word' id='word_1_279' title='bbox 1363 2738 1642 2791; x_wconf 78' lang='lat' dir='ltr'><strong>necessarii</strong></span> <span class='ocrx_word' id='word_1_280' title='bbox 1681 2748 1836 2806; x_wconf 79' lang='lat' dir='ltr'><strong>sunt,</strong></span> 
     </span>
    </p>
   </div>
   <div class='ocr_carea' id='block_1_35' title="bbox 243 2817 1842 2904">
    <p class='ocr_par' dir='ltr' id='par_1_35' title="bbox 243 2817 1842 2904">
     <span class='ocr_line' id='line_1_35' title="bbox 243 2817 1842 2904; baseline 0.009 -33"><span class='ocrx_word' id='word_1_281' title='bbox 243 2817 290 2872; x_wconf 84' lang='lat' dir='ltr'><strong>si</strong></span> <span class='ocrx_word' id='word_1_282' title='bbox 323 2818 511 2873; x_wconf 81' lang='lat' dir='ltr'><strong>habeat</strong></span> <span class='ocrx_word' id='word_1_283' title='bbox 534 2821 604 2874; x_wconf 86' lang='lat' dir='ltr'><strong>ad</strong></span> <span class='ocrx_word' id='word_1_284' title='bbox 635 2824 1053 2892; x_wconf 82' lang='lat' dir='ltr'><strong>perﬁciendum?</strong></span> <span class='ocrx_word' id='word_1_285' title='bbox 1081 2824 1253 2881; x_wconf 90' lang='lat' dir='ltr'><strong>Omne</strong></span> <span class='ocrx_word' id='word_1_286' title='bbox 1281 2828 1424 2896; x_wconf 90' lang='lat' dir='ltr'><strong>quod</strong></span> <span class='ocrx_word' id='word_1_287' title='bbox 1450 2829 1681 2898; x_wconf 82' lang='lat' dir='ltr'><strong>agimus,</strong></span> <span class='ocrx_word' id='word_1_288' title='bbox 1705 2845 1842 2904; x_wconf 77' lang='lat' dir='ltr'><strong>prae-</strong></span> 
     </span>
    </p>
   </div>
   <div class='ocr_carea' id='block_1_36' title="bbox 244 2911 1840 2986">
    <p class='ocr_par' dir='ltr' id='par_1_36' title="bbox 244 2911 1840 2986">
     <span class='ocr_line' id='line_1_36' title="bbox 244 2911 1840 2986; baseline 0.006 -20"><span class='ocrx_word' id='word_1_289' title='bbox 244 2911 433 2967; x_wconf 81' lang='lat' dir='ltr'><strong>venire</strong></span> <span class='ocrx_word' id='word_1_290' title='bbox 462 2927 560 2986; x_wconf 80' lang='lat' dir='ltr'><strong>per</strong></span> <span class='ocrx_word' id='word_1_291' title='bbox 589 2914 827 2968; x_wconf 89' lang='lat' dir='ltr'><strong>studium</strong></span> <span class='ocrx_word' id='word_1_292' title='bbox 871 2916 1324 2973; x_wconf 88' lang='lat' dir='ltr'><strong>considerationis</strong></span> <span class='ocrx_word' id='word_1_293' title='bbox 1371 2919 1647 2974; x_wconf 91' lang='lat' dir='ltr'><strong>debemus.</strong></span> <span class='ocrx_word' id='word_1_294' title='bbox 1699 2920 1840 2975; x_wconf 88' lang='lat' dir='ltr'><strong>Ecce</strong></span> 
     </span>
    </p>
   </div>
   <div class='ocr_carea' id='block_1_37' title="bbox 243 3002 1838 3094">
    <p class='ocr_par' dir='ltr' id='par_1_37' title="bbox 243 3002 1838 3094">
     <span class='ocr_line' id='line_1_37' title="bbox 243 3002 1838 3094; baseline 0.006 -36"><span class='ocrx_word' id='word_1_295' title='bbox 243 3002 391 3058; x_wconf 88' lang='lat' dir='ltr'><strong>enim</strong></span> <span class='ocrx_word' id='word_1_296' title='bbox 436 3002 591 3073; x_wconf 77' lang='lat' dir='ltr'><strong>juxta</strong></span> <span class='ocrx_word' id='word_1_297' title='bbox 621 3002 884 3062; x_wconf 76' lang='lat' dir='ltr'><strong>Veritatis</strong></span> <span class='ocrx_word' id='word_1_298' title='bbox 929 3023 1140 3064; x_wconf 85' lang='lat' dir='ltr'><strong>vocem.</strong></span> <span class='ocrx_word' id='word_1_299' title='bbox 1191 3010 1293 3077; x_wconf 85' lang='lat' dir='ltr'><strong>Qui</strong></span> <span class='ocrx_word' id='word_1_300' title='bbox 1342 3020 1549 3066; x_wconf 87' lang='lat' dir='ltr'><strong>turrem</strong></span> <span class='ocrx_word' id='word_1_301' title='bbox 1605 3012 1838 3094; x_wconf 68' lang='lat' dir='ltr'><strong>aedificat</strong></span> 
     </span>
    </p>
   </div>
   <div class='ocr_carea' id='block_1_38' title="bbox 243 3095 1837 3177">
    <p class='ocr_par' dir='ltr' id='par_1_38' title="bbox 243 3095 1837 3177">
     <span class='ocr_line' id='line_1_38' title="bbox 243 3095 1837 3177; baseline 0.009 -28"><span class='ocrx_word' id='word_1_302' title='bbox 243 3095 398 3168; x_wconf 90' lang='lat' dir='ltr'><strong>prius</strong></span> <span class='ocrx_word' id='word_1_303' title='bbox 425 3097 639 3154; x_wconf 75' lang='lat' dir='ltr'><strong>aedilicii</strong></span> <span class='ocrx_word' id='word_1_304' title='bbox 681 3113 932 3172; x_wconf 85' lang='lat' dir='ltr'><strong>sumptus</strong></span> <span class='ocrx_word' id='word_1_305' title='bbox 969 3115 1146 3174; x_wconf 88' lang='lat' dir='ltr'><strong>parat.</strong></span> <span class='ocrx_word' id='word_1_306' title='bbox 1197 3104 1256 3160; x_wconf 88' lang='lat' dir='ltr'><strong>Si</strong></span> <span class='ocrx_word' id='word_1_307' title='bbox 1309 3106 1472 3177; x_wconf 89' lang='lat' dir='ltr'><strong>igitur</strong></span> <span class='ocrx_word' id='word_1_308' title='bbox 1515 3106 1837 3163; x_wconf 87' lang='lat' dir='ltr'><strong>humilitatis</strong></span> 
     </span>
    </p>
   </div>
   <div class='ocr_carea' id='block_1_39' title="bbox 243 3195 1837 3268">
    <p class='ocr_par' dir='ltr' id='par_1_39' title="bbox 243 3195 1837 3268">
     <span class='ocr_line' id='line_1_39' title="bbox 243 3195 1837 3268; baseline 0.006 -26"><span class='ocrx_word' id='word_1_309' title='bbox 243 3195 456 3244; x_wconf 84' lang='lat' dir='ltr'><strong>turrem</strong></span> <span class='ocrx_word' id='word_1_310' title='bbox 512 3199 830 3248; x_wconf 87' lang='lat' dir='ltr'><strong>construere</strong></span> <span class='ocrx_word' id='word_1_311' title='bbox 875 3195 1152 3265; x_wconf 89' lang='lat' dir='ltr'><strong>cupimus,</strong></span> <span class='ocrx_word' id='word_1_312' title='bbox 1182 3196 1334 3267; x_wconf 89' lang='lat' dir='ltr'><strong>prius</strong></span> <span class='ocrx_word' id='word_1_313' title='bbox 1384 3213 1482 3251; x_wconf 89' lang='lat' dir='ltr'><strong>nos</strong></span> <span class='ocrx_word' id='word_1_314' title='bbox 1527 3211 1837 3268; x_wconf 84' lang='lat' dir='ltr'><strong>praeparare</strong></span> 
     </span>
    </p>
   </div>
   <div class='ocr_carea' id='block_1_40' title="bbox 242 3284 1837 3356">
    <p class='ocr_par' dir='ltr' id='par_1_40' title="bbox 242 3284 1837 3356">
     <span class='ocr_line' id='line_1_40' title="bbox 242 3284 1837 3356; baseline 0.004 -18"><span class='ocrx_word' id='word_1_315' title='bbox 242 3291 437 3338; x_wconf 89' lang='lat' dir='ltr'><strong>contra</strong></span> <span class='ocrx_word' id='word_1_316' title='bbox 464 3284 696 3341; x_wconf 85' lang='lat' dir='ltr'><strong>adversa</strong></span> <span class='ocrx_word' id='word_1_317' title='bbox 725 3286 886 3356; x_wconf 87' lang='lat' dir='ltr'><strong>hujus</strong></span> <span class='ocrx_word' id='word_1_318' title='bbox 915 3289 1100 3344; x_wconf 71' lang='lat' dir='ltr'><strong>saeculi</strong></span> <span class='ocrx_word' id='word_1_319' title='bbox 1129 3290 1406 3344; x_wconf 85' lang='lat' dir='ltr'><strong>debemus.</strong></span> <span class='ocrx_word' id='word_1_320' title='bbox 1438 3289 1553 3345; x_wconf 79' lang='lat' dir='ltr'><strong>Hoc</strong></span> <span class='ocrx_word' id='word_1_321' title='bbox 1573 3291 1717 3344; x_wconf 90' lang='lat' dir='ltr'><strong>enim</strong></span> <span class='ocrx_word' id='word_1_322' title='bbox 1749 3290 1837 3346; x_wconf 88' lang='lat' dir='ltr'><strong>in-</strong></span> 
     </span>
    </p>
   </div>
   <div class='ocr_carea' id='block_1_41' title="bbox 236 3379 1840 3453">
    <p class='ocr_par' dir='ltr' id='par_1_41' title="bbox 236 3379 1840 3453">
     <span class='ocr_line' id='line_1_41' title="bbox 236 3379 1840 3453; baseline 0.005 -25"><span class='ocrx_word' id='word_1_323' title='bbox 236 3379 332 3429; x_wconf 87' lang='lat' dir='ltr'><strong>ter</strong></span> <span class='ocrx_word' id='word_1_324' title='bbox 361 3383 638 3432; x_wconf 91' lang='lat' dir='ltr'><strong>terrenum</strong></span> <span class='ocrx_word' id='word_1_325' title='bbox 670 3387 726 3434; x_wconf 91' lang='lat' dir='ltr'><strong>et</strong></span> <span class='ocrx_word' id='word_1_326' title='bbox 750 3379 973 3436; x_wconf 63' lang='lat' dir='ltr'><strong>caeleste</strong></span> <span class='ocrx_word' id='word_1_327' title='bbox 1002 3379 1288 3437; x_wconf 64' lang='lat' dir='ltr'><strong>aediﬁcium</strong></span> <span class='ocrx_word' id='word_1_328' title='bbox 1321 3383 1506 3448; x_wconf 85' lang='lat' dir='ltr'><strong>distat,</strong></span> <span class='ocrx_word' id='word_1_329' title='bbox 1540 3382 1683 3453; x_wconf 90' lang='lat' dir='ltr'><strong>quod</strong></span> <span class='ocrx_word' id='word_1_330' title='bbox 1727 3390 1840 3438; x_wconf 87' lang='lat' dir='ltr'><strong>ter-</strong></span> 
     </span>
    </p>
   </div>
   <div class='ocr_carea' id='block_1_42' title="bbox 240 3467 1837 3546">
    <p class='ocr_par' dir='ltr' id='par_1_42' title="bbox 240 3467 1837 3546">
     <span class='ocr_line' id='line_1_42' title="bbox 240 3467 1837 3546; baseline 0.006 -26"><span class='ocrx_word' id='word_1_331' title='bbox 240 3478 440 3521; x_wconf 82' lang='lat' dir='ltr'><strong>renum</strong></span> <span class='ocrx_word' id='word_1_332' title='bbox 471 3467 762 3525; x_wconf 72' lang='lat' dir='ltr'><strong>aedilicium</strong></span> <span class='ocrx_word' id='word_1_333' title='bbox 813 3486 1081 3542; x_wconf 84' lang='lat' dir='ltr'><strong>expensas</strong></span> <span class='ocrx_word' id='word_1_334' title='bbox 1134 3473 1436 3546; x_wconf 89' lang='lat' dir='ltr'><strong>colligendo</strong></span> <span class='ocrx_word' id='word_1_335' title='bbox 1478 3475 1837 3542; x_wconf 88' lang='lat' dir='ltr'><strong>construitur,</strong></span> 
     </span>
    </p>
   </div>
   <div class='ocr_carea' id='block_1_43' title="bbox 241 3557 1840 3636">
    <p class='ocr_par' dir='ltr' id='par_1_43' title="bbox 241 3557 1840 3636">
     <span class='ocr_line' id='line_1_43' title="bbox 241 3557 1840 3636; baseline 0.005 -23"><span class='ocrx_word' id='word_1_336' title='bbox 241 3557 470 3614; x_wconf 72' lang='lat' dir='ltr'><strong>cmleste</strong></span> <span class='ocrx_word' id='word_1_337' title='bbox 509 3569 691 3615; x_wconf 89' lang='lat' dir='ltr'><strong>autem</strong></span> <span class='ocrx_word' id='word_1_338' title='bbox 720 3562 1008 3618; x_wconf 68' lang='lat' dir='ltr'><strong>aedilicium</strong></span> <span class='ocrx_word' id='word_1_339' title='bbox 1049 3579 1316 3635; x_wconf 80' lang='lat' dir='ltr'><strong>expensas</strong></span> <span class='ocrx_word' id='word_1_340' title='bbox 1362 3564 1722 3636; x_wconf 86' lang='lat' dir='ltr'><strong>dispergendo</strong></span> <span class='ocrx_word' id='word_1_341' title='bbox 1771 3566 1840 3621; x_wconf 90' lang='lat' dir='ltr'><strong>ad</strong></span> 
     </span>
    </p>
   </div>
   <div class='ocr_carea' id='block_1_44' title="bbox 242 3650 1843 3727">
    <p class='ocr_par' dir='ltr' id='par_1_44' title="bbox 242 3650 1843 3727">
     <span class='ocr_line' id='line_1_44' title="bbox 242 3650 1843 3727; baseline 0.004 -20"><span class='ocrx_word' id='word_1_342' title='bbox 242 3650 378 3707; x_wconf 83' lang='lat' dir='ltr'><strong>Illud</strong></span> <span class='ocrx_word' id='word_1_343' title='bbox 425 3660 673 3723; x_wconf 90' lang='lat' dir='ltr'><strong>sumptus</strong></span> <span class='ocrx_word' id='word_1_344' title='bbox 707 3653 953 3723; x_wconf 86' lang='lat' dir='ltr'><strong>facimus,</strong></span> <span class='ocrx_word' id='word_1_345' title='bbox 983 3656 1030 3710; x_wconf 89' lang='lat' dir='ltr'><strong>si</strong></span> <span class='ocrx_word' id='word_1_346' title='bbox 1061 3673 1167 3712; x_wconf 91' lang='lat' dir='ltr'><strong>non</strong></span> <span class='ocrx_word' id='word_1_347' title='bbox 1189 3656 1372 3711; x_wconf 85' lang='lat' dir='ltr'><strong>habita</strong></span> <span class='ocrx_word' id='word_1_348' title='bbox 1400 3656 1734 3727; x_wconf 84' lang='lat' dir='ltr'><strong>colligamus.</strong></span> <span class='ocrx_word' id='word_1_349' title='bbox 1757 3655 1843 3714; x_wconf 77' lang='lat' dir='ltr'><strong>Ad</strong></span> 
     </span>
    </p>
   </div>
   <div class='ocr_carea' id='block_1_45' title="bbox 239 3743 1836 3820">
    <p class='ocr_par' dir='ltr' id='par_1_45' title="bbox 239 3743 1836 3820">
     <span class='ocr_line' id='line_1_45' title="bbox 239 3743 1836 3820; baseline 0.004 -23"><span class='ocrx_word' id='word_1_350' title='bbox 239 3743 390 3798; x_wconf 74' lang='lat' dir='ltr'><strong>istud</strong></span> <span class='ocrx_word' id='word_1_351' title='bbox 422 3752 668 3814; x_wconf 90' lang='lat' dir='ltr'><strong>sumptus</strong></span> <span class='ocrx_word' id='word_1_352' title='bbox 711 3745 978 3812; x_wconf 87' lang='lat' dir='ltr'><strong>facimus,</strong></span> <span class='ocrx_word' id='word_1_353' title='bbox 1023 3748 1069 3804; x_wconf 91' lang='lat' dir='ltr'><strong>si</strong></span> <span class='ocrx_word' id='word_1_354' title='bbox 1118 3757 1173 3804; x_wconf 90' lang='lat' dir='ltr'><strong>et</strong></span> <span class='ocrx_word' id='word_1_355' title='bbox 1203 3749 1398 3804; x_wconf 68' lang='lat' dir='ltr'><strong>habita</strong></span> <span class='ocrx_word' id='word_1_356' title='bbox 1445 3748 1836 3820; x_wconf 87' lang='lat' dir='ltr'><strong>relinquamus.</strong></span> 
     </span>
    </p>
   </div>
   <div class='ocr_carea' id='block_1_46' title="bbox 233 3829 1313 3912">
    <p class='ocr_par' dir='ltr' id='par_1_46' title="bbox 233 3829 1313 3912">
     <span class='ocr_line' id='line_1_46' title="bbox 233 3829 1313 3912; baseline 0.004 -22"><span class='ocrx_word' id='word_1_357' title='bbox 233 3829 712 3891; x_wconf 84' lang='lat' dir='ltr'><strong>Considerandum</strong></span> <span class='ocrx_word' id='word_1_358' title='bbox 737 3852 868 3894; x_wconf 84' lang='lat' dir='ltr'><strong>vero</strong></span> <span class='ocrx_word' id='word_1_359' title='bbox 904 3839 1047 3912; x_wconf 87' lang='lat' dir='ltr'><strong>quod</strong></span> <span class='ocrx_word' id='word_1_360' title='bbox 1076 3839 1276 3896; x_wconf 87' lang='lat' dir='ltr'><strong>dicitur</strong></span> <span class='ocrx_word' id='word_1_361' title='bbox 1301 3859 1313 3894; x_wconf 95' lang='lat'>:</span> 
     </span>
    </p>
   </div>
   <div class='ocr_carea' id='block_1_47' title="bbox 319 3925 1840 4004">
    <p class='ocr_par' dir='ltr' id='par_1_47' title="bbox 319 3925 1840 4004">
     <span class='ocr_line' id='line_1_47' title="bbox 319 3925 1840 4004; baseline 0.005 -25"><span class='ocrx_word' id='word_1_362' title='bbox 319 3925 404 3980; x_wconf 89' lang='lat' dir='ltr'><strong>Ne</strong></span> <span class='ocrx_word' id='word_1_363' title='bbox 429 3935 767 4000; x_wconf 83' lang='lat' dir='ltr'><strong>posteaquam</strong></span> <span class='ocrx_word' id='word_1_364' title='bbox 797 3931 1027 4001; x_wconf 82' lang='lat' dir='ltr'><strong>posuerit</strong></span> <span class='ocrx_word' id='word_1_365' title='bbox 1050 3930 1474 4001; x_wconf 78' lang='lat' dir='ltr'><strong>fundamentum,</strong></span> <span class='ocrx_word' id='word_1_366' title='bbox 1503 3941 1551 3986; x_wconf 92' lang='lat' dir='ltr'><strong>et</strong></span> <span class='ocrx_word' id='word_1_367' title='bbox 1601 3947 1704 3986; x_wconf 86' lang='lat' dir='ltr'><strong>non</strong></span> <span class='ocrx_word' id='word_1_368' title='bbox 1744 3947 1840 4004; x_wconf 86' lang='lat' dir='ltr'><strong>po-</strong></span> 
     </span>
    </p>
   </div>
   <div class='ocr_carea' id='block_1_48' title="bbox 242 4018 1840 4093">
    <p class='ocr_par' dir='ltr' id='par_1_48' title="bbox 242 4018 1840 4093">
     <span class='ocr_line' id='line_1_48' title="bbox 242 4018 1840 4093; baseline 0.005 -21"><span class='ocrx_word' id='word_1_369' title='bbox 242 4018 366 4073; x_wconf 88' lang='lat' dir='ltr'><strong>terit</strong></span> <span class='ocrx_word' id='word_1_370' title='bbox 392 4019 658 4088; x_wconf 83' lang='lat' dir='ltr'><strong>perﬁcere,</strong></span> <span class='ocrx_word' id='word_1_371' title='bbox 688 4037 864 4075; x_wconf 86' lang='lat' dir='ltr'><strong>omnes</strong></span> <span class='ocrx_word' id='word_1_372' title='bbox 894 4022 983 4092; x_wconf 86' lang='lat' dir='ltr'><strong>qui</strong></span> <span class='ocrx_word' id='word_1_373' title='bbox 1028 4022 1282 4089; x_wconf 84' lang='lat' dir='ltr'><strong>viderint,</strong></span> <span class='ocrx_word' id='word_1_374' title='bbox 1321 4023 1574 4093; x_wconf 87' lang='lat' dir='ltr'><strong>incipiant</strong></span> <span class='ocrx_word' id='word_1_375' title='bbox 1617 4022 1840 4080; x_wconf 83' lang='lat' dir='ltr'><strong>illudere</strong></span> 
     </span>
    </p>
   </div>
   <div class='ocr_carea' id='block_1_49' title="bbox 241 4110 1840 4187">
    <p class='ocr_par' dir='ltr' id='par_1_49' title="bbox 241 4110 1840 4187">
     <span class='ocr_line' id='line_1_49' title="bbox 241 4110 1840 4187; baseline 0.003 -21"><span class='ocrx_word' id='word_1_376' title='bbox 241 4113 314 4174; x_wconf 87' lang='lat' dir='ltr'><strong>ei,</strong></span> <span class='ocrx_word' id='word_1_377' title='bbox 351 4110 578 4169; x_wconf 84' lang='lat' dir='ltr'><strong>dicentes</strong></span> <span class='ocrx_word' id='word_1_378' title='bbox 609 4126 627 4164; x_wconf 92' lang='lat'><strong><em>:</em></strong></span> <span class='ocrx_word' id='word_1_379' title='bbox 661 4111 802 4178; x_wconf 81' lang='lat' dir='ltr'><strong>Quia</strong></span> <span class='ocrx_word' id='word_1_380' title='bbox 839 4114 923 4167; x_wconf 81' lang='lat' dir='ltr'><strong>hic</strong></span> <span class='ocrx_word' id='word_1_381' title='bbox 955 4115 1108 4168; x_wconf 86' lang='lat' dir='ltr'><strong>homo</strong></span> <span class='ocrx_word' id='word_1_382' title='bbox 1144 4116 1293 4187; x_wconf 67' lang='lat' dir='ltr'><strong>erepit</strong></span> <span class='ocrx_word' id='word_1_383' title='bbox 1338 4115 1602 4184; x_wconf 72' lang='lat' dir='ltr'><strong>(edi/icore</strong></span> <span class='ocrx_word' id='word_1_384' title='bbox 1643 4126 1690 4170; x_wconf 86' lang='lat' dir='ltr'><strong>et</strong></span> <span class='ocrx_word' id='word_1_385' title='bbox 1733 4132 1840 4171; x_wconf 83' lang='lat' dir='ltr'><strong>non</strong></span> 
     </span>
    </p>
   </div>
   <div class='ocr_carea' id='block_1_50' title="bbox 241 4207 1838 4290">
    <p class='ocr_par' dir='ltr' id='par_1_50' title="bbox 241 4207 1838 4290">
     <span class='ocr_line' id='line_1_50' title="bbox 241 4207 1838 4290; baseline 0.005 -31"><span class='ocrx_word' id='word_1_386' title='bbox 241 4207 414 4277; x_wconf 84' lang='lat' dir='ltr'><strong>potuit</strong></span> <span class='ocrx_word' id='word_1_387' title='bbox 448 4223 830 4264; x_wconf 85' lang='lat' dir='ltr'><strong>consummare.</strong></span> <span class='ocrx_word' id='word_1_388' title='bbox 860 4207 996 4277; x_wconf 87' lang='lat' dir='ltr'><strong>Quia</strong></span> <span class='ocrx_word' id='word_1_389' title='bbox 1018 4209 1172 4282; x_wconf 77' lang='lat' dir='ltr'><strong>juxta</strong></span> <span class='ocrx_word' id='word_1_390' title='bbox 1210 4210 1361 4266; x_wconf 87' lang='lat' dir='ltr'><strong>Pauli</strong></span> <span class='ocrx_word' id='word_1_391' title='bbox 1391 4227 1575 4267; x_wconf 79' lang='lat' dir='ltr'><strong>vocem</strong></span> <span class='ocrx_word' id='word_1_392' title='bbox 1621 4218 1838 4290; x_wconf 50' lang='lat' dir='ltr'><strong>specta-5</strong></span> 
     </span>
    </p>
   </div>
   <div class='ocr_carea' id='block_1_51' title="bbox 242 4298 1840 4375">
    <p class='ocr_par' dir='ltr' id='par_1_51' title="bbox 242 4298 1840 4375">
     <span class='ocr_line' id='line_1_51' title="bbox 242 4298 1840 4375; baseline 0.004 -21"><span class='ocrx_word' id='word_1_393' title='bbox 242 4298 430 4354; x_wconf 89' lang='lat' dir='ltr'><strong>culum</strong></span> <span class='ocrx_word' id='word_1_394' title='bbox 459 4298 586 4355; x_wconf 84' lang='lat' dir='ltr'><strong>facti</strong></span> <span class='ocrx_word' id='word_1_395' title='bbox 627 4315 815 4356; x_wconf 88' lang='lat' dir='ltr'><strong>sumus</strong></span> <span class='ocrx_word' id='word_1_396' title='bbox 860 4303 1084 4369; x_wconf 85' lang='lat' dir='ltr'><strong>mundo,</strong></span> <span class='ocrx_word' id='word_1_397' title='bbox 1111 4302 1317 4375; x_wconf 87' lang='lat' dir='ltr'><strong>angelis</strong></span> <span class='ocrx_word' id='word_1_398' title='bbox 1347 4310 1401 4358; x_wconf 90' lang='lat' dir='ltr'><strong>et</strong></span> <span class='ocrx_word' id='word_1_399' title='bbox 1419 4301 1760 4370; x_wconf 86' lang='lat' dir='ltr'><strong>hominibus,</strong></span> <span class='ocrx_word' id='word_1_400' title='bbox 1783 4309 1840 4359; x_wconf 70' lang='lat' dir='ltr'><strong>et</strong></span> 
     </span>
    </p>
   </div>
   <div class='ocr_carea' id='block_1_52' title="bbox 240 4390 1838 4466">
    <p class='ocr_par' dir='ltr' id='par_1_52' title="bbox 240 4390 1838 4466">
     <span class='ocr_line' id='line_1_52' title="bbox 240 4390 1838 4466; baseline 0.003 -19"><span class='ocrx_word' id='word_1_401' title='bbox 240 4390 302 4447; x_wconf 85' lang='lat' dir='ltr'><strong>in</strong></span> <span class='ocrx_word' id='word_1_402' title='bbox 335 4391 485 4446; x_wconf 89' lang='lat' dir='ltr'><strong>omni</strong></span> <span class='ocrx_word' id='word_1_403' title='bbox 511 4406 576 4448; x_wconf 89' lang='lat' dir='ltr'><strong>eo</strong></span> <span class='ocrx_word' id='word_1_404' title='bbox 608 4394 752 4463; x_wconf 90' lang='lat' dir='ltr'><strong>quod</strong></span> <span class='ocrx_word' id='word_1_405' title='bbox 779 4395 992 4466; x_wconf 84' lang='lat' dir='ltr'><strong>agimus</strong></span> <span class='ocrx_word' id='word_1_406' title='bbox 1012 4436 1026 4461; x_wconf 93' lang='lat'><strong>,</strong></span> <span class='ocrx_word' id='word_1_407' title='bbox 1052 4395 1405 4451; x_wconf 81' lang='lat' dir='ltr'><strong>considerare</strong></span> <span class='ocrx_word' id='word_1_408' title='bbox 1450 4395 1694 4451; x_wconf 89' lang='lat' dir='ltr'><strong>occultos</strong></span> <span class='ocrx_word' id='word_1_409' title='bbox 1741 4395 1838 4451; x_wconf 91' lang='lat' dir='ltr'><strong>ad-</strong></span> 
     </span>
    </p>
   </div>
   <div class='ocr_carea' id='block_1_53' title="bbox 239 4483 1837 4558">
    <p class='ocr_par' dir='ltr' id='par_1_53' title="bbox 239 4483 1837 4558">
     <span class='ocr_line' id='line_1_53' title="bbox 239 4483 1837 4558; baseline 0.004 -22"><span class='ocrx_word' id='word_1_410' title='bbox 239 4483 521 4538; x_wconf 74' lang='lat' dir='ltr'><strong>versarios</strong></span> <span class='ocrx_word' id='word_1_411' title='bbox 547 4493 762 4541; x_wconf 89' lang='lat' dir='ltr'><strong>nostros</strong></span> <span class='ocrx_word' id='word_1_412' title='bbox 799 4486 1079 4553; x_wconf 84' lang='lat' dir='ltr'><strong>debemus,</strong></span> <span class='ocrx_word' id='word_1_413' title='bbox 1116 4486 1210 4558; x_wconf 90' lang='lat' dir='ltr'><strong>qui</strong></span> <span class='ocrx_word' id='word_1_414' title='bbox 1235 4500 1450 4557; x_wconf 85' lang='lat' dir='ltr'><strong>semper</strong></span> <span class='ocrx_word' id='word_1_415' title='bbox 1473 4486 1682 4542; x_wconf 79' lang='lat' dir='ltr'><strong>nostris</strong></span> <span class='ocrx_word' id='word_1_416' title='bbox 1709 4501 1837 4557; x_wconf 88' lang='lat' dir='ltr'><strong>ope-</strong></span> 
     </span>
    </p>
   </div>
   <div class='ocr_carea' id='block_1_54' title="bbox 239 4577 1836 4652">
    <p class='ocr_par' dir='ltr' id='par_1_54' title="bbox 239 4577 1836 4652">
     <span class='ocr_line' id='line_1_54' title="bbox 239 4577 1836 4652; baseline 0.002 -20"><span class='ocrx_word' id='word_1_417' title='bbox 239 4577 402 4632; x_wconf 79' lang='lat' dir='ltr'><strong>ribus</strong></span> <span class='ocrx_word' id='word_1_418' title='bbox 424 4578 736 4646; x_wconf 82' lang='lat' dir='ltr'><strong>intendunt,</strong></span> <span class='ocrx_word' id='word_1_419' title='bbox 761 4595 975 4650; x_wconf 87' lang='lat' dir='ltr'><strong>semper</strong></span> <span class='ocrx_word' id='word_1_420' title='bbox 997 4593 1068 4635; x_wconf 82' lang='lat' dir='ltr'><strong>ex</strong></span> <span class='ocrx_word' id='word_1_421' title='bbox 1097 4587 1284 4636; x_wconf 88' lang='lat' dir='ltr'><strong>nostro</strong></span> <span class='ocrx_word' id='word_1_422' title='bbox 1312 4579 1522 4635; x_wconf 81' lang='lat' dir='ltr'><strong>defectu</strong></span> <span class='ocrx_word' id='word_1_423' title='bbox 1560 4579 1836 4652; x_wconf 82' lang='lat' dir='ltr'><strong>gratulan-</strong></span> 
     </span>
    </p>
   </div>
   <div class='ocr_carea' id='block_1_55' title="bbox 1859 4621 1913 4685">
    <p class='ocr_par' dir='ltr' id='par_1_55' title="bbox 1859 4621 1913 4685">
     <span class='ocr_line' id='line_1_55' title="bbox 1859 4621 1913 4685; baseline 0 0"><span class='ocrx_word' id='word_1_424' title='bbox 1859 4621 1913 4685; x_wconf 84' lang='lat' dir='ltr'><strong>D</strong></span> 
     </span>
    </p>
   </div>
   <div class='ocr_carea' id='block_1_56' title="bbox 2023 2003 3544 2094">
    <p class='ocr_par' dir='ltr' id='par_1_56' title="bbox 2023 2003 3544 2094">
     <span class='ocr_line' id='line_1_56' title="bbox 2023 2003 3544 2094; baseline 0.011 -34"><span class='ocrx_word' id='word_1_425' title='bbox 2023 2003 2116 2060; x_wconf 84' lang='lat' dir='ltr'><strong>Sic</strong></span> <span class='ocrx_word' id='word_1_426' title='bbox 2141 2009 2309 2062; x_wconf 71' lang='lat' dir='ltr'><strong>munis</strong></span> <span class='ocrx_word' id='word_1_427' title='bbox 2329 2027 2396 2064; x_wconf 78' lang='lat' dir='ltr'><strong>ea:</strong></span> <span class='ocrx_word' id='word_1_428' title='bbox 2419 2013 2582 2078; x_wconf 81' lang='lat' dir='ltr'><strong>vobis,</strong></span> <span class='ocrx_word' id='word_1_429' title='bbox 2613 2016 2704 2085; x_wconf 78' lang='lat' dir='ltr'><strong>qui</strong></span> <span class='ocrx_word' id='word_1_430' title='bbox 2725 2030 2829 2070; x_wconf 77' lang='lat' dir='ltr'><strong>non</strong></span> <span class='ocrx_word' id='word_1_431' title='bbox 2856 2019 3124 2072; x_wconf 81' lang='lat' dir='ltr'><strong>renuntiat</strong></span> <span class='ocrx_word' id='word_1_432' title='bbox 3153 2019 3395 2076; x_wconf 85' lang='lat' dir='ltr'><strong>omnibus</strong></span> <span class='ocrx_word' id='word_1_433' title='bbox 3423 2035 3544 2094; x_wconf 78' lang='lat' dir='ltr'><strong>qnw</strong></span> 
     </span>
    </p>
   </div>
   <div class='ocr_carea' id='block_1_57' title="bbox 1949 2095 3548 2178">
    <p class='ocr_par' dir='ltr' id='par_1_57' title="bbox 1949 2095 3548 2178">
     <span class='ocr_line' id='line_1_57' title="bbox 1949 2095 3548 2178; baseline 0.013 -34"><span class='ocrx_word' id='word_1_434' title='bbox 1949 2095 2201 2162; x_wconf 81' lang='lat' dir='ltr'><strong>possidet,</strong></span> <span class='ocrx_word' id='word_1_435' title='bbox 2226 2113 2329 2151; x_wconf 89' lang='lat' dir='ltr'><strong>non</strong></span> <span class='ocrx_word' id='word_1_436' title='bbox 2358 2109 2522 2169; x_wconf 77' lang='lat' dir='ltr'><strong>potest</strong></span> <span class='ocrx_word' id='word_1_437' title='bbox 2550 2119 2660 2157; x_wconf 78' lang='lat' dir='ltr'><strong>esse</strong></span> <span class='ocrx_word' id='word_1_438' title='bbox 2683 2119 2832 2160; x_wconf 70' lang='lat' dir='ltr'><strong>mm</strong></span> <span class='ocrx_word' id='word_1_439' title='bbox 2863 2105 3174 2178; x_wconf 70' lang='lat' dir='ltr'><strong>discipulus.</strong></span> <span class='ocrx_word' id='word_1_440' title='bbox 3218 2109 3548 2166; x_wconf 74' lang='lat' dir='ltr'><strong>Manifestis-</strong></span> 
     </span>
    </p>
   </div>
   <div class='ocr_carea' id='block_1_58' title="bbox 1943 2183 3598 2270">
    <p class='ocr_par' dir='ltr' id='par_1_58' title="bbox 1943 2183 3598 2270">
     <span class='ocr_line' id='line_1_58' title="bbox 1943 2183 3598 2270; baseline 0.01 -31"><span class='ocrx_word' id='word_1_441' title='bbox 1943 2183 2368 2245; x_wconf 79' lang='lat' dir='ltr'><strong>simeDominus</strong></span> <span class='ocrx_word' id='word_1_442' title='bbox 2425 2191 2528 2247; x_wconf 83' lang='lat' dir='ltr'><strong>hac</strong></span> <span class='ocrx_word' id='word_1_443' title='bbox 2551 2195 2900 2254; x_wconf 71' lang='lat' dir='ltr'><strong>conducione</strong></span> <span class='ocrx_word' id='word_1_444' title='bbox 2934 2197 3116 2268; x_wconf 88' lang='lat' dir='ltr'><strong>doeet,</strong></span> <span class='ocrx_word' id='word_1_445' title='bbox 3140 2201 3270 2270; x_wconf 88' lang='lat' dir='ltr'><strong>quid</strong></span> <span class='ocrx_word' id='word_1_446' title='bbox 3309 2202 3383 2257; x_wconf 86' lang='lat' dir='ltr'><strong>sit</strong></span> <span class='ocrx_word' id='word_1_447' title='bbox 3409 2199 3550 2258; x_wconf 72' lang='lat' dir='ltr'><strong>aedl-</strong></span> <span class='ocrx_word' id='word_1_448' title='bbox 3587 2207 3598 2213; x_wconf 81' lang='lat'>‘</span> 
     </span>
    </p>
   </div>
   <div class='ocr_carea' id='block_1_59' title="bbox 1945 2273 3540 2366">
    <p class='ocr_par' dir='ltr' id='par_1_59' title="bbox 1945 2273 3540 2366">
     <span class='ocr_line' id='line_1_59' title="bbox 1945 2273 3540 2366; baseline 0.014 -36"><span class='ocrx_word' id='word_1_449' title='bbox 1945 2273 2115 2332; x_wconf 73' lang='lat' dir='ltr'><strong>licere</strong></span> <span class='ocrx_word' id='word_1_450' title='bbox 2140 2286 2369 2346; x_wconf 81' lang='lat' dir='ltr'><strong>turrem,</strong></span> <span class='ocrx_word' id='word_1_451' title='bbox 2401 2284 2486 2338; x_wconf 85' lang='lat' dir='ltr'><strong>vel</strong></span> <span class='ocrx_word' id='word_1_452' title='bbox 2527 2301 2648 2341; x_wconf 84' lang='lat' dir='ltr'><strong>cum</strong></span> <span class='ocrx_word' id='word_1_453' title='bbox 2680 2302 2808 2360; x_wconf 86' lang='lat' dir='ltr'><strong>rege</strong></span> <span class='ocrx_word' id='word_1_454' title='bbox 2835 2289 3063 2348; x_wconf 77' lang='lat' dir='ltr'><strong>fortiore</strong></span> <span class='ocrx_word' id='word_1_455' title='bbox 3092 2292 3277 2350; x_wconf 81' lang='lat' dir='ltr'><strong>facere</strong></span> <span class='ocrx_word' id='word_1_456' title='bbox 3317 2310 3540 2366; x_wconf 86' lang='lat' dir='ltr'><strong>pacem,</strong></span> 
     </span>
    </p>
   </div>
   <div class='ocr_carea' id='block_1_60' title="bbox 1947 2372 3538 2456">
    <p class='ocr_par' dir='ltr' id='par_1_60' title="bbox 1947 2372 3538 2456">
     <span class='ocr_line' id='line_1_60' title="bbox 1947 2372 3538 2456; baseline 0.015 -34"><span class='ocrx_word' id='word_1_457' title='bbox 1947 2382 2108 2423; x_wconf 82' lang='lat' dir='ltr'><strong>sun</strong></span> <span class='ocrx_word' id='word_1_458' title='bbox 2146 2372 2399 2428; x_wconf 74' lang='lat' dir='ltr'><strong>videlicet</strong></span> <span class='ocrx_word' id='word_1_459' title='bbox 2437 2391 2559 2432; x_wconf 87' lang='lat' dir='ltr'><strong>esse</strong></span> <span class='ocrx_word' id='word_1_460' title='bbox 2597 2379 2944 2451; x_wconf 84' lang='lat' dir='ltr'><strong>discipulum,</strong></span> <span class='ocrx_word' id='word_1_461' title='bbox 2992 2399 3303 2456; x_wconf 69' lang='lat' dir='ltr'><strong>praeparare</strong></span> <span class='ocrx_word' id='word_1_462' title='bbox 3350 2398 3538 2448; x_wconf 83' lang='lat' dir='ltr'><strong>autem</strong></span> 
     </span>
    </p>
   </div>
   <div class='ocr_carea' id='block_1_61' title="bbox 1947 2464 3543 2550">
    <p class='ocr_par' dir='ltr' id='par_1_61' title="bbox 1947 2464 3543 2550">
     <span class='ocr_line' id='line_1_61' title="bbox 1947 2464 3543 2550; baseline 0.014 -36"><span class='ocrx_word' id='word_1_463' title='bbox 1947 2470 2196 2532; x_wconf 74' lang='lat' dir='ltr'><strong>stunptns</strong></span> <span class='ocrx_word' id='word_1_464' title='bbox 2215 2464 2286 2518; x_wconf 81' lang='lat' dir='ltr'><strong>ad</strong></span> <span class='ocrx_word' id='word_1_465' title='bbox 2308 2465 2688 2534; x_wconf 73' lang='lat' dir='ltr'><strong>perﬁciendam</strong></span> <span class='ocrx_word' id='word_1_466' title='bbox 2713 2480 2951 2541; x_wconf 74' lang='lat' dir='ltr'><strong>turrem,</strong></span> <span class='ocrx_word' id='word_1_467' title='bbox 2991 2481 3049 2529; x_wconf 83' lang='lat' dir='ltr'><strong>et</strong></span> <span class='ocrx_word' id='word_1_468' title='bbox 3073 2477 3290 2533; x_wconf 84' lang='lat' dir='ltr'><strong>mittere</strong></span> <span class='ocrx_word' id='word_1_469' title='bbox 3315 2477 3543 2550; x_wconf 83' lang='lat' dir='ltr'><strong>legatio-</strong></span> 
     </span>
    </p>
   </div>
   <div class='ocr_carea' id='block_1_62' title="bbox 1939 2555 3537 2640">
    <p class='ocr_par' dir='ltr' id='par_1_62' title="bbox 1939 2555 3537 2640">
     <span class='ocr_line' id='line_1_62' title="bbox 1939 2555 3537 2640; baseline 0.013 -34"><span class='ocrx_word' id='word_1_470' title='bbox 1939 2567 2074 2608; x_wconf 65' lang='lat' dir='ltr'><strong>nem</strong></span> <span class='ocrx_word' id='word_1_471' title='bbox 2105 2555 2173 2608; x_wconf 85' lang='lat' dir='ltr'><strong>ad</strong></span> <span class='ocrx_word' id='word_1_472' title='bbox 2201 2555 2596 2625; x_wconf 67' lang='lat' dir='ltr'><strong>impetrandam</strong></span> <span class='ocrx_word' id='word_1_473' title='bbox 2621 2575 2830 2630; x_wconf 86' lang='lat' dir='ltr'><strong>pacem,</strong></span> <span class='ocrx_word' id='word_1_474' title='bbox 2856 2577 2965 2620; x_wconf 82' lang='lat' dir='ltr'><strong>non</strong></span> <span class='ocrx_word' id='word_1_475' title='bbox 3009 2579 3132 2621; x_wconf 83' lang='lat' dir='ltr'><strong>esse</strong></span> <span class='ocrx_word' id='word_1_476' title='bbox 3169 2567 3319 2623; x_wconf 86' lang='lat' dir='ltr'><strong>aliud</strong></span> <span class='ocrx_word' id='word_1_477' title='bbox 3372 2584 3537 2640; x_wconf 84' lang='lat' dir='ltr'><strong>quam</strong></span> 
     </span>
    </p>
   </div>
   <div class='ocr_carea' id='block_1_63' title="bbox 1941 2646 3543 2722">
    <p class='ocr_par' dir='ltr' id='par_1_63' title="bbox 1941 2646 3543 2722">
     <span class='ocr_line' id='line_1_63' title="bbox 1941 2646 3543 2722; baseline 0.012 -26"><span class='ocrx_word' id='word_1_478' title='bbox 1941 2646 2261 2699; x_wconf 68' lang='lat' dir='ltr'><strong>renuntiare</strong></span> <span class='ocrx_word' id='word_1_479' title='bbox 2277 2649 2538 2704; x_wconf 64' lang='lat' dir='ltr'><strong>omnibus</strong></span> <span class='ocrx_word' id='word_1_480' title='bbox 2561 2665 2681 2720; x_wconf 64' lang='lat' dir='ltr'><strong>quae</strong></span> <span class='ocrx_word' id='word_1_481' title='bbox 2726 2653 2986 2722; x_wconf 81' lang='lat' dir='ltr'><strong>possidet.</strong></span> <span class='ocrx_word' id='word_1_482' title='bbox 3029 2655 3210 2711; x_wconf 79' lang='lat' dir='ltr'><strong>Distat</strong></span> <span class='ocrx_word' id='word_1_483' title='bbox 3239 2672 3371 2714; x_wconf 81' lang='lat' dir='ltr'><strong>sane</strong></span> <span class='ocrx_word' id='word_1_484' title='bbox 3399 2659 3543 2716; x_wconf 79' lang='lat' dir='ltr'><strong>inter</strong></span> 
     </span>
    </p>
   </div>
   <div class='ocr_carea' id='block_1_64' title="bbox 1937 2737 3665 2815">
    <p class='ocr_par' dir='ltr' id='par_1_64' title="bbox 1937 2737 3665 2815">
     <span class='ocr_line' id='line_1_64' title="bbox 1937 2737 3665 2815; baseline 0.013 -28"><span class='ocrx_word' id='word_1_485' title='bbox 1937 2737 2257 2791; x_wconf 69' lang='lat' dir='ltr'><strong>renuntias</strong></span> <span class='ocrx_word' id='word_1_486' title='bbox 2284 2739 2538 2796; x_wconf 70' lang='lat' dir='ltr'><strong>omnibus</strong></span> <span class='ocrx_word' id='word_1_487' title='bbox 2561 2750 2624 2796; x_wconf 77' lang='lat' dir='ltr'><strong>et</strong></span> <span class='ocrx_word' id='word_1_488' title='bbox 2653 2744 2968 2815; x_wconf 70' lang='lat' dir='ltr'><strong>relinquere</strong></span> <span class='ocrx_word' id='word_1_489' title='bbox 2992 2748 3204 2802; x_wconf 83' lang='lat' dir='ltr'><strong>omnia.</strong></span> <span class='ocrx_word' id='word_1_490' title='bbox 3231 2747 3541 2807; x_wconf 76' lang='lat' dir='ltr'><strong>Paucorum</strong></span> <span class='ocrx_word' id='word_1_491' title='bbox 3643 2788 3665 2802; x_wconf 56' lang='grc' dir='ltr'><strong>κ</strong></span> 
     </span>
    </p>
   </div>
   <div class='ocr_carea' id='block_1_65' title="bbox 1935 2829 3542 2910">
    <p class='ocr_par' dir='ltr' id='par_1_65' title="bbox 1935 2829 3542 2910">
     <span class='ocr_line' id='line_1_65' title="bbox 1935 2829 3542 2910; baseline 0.011 -24"><span class='ocrx_word' id='word_1_492' title='bbox 1935 2829 2091 2882; x_wconf 71' lang='lat' dir='ltr'><strong>enim</strong></span> <span class='ocrx_word' id='word_1_493' title='bbox 2137 2830 2617 2905; x_wconf 63' lang='lat' dir='ltr'><strong>perfecturum</strong></span> <span class='ocrx_word' id='word_1_494' title='bbox 2663 2845 2749 2893; x_wconf 82' lang='lat' dir='ltr'><strong>est</strong></span> <span class='ocrx_word' id='word_1_495' title='bbox 2792 2839 3101 2910; x_wconf 76' lang='lat' dir='ltr'><strong>relinquere</strong></span> <span class='ocrx_word' id='word_1_496' title='bbox 3149 2843 3542 2907; x_wconf 79' lang='lat' dir='ltr'><strong>omuia,curas</strong></span> 
     </span>
    </p>
   </div>
   <div class='ocr_carea' id='block_1_66' title="bbox 1939 2919 3536 2994">
    <p class='ocr_par' dir='ltr' id='par_1_66' title="bbox 1939 2919 3536 2994">
     <span class='ocr_line' id='line_1_66' title="bbox 1939 2919 3536 2994; baseline 0.014 -25"><span class='ocrx_word' id='word_1_497' title='bbox 1939 2919 2130 2972; x_wconf 64' lang='lat' dir='ltr'><strong>tutudi</strong></span> <span class='ocrx_word' id='word_1_498' title='bbox 2183 2929 2530 2990; x_wconf 70' lang='lat' dir='ltr'><strong>postponere,</strong></span> <span class='ocrx_word' id='word_1_499' title='bbox 2559 2926 2693 2982; x_wconf 79' lang='lat' dir='ltr'><strong>solis</strong></span> <span class='ocrx_word' id='word_1_500' title='bbox 2721 2927 3012 2986; x_wconf 72' lang='lat' dir='ltr'><strong>desideriis</strong></span> <span class='ocrx_word' id='word_1_501' title='bbox 3056 2933 3276 2989; x_wconf 72' lang='lat' dir='ltr'><strong>aeternis</strong></span> <span class='ocrx_word' id='word_1_502' title='bbox 3301 2934 3536 2994; x_wconf 78' lang='lat' dir='ltr'><strong>inhiare.</strong></span> 
     </span>
    </p>
   </div>
   <div class='ocr_carea' id='block_1_67' title="bbox 1943 3005 3538 3084">
    <p class='ocr_par' dir='ltr' id='par_1_67' title="bbox 1943 3005 3538 3084">
     <span class='ocr_line' id='line_1_67' title="bbox 1943 3005 3538 3084; baseline 0.014 -23"><span class='ocrx_word' id='word_1_503' title='bbox 1943 3005 2277 3065; x_wconf 88' lang='lat' dir='ltr'><strong>Cunctorum</strong></span> <span class='ocrx_word' id='word_1_504' title='bbox 2307 3021 2487 3069; x_wconf 90' lang='lat' dir='ltr'><strong>autem</strong></span> <span class='ocrx_word' id='word_1_505' title='bbox 2528 3015 2766 3072; x_wconf 79' lang='lat' dir='ltr'><strong>ﬁdelium</strong></span> <span class='ocrx_word' id='word_1_506' title='bbox 2793 3028 2881 3075; x_wconf 86' lang='lat' dir='ltr'><strong>est</strong></span> <span class='ocrx_word' id='word_1_507' title='bbox 2925 3023 3240 3078; x_wconf 77' lang='lat' dir='ltr'><strong>renuntiare</strong></span> <span class='ocrx_word' id='word_1_508' title='bbox 3279 3025 3538 3084; x_wconf 82' lang='lat' dir='ltr'><strong>omnibus</strong></span> 
     </span>
    </p>
   </div>
   <div class='ocr_carea' id='block_1_68' title="bbox 1933 3103 3535 3186">
    <p class='ocr_par' dir='ltr' id='par_1_68' title="bbox 1933 3103 3535 3186">
     <span class='ocr_line' id='line_1_68' title="bbox 1933 3103 3535 3186; baseline 0.013 -33"><span class='ocrx_word' id='word_1_509' title='bbox 1933 3113 2066 3168; x_wconf 64' lang='lat' dir='ltr'><strong>qua:</strong></span> <span class='ocrx_word' id='word_1_510' title='bbox 2099 3103 2399 3171; x_wconf 83' lang='lat' dir='ltr'><strong>possident,</strong></span> <span class='ocrx_word' id='word_1_511' title='bbox 2421 3107 2528 3162; x_wconf 76' lang='lat' dir='ltr'><strong>hoc</strong></span> <span class='ocrx_word' id='word_1_512' title='bbox 2553 3117 2664 3175; x_wconf 78' lang='lat' dir='ltr'><strong>est,</strong></span> <span class='ocrx_word' id='word_1_513' title='bbox 2687 3110 2770 3166; x_wconf 85' lang='lat' dir='ltr'><strong>sic</strong></span> <span class='ocrx_word' id='word_1_514' title='bbox 2793 3119 3004 3180; x_wconf 77' lang='lat' dir='ltr'><strong>tenere,</strong></span> <span class='ocrx_word' id='word_1_515' title='bbox 3021 3128 3144 3184; x_wconf 72' lang='lat' dir='ltr'><strong>qua:</strong></span> <span class='ocrx_word' id='word_1_516' title='bbox 3167 3116 3359 3172; x_wconf 72' lang='lat' dir='ltr'><strong>mundi</strong></span> <span class='ocrx_word' id='word_1_517' title='bbox 3381 3127 3535 3186; x_wconf 84' lang='lat' dir='ltr'><strong>sunt,</strong></span> 
     </span>
    </p>
   </div>
   <div class='ocr_carea' id='block_1_69' title="bbox 1942 3199 3540 3266">
    <p class='ocr_par' dir='ltr' id='par_1_69' title="bbox 1942 3199 3540 3266">
     <span class='ocr_line' id='line_1_69' title="bbox 1942 3199 3540 3266; baseline 0.014 -21"><span class='ocrx_word' id='word_1_518' title='bbox 1942 3199 2005 3246; x_wconf 89' lang='lat' dir='ltr'><strong>ut</strong></span> <span class='ocrx_word' id='word_1_519' title='bbox 2031 3201 2216 3249; x_wconf 77' lang='lat' dir='ltr'><strong>tamen</strong></span> <span class='ocrx_word' id='word_1_520' title='bbox 2243 3211 2342 3265; x_wconf 88' lang='lat' dir='ltr'><strong>per</strong></span> <span class='ocrx_word' id='word_1_521' title='bbox 2389 3213 2452 3253; x_wconf 85' lang='lat' dir='ltr'><strong>ea</strong></span> <span class='ocrx_word' id='word_1_522' title='bbox 2499 3215 2612 3255; x_wconf 86' lang='lat' dir='ltr'><strong>non</strong></span> <span class='ocrx_word' id='word_1_523' title='bbox 2648 3209 2946 3260; x_wconf 66' lang='lat' dir='ltr'><strong>teneantur</strong></span> <span class='ocrx_word' id='word_1_524' title='bbox 2992 3206 3054 3261; x_wconf 74' lang='lat' dir='ltr'><strong>in</strong></span> <span class='ocrx_word' id='word_1_525' title='bbox 3083 3208 3292 3264; x_wconf 80' lang='lat' dir='ltr'><strong>mundo</strong></span> <span class='ocrx_word' id='word_1_526' title='bbox 3329 3208 3540 3266; x_wconf 77' lang='lat' dir='ltr'><strong>habere</strong></span> 
     </span>
    </p>
   </div>
   <div class='ocr_carea' id='block_1_70' title="bbox 1941 3288 3539 3366">
    <p class='ocr_par' dir='ltr' id='par_1_70' title="bbox 1941 3288 3539 3366">
     <span class='ocr_line' id='line_1_70' title="bbox 1941 3288 3539 3366; baseline 0.013 -29"><span class='ocrx_word' id='word_1_527' title='bbox 1941 3298 2062 3338; x_wconf 69' lang='lat' dir='ltr'><strong>rem</strong></span> <span class='ocrx_word' id='word_1_528' title='bbox 2089 3288 2447 3356; x_wconf 79' lang='lat' dir='ltr'><strong>temporalem</strong></span> <span class='ocrx_word' id='word_1_529' title='bbox 2479 3289 2535 3345; x_wconf 82' lang='lat' dir='ltr'><strong>iu</strong></span> <span class='ocrx_word' id='word_1_530' title='bbox 2579 3307 2710 3359; x_wconf 87' lang='lat' dir='ltr'><strong>usu,</strong></span> <span class='ocrx_word' id='word_1_531' title='bbox 2737 3301 3000 3350; x_wconf 61' lang='lat' dir='ltr'><strong>aeternam</strong></span> <span class='ocrx_word' id='word_1_532' title='bbox 3051 3297 3105 3352; x_wconf 89' lang='lat' dir='ltr'><strong>in</strong></span> <span class='ocrx_word' id='word_1_533' title='bbox 3135 3298 3424 3366; x_wconf 79' lang='lat' dir='ltr'><strong>desiderio,</strong></span> <span class='ocrx_word' id='word_1_534' title='bbox 3455 3300 3539 3359; x_wconf 88' lang='lat' dir='ltr'><strong>sic</strong></span> 
     </span>
    </p>
   </div>
   <div class='ocr_carea' id='block_1_71' title="bbox 1941 3382 3540 3451">
    <p class='ocr_par' dir='ltr' id='par_1_71' title="bbox 1941 3382 3540 3451">
     <span class='ocr_line' id='line_1_71' title="bbox 1941 3382 3540 3451; baseline 0.015 -23"><span class='ocrx_word' id='word_1_535' title='bbox 1941 3382 2161 3430; x_wconf 77' lang='lat' dir='ltr'><strong>ter-rem</strong></span> <span class='ocrx_word' id='word_1_536' title='bbox 2205 3393 2415 3450; x_wconf 81' lang='lat' dir='ltr'><strong>regere,</strong></span> <span class='ocrx_word' id='word_1_537' title='bbox 2449 3387 2514 3436; x_wconf 79' lang='lat' dir='ltr'><strong>ut</strong></span> <span class='ocrx_word' id='word_1_538' title='bbox 2557 3391 2741 3440; x_wconf 87' lang='lat' dir='ltr'><strong>tamen</strong></span> <span class='ocrx_word' id='word_1_539' title='bbox 2788 3393 2904 3442; x_wconf 83' lang='lat' dir='ltr'><strong>tota</strong></span> <span class='ocrx_word' id='word_1_540' title='bbox 2940 3395 3130 3446; x_wconf 86' lang='lat' dir='ltr'><strong>mente</strong></span> <span class='ocrx_word' id='word_1_541' title='bbox 3175 3391 3244 3446; x_wconf 86' lang='lat' dir='ltr'><strong>ad</strong></span> <span class='ocrx_word' id='word_1_542' title='bbox 3293 3389 3540 3451; x_wconf 64' lang='lat' dir='ltr'><strong>coelestia</strong></span> 
     </span>
    </p>
   </div>
   <div class='ocr_carea' id='block_1_72' title="bbox 1943 3467 2188 3524">
    <p class='ocr_par' dir='ltr' id='par_1_72' title="bbox 1943 3467 2188 3524">
     <span class='ocr_line' id='line_1_72' title="bbox 1943 3467 2188 3524; baseline -0.008 -1"><span class='ocrx_word' id='word_1_543' title='bbox 1943 3467 2188 3524; x_wconf 67' lang='lat' dir='ltr'><strong>tendant.</strong></span> 
     </span>
    </p>
   </div>
   <div class='ocr_carea' id='block_1_73' title="bbox 2007 3595 3454 3675">
    <p class='ocr_par' dir='ltr' id='par_1_73' title="bbox 2007 3595 3454 3675">
     <span class='ocr_line' id='line_1_73' title="bbox 2007 3595 3454 3675; baseline 0.016 -22"><span class='ocrx_word' id='word_1_544' title='bbox 2007 3595 2101 3653; x_wconf 57' lang='lat' dir='ltr'><strong>IV</strong></span> <span class='ocrx_word' id='word_1_545' title='bbox 2123 3597 2456 3658; x_wconf 79' lang='lat' dir='ltr'><strong>NATALEM</strong></span> <span class='ocrx_word' id='word_1_546' title='bbox 2503 3602 2930 3665; x_wconf 75' lang='lat' dir='ltr'><strong>SANCTORUM</strong></span> <span class='ocrx_word' id='word_1_547' title='bbox 2972 3609 3454 3675; x_wconf 66' lang='lat' dir='ltr'><strong>PLURIMORUN.</strong></span> 
     </span>
    </p>
   </div>
   <div class='ocr_carea' id='block_1_74' title="bbox 2115 3732 3350 3796">
    <p class='ocr_par' dir='ltr' id='par_1_74' title="bbox 2115 3732 3350 3796">
     <span class='ocr_line' id='line_1_74' title="bbox 2115 3732 3350 3796; baseline 0.011 -22"><span class='ocrx_word' id='word_1_548' title='bbox 2115 3732 2372 3776; x_wconf 71' lang='lat' dir='ltr'><strong>EPISTOLA</strong></span> <span class='ocrx_word' id='word_1_549' title='bbox 2403 3736 2564 3778; x_wconf 71' lang='grc' dir='ltr'><strong>Βειτι</strong></span> <span class='ocrx_word' id='word_1_550' title='bbox 2597 3739 2762 3782; x_wconf 69' lang='grc' dir='ltr'><strong>ΡΒΤΒῙ</strong></span> <span class='ocrx_word' id='word_1_551' title='bbox 2803 3740 3095 3796; x_wconf 64' lang='grc' dir='ltr'><strong>Αροετοιι,</strong></span> <span class='ocrx_word' id='word_1_552' title='bbox 3138 3747 3256 3788; x_wconf 73' lang='grc' dir='ltr'><strong>ω.</strong></span> <span class='ocrx_word' id='word_1_553' title='bbox 3306 3749 3350 3790; x_wconf 87' lang='grc' dir='ltr'><strong>Ι.</strong></span> 
     </span>
    </p>
   </div>
   <div class='ocr_carea' id='block_1_75' title="bbox 2013 3827 3534 3906">
    <p class='ocr_par' dir='ltr' id='par_1_75' title="bbox 2013 3827 3534 3906">
     <span class='ocr_line' id='line_1_75' title="bbox 2013 3827 3534 3906; baseline 0.019 -28"><span class='ocrx_word' id='word_1_554' title='bbox 2013 3846 2040 3878; x_wconf 65' lang='grc' dir='ltr'><em>α</em></span> <span class='ocrx_word' id='word_1_555' title='bbox 2073 3827 2400 3889; x_wconf 79' lang='lat' dir='ltr'><strong>Benedictus</strong></span> <span class='ocrx_word' id='word_1_556' title='bbox 2425 3833 2569 3891; x_wconf 83' lang='lat' dir='ltr'><strong>Deus</strong></span> <span class='ocrx_word' id='word_1_557' title='bbox 2605 3844 2666 3892; x_wconf 84' lang='lat' dir='ltr'><strong>et</strong></span> <span class='ocrx_word' id='word_1_558' title='bbox 2707 3836 2872 3896; x_wconf 75' lang='lat' dir='ltr'><strong>Pater</strong></span> <span class='ocrx_word' id='word_1_559' title='bbox 2917 3839 3132 3898; x_wconf 84' lang='lat' dir='ltr'><strong>Domini</strong></span> <span class='ocrx_word' id='word_1_560' title='bbox 3177 3845 3353 3902; x_wconf 77' lang='lat' dir='ltr'><strong>nostri</strong></span> <span class='ocrx_word' id='word_1_561' title='bbox 3401 3844 3534 3906; x_wconf 70' lang='lat' dir='ltr'><strong>Iesu</strong></span> 
     </span>
    </p>
   </div>
   <div class='ocr_carea' id='block_1_76' title="bbox 1939 3918 3530 4002">
    <p class='ocr_par' dir='ltr' id='par_1_76' title="bbox 1939 3918 3530 4002">
     <span class='ocr_line' id='line_1_76' title="bbox 1939 3918 3530 4002; baseline 0.013 -27"><span class='ocrx_word' id='word_1_562' title='bbox 1939 3935 1969 3976; x_wconf 68' lang='grc' dir='ltr'><strong><em>ι</em></strong></span> <span class='ocrx_word' id='word_1_563' title='bbox 2003 3918 2242 3990; x_wconf 75' lang='lat' dir='ltr'><strong>Christi,</strong></span> <span class='ocrx_word' id='word_1_564' title='bbox 2288 3925 2388 3994; x_wconf 80' lang='lat' dir='ltr'><strong>qui</strong></span> <span class='ocrx_word' id='word_1_565' title='bbox 2444 3927 2741 3984; x_wconf 78' lang='lat' dir='ltr'><strong>secundum</strong></span> <span class='ocrx_word' id='word_1_566' title='bbox 2785 3945 3040 4002; x_wconf 82' lang='lat' dir='ltr'><strong>agnam</strong></span> <span class='ocrx_word' id='word_1_567' title='bbox 3096 3934 3530 3995; x_wconf 64' lang='lat' dir='ltr'><strong>miscricordiam</strong></span> 
     </span>
    </p>
   </div>
   <div class='ocr_carea' id='block_1_77' title="bbox 1937 4017 3532 4095">
    <p class='ocr_par' dir='ltr' id='par_1_77' title="bbox 1937 4017 3532 4095">
     <span class='ocr_line' id='line_1_77' title="bbox 1937 4017 3532 4095; baseline 0.01 -27"><span class='ocrx_word' id='word_1_568' title='bbox 1937 4028 1968 4068; x_wconf 85' lang='lat' dir='ltr'><strong>s</strong></span> <span class='ocrx_word' id='word_1_569' title='bbox 2000 4026 2156 4069; x_wconf 81' lang='lat' dir='ltr'><strong>suam</strong></span> <span class='ocrx_word' id='word_1_570' title='bbox 2202 4017 2546 4086; x_wconf 68' lang='lat' dir='ltr'><strong>regeneravit</strong></span> <span class='ocrx_word' id='word_1_571' title='bbox 2584 4035 2686 4076; x_wconf 87' lang='lat' dir='ltr'><strong>nos</strong></span> <span class='ocrx_word' id='word_1_572' title='bbox 2723 4021 2782 4078; x_wconf 78' lang='lat' dir='ltr'><strong>in</strong></span> <span class='ocrx_word' id='word_1_573' title='bbox 2807 4035 2964 4093; x_wconf 76' lang='lat' dir='ltr'><strong>spem</strong></span> <span class='ocrx_word' id='word_1_574' title='bbox 2989 4023 3194 4091; x_wconf 76' lang='lat' dir='ltr'><strong>vivam,</strong></span> <span class='ocrx_word' id='word_1_575' title='bbox 3215 4039 3320 4095; x_wconf 81' lang='lat' dir='ltr'><strong>per</strong></span> <span class='ocrx_word' id='word_1_576' title='bbox 3343 4040 3532 4084; x_wconf 46' lang='lat' dir='ltr'><strong>meum</strong></span> 
     </span>
    </p>
   </div>
   <div class='ocr_carea' id='block_1_78' title="bbox 1947 4105 3529 4180">
    <p class='ocr_par' dir='ltr' id='par_1_78' title="bbox 1947 4105 3529 4180">
     <span class='ocr_line' id='line_1_78' title="bbox 1947 4105 3529 4180; baseline 0.012 -23"><span class='ocrx_word' id='word_1_577' title='bbox 1947 4121 1967 4156; x_wconf 80' lang='lat' dir='ltr'><strong>t</strong></span> <span class='ocrx_word' id='word_1_578' title='bbox 2008 4105 2305 4161; x_wconf 87' lang='lat' dir='ltr'><strong>rectionem</strong></span> <span class='ocrx_word' id='word_1_579' title='bbox 2329 4106 2456 4163; x_wconf 73' lang='lat' dir='ltr'><strong>Iesu</strong></span> <span class='ocrx_word' id='word_1_580' title='bbox 2475 4107 2678 4166; x_wconf 77' lang='lat' dir='ltr'><strong>Christi</strong></span> <span class='ocrx_word' id='word_1_581' title='bbox 2699 4127 2768 4170; x_wconf 76' lang='lat' dir='ltr'><strong>ex</strong></span> <span class='ocrx_word' id='word_1_582' title='bbox 2791 4113 3042 4180; x_wconf 71' lang='lat' dir='ltr'><strong>normis,</strong></span> <span class='ocrx_word' id='word_1_583' title='bbox 3065 4115 3122 4170; x_wconf 88' lang='lat' dir='ltr'><strong>in</strong></span> <span class='ocrx_word' id='word_1_584' title='bbox 3151 4115 3529 4176; x_wconf 64' lang='lat' dir='ltr'><strong>hereditatem</strong></span> 
     </span>
    </p>
   </div>
   <div class='ocr_carea' id='block_1_79' title="bbox 1929 4199 3528 4269">
    <p class='ocr_par' dir='ltr' id='par_1_79' title="bbox 1929 4199 3528 4269">
     <span class='ocr_line' id='line_1_79' title="bbox 1929 4199 3528 4269; baseline 0.012 -18"><span class='ocrx_word' id='word_1_585' title='bbox 1929 4214 1967 4251; x_wconf 61' lang='lat'>4</span> <span class='ocrx_word' id='word_1_586' title='bbox 1995 4199 2465 4269; x_wconf 54' lang='lat' dir='ltr'><strong>ineorrptibilem</strong></span> <span class='ocrx_word' id='word_1_587' title='bbox 2487 4211 2542 4256; x_wconf 90' lang='lat' dir='ltr'><strong>et</strong></span> <span class='ocrx_word' id='word_1_588' title='bbox 2567 4203 3053 4261; x_wconf 83' lang='lat' dir='ltr'><strong>iucoutaminatam</strong></span> <span class='ocrx_word' id='word_1_589' title='bbox 3102 4214 3158 4264; x_wconf 90' lang='lat' dir='ltr'><strong>et</strong></span> <span class='ocrx_word' id='word_1_590' title='bbox 3212 4208 3528 4269; x_wconf 67' lang='lat' dir='ltr'><strong>immanes-</strong></span> 
     </span>
    </p>
   </div>
   <div class='ocr_carea' id='block_1_80' title="bbox 1944 4288 3530 4369">
    <p class='ocr_par' dir='ltr' id='par_1_80' title="bbox 1944 4288 3530 4369">
     <span class='ocr_line' id='line_1_80' title="bbox 1944 4288 3530 4369; baseline 0.009 -27"><span class='ocrx_word' id='word_1_591' title='bbox 1944 4306 1968 4342; x_wconf 83' lang='lat' dir='ltr'><strong>s</strong></span> <span class='ocrx_word' id='word_1_592' title='bbox 2001 4288 2242 4357; x_wconf 84' lang='lat' dir='ltr'><strong>cibilem,</strong></span> <span class='ocrx_word' id='word_1_593' title='bbox 2268 4302 2642 4348; x_wconf 67' lang='lat' dir='ltr'><strong>comam</strong></span> <span class='ocrx_word' id='word_1_594' title='bbox 2665 4294 2722 4349; x_wconf 84' lang='lat' dir='ltr'><strong>in</strong></span> <span class='ocrx_word' id='word_1_595' title='bbox 2751 4294 2928 4363; x_wconf 65' lang='lat' dir='ltr'><strong>oculis,</strong></span> <span class='ocrx_word' id='word_1_596' title='bbox 2945 4295 3106 4353; x_wconf 86' lang='lat' dir='ltr'><strong>vobis</strong></span> <span class='ocrx_word' id='word_1_597' title='bbox 3127 4297 3221 4369; x_wconf 86' lang='lat' dir='ltr'><strong>qui</strong></span> <span class='ocrx_word' id='word_1_598' title='bbox 3243 4298 3299 4353; x_wconf 89' lang='lat' dir='ltr'><strong>in</strong></span> <span class='ocrx_word' id='word_1_599' title='bbox 3321 4299 3530 4358; x_wconf 87' lang='lat' dir='ltr'><strong>virtute</strong></span> 
     </span>
    </p>
   </div>
   <div class='ocr_carea' id='block_1_81' title="bbox 1943 4380 3529 4462">
    <p class='ocr_par' dir='ltr' id='par_1_81' title="bbox 1943 4380 3529 4462">
     <span class='ocr_line' id='line_1_81' title="bbox 1943 4380 3529 4462; baseline 0.008 -25"><span class='ocrx_word' id='word_1_600' title='bbox 1943 4399 1964 4434; x_wconf 76' lang='grc' dir='ltr'>ι</span> <span class='ocrx_word' id='word_1_601' title='bbox 2000 4380 2098 4439; x_wconf 85' lang='lat' dir='ltr'><strong>Dei</strong></span> <span class='ocrx_word' id='word_1_602' title='bbox 2114 4384 2470 4440; x_wconf 85' lang='lat' dir='ltr'><strong>.custodimini</strong></span> <span class='ocrx_word' id='word_1_603' title='bbox 2497 4400 2595 4457; x_wconf 85' lang='lat' dir='ltr'><strong>per</strong></span> <span class='ocrx_word' id='word_1_604' title='bbox 2618 4385 2782 4443; x_wconf 78' lang='lat' dir='ltr'><strong>ﬁdem</strong></span> <span class='ocrx_word' id='word_1_605' title='bbox 2809 4387 2869 4442; x_wconf 90' lang='lat' dir='ltr'><strong>in</strong></span> <span class='ocrx_word' id='word_1_606' title='bbox 2887 4387 3141 4458; x_wconf 80' lang='lat' dir='ltr'><strong>saiutem,</strong></span> <span class='ocrx_word' id='word_1_607' title='bbox 3165 4398 3414 4462; x_wconf 76' lang='lat' dir='ltr'><strong>paratam</strong></span> <span class='ocrx_word' id='word_1_608' title='bbox 3439 4406 3529 4450; x_wconf 84' lang='lat' dir='ltr'><strong>re—</strong></span> 
     </span>
    </p>
   </div>
   <div class='ocr_carea' id='block_1_82' title="bbox 1943 4473 3522 4554">
    <p class='ocr_par' dir='ltr' id='par_1_82' title="bbox 1943 4473 3522 4554">
     <span class='ocr_line' id='line_1_82' title="bbox 1943 4473 3522 4554; baseline 0.01 -27"><span class='ocrx_word' id='word_1_609' title='bbox 1943 4490 1968 4527; x_wconf 85' lang='lat' dir='ltr'><strong>s</strong></span> <span class='ocrx_word' id='word_1_610' title='bbox 2005 4473 2176 4530; x_wconf 83' lang='lat' dir='ltr'><strong>velari</strong></span> <span class='ocrx_word' id='word_1_611' title='bbox 2211 4476 2266 4531; x_wconf 90' lang='lat' dir='ltr'><strong>in</strong></span> <span class='ocrx_word' id='word_1_612' title='bbox 2307 4483 2554 4549; x_wconf 82' lang='lat' dir='ltr'><strong>tempore</strong></span> <span class='ocrx_word' id='word_1_613' title='bbox 2581 4479 2879 4537; x_wconf 77' lang='lat' dir='ltr'><strong>novissimo</strong></span> <span class='ocrx_word' id='word_1_614' title='bbox 2931 4481 2988 4537; x_wconf 90' lang='lat' dir='ltr'><strong>in</strong></span> <span class='ocrx_word' id='word_1_615' title='bbox 3032 4497 3142 4554; x_wconf 89' lang='lat' dir='ltr'><strong>quo</strong></span> <span class='ocrx_word' id='word_1_616' title='bbox 3187 4485 3522 4543; x_wconf 81' lang='lat' dir='ltr'><strong>exulta‘bitis.</strong></span> 
     </span>
    </p>
   </div>
   <div class='ocr_carea' id='block_1_83' title="bbox 1943 4567 3526 4644">
    <p class='ocr_par' dir='ltr' id='par_1_83' title="bbox 1943 4567 3526 4644">
     <span class='ocr_line' id='line_1_83' title="bbox 1943 4567 3526 4644; baseline 0.009 -24"><span class='ocrx_word' id='word_1_617' title='bbox 1943 4584 1965 4620; x_wconf 76' lang='grc' dir='ltr'>ι</span> <span class='ocrx_word' id='word_1_618' title='bbox 1999 4567 2264 4626; x_wconf 74' lang='lat' dir='ltr'><strong>Modicum</strong></span> <span class='ocrx_word' id='word_1_619' title='bbox 2285 4585 2434 4627; x_wconf 84' lang='lat' dir='ltr'><strong>nunc</strong></span> <span class='ocrx_word' id='word_1_620' title='bbox 2459 4571 2508 4627; x_wconf 85' lang='lat' dir='ltr'><strong>si</strong></span> <span class='ocrx_word' id='word_1_621' title='bbox 2533 4581 2745 4644; x_wconf 70' lang='lat' dir='ltr'><strong>operm</strong></span> <span class='ocrx_word' id='word_1_622' title='bbox 2763 4575 3078 4630; x_wconf 82' lang='lat' dir='ltr'><strong>contristari</strong></span> <span class='ocrx_word' id='word_1_623' title='bbox 3109 4575 3164 4631; x_wconf 85' lang='lat' dir='ltr'><strong>in</strong></span> <span class='ocrx_word' id='word_1_624' title='bbox 3195 4575 3362 4633; x_wconf 83' lang='lat' dir='ltr'><strong>variis</strong></span> <span class='ocrx_word' id='word_1_625' title='bbox 3403 4585 3526 4635; x_wconf 75' lang='lat' dir='ltr'><strong>ten-</strong></span> 
     </span>
    </p>
   </div>
   <div class='ocr_carea' id='block_1_84' title="bbox 243 4663 1859 4740">
    <p class='ocr_par' dir='ltr' id='par_1_84' title="bbox 243 4668 1835 4740">
     <span class='ocr_line' id='line_1_84' title="bbox 243 4668 1835 4740; baseline 0.004 -18"><span class='ocrx_word' id='word_1_626' title='bbox 243 4675 356 4732; x_wconf 84' lang='lat' dir='ltr'><strong>tur,</strong></span> <span class='ocrx_word' id='word_1_627' title='bbox 375 4683 510 4737; x_wconf 87' lang='lat' dir='ltr'><strong>quos</strong></span> <span class='ocrx_word' id='word_1_628' title='bbox 530 4668 799 4740; x_wconf 85' lang='lat' dir='ltr'><strong>Propheta</strong></span> <span class='ocrx_word' id='word_1_629' title='bbox 824 4671 1044 4726; x_wconf 86' lang='lat' dir='ltr'><strong>intuens</strong></span> <span class='ocrx_word' id='word_1_630' title='bbox 1072 4672 1185 4725; x_wconf 86' lang='lat' dir='ltr'><strong>ait:</strong></span> <span class='ocrx_word' id='word_1_631' title='bbox 1216 4672 1356 4726; x_wconf 80' lang='lat' dir='ltr'><strong>Deus</strong></span> <span class='ocrx_word' id='word_1_632' title='bbox 1375 4689 1542 4738; x_wconf 86' lang='lat' dir='ltr'><strong>meus,</strong></span> <span class='ocrx_word' id='word_1_633' title='bbox 1571 4672 1690 4727; x_wconf 87' lang='lat' dir='ltr'><strong>inte</strong></span> <span class='ocrx_word' id='word_1_634' title='bbox 1715 4689 1835 4728; x_wconf 80' lang='lat' dir='ltr'><strong>con-</strong></span> 
     </span>
    </p>
   </div>
   <div class='ocr_carea' id='block_1_85' title="bbox 1946 4663 3523 4740">
    <p class='ocr_par' dir='ltr' id='par_1_85' title="bbox 1946 4663 3523 4740">
     <span class='ocr_line' id='line_1_85' title="bbox 1946 4663 3523 4740; baseline 0.009 -26"><span class='ocrx_word' id='word_1_635' title='bbox 1946 4678 1965 4714; x_wconf 80' lang='grc' dir='ltr'>ι</span> <span class='ocrx_word' id='word_1_636' title='bbox 2002 4663 2328 4728; x_wconf 81' lang='lat' dir='ltr'><strong>tationibus,</strong></span> <span class='ocrx_word' id='word_1_637' title='bbox 2364 4671 2426 4718; x_wconf 90' lang='lat' dir='ltr'><strong>ut</strong></span> <span class='ocrx_word' id='word_1_638' title='bbox 2459 4665 2712 4734; x_wconf 83' lang='lat' dir='ltr'><strong>probatio</strong></span> <span class='ocrx_word' id='word_1_639' title='bbox 2736 4676 2932 4722; x_wconf 65' lang='lat' dir='ltr'><strong>vestrm</strong></span> <span class='ocrx_word' id='word_1_640' title='bbox 2967 4665 3095 4724; x_wconf 73' lang='lat' dir='ltr'><strong>ﬁdei</strong></span> <span class='ocrx_word' id='word_1_641' title='bbox 3115 4668 3291 4725; x_wconf 83' lang='lat' dir='ltr'><strong>multo</strong></span> <span class='ocrx_word' id='word_1_642' title='bbox 3309 4671 3523 4740; x_wconf 79' lang='lat' dir='ltr'><strong>pretio-</strong></span> 
     </span>
    </p>
   </div>
   <div class='ocr_carea' id='block_1_86' title="bbox 242 4757 1836 4834">
    <p class='ocr_par' dir='ltr' id='par_1_86' title="bbox 242 4757 1836 4834">
     <span class='ocr_line' id='line_1_86' title="bbox 242 4757 1836 4834; baseline 0.006 -24"><span class='ocrx_word' id='word_1_643' title='bbox 242 4757 378 4828; x_wconf 71' lang='lat' dir='ltr'><strong>ﬁdo,</strong></span> <span class='ocrx_word' id='word_1_644' title='bbox 410 4774 517 4812; x_wconf 81' lang='lat' dir='ltr'><strong>non</strong></span> <span class='ocrx_word' id='word_1_645' title='bbox 544 4759 866 4828; x_wconf 74' lang='lat' dir='ltr'><strong>erubescam,</strong></span> <span class='ocrx_word' id='word_1_646' title='bbox 901 4776 1061 4834; x_wconf 81' lang='lat' dir='ltr'><strong>neque</strong></span> <span class='ocrx_word' id='word_1_647' title='bbox 1084 4763 1341 4817; x_wconf 80' lang='lat' dir='ltr'><strong>irrideant</strong></span> <span class='ocrx_word' id='word_1_648' title='bbox 1378 4780 1464 4818; x_wconf 85' lang='lat' dir='ltr'><strong>me</strong></span> <span class='ocrx_word' id='word_1_649' title='bbox 1487 4763 1692 4818; x_wconf 84' lang='lat' dir='ltr'><strong>inimici</strong></span> <span class='ocrx_word' id='word_1_650' title='bbox 1729 4765 1836 4820; x_wconf 83' lang='lat' dir='ltr'><strong>mei</strong></span> 
     </span>
    </p>
   </div>
   <div class='ocr_carea' id='block_1_87' title="bbox 243 4848 1835 4925">
    <p class='ocr_par' dir='ltr' id='par_1_87' title="bbox 243 4848 1835 4925">
     <span class='ocr_line' id='line_1_87' title="bbox 243 4848 1835 4925; baseline 0.004 -21"><span class='ocrx_word' id='word_1_651' title='bbox 243 4848 479 4923; x_wconf 82' lang='lat' dir='ltr'><strong>(Psalm.</strong></span> <span class='ocrx_word' id='word_1_652' title='bbox 505 4851 680 4923; x_wconf 72' lang='lat' dir='ltr'><strong>xxvi).</strong></span> <span class='ocrx_word' id='word_1_653' title='bbox 718 4852 777 4906; x_wconf 81' lang='lat' dir='ltr'><strong>in</strong></span> <span class='ocrx_word' id='word_1_654' title='bbox 817 4851 974 4909; x_wconf 83' lang='lat' dir='ltr'><strong>bonis</strong></span> <span class='ocrx_word' id='word_1_655' title='bbox 1007 4855 1150 4910; x_wconf 90' lang='lat' dir='ltr'><strong>enim</strong></span> <span class='ocrx_word' id='word_1_656' title='bbox 1197 4855 1452 4925; x_wconf 88' lang='lat' dir='ltr'><strong>operibus</strong></span> <span class='ocrx_word' id='word_1_657' title='bbox 1491 4855 1705 4922; x_wconf 80' lang='lat' dir='ltr'><strong>intenti,</strong></span> <span class='ocrx_word' id='word_1_658' title='bbox 1726 4853 1835 4911; x_wconf 82' lang='lat' dir='ltr'><strong>nisi</strong></span> 
     </span>
    </p>
   </div>
   <div class='ocr_carea' id='block_1_88' title="bbox 243 4941 1833 5020">
    <p class='ocr_par' dir='ltr' id='par_1_88' title="bbox 243 4941 1833 5020">
     <span class='ocr_line' id='line_1_88' title="bbox 243 4941 1833 5020; baseline 0.006 -24"><span class='ocrx_word' id='word_1_659' title='bbox 243 4950 441 4996; x_wconf 85' lang='lat' dir='ltr'><strong>contra</strong></span> <span class='ocrx_word' id='word_1_660' title='bbox 487 4941 754 5010; x_wconf 82' lang='lat' dir='ltr'><strong>malignos</strong></span> <span class='ocrx_word' id='word_1_661' title='bbox 797 4944 1018 5012; x_wconf 88' lang='lat' dir='ltr'><strong>spiritus</strong></span> <span class='ocrx_word' id='word_1_662' title='bbox 1061 4944 1296 5002; x_wconf 80' lang='lat' dir='ltr'><strong>sollicite</strong></span> <span class='ocrx_word' id='word_1_663' title='bbox 1341 4946 1648 5019; x_wconf 77' lang='lat' dir='ltr'><strong>vigilemus,</strong></span> <span class='ocrx_word' id='word_1_664' title='bbox 1686 4948 1833 5020; x_wconf 81' lang='lat' dir='ltr'><strong>ipsos</strong></span> 
     </span>
    </p>
   </div>
   <div class='ocr_carea' id='block_1_89' title="bbox 243 5035 1830 5110">
    <p class='ocr_par' dir='ltr' id='par_1_89' title="bbox 243 5035 1830 5110">
     <span class='ocr_line' id='line_1_89' title="bbox 243 5035 1830 5110; baseline 0.003 -18"><span class='ocrx_word' id='word_1_665' title='bbox 243 5035 506 5092; x_wconf 79' lang='lat' dir='ltr'><strong>irrisores</strong></span> <span class='ocrx_word' id='word_1_666' title='bbox 541 5036 814 5106; x_wconf 84' lang='lat' dir='ltr'><strong>patimur,</strong></span> <span class='ocrx_word' id='word_1_667' title='bbox 838 5051 975 5108; x_wconf 87' lang='lat' dir='ltr'><strong>quos</strong></span> <span class='ocrx_word' id='word_1_668' title='bbox 1004 5039 1071 5094; x_wconf 90' lang='lat' dir='ltr'><strong>ad</strong></span> <span class='ocrx_word' id='word_1_669' title='bbox 1098 5038 1301 5095; x_wconf 88' lang='lat' dir='ltr'><strong>malum</strong></span> <span class='ocrx_word' id='word_1_670' title='bbox 1335 5053 1690 5110; x_wconf 88' lang='lat' dir='ltr'><strong>persuasores</strong></span> <span class='ocrx_word' id='word_1_671' title='bbox 1727 5041 1830 5096; x_wconf 90' lang='lat' dir='ltr'><strong>ha-</strong></span> 
     </span>
    </p>
   </div>
   <div class='ocr_carea' id='block_1_90' title="bbox 242 5123 464 5182">
    <p class='ocr_par' dir='ltr' id='par_1_90' title="bbox 242 5123 464 5182">
     <span class='ocr_line' id='line_1_90' title="bbox 242 5123 464 5182; baseline -0.023 0"><span class='ocrx_word' id='word_1_672' title='bbox 242 5123 464 5182; x_wconf 79' lang='lat' dir='ltr'><strong>bemus.</strong></span> 
     </span>
    </p>
   </div>
   <div class='ocr_carea' id='block_1_91' title="bbox 321 5215 1837 5288">
    <p class='ocr_par' dir='ltr' id='par_1_91' title="bbox 321 5215 1837 5288">
     <span class='ocr_line' id='line_1_91' title="bbox 321 5215 1837 5288; baseline 0.005 -20"><span class='ocrx_word' id='word_1_673' title='bbox 321 5215 429 5269; x_wconf 80' lang='lat' dir='ltr'><strong>Aut</strong></span> <span class='ocrx_word' id='word_1_674' title='bbox 473 5218 590 5288; x_wconf 83' lang='lat' dir='ltr'><strong>quis</strong></span> <span class='ocrx_word' id='word_1_675' title='bbox 639 5232 735 5272; x_wconf 70' lang='lat' dir='ltr'><strong>rex</strong></span> <span class='ocrx_word' id='word_1_676' title='bbox 779 5217 952 5271; x_wconf 80' lang='lat' dir='ltr'><strong>iturus</strong></span> <span class='ocrx_word' id='word_1_677' title='bbox 992 5217 1312 5273; x_wconf 85' lang='lat' dir='ltr'><strong>committere</strong></span> <span class='ocrx_word' id='word_1_678' title='bbox 1355 5216 1546 5274; x_wconf 80' lang='lat' dir='ltr'><strong>bellum</strong></span> <span class='ocrx_word' id='word_1_679' title='bbox 1587 5217 1837 5276; x_wconf 83' lang='lat' dir='ltr'><strong>adversus</strong></span> 
     </span>
    </p>
   </div>
   <div class='ocr_carea' id='block_1_92' title="bbox 246 5307 1835 5382">
    <p class='ocr_par' dir='ltr' id='par_1_92' title="bbox 246 5307 1835 5382">
     <span class='ocr_line' id='line_1_92' title="bbox 246 5307 1835 5382; baseline 0.001 -19"><span class='ocrx_word' id='word_1_680' title='bbox 246 5307 417 5363; x_wconf 80' lang='lat' dir='ltr'><strong>alium</strong></span> <span class='ocrx_word' id='word_1_681' title='bbox 441 5325 610 5380; x_wconf 85' lang='lat' dir='ltr'><strong>regem</strong></span> <span class='ocrx_word' id='word_1_682' title='bbox 628 5349 644 5375; x_wconf 95' lang='lat'><strong>,</strong></span> <span class='ocrx_word' id='word_1_683' title='bbox 665 5325 771 5364; x_wconf 88' lang='lat' dir='ltr'><strong>non</strong></span> <span class='ocrx_word' id='word_1_684' title='bbox 813 5307 996 5364; x_wconf 82' lang='lat' dir='ltr'><strong>sedens</strong></span> <span class='ocrx_word' id='word_1_685' title='bbox 1031 5309 1187 5381; x_wconf 85' lang='lat' dir='ltr'><strong>prius</strong></span> <span class='ocrx_word' id='word_1_686' title='bbox 1217 5311 1432 5382; x_wconf 74' lang='lat' dir='ltr'><strong>cogitat,</strong></span> <span class='ocrx_word' id='word_1_687' title='bbox 1457 5310 1504 5365; x_wconf 87' lang='lat' dir='ltr'><strong>si</strong></span> <span class='ocrx_word' id='word_1_688' title='bbox 1530 5311 1692 5382; x_wconf 80' lang='lat' dir='ltr'><strong>possit</strong></span> <span class='ocrx_word' id='word_1_689' title='bbox 1717 5328 1835 5366; x_wconf 85' lang='lat' dir='ltr'><strong>cum</strong></span> 
     </span>
    </p>
   </div>
   <div class='ocr_carea' id='block_1_93' title="bbox 247 5397 1834 5470">
    <p class='ocr_par' dir='ltr' id='par_1_93' title="bbox 247 5397 1834 5470">
     <span class='ocr_line' id='line_1_93' title="bbox 247 5397 1834 5470; baseline 0.004 -20"><span class='ocrx_word' id='word_1_690' title='bbox 247 5397 430 5453; x_wconf 80' lang='lat' dir='ltr'><strong>decem</strong></span> <span class='ocrx_word' id='word_1_691' title='bbox 457 5398 687 5453; x_wconf 80' lang='lat' dir='ltr'><strong>millibus</strong></span> <span class='ocrx_word' id='word_1_692' title='bbox 725 5413 998 5454; x_wconf 87' lang='lat' dir='ltr'><strong>occurrere</strong></span> <span class='ocrx_word' id='word_1_693' title='bbox 1025 5398 1072 5452; x_wconf 85' lang='lat' dir='ltr'><strong>ei</strong></span> <span class='ocrx_word' id='word_1_694' title='bbox 1107 5399 1197 5469; x_wconf 82' lang='lat' dir='ltr'><strong>qui</strong></span> <span class='ocrx_word' id='word_1_695' title='bbox 1227 5415 1347 5452; x_wconf 89' lang='lat' dir='ltr'><strong>cum</strong></span> <span class='ocrx_word' id='word_1_696' title='bbox 1386 5399 1571 5470; x_wconf 81' lang='lat' dir='ltr'><strong>viginti</strong></span> <span class='ocrx_word' id='word_1_697' title='bbox 1604 5397 1834 5457; x_wconf 73' lang='lat' dir='ltr'><strong>millibus</strong></span> 
     </span>
    </p>
   </div>
   <div class='ocr_carea' id='block_1_94' title="bbox 245 5488 1832 5565">
    <p class='ocr_par' dir='ltr' id='par_1_94' title="bbox 245 5488 1832 5565">
     <span class='ocr_line' id='line_1_94' title="bbox 245 5488 1832 5565; baseline 0.003 -20"><span class='ocrx_word' id='word_1_698' title='bbox 245 5491 393 5545; x_wconf 83' lang='lat' dir='ltr'><strong>venit</strong></span> <span class='ocrx_word' id='word_1_699' title='bbox 419 5490 489 5544; x_wconf 87' lang='lat' dir='ltr'><strong>ad</strong></span> <span class='ocrx_word' id='word_1_700' title='bbox 509 5507 582 5545; x_wconf 86' lang='lat' dir='ltr'><strong>se.</strong></span> <span class='ocrx_word' id='word_1_701' title='bbox 611 5489 862 5562; x_wconf 84' lang='lat' dir='ltr'><strong>Alioquin</strong></span> <span class='ocrx_word' id='word_1_702' title='bbox 913 5488 1084 5544; x_wconf 71' lang='lat' dir='ltr'><strong>adhuc</strong></span> <span class='ocrx_word' id='word_1_703' title='bbox 1121 5488 1214 5544; x_wconf 84' lang='lat' dir='ltr'><strong>illo</strong></span> <span class='ocrx_word' id='word_1_704' title='bbox 1245 5489 1402 5562; x_wconf 72' lang='lat' dir='ltr'><strong>longe</strong></span> <span class='ocrx_word' id='word_1_705' title='bbox 1445 5501 1659 5564; x_wconf 85' lang='lat' dir='ltr'><strong>agente,</strong></span> <span class='ocrx_word' id='word_1_706' title='bbox 1687 5491 1832 5565; x_wconf 59' lang='lat' dir='ltr'><strong>legan-</strong></span> 
     </span>
    </p>
   </div>
   <div class='ocr_carea' id='block_1_95' title="bbox 250 5581 1836 5652">
    <p class='ocr_par' dir='ltr' id='par_1_95' title="bbox 250 5581 1836 5652">
     <span class='ocr_line' id='line_1_95' title="bbox 250 5581 1836 5652; baseline 0.004 -16"><span class='ocrx_word' id='word_1_707' title='bbox 250 5584 447 5636; x_wconf 81' lang='lat' dir='ltr'><strong>tionem</strong></span> <span class='ocrx_word' id='word_1_708' title='bbox 490 5582 723 5647; x_wconf 88' lang='lat' dir='ltr'><strong>mittens,</strong></span> <span class='ocrx_word' id='word_1_709' title='bbox 753 5589 902 5651; x_wconf 83' lang='lat' dir='ltr'><strong>rogat</strong></span> <span class='ocrx_word' id='word_1_710' title='bbox 926 5596 988 5634; x_wconf 81' lang='lat' dir='ltr'><strong>es</strong></span> <span class='ocrx_word' id='word_1_711' title='bbox 1018 5595 1136 5651; x_wconf 75' lang='lat' dir='ltr'><strong>qua:</strong></span> <span class='ocrx_word' id='word_1_712' title='bbox 1167 5581 1312 5652; x_wconf 84' lang='lat' dir='ltr'><strong>pacis</strong></span> <span class='ocrx_word' id='word_1_713' title='bbox 1331 5591 1470 5636; x_wconf 83' lang='lat' dir='ltr'><strong>sunt.</strong></span> <span class='ocrx_word' id='word_1_714' title='bbox 1504 5581 1620 5638; x_wconf 82' lang='lat' dir='ltr'><strong>Rex</strong></span> <span class='ocrx_word' id='word_1_715' title='bbox 1646 5592 1836 5642; x_wconf 79' lang='lat' dir='ltr'><strong>contra</strong></span> 
     </span>
    </p>
   </div>
   <div class='ocr_carea' id='block_1_96' title="bbox 251 5653 1846 5744">
    <p class='ocr_par' dir='ltr' id='par_1_96' title="bbox 251 5653 1846 5744">
     <span class='ocr_line' id='line_1_96' title="bbox 251 5653 1846 5744; baseline 0.004 -19"><span class='ocrx_word' id='word_1_716' title='bbox 251 5687 463 5744; x_wconf 78' lang='lat' dir='ltr'><strong>regem,</strong></span> <span class='ocrx_word' id='word_1_717' title='bbox 489 5687 556 5726; x_wconf 80' lang='lat' dir='ltr'><strong>ex</strong></span> <span class='ocrx_word' id='word_1_718' title='bbox 579 5687 735 5742; x_wconf 69' lang='lat' dir='ltr'><strong>sequo</strong></span> <span class='ocrx_word' id='word_1_719' title='bbox 759 5671 906 5726; x_wconf 86' lang='lat' dir='ltr'><strong>venit</strong></span> <span class='ocrx_word' id='word_1_720' title='bbox 942 5671 1010 5724; x_wconf 91' lang='lat' dir='ltr'><strong>ad</strong></span> <span class='ocrx_word' id='word_1_721' title='bbox 1058 5669 1323 5740; x_wconf 76' lang='lat' dir='ltr'><strong>praelium,</strong></span> <span class='ocrx_word' id='word_1_722' title='bbox 1353 5679 1410 5727; x_wconf 88' lang='lat' dir='ltr'><strong>et</strong></span> <span class='ocrx_word' id='word_1_723' title='bbox 1453 5680 1639 5730; x_wconf 90' lang='lat' dir='ltr'><strong>tamen</strong></span> <span class='ocrx_word' id='word_1_724' title='bbox 1685 5675 1732 5732; x_wconf 89' lang='lat' dir='ltr'><strong>si</strong></span> <span class='ocrx_word' id='word_1_725' title='bbox 1773 5653 1846 5738; x_wconf 59' lang='lat' dir='ltr'><strong>se‘</strong></span> 
     </span>
    </p>
   </div>
   <div class='ocr_carea' id='block_1_97' title="bbox 251 5759 1838 5840">
    <p class='ocr_par' dir='ltr' id='par_1_97' title="bbox 251 5759 1838 5840">
     <span class='ocr_line' id='line_1_97' title="bbox 251 5759 1838 5840; baseline 0.007 -22"><span class='ocrx_word' id='word_1_726' title='bbox 251 5764 542 5837; x_wconf 81' lang='lat' dir='ltr'><strong>perpendit</strong></span> <span class='ocrx_word' id='word_1_727' title='bbox 567 5780 672 5818; x_wconf 88' lang='lat' dir='ltr'><strong>non</strong></span> <span class='ocrx_word' id='word_1_728' title='bbox 702 5778 862 5833; x_wconf 88' lang='lat' dir='ltr'><strong>posse</strong></span> <span class='ocrx_word' id='word_1_729' title='bbox 903 5759 1163 5828; x_wconf 80' lang='lat' dir='ltr'><strong>suilicere,</strong></span> <span class='ocrx_word' id='word_1_730' title='bbox 1194 5761 1518 5836; x_wconf 87' lang='lat' dir='ltr'><strong>legationem</strong></span> <span class='ocrx_word' id='word_1_731' title='bbox 1563 5769 1751 5840; x_wconf 88' lang='lat' dir='ltr'><strong>mittit,</strong></span> <span class='ocrx_word' id='word_1_732' title='bbox 1781 5779 1838 5830; x_wconf 86' lang='lat' dir='ltr'><strong>et</strong></span> 
     </span>
    </p>
   </div>
   <div class='ocr_carea' id='block_1_98' title="bbox 249 5851 1834 5936">
    <p class='ocr_par' dir='ltr' id='par_1_98' title="bbox 249 5851 1834 5936">
     <span class='ocr_line' id='line_1_98' title="bbox 249 5851 1834 5936; baseline 0.007 -27"><span class='ocrx_word' id='word_1_733' title='bbox 249 5871 455 5929; x_wconf 69' lang='lat' dir='ltr'><strong>eaquae</strong></span> <span class='ocrx_word' id='word_1_734' title='bbox 475 5855 622 5928; x_wconf 80' lang='lat' dir='ltr'><strong>pacis</strong></span> <span class='ocrx_word' id='word_1_735' title='bbox 643 5861 768 5910; x_wconf 84' lang='lat' dir='ltr'><strong>sunt</strong></span> <span class='ocrx_word' id='word_1_736' title='bbox 785 5852 1040 5926; x_wconf 74' lang='lat' dir='ltr'><strong>postulat.</strong></span> <span class='ocrx_word' id='word_1_737' title='bbox 1069 5851 1278 5922; x_wconf 76' lang='lat' dir='ltr'><strong>Quibus</strong></span> <span class='ocrx_word' id='word_1_738' title='bbox 1295 5869 1429 5929; x_wconf 83' lang='lat' dir='ltr'><strong>ergo</strong></span> <span class='ocrx_word' id='word_1_739' title='bbox 1457 5873 1558 5917; x_wconf 79' lang='lat' dir='ltr'><strong>nos</strong></span> <span class='ocrx_word' id='word_1_740' title='bbox 1577 5862 1834 5936; x_wconf 77' lang='lat' dir='ltr'><strong>lacrymis</strong></span> 
     </span>
    </p>
   </div>
   <div class='ocr_carea' id='block_1_99' title="bbox 1937 4748 3525 4826">
    <p class='ocr_par' dir='ltr' id='par_1_99' title="bbox 1937 4748 3525 4826">
     <span class='ocr_line' id='line_1_99' title="bbox 1937 4748 3525 4826; baseline 0.009 -23"><span class='ocrx_word' id='word_1_741' title='bbox 1937 4766 1966 4803; x_wconf 81' lang='lat' dir='ltr'><strong>s</strong></span> <span class='ocrx_word' id='word_1_742' title='bbox 1999 4748 2116 4805; x_wconf 84' lang='lat' dir='ltr'><strong>sior</strong></span> <span class='ocrx_word' id='word_1_743' title='bbox 2141 4751 2211 4805; x_wconf 87' lang='lat' dir='ltr'><strong>sit</strong></span> <span class='ocrx_word' id='word_1_744' title='bbox 2233 4766 2390 4817; x_wconf 86' lang='lat' dir='ltr'><strong>auro,</strong></span> <span class='ocrx_word' id='word_1_745' title='bbox 2417 4755 2562 4823; x_wconf 88' lang='lat' dir='ltr'><strong>quod</strong></span> <span class='ocrx_word' id='word_1_746' title='bbox 2606 4767 2705 4823; x_wconf 85' lang='lat' dir='ltr'><strong>per</strong></span> <span class='ocrx_word' id='word_1_747' title='bbox 2755 4755 2937 4826; x_wconf 82' lang='lat' dir='ltr'><strong>ignem</strong></span> <span class='ocrx_word' id='word_1_748' title='bbox 2973 4757 3257 4826; x_wconf 82' lang='lat' dir='ltr'><strong>probatur.</strong></span> <span class='ocrx_word' id='word_1_749' title='bbox 3306 4757 3525 4818; x_wconf 76' lang='lat' dir='ltr'><strong>Christo</strong></span> 
     </span>
    </p>
   </div>
   <div class='ocr_carea' id='block_1_100' title="bbox 1943 4841 3521 4921">
    <p class='ocr_par' dir='ltr' id='par_1_100' title="bbox 1943 4841 3521 4921">
     <span class='ocr_line' id='line_1_100' title="bbox 1943 4841 3521 4921; baseline 0.009 -27"><span class='ocrx_word' id='word_1_750' title='bbox 1943 4857 1966 4894; x_wconf 86' lang='lat' dir='ltr'><strong>s</strong></span> <span class='ocrx_word' id='word_1_751' title='bbox 2005 4841 2174 4912; x_wconf 88' lang='lat' dir='ltr'><strong>igitur</strong></span> <span class='ocrx_word' id='word_1_752' title='bbox 2198 4856 2360 4911; x_wconf 83' lang='lat' dir='ltr'><strong>passo</strong></span> <span class='ocrx_word' id='word_1_753' title='bbox 2381 4842 2438 4898; x_wconf 86' lang='lat' dir='ltr'><strong>in</strong></span> <span class='ocrx_word' id='word_1_754' title='bbox 2463 4857 2632 4900; x_wconf 82' lang='lat' dir='ltr'><strong>carne</strong></span> <span class='ocrx_word' id='word_1_755' title='bbox 2649 4852 2714 4901; x_wconf 85' lang='lat' dir='ltr'><strong>et</strong></span> <span class='ocrx_word' id='word_1_756' title='bbox 2739 4861 2835 4902; x_wconf 80' lang='lat' dir='ltr'><strong>vos</strong></span> <span class='ocrx_word' id='word_1_757' title='bbox 2857 4847 3051 4903; x_wconf 84' lang='lat' dir='ltr'><strong>eadem</strong></span> <span class='ocrx_word' id='word_1_758' title='bbox 3065 4850 3400 4921; x_wconf 76' lang='lat' dir='ltr'><strong>cogitatione</strong></span> <span class='ocrx_word' id='word_1_759' title='bbox 3429 4868 3521 4908; x_wconf 90' lang='lat' dir='ltr'><strong>ar-</strong></span> 
     </span>
    </p>
   </div>
   <div class='ocr_carea' id='block_1_101' title="bbox 1943 4932 3522 5010">
    <p class='ocr_par' dir='ltr' id='par_1_101' title="bbox 1943 4932 3522 5010">
     <span class='ocr_line' id='line_1_101' title="bbox 1943 4932 3522 5010; baseline 0.01 -24"><span class='ocrx_word' id='word_1_760' title='bbox 1943 4950 1969 4986; x_wconf 71' lang='grc'><strong>(</strong></span> <span class='ocrx_word' id='word_1_761' title='bbox 2001 4933 2250 4988; x_wconf 77' lang='lat' dir='ltr'><strong>memini.</strong></span> <span class='ocrx_word' id='word_1_762' title='bbox 2293 4932 2429 5001; x_wconf 83' lang='lat' dir='ltr'><strong>Quia</strong></span> <span class='ocrx_word' id='word_1_763' title='bbox 2476 4935 2568 5006; x_wconf 90' lang='lat' dir='ltr'><strong>qui</strong></span> <span class='ocrx_word' id='word_1_764' title='bbox 2609 4949 2806 5006; x_wconf 86' lang='lat' dir='ltr'><strong>passus</strong></span> <span class='ocrx_word' id='word_1_765' title='bbox 2853 4948 2942 4997; x_wconf 88' lang='lat' dir='ltr'><strong>est</strong></span> <span class='ocrx_word' id='word_1_766' title='bbox 2975 4941 3033 4996; x_wconf 81' lang='lat' dir='ltr'><strong>in</strong></span> <span class='ocrx_word' id='word_1_767' title='bbox 3071 4957 3261 5010; x_wconf 87' lang='lat' dir='ltr'><strong>carne,</strong></span> <span class='ocrx_word' id='word_1_768' title='bbox 3290 4944 3450 5001; x_wconf 83' lang='lat' dir='ltr'><strong>desiit</strong></span> <span class='ocrx_word' id='word_1_769' title='bbox 3487 4961 3522 5002; x_wconf 88' lang='lat' dir='ltr'><strong>a</strong></span> 
     </span>
    </p>
   </div>
   <div class='ocr_carea' id='block_1_102' title="bbox 1935 5024 3522 5102">
    <p class='ocr_par' dir='ltr' id='par_1_102' title="bbox 1935 5024 3522 5102">
     <span class='ocr_line' id='line_1_102' title="bbox 1935 5024 3522 5102; baseline 0.008 -23"><span class='ocrx_word' id='word_1_770' title='bbox 1935 5039 1966 5080; x_wconf 62' lang='grc' dir='ltr'><strong><em>τ</em></strong></span> <span class='ocrx_word' id='word_1_771' title='bbox 1993 5026 2258 5096; x_wconf 80' lang='lat' dir='ltr'><strong>peccatis,</strong></span> <span class='ocrx_word' id='word_1_772' title='bbox 2285 5033 2353 5081; x_wconf 70' lang='lat' dir='ltr'><strong>ut</strong></span> <span class='ocrx_word' id='word_1_773' title='bbox 2373 5024 2486 5094; x_wconf 82' lang='lat' dir='ltr'><strong>jam</strong></span> <span class='ocrx_word' id='word_1_774' title='bbox 2515 5041 2623 5082; x_wconf 90' lang='lat' dir='ltr'><strong>non</strong></span> <span class='ocrx_word' id='word_1_775' title='bbox 2653 5029 2937 5086; x_wconf 75' lang='lat' dir='ltr'><strong>hominum</strong></span> <span class='ocrx_word' id='word_1_776' title='bbox 2967 5031 3274 5102; x_wconf 89' lang='lat' dir='ltr'><strong>desideriis,</strong></span> <span class='ocrx_word' id='word_1_777' title='bbox 3305 5037 3398 5091; x_wconf 91' lang='lat' dir='ltr'><strong>sed</strong></span> <span class='ocrx_word' id='word_1_778' title='bbox 3427 5051 3522 5092; x_wconf 89' lang='lat' dir='ltr'><strong>vo-</strong></span> 
     </span>
    </p>
   </div>
   <div class='ocr_carea' id='block_1_103' title="bbox 1941 5117 3520 5196">
    <p class='ocr_par' dir='ltr' id='par_1_103' title="bbox 1941 5117 3520 5196">
     <span class='ocr_line' id='line_1_103' title="bbox 1941 5117 3520 5196; baseline 0.006 -25"><span class='ocrx_word' id='word_1_779' title='bbox 1941 5135 1967 5171; x_wconf 70' lang='grc' dir='ltr'>ι</span> <span class='ocrx_word' id='word_1_780' title='bbox 1997 5117 2210 5174; x_wconf 67' lang='lat' dir='ltr'><strong>hante</strong></span> <span class='ocrx_word' id='word_1_781' title='bbox 2236 5117 2354 5185; x_wconf 85' lang='lat' dir='ltr'><strong>Dei,</strong></span> <span class='ocrx_word' id='word_1_782' title='bbox 2377 5119 2522 5190; x_wconf 90' lang='lat' dir='ltr'><strong>quod</strong></span> <span class='ocrx_word' id='word_1_783' title='bbox 2547 5118 2814 5190; x_wconf 88' lang='lat' dir='ltr'><strong>reliquum</strong></span> <span class='ocrx_word' id='word_1_784' title='bbox 2836 5131 2921 5180; x_wconf 87' lang='lat' dir='ltr'><strong>est</strong></span> <span class='ocrx_word' id='word_1_785' title='bbox 2965 5124 3228 5196; x_wconf 85' lang='lat' dir='ltr'><strong>temporis</strong></span> <span class='ocrx_word' id='word_1_786' title='bbox 3265 5125 3318 5178; x_wconf 92' lang='lat' dir='ltr'><strong>in</strong></span> <span class='ocrx_word' id='word_1_787' title='bbox 3355 5138 3520 5180; x_wconf 86' lang='lat' dir='ltr'><strong>carne</strong></span> 
     </span>
    </p>
   </div>
   <div class='ocr_carea' id='block_1_104' title="bbox 1933 5207 3519 5285">
    <p class='ocr_par' dir='ltr' id='par_1_104' title="bbox 1933 5207 3519 5285">
     <span class='ocr_line' id='line_1_104' title="bbox 1933 5207 3519 5285; baseline 0.006 -24"><span class='ocrx_word' id='word_1_788' title='bbox 1933 5222 1965 5261; x_wconf 67' lang='grc' dir='ltr'><strong>α</strong></span> <span class='ocrx_word' id='word_1_789' title='bbox 2006 5209 2176 5264; x_wconf 77' lang='lat' dir='ltr'><strong>vivat.</strong></span> <span class='ocrx_word' id='word_1_790' title='bbox 2204 5207 2348 5264; x_wconf 83' lang='lat' dir='ltr'><strong>Deus</strong></span> <span class='ocrx_word' id='word_1_791' title='bbox 2373 5219 2552 5264; x_wconf 87' lang='lat' dir='ltr'><strong>autem</strong></span> <span class='ocrx_word' id='word_1_792' title='bbox 2593 5211 2773 5268; x_wconf 88' lang='lat' dir='ltr'><strong>omnis</strong></span> <span class='ocrx_word' id='word_1_793' title='bbox 2799 5213 3020 5285; x_wconf 63' lang='lat' dir='ltr'><strong>gratiae,</strong></span> <span class='ocrx_word' id='word_1_794' title='bbox 3052 5214 3146 5284; x_wconf 87' lang='lat' dir='ltr'><strong>qui</strong></span> <span class='ocrx_word' id='word_1_795' title='bbox 3167 5213 3382 5269; x_wconf 86' lang='lat' dir='ltr'><strong>vocavit</strong></span> <span class='ocrx_word' id='word_1_796' title='bbox 3421 5227 3519 5270; x_wconf 82' lang='lat' dir='ltr'><strong>vos</strong></span> 
     </span>
    </p>
   </div>
   <div class='ocr_carea' id='block_1_105' title="bbox 1942 5301 3517 5375">
    <p class='ocr_par' dir='ltr' id='par_1_105' title="bbox 1942 5301 3517 5375">
     <span class='ocr_line' id='line_1_105' title="bbox 1942 5301 3517 5375; baseline 0.007 -23"><span class='ocrx_word' id='word_1_797' title='bbox 1942 5316 1964 5352; x_wconf 69' lang='grc' dir='ltr'><strong><em>ι</em></strong></span> <span class='ocrx_word' id='word_1_798' title='bbox 2005 5301 2062 5356; x_wconf 91' lang='lat' dir='ltr'><strong>in</strong></span> <span class='ocrx_word' id='word_1_799' title='bbox 2087 5308 2347 5356; x_wconf 65' lang='lat' dir='ltr'><strong>aeternam</strong></span> <span class='ocrx_word' id='word_1_800' title='bbox 2373 5315 2527 5356; x_wconf 85' lang='lat' dir='ltr'><strong>suam</strong></span> <span class='ocrx_word' id='word_1_801' title='bbox 2553 5301 2780 5375; x_wconf 86' lang='lat' dir='ltr'><strong>gloriam</strong></span> <span class='ocrx_word' id='word_1_802' title='bbox 2813 5303 2870 5360; x_wconf 90' lang='lat' dir='ltr'><strong>in</strong></span> <span class='ocrx_word' id='word_1_803' title='bbox 2909 5303 3128 5361; x_wconf 83' lang='lat' dir='ltr'><strong>Christo</strong></span> <span class='ocrx_word' id='word_1_804' title='bbox 3168 5301 3296 5361; x_wconf 73' lang='lat' dir='ltr'><strong>Iesu</strong></span> <span class='ocrx_word' id='word_1_805' title='bbox 3339 5307 3517 5362; x_wconf 88' lang='lat' dir='ltr'><strong>modi-</strong></span> 
     </span>
    </p>
   </div>
   <div class='ocr_carea' id='block_1_106' title="bbox 1933 5393 3518 5466">
    <p class='ocr_par' dir='ltr' id='par_1_106' title="bbox 1933 5393 3518 5466">
     <span class='ocr_line' id='line_1_106' title="bbox 1933 5393 3518 5466; baseline 0.005 -19"><span class='ocrx_word' id='word_1_806' title='bbox 1933 5410 1962 5446; x_wconf 70' lang='grc' dir='ltr'><strong>ι</strong></span> <span class='ocrx_word' id='word_1_807' title='bbox 2005 5407 2132 5448; x_wconf 88' lang='lat' dir='ltr'><strong>cum</strong></span> <span class='ocrx_word' id='word_1_808' title='bbox 2157 5407 2369 5464; x_wconf 88' lang='lat' dir='ltr'><strong>passos,</strong></span> <span class='ocrx_word' id='word_1_809' title='bbox 2398 5395 2516 5466; x_wconf 89' lang='lat' dir='ltr'><strong>ipse</strong></span> <span class='ocrx_word' id='word_1_810' title='bbox 2541 5394 2813 5466; x_wconf 83' lang='lat' dir='ltr'><strong>perﬁciet,</strong></span> <span class='ocrx_word' id='word_1_811' title='bbox 2838 5395 3212 5463; x_wconf 85' lang='lat' dir='ltr'><strong>conﬁrmabit,</strong></span> <span class='ocrx_word' id='word_1_812' title='bbox 3239 5393 3518 5454; x_wconf 82' lang='lat' dir='ltr'><strong>solidabit—</strong></span> 
     </span>
    </p>
   </div>
   <div class='ocr_carea' id='block_1_107' title="bbox 1935 5486 3513 5567">
    <p class='ocr_par' dir='ltr' id='par_1_107' title="bbox 1935 5486 3513 5567">
     <span class='ocr_line' id='line_1_107' title="bbox 1935 5486 3513 5567; baseline 0.005 -27"><span class='ocrx_word' id='word_1_813' title='bbox 1935 5502 1964 5540; x_wconf 70' lang='grc' dir='ltr'><strong><em>ι</em></strong></span> <span class='ocrx_word' id='word_1_814' title='bbox 2003 5500 2130 5557; x_wconf 89' lang='lat' dir='ltr'><strong>que.</strong></span> <span class='ocrx_word' id='word_1_815' title='bbox 2159 5487 2266 5559; x_wconf 85' lang='lat' dir='ltr'><strong>ipsi</strong></span> <span class='ocrx_word' id='word_1_816' title='bbox 2285 5487 2455 5561; x_wconf 79' lang='lat' dir='ltr'><strong>gioria</strong></span> <span class='ocrx_word' id='word_1_817' title='bbox 2476 5494 2532 5544; x_wconf 89' lang='lat' dir='ltr'><strong>et</strong></span> <span class='ocrx_word' id='word_1_818' title='bbox 2560 5489 2848 5561; x_wconf 89' lang='lat' dir='ltr'><strong>imperium</strong></span> <span class='ocrx_word' id='word_1_819' title='bbox 2880 5489 2939 5567; x_wconf 79' lang='lat' dir='ltr'><strong>in</strong></span> <span class='ocrx_word' id='word_1_820' title='bbox 2963 5486 3161 5545; x_wconf 68' lang='lat' dir='ltr'><strong>saecula</strong></span> <span class='ocrx_word' id='word_1_821' title='bbox 3193 5488 3513 5548; x_wconf 66' lang='lat' dir='ltr'><strong>mulorum</strong></span> 
     </span>
    </p>
   </div>
   <div class='ocr_carea' id='block_1_108' title="bbox 1933 5577 3414 5635">
    <p class='ocr_par' dir='ltr' id='par_1_108' title="bbox 1933 5577 3414 5635">
     <span class='ocr_line' id='line_1_108' title="bbox 1933 5577 3414 5635; baseline 0.007 -3"><span class='ocrx_word' id='word_1_822' title='bbox 1933 5593 1962 5632; x_wconf 70' lang='grc' dir='ltr'>ι</span> <span class='ocrx_word' id='word_1_823' title='bbox 2003 5577 2198 5635; x_wconf 81' lang='lat' dir='ltr'><strong>Amen.</strong></span> <span class='ocrx_word' id='word_1_824' title='bbox 2244 5598 2265 5633; x_wconf 68' lang='grc' dir='ltr'><em>υ</em></span> <span class='ocrx_word' id='word_1_825' title='bbox 3405 5592 3414 5600; x_wconf 91' lang='grc'><strong><em>“</em></strong></span> 
     </span>
    </p>
   </div>
   <div class='ocr_carea' id='block_1_109' title="bbox 2005 5670 3514 5748">
    <p class='ocr_par' dir='ltr' id='par_1_109' title="bbox 2005 5670 3514 5748">
     <span class='ocr_line' id='line_1_109' title="bbox 2005 5670 3514 5748; baseline 0.003 -19"><span class='ocrx_word' id='word_1_826' title='bbox 2005 5671 2320 5730; x_wconf 83' lang='lat' dir='ltr'><strong>Benedictus</strong></span> <span class='ocrx_word' id='word_1_827' title='bbox 2335 5672 2474 5730; x_wconf 82' lang='lat' dir='ltr'><strong>Deus</strong></span> <span class='ocrx_word' id='word_1_828' title='bbox 2484 5683 2532 5729; x_wconf 86' lang='lat' dir='ltr'><strong>et</strong></span> <span class='ocrx_word' id='word_1_829' title='bbox 2546 5670 2708 5729; x_wconf 85' lang='lat' dir='ltr'><strong>Pater</strong></span> <span class='ocrx_word' id='word_1_830' title='bbox 2716 5672 2932 5729; x_wconf 88' lang='lat' dir='ltr'><strong>Domini</strong></span> <span class='ocrx_word' id='word_1_831' title='bbox 2950 5675 3116 5729; x_wconf 89' lang='lat' dir='ltr'><strong>nostri</strong></span> <span class='ocrx_word' id='word_1_832' title='bbox 3125 5674 3275 5744; x_wconf 71' lang='lat' dir='ltr'><strong>Iesu,</strong></span> <span class='ocrx_word' id='word_1_833' title='bbox 3290 5684 3394 5732; x_wconf 91' lang='lat' dir='ltr'><strong>etc.</strong></span> <span class='ocrx_word' id='word_1_834' title='bbox 3412 5674 3514 5748; x_wconf 79' lang='lat' dir='ltr'><strong>(Ex</strong></span> 
     </span>
    </p>
   </div>
   <div class='ocr_carea' id='block_1_110' title="bbox 1935 5765 3516 5842">
    <p class='ocr_par' dir='ltr' id='par_1_110' title="bbox 1935 5765 3516 5842">
     <span class='ocr_line' id='line_1_110' title="bbox 1935 5765 3516 5842; baseline -0.002 -16"><span class='ocrx_word' id='word_1_835' title='bbox 1935 5767 2127 5842; x_wconf 81' lang='lat' dir='ltr'><strong>Beda.)</strong></span> <span class='ocrx_word' id='word_1_836' title='bbox 2157 5767 2233 5824; x_wconf 89' lang='lat' dir='ltr'><strong>Ita</strong></span> <span class='ocrx_word' id='word_1_837' title='bbox 2276 5767 2389 5823; x_wconf 89' lang='lat' dir='ltr'><strong>Deo</strong></span> <span class='ocrx_word' id='word_1_838' title='bbox 2424 5766 2565 5839; x_wconf 88' lang='lat' dir='ltr'><strong>patri</strong></span> <span class='ocrx_word' id='word_1_839' title='bbox 2593 5765 2780 5823; x_wconf 89' lang='lat' dir='ltr'><strong>laudes</strong></span> <span class='ocrx_word' id='word_1_840' title='bbox 2809 5765 3199 5825; x_wconf 86' lang='lat' dir='ltr'><strong>benedictionis</strong></span> <span class='ocrx_word' id='word_1_841' title='bbox 3238 5768 3426 5836; x_wconf 78' lang='lat' dir='ltr'><strong>refert,</strong></span> <span class='ocrx_word' id='word_1_842' title='bbox 3453 5775 3516 5824; x_wconf 90' lang='lat' dir='ltr'><strong>ut</strong></span> 
     </span>
    </p>
   </div>
   <div class='ocr_carea' id='block_1_111' title="bbox 1932 5857 3514 5922">
    <p class='ocr_par' dir='ltr' id='par_1_111' title="bbox 1932 5857 3514 5922">
     <span class='ocr_line' id='line_1_111' title="bbox 1932 5857 3514 5922; baseline -0.004 0"><span class='ocrx_word' id='word_1_843' title='bbox 1932 5861 2224 5922; x_wconf 68' lang='lat' dir='ltr'><strong>Dominum</strong></span> <span class='ocrx_word' id='word_1_844' title='bbox 2234 5857 2568 5919; x_wconf 71' lang='lat' dir='ltr'><strong>salvatorem</strong></span> <span class='ocrx_word' id='word_1_845' title='bbox 2587 5864 2834 5916; x_wconf 71' lang='lat' dir='ltr'><strong>nostrum</strong></span> <span class='ocrx_word' id='word_1_846' title='bbox 2855 5865 2911 5918; x_wconf 87' lang='lat' dir='ltr'><strong>et</strong></span> <span class='ocrx_word' id='word_1_847' title='bbox 2931 5857 3101 5918; x_wconf 82' lang='lat' dir='ltr'><strong>Deum</strong></span> <span class='ocrx_word' id='word_1_848' title='bbox 3113 5874 3236 5918; x_wconf 82' lang='lat' dir='ltr'><strong>esse</strong></span> <span class='ocrx_word' id='word_1_849' title='bbox 3247 5867 3514 5920; x_wconf 82' lang='lat' dir='ltr'><strong>monstret</strong></span> 
     </span>
    </p>
   </div>
  </div>
