  <div class='ocr_page' id='page_1' title='image "/cluster/home/n/w/nwhite01/storage/ocr_20150623/102/hvd.32044015466808/273.png"; bbox 0 0 4026 6482; ppageno 0'>
   <div class='ocr_carea' id='block_1_1' title="bbox 526 402 634 459">
    <p class='ocr_par' dir='ltr' id='par_1_1' title="bbox 526 402 634 459">
     <span class='ocr_line' id='line_1_1' title="bbox 526 402 634 459; baseline 0 -1"><span class='ocrx_word' id='word_1_1' title='bbox 526 402 634 459; x_wconf 76' lang='grc'><strong>555</strong></span> 
     </span>
    </p>
   </div>
   <div class='ocr_carea' id='block_1_2' title="bbox 1765 403 2492 464">
    <p class='ocr_par' dir='ltr' id='par_1_2' title="bbox 1765 403 2492 464">
     <span class='ocr_line' id='line_1_2' title="bbox 1765 403 2492 464; baseline 0.004 -4"><span class='ocrx_word' id='word_1_2' title='bbox 1765 434 1770 439; x_wconf 94' lang='grc'><strong>-</strong></span> <span class='ocrx_word' id='word_1_3' title='bbox 1814 403 2165 464; x_wconf 79' lang='lat' dir='ltr'><strong>SMARAGDI</strong></span> <span class='ocrx_word' id='word_1_4' title='bbox 2203 404 2492 463; x_wconf 80' lang='lat' dir='ltr'><strong>ABBATIS</strong></span> 
     </span>
    </p>
   </div>
   <div class='ocr_carea' id='block_1_3' title="bbox 3687 406 3802 468">
    <p class='ocr_par' dir='ltr' id='par_1_3' title="bbox 3687 406 3802 468">
     <span class='ocr_line' id='line_1_3' title="bbox 3687 406 3802 468; baseline 0.017 -1"><span class='ocrx_word' id='word_1_5' title='bbox 3687 406 3802 468; x_wconf 75' lang='lat'><strong>556</strong></span> 
     </span>
    </p>
   </div>
   <div class='ocr_carea' id='block_1_4' title="bbox 523 513 3798 594">
    <p class='ocr_par' dir='ltr' id='par_1_4' title="bbox 523 513 3798 594">
     <span class='ocr_line' id='line_1_4' title="bbox 523 513 3798 594; baseline 0.002 -21"><span class='ocrx_word' id='word_1_6' title='bbox 523 525 582 573; x_wconf 90' lang='lat' dir='ltr'><strong>et</strong></span> <span class='ocrx_word' id='word_1_7' title='bbox 624 514 919 573; x_wconf 82' lang='lat' dir='ltr'><strong>hominem.</strong></span> <span class='ocrx_word' id='word_1_8' title='bbox 963 513 1096 569; x_wconf 90' lang='lat' dir='ltr'><strong>Cum</strong></span> <span class='ocrx_word' id='word_1_9' title='bbox 1124 516 1267 569; x_wconf 90' lang='lat' dir='ltr'><strong>enim</strong></span> <span class='ocrx_word' id='word_1_10' title='bbox 1295 516 1424 572; x_wconf 92' lang='lat' dir='ltr'><strong>dicit</strong></span> <span class='ocrx_word' id='word_1_11' title='bbox 1454 519 1596 572; x_wconf 87' lang='lat' dir='ltr'><strong>Deus</strong></span> <span class='ocrx_word' id='word_1_12' title='bbox 1620 527 1668 573; x_wconf 87' lang='lat' dir='ltr'><strong>et</strong></span> <span class='ocrx_word' id='word_1_13' title='bbox 1695 519 1859 574; x_wconf 88' lang='lat' dir='ltr'><strong>Pater</strong></span> <span class='ocrx_word' id='word_1_14' title='bbox 1885 520 2096 574; x_wconf 81' lang='lat' dir='ltr'><strong><em>Domini</em></strong></span> <span class='ocrx_word' id='word_1_15' title='bbox 2124 522 2176 583; x_wconf 80' lang='grc' dir='ltr'><strong>Α</strong></span> <span class='ocrx_word' id='word_1_16' title='bbox 2199 520 2279 575; x_wconf 89' lang='lat' dir='ltr'><strong>sic</strong></span> <span class='ocrx_word' id='word_1_17' title='bbox 2305 529 2516 589; x_wconf 90' lang='lat' dir='ltr'><strong>oportet</strong></span> <span class='ocrx_word' id='word_1_18' title='bbox 2543 520 2852 576; x_wconf 82' lang='lat' dir='ltr'><strong>contristari</strong></span> <span class='ocrx_word' id='word_1_19' title='bbox 2872 563 2887 587; x_wconf 93' lang='lat'><strong>,</strong></span> <span class='ocrx_word' id='word_1_20' title='bbox 2927 530 3177 592; x_wconf 83' lang='lat' dir='ltr'><strong>Oportet,</strong></span> <span class='ocrx_word' id='word_1_21' title='bbox 3211 521 3408 594; x_wconf 80' lang='lat' dir='ltr'><strong>inquit,</strong></span> <span class='ocrx_word' id='word_1_22' title='bbox 3447 524 3798 588; x_wconf 84' lang='lat' dir='ltr'><strong>contristari,</strong></span> 
     </span>
    </p>
   </div>
   <div class='ocr_carea' id='block_1_5' title="bbox 525 605 2101 678">
    <p class='ocr_par' dir='ltr' id='par_1_5' title="bbox 525 605 2101 678">
     <span class='ocr_line' id='line_1_5' title="bbox 525 605 2101 678; baseline 0.003 -14"><span class='ocrx_word' id='word_1_23' title='bbox 525 610 694 665; x_wconf 78' lang='lat' dir='ltr'><strong>nostri</strong></span> <span class='ocrx_word' id='word_1_24' title='bbox 721 606 850 663; x_wconf 85' lang='lat' dir='ltr'><strong>Jesu</strong></span> <span class='ocrx_word' id='word_1_25' title='bbox 874 605 1087 673; x_wconf 84' lang='lat' dir='ltr'><strong>Christi,</strong></span> <span class='ocrx_word' id='word_1_26' title='bbox 1105 607 1272 662; x_wconf 90' lang='lat' dir='ltr'><strong>Deum</strong></span> <span class='ocrx_word' id='word_1_27' title='bbox 1299 611 1515 678; x_wconf 88' lang='lat' dir='ltr'><strong>quidem</strong></span> <span class='ocrx_word' id='word_1_28' title='bbox 1541 610 1751 666; x_wconf 89' lang='lat' dir='ltr'><strong>Domini</strong></span> <span class='ocrx_word' id='word_1_29' title='bbox 1777 613 1944 667; x_wconf 81' lang='lat' dir='ltr'><strong>nostri</strong></span> <span class='ocrx_word' id='word_1_30' title='bbox 1973 611 2101 668; x_wconf 85' lang='lat' dir='ltr'><strong>Jesu</strong></span> 
     </span>
    </p>
   </div>
   <div class='ocr_carea' id='block_1_6' title="bbox 524 698 2102 774">
    <p class='ocr_par' dir='ltr' id='par_1_6' title="bbox 524 698 2102 774">
     <span class='ocr_line' id='line_1_6' title="bbox 524 698 2102 774; baseline 0.001 -19"><span class='ocrx_word' id='word_1_31' title='bbox 524 698 728 756; x_wconf 78' lang='lat' dir='ltr'><strong>Christi</strong></span> <span class='ocrx_word' id='word_1_32' title='bbox 759 698 1008 768; x_wconf 84' lang='lat' dir='ltr'><strong>appellat,</strong></span> <span class='ocrx_word' id='word_1_33' title='bbox 1040 699 1165 768; x_wconf 83' lang='lat' dir='ltr'><strong>quia</strong></span> <span class='ocrx_word' id='word_1_34' title='bbox 1194 699 1370 768; x_wconf 87' lang='lat' dir='ltr'><strong>ipsum</strong></span> <span class='ocrx_word' id='word_1_35' title='bbox 1397 700 1680 755; x_wconf 90' lang='lat' dir='ltr'><strong>Dominum</strong></span> <span class='ocrx_word' id='word_1_36' title='bbox 1710 700 1892 757; x_wconf 83' lang='lat' dir='ltr'><strong>Jesum</strong></span> <span class='ocrx_word' id='word_1_37' title='bbox 1929 703 2102 774; x_wconf 77' lang='lat' dir='ltr'><strong>homi-</strong></span> 
     </span>
    </p>
   </div>
   <div class='ocr_carea' id='block_1_7' title="bbox 524 787 2100 849">
    <p class='ocr_par' dir='ltr' id='par_1_7' title="bbox 524 787 2100 849">
     <span class='ocr_line' id='line_1_7' title="bbox 524 787 2100 849; baseline 0.003 -5"><span class='ocrx_word' id='word_1_38' title='bbox 524 805 649 845; x_wconf 88' lang='lat' dir='ltr'><strong>nem</strong></span> <span class='ocrx_word' id='word_1_39' title='bbox 688 789 886 846; x_wconf 82' lang='lat' dir='ltr'><strong>factum</strong></span> <span class='ocrx_word' id='word_1_40' title='bbox 917 787 1083 844; x_wconf 90' lang='lat' dir='ltr'><strong>fuisse</strong></span> <span class='ocrx_word' id='word_1_41' title='bbox 1115 789 1378 845; x_wconf 87' lang='lat' dir='ltr'><strong>meminit.</strong></span> <span class='ocrx_word' id='word_1_42' title='bbox 1424 790 1640 845; x_wconf 80' lang='lat' dir='ltr'><strong>Patrem</strong></span> <span class='ocrx_word' id='word_1_43' title='bbox 1682 801 1861 847; x_wconf 89' lang='lat' dir='ltr'><strong>autem</strong></span> <span class='ocrx_word' id='word_1_44' title='bbox 1890 793 2100 849; x_wconf 89' lang='lat' dir='ltr'><strong>Domini</strong></span> 
     </span>
    </p>
   </div>
   <div class='ocr_carea' id='block_1_8' title="bbox 523 879 2100 950">
    <p class='ocr_par' dir='ltr' id='par_1_8' title="bbox 523 879 2100 950">
     <span class='ocr_line' id='line_1_8' title="bbox 523 879 2100 950; baseline 0.005 -17"><span class='ocrx_word' id='word_1_45' title='bbox 523 881 697 938; x_wconf 86' lang='lat' dir='ltr'><strong>nostri</strong></span> <span class='ocrx_word' id='word_1_46' title='bbox 746 880 1004 943; x_wconf 87' lang='lat' dir='ltr'><strong>nominat,</strong></span> <span class='ocrx_word' id='word_1_47' title='bbox 1050 879 1177 950; x_wconf 85' lang='lat' dir='ltr'><strong>quia</strong></span> <span class='ocrx_word' id='word_1_48' title='bbox 1229 881 1478 936; x_wconf 89' lang='lat' dir='ltr'><strong>eumdem</strong></span> <span class='ocrx_word' id='word_1_49' title='bbox 1525 881 1812 938; x_wconf 90' lang='lat' dir='ltr'><strong>Dominum</strong></span> <span class='ocrx_word' id='word_1_50' title='bbox 1855 893 2100 941; x_wconf 90' lang='lat' dir='ltr'><strong>nostrum</strong></span> 
     </span>
    </p>
   </div>
   <div class='ocr_carea' id='block_1_9' title="bbox 527 967 1776 1040">
    <p class='ocr_par' dir='ltr' id='par_1_9' title="bbox 527 967 1776 1040">
     <span class='ocr_line' id='line_1_9' title="bbox 527 967 1776 1040; baseline 0.006 -18"><span class='ocrx_word' id='word_1_51' title='bbox 527 967 623 1023; x_wconf 88' lang='lat' dir='ltr'><strong>Dei</strong></span> <span class='ocrx_word' id='word_1_52' title='bbox 656 968 851 1023; x_wconf 83' lang='lat' dir='ltr'><strong>Filium</strong></span> <span class='ocrx_word' id='word_1_53' title='bbox 882 985 1095 1040; x_wconf 85' lang='lat' dir='ltr'><strong>semper</strong></span> <span class='ocrx_word' id='word_1_54' title='bbox 1113 971 1387 1026; x_wconf 82' lang='lat' dir='ltr'><strong>exstitisse</strong></span> <span class='ocrx_word' id='word_1_55' title='bbox 1416 988 1522 1027; x_wconf 92' lang='lat' dir='ltr'><strong>non</strong></span> <span class='ocrx_word' id='word_1_56' title='bbox 1549 974 1776 1030; x_wconf 84' lang='lat' dir='ltr'><strong>dubitat.</strong></span> 
     </span>
    </p>
   </div>
   <div class='ocr_carea' id='block_1_10' title="bbox 597 1059 2099 1139">
    <p class='ocr_par' dir='ltr' id='par_1_10' title="bbox 597 1059 2099 1139">
     <span class='ocr_line' id='line_1_10' title="bbox 597 1059 2099 1139; baseline 0.006 -25"><span class='ocrx_word' id='word_1_57' title='bbox 597 1059 699 1125; x_wconf 98' lang='lat' dir='ltr'><strong>Qui</strong></span> <span class='ocrx_word' id='word_1_58' title='bbox 728 1064 1015 1116; x_wconf 82' lang='lat' dir='ltr'><strong>secundum</strong></span> <span class='ocrx_word' id='word_1_59' title='bbox 1050 1079 1295 1133; x_wconf 87' lang='lat' dir='ltr'><strong>magnam</strong></span> <span class='ocrx_word' id='word_1_60' title='bbox 1325 1065 1738 1120; x_wconf 85' lang='lat' dir='ltr'><strong>misericordiam</strong></span> <span class='ocrx_word' id='word_1_61' title='bbox 1776 1085 1925 1121; x_wconf 90' lang='lat' dir='ltr'><strong>suam</strong></span> <span class='ocrx_word' id='word_1_62' title='bbox 1957 1084 2099 1139; x_wconf 81' lang='lat' dir='ltr'><strong>rege-</strong></span> 
     </span>
    </p>
   </div>
   <div class='ocr_carea' id='block_1_11' title="bbox 479 1154 2098 1225">
    <p class='ocr_par' dir='ltr' id='par_1_11' title="bbox 479 1154 2098 1225">
     <span class='ocr_line' id='line_1_11' title="bbox 479 1154 2098 1225; baseline 0.004 -18"><span class='ocrx_word' id='word_1_63' title='bbox 479 1191 482 1195; x_wconf 85' lang='lat'><strong><em>-</em></strong></span> <span class='ocrx_word' id='word_1_64' title='bbox 517 1154 717 1207; x_wconf 73' lang='lat' dir='ltr'><strong>iteravit</strong></span> <span class='ocrx_word' id='word_1_65' title='bbox 743 1154 800 1208; x_wconf 90' lang='lat' dir='ltr'><strong>in</strong></span> <span class='ocrx_word' id='word_1_66' title='bbox 825 1171 968 1225; x_wconf 83' lang='lat' dir='ltr'><strong>spent</strong></span> <span class='ocrx_word' id='word_1_67' title='bbox 994 1155 1159 1208; x_wconf 77' lang='lat' dir='ltr'><strong>vivam</strong></span> <span class='ocrx_word' id='word_1_68' title='bbox 1180 1173 1272 1225; x_wconf 88' lang='lat' dir='ltr'><strong>per</strong></span> <span class='ocrx_word' id='word_1_69' title='bbox 1300 1159 1728 1213; x_wconf 72' lang='lat' dir='ltr'><strong>resurrectionem</strong></span> <span class='ocrx_word' id='word_1_70' title='bbox 1753 1160 1880 1214; x_wconf 84' lang='lat' dir='ltr'><strong>Jesu</strong></span> <span class='ocrx_word' id='word_1_71' title='bbox 1905 1159 2098 1214; x_wconf 75' lang='lat' dir='ltr'><strong>Christi</strong></span> 
     </span>
    </p>
   </div>
   <div class='ocr_carea' id='block_1_12' title="bbox 515 1244 2097 1312">
    <p class='ocr_par' dir='ltr' id='par_1_12' title="bbox 515 1244 2097 1312">
     <span class='ocr_line' id='line_1_12' title="bbox 515 1244 2097 1312; baseline 0.006 -15"><span class='ocrx_word' id='word_1_72' title='bbox 515 1259 584 1297; x_wconf 76' lang='lat' dir='ltr'><strong>ea:</strong></span> <span class='ocrx_word' id='word_1_73' title='bbox 609 1245 829 1298; x_wconf 86' lang='lat' dir='ltr'><strong>mortuis</strong></span> <span class='ocrx_word' id='word_1_74' title='bbox 851 1244 906 1298; x_wconf 90' lang='lat' dir='ltr'><strong>in</strong></span> <span class='ocrx_word' id='word_1_75' title='bbox 931 1245 1447 1312; x_wconf 77' lang='lat' dir='ltr'><strong>hcereditatem,etc.</strong></span> <span class='ocrx_word' id='word_1_76' title='bbox 1502 1246 1632 1304; x_wconf 84' lang='lat' dir='ltr'><strong>Jure</strong></span> <span class='ocrx_word' id='word_1_77' title='bbox 1680 1251 2019 1306; x_wconf 88' lang='lat' dir='ltr'><strong>benedicitur</strong></span> <span class='ocrx_word' id='word_1_78' title='bbox 2065 1267 2097 1306; x_wconf 89' lang='lat' dir='ltr'><strong>a</strong></span> 
     </span>
    </p>
   </div>
   <div class='ocr_carea' id='block_1_13' title="bbox 481 1334 2100 1414">
    <p class='ocr_par' dir='ltr' id='par_1_13' title="bbox 481 1334 2100 1414">
     <span class='ocr_line' id='line_1_13' title="bbox 481 1334 2100 1414; baseline 0.008 -27"><span class='ocrx_word' id='word_1_79' title='bbox 481 1375 487 1380; x_wconf 86' lang='lat'><strong>.</strong></span> <span class='ocrx_word' id='word_1_80' title='bbox 514 1334 674 1389; x_wconf 89' lang='lat' dir='ltr'><strong>nobis</strong></span> <span class='ocrx_word' id='word_1_81' title='bbox 703 1335 867 1400; x_wconf 87' lang='lat' dir='ltr'><strong>Deus,</strong></span> <span class='ocrx_word' id='word_1_82' title='bbox 889 1336 979 1405; x_wconf 88' lang='lat' dir='ltr'><strong>qui</strong></span> <span class='ocrx_word' id='word_1_83' title='bbox 1011 1352 1132 1391; x_wconf 90' lang='lat' dir='ltr'><strong>cum</strong></span> <span class='ocrx_word' id='word_1_84' title='bbox 1162 1337 1214 1392; x_wconf 92' lang='lat' dir='ltr'><strong>in</strong></span> <span class='ocrx_word' id='word_1_85' title='bbox 1248 1339 1450 1394; x_wconf 89' lang='lat' dir='ltr'><strong>nostris</strong></span> <span class='ocrx_word' id='word_1_86' title='bbox 1475 1341 1685 1396; x_wconf 90' lang='lat' dir='ltr'><strong>meritis</strong></span> <span class='ocrx_word' id='word_1_87' title='bbox 1706 1344 1946 1414; x_wconf 81' lang='lat' dir='ltr'><strong>generati</strong></span> <span class='ocrx_word' id='word_1_88' title='bbox 1969 1343 2100 1400; x_wconf 85' lang='lat' dir='ltr'><strong>fuis-</strong></span> 
     </span>
    </p>
   </div>
   <div class='ocr_carea' id='block_1_14' title="bbox 517 1423 2098 1502">
    <p class='ocr_par' dir='ltr' id='par_1_14' title="bbox 517 1423 2098 1502">
     <span class='ocr_line' id='line_1_14' title="bbox 517 1423 2098 1502; baseline 0.008 -27"><span class='ocrx_word' id='word_1_89' title='bbox 517 1435 700 1477; x_wconf 90' lang='lat' dir='ltr'><strong>semus</strong></span> <span class='ocrx_word' id='word_1_90' title='bbox 733 1423 799 1477; x_wconf 90' lang='lat' dir='ltr'><strong>ad</strong></span> <span class='ocrx_word' id='word_1_91' title='bbox 835 1432 1085 1491; x_wconf 90' lang='lat' dir='ltr'><strong>mortem,</strong></span> <span class='ocrx_word' id='word_1_92' title='bbox 1110 1441 1204 1481; x_wconf 91' lang='lat' dir='ltr'><strong>sua</strong></span> <span class='ocrx_word' id='word_1_93' title='bbox 1235 1443 1334 1483; x_wconf 90' lang='lat' dir='ltr'><strong>nos</strong></span> <span class='ocrx_word' id='word_1_94' title='bbox 1360 1429 1732 1486; x_wconf 84' lang='lat' dir='ltr'><strong>misericordia</strong></span> <span class='ocrx_word' id='word_1_95' title='bbox 1757 1433 2098 1502; x_wconf 83' lang='lat' dir='ltr'><strong>regeneravit</strong></span> 
     </span>
    </p>
   </div>
   <div class='ocr_carea' id='block_1_15' title="bbox 483 1511 2094 1587">
    <p class='ocr_par' dir='ltr' id='par_1_15' title="bbox 483 1511 2094 1587">
     <span class='ocr_line' id='line_1_15' title="bbox 483 1511 2094 1587; baseline 0.014 -29"><span class='ocrx_word' id='word_1_96' title='bbox 483 1555 486 1558; x_wconf 83' lang='lat'><strong>.</strong></span> <span class='ocrx_word' id='word_1_97' title='bbox 513 1511 581 1565; x_wconf 92' lang='lat' dir='ltr'><strong>ad</strong></span> <span class='ocrx_word' id='word_1_98' title='bbox 595 1512 780 1566; x_wconf 87' lang='lat' dir='ltr'><strong>vitam.</strong></span> <span class='ocrx_word' id='word_1_99' title='bbox 807 1513 873 1568; x_wconf 89' lang='lat' dir='ltr'><strong>Et</strong></span> <span class='ocrx_word' id='word_1_100' title='bbox 900 1515 1000 1571; x_wconf 93' lang='lat' dir='ltr'><strong>hoc</strong></span> <span class='ocrx_word' id='word_1_101' title='bbox 1022 1533 1120 1586; x_wconf 90' lang='lat' dir='ltr'><strong>per</strong></span> <span class='ocrx_word' id='word_1_102' title='bbox 1149 1520 1597 1576; x_wconf 86' lang='lat' dir='ltr'><strong>resurrectionem</strong></span> <span class='ocrx_word' id='word_1_103' title='bbox 1619 1521 1738 1576; x_wconf 89' lang='lat' dir='ltr'><strong>Filii</strong></span> <span class='ocrx_word' id='word_1_104' title='bbox 1765 1524 1866 1587; x_wconf 91' lang='lat' dir='ltr'><strong>sui,</strong></span> <span class='ocrx_word' id='word_1_105' title='bbox 1888 1540 2010 1579; x_wconf 92' lang='lat' dir='ltr'><strong>cum</strong></span> <span class='ocrx_word' id='word_1_106' title='bbox 2039 1525 2094 1580; x_wconf 91' lang='lat' dir='ltr'><strong>in</strong></span> 
     </span>
    </p>
   </div>
   <div class='ocr_carea' id='block_1_16' title="bbox 478 1609 2094 1685">
    <p class='ocr_par' dir='ltr' id='par_1_16' title="bbox 478 1609 2094 1685">
     <span class='ocr_line' id='line_1_16' title="bbox 478 1609 2094 1685; baseline 0.01 -30"><span class='ocrx_word' id='word_1_107' title='bbox 478 1643 484 1648; x_wconf 81' lang='lat'><strong>.</strong></span> <span class='ocrx_word' id='word_1_108' title='bbox 513 1611 723 1658; x_wconf 90' lang='lat' dir='ltr'><strong>tantum</strong></span> <span class='ocrx_word' id='word_1_109' title='bbox 762 1617 1005 1662; x_wconf 91' lang='lat' dir='ltr'><strong>nostram</strong></span> <span class='ocrx_word' id='word_1_110' title='bbox 1039 1609 1290 1666; x_wconf 84' lang='lat' dir='ltr'><strong>dilexerit</strong></span> <span class='ocrx_word' id='word_1_111' title='bbox 1340 1612 1508 1666; x_wconf 85' lang='lat' dir='ltr'><strong>vitam</strong></span> <span class='ocrx_word' id='word_1_112' title='bbox 1529 1653 1542 1677; x_wconf 95' lang='lat'><strong>,</strong></span> <span class='ocrx_word' id='word_1_113' title='bbox 1572 1621 1633 1667; x_wconf 92' lang='lat' dir='ltr'><strong>ut</strong></span> <span class='ocrx_word' id='word_1_114' title='bbox 1664 1613 1810 1668; x_wconf 91' lang='lat' dir='ltr'><strong>illum</strong></span> <span class='ocrx_word' id='word_1_115' title='bbox 1850 1631 1948 1685; x_wconf 92' lang='lat' dir='ltr'><strong>pro</strong></span> <span class='ocrx_word' id='word_1_116' title='bbox 1988 1617 2094 1672; x_wconf 91' lang='lat' dir='ltr'><strong>hac</strong></span> 
     </span>
    </p>
   </div>
   <div class='ocr_carea' id='block_1_17' title="bbox 477 1694 2092 1771">
    <p class='ocr_par' dir='ltr' id='par_1_17' title="bbox 477 1694 2092 1771">
     <span class='ocr_line' id='line_1_17' title="bbox 477 1694 2092 1771; baseline 0.009 -26"><span class='ocrx_word' id='word_1_117' title='bbox 477 1695 652 1747; x_wconf 89' lang='lat' dir='ltr'><strong>-mori</strong></span> <span class='ocrx_word' id='word_1_118' title='bbox 686 1694 1018 1765; x_wconf 85' lang='lat' dir='ltr'><strong>disponeret,</strong></span> <span class='ocrx_word' id='word_1_119' title='bbox 1057 1707 1220 1768; x_wconf 87' lang='lat' dir='ltr'><strong>atque</strong></span> <span class='ocrx_word' id='word_1_120' title='bbox 1261 1701 1449 1756; x_wconf 90' lang='lat' dir='ltr'><strong>eadem</strong></span> <span class='ocrx_word' id='word_1_121' title='bbox 1489 1709 1663 1757; x_wconf 90' lang='lat' dir='ltr'><strong>morte</strong></span> <span class='ocrx_word' id='word_1_122' title='bbox 1706 1717 1802 1771; x_wconf 90' lang='lat' dir='ltr'><strong>per</strong></span> <span class='ocrx_word' id='word_1_123' title='bbox 1850 1719 2092 1759; x_wconf 87' lang='lat' dir='ltr'><strong>resurre-</strong></span> 
     </span>
    </p>
   </div>
   <div class='ocr_carea' id='block_1_18' title="bbox 508 1785 2090 1866">
    <p class='ocr_par' dir='ltr' id='par_1_18' title="bbox 508 1785 2090 1866">
     <span class='ocr_line' id='line_1_18' title="bbox 508 1785 2090 1866; baseline 0.008 -28"><span class='ocrx_word' id='word_1_124' title='bbox 508 1785 741 1841; x_wconf 89' lang='lat' dir='ltr'><strong>ctionem</strong></span> <span class='ocrx_word' id='word_1_125' title='bbox 765 1787 1061 1856; x_wconf 89' lang='lat' dir='ltr'><strong>destructa,</strong></span> <span class='ocrx_word' id='word_1_126' title='bbox 1089 1807 1236 1860; x_wconf 89' lang='lat' dir='ltr'><strong>spem</strong></span> <span class='ocrx_word' id='word_1_127' title='bbox 1267 1795 1424 1848; x_wconf 90' lang='lat' dir='ltr'><strong>nobis</strong></span> <span class='ocrx_word' id='word_1_128' title='bbox 1451 1795 1864 1866; x_wconf 79' lang='lat' dir='ltr'><strong>exemplumque</strong></span> <span class='ocrx_word' id='word_1_129' title='bbox 1910 1812 2090 1853; x_wconf 89' lang='lat' dir='ltr'><strong>resur-</strong></span> 
     </span>
    </p>
   </div>
   <div class='ocr_carea' id='block_1_19' title="bbox 507 1875 2162 1956">
    <p class='ocr_par' dir='ltr' id='par_1_19' title="bbox 507 1875 2162 1956">
     <span class='ocr_line' id='line_1_19' title="bbox 507 1875 2162 1956; baseline 0.01 -29"><span class='ocrx_word' id='word_1_130' title='bbox 507 1875 667 1943; x_wconf 87' lang='lat' dir='ltr'><strong>gendi</strong></span> <span class='ocrx_word' id='word_1_131' title='bbox 693 1886 1040 1934; x_wconf 85' lang='lat' dir='ltr'><strong>monstraret.</strong></span> <span class='ocrx_word' id='word_1_132' title='bbox 1080 1881 1320 1938; x_wconf 85' lang='lat' dir='ltr'><strong>Mortuus</strong></span> <span class='ocrx_word' id='word_1_133' title='bbox 1349 1892 1432 1938; x_wconf 92' lang='lat' dir='ltr'><strong>est</strong></span> <span class='ocrx_word' id='word_1_134' title='bbox 1459 1882 1713 1956; x_wconf 74' lang='lat' dir='ltr'><strong>namque,</strong></span> <span class='ocrx_word' id='word_1_135' title='bbox 1738 1903 1804 1941; x_wconf 91' lang='lat' dir='ltr'><strong>ne</strong></span> <span class='ocrx_word' id='word_1_136' title='bbox 1827 1903 1926 1942; x_wconf 91' lang='lat' dir='ltr'><strong>nos</strong></span> <span class='ocrx_word' id='word_1_137' title='bbox 1949 1889 2084 1943; x_wconf 90' lang='lat' dir='ltr'><strong>mori</strong></span> <span class='ocrx_word' id='word_1_138' title='bbox 2114 1893 2162 1954; x_wconf 90' lang='lat' dir='ltr'><strong>B</strong></span> 
     </span>
    </p>
   </div>
   <div class='ocr_carea' id='block_1_20' title="bbox 476 1967 2084 2050">
    <p class='ocr_par' dir='ltr' id='par_1_20' title="bbox 476 1967 2084 2050">
     <span class='ocr_line' id='line_1_20' title="bbox 476 1967 2084 2050; baseline 0.011 -32"><span class='ocrx_word' id='word_1_139' title='bbox 476 2013 478 2015; x_wconf 95' lang='lat'>.</span> <span class='ocrx_word' id='word_1_140' title='bbox 509 1967 844 2033; x_wconf 86' lang='lat' dir='ltr'><strong>timeremus,</strong></span> <span class='ocrx_word' id='word_1_141' title='bbox 875 1975 1173 2029; x_wconf 82' lang='lat' dir='ltr'><strong>resurrexit</strong></span> <span class='ocrx_word' id='word_1_142' title='bbox 1199 1991 1266 2030; x_wconf 84' lang='lat' dir='ltr'><strong>ex</strong></span> <span class='ocrx_word' id='word_1_143' title='bbox 1296 1979 1620 2044; x_wconf 90' lang='lat' dir='ltr'><strong>mortuis,ut</strong></span> <span class='ocrx_word' id='word_1_144' title='bbox 1644 1989 1697 2034; x_wconf 91' lang='lat' dir='ltr'><strong>et</strong></span> <span class='ocrx_word' id='word_1_145' title='bbox 1717 1994 1817 2035; x_wconf 92' lang='lat' dir='ltr'><strong>nos</strong></span> <span class='ocrx_word' id='word_1_146' title='bbox 1842 1993 1939 2050; x_wconf 88' lang='lat' dir='ltr'><strong>per</strong></span> <span class='ocrx_word' id='word_1_147' title='bbox 1960 1995 2084 2036; x_wconf 89' lang='lat' dir='ltr'><strong>eum</strong></span> 
     </span>
    </p>
   </div>
   <div class='ocr_carea' id='block_1_21' title="bbox 505 2071 1442 2137">
    <p class='ocr_par' dir='ltr' id='par_1_21' title="bbox 505 2071 1442 2137">
     <span class='ocr_line' id='line_1_21' title="bbox 505 2071 1442 2137; baseline 0.013 -24"><span class='ocrx_word' id='word_1_148' title='bbox 505 2071 909 2119; x_wconf 70' lang='grc' dir='ltr'><strong>ι’θειιπεδοιυτοε</strong></span> <span class='ocrx_word' id='word_1_149' title='bbox 934 2080 1054 2121; x_wconf 79' lang='lat' dir='ltr'><strong>esse</strong></span> <span class='ocrx_word' id='word_1_150' title='bbox 1079 2082 1442 2137; x_wconf 89' lang='lat' dir='ltr'><strong>speraremus.</strong></span> 
     </span>
    </p>
   </div>
   <div class='ocr_carea' id='block_1_22' title="bbox 572 2150 2086 2232">
    <p class='ocr_par' dir='ltr' id='par_1_22' title="bbox 572 2150 2086 2232">
     <span class='ocr_line' id='line_1_22' title="bbox 572 2150 2086 2232; baseline 0.009 -27"><span class='ocrx_word' id='word_1_151' title='bbox 572 2150 641 2206; x_wconf 85' lang='lat' dir='ltr'><strong>In</strong></span> <span class='ocrx_word' id='word_1_152' title='bbox 666 2154 1024 2212; x_wconf 75' lang='lat' dir='ltr'><strong>hwreditatem</strong></span> <span class='ocrx_word' id='word_1_153' title='bbox 1049 2159 1494 2232; x_wconf 85' lang='lat' dir='ltr'><strong>incorruptibilem</strong></span> <span class='ocrx_word' id='word_1_154' title='bbox 1533 2173 1581 2218; x_wconf 87' lang='lat' dir='ltr'><strong>et</strong></span> <span class='ocrx_word' id='word_1_155' title='bbox 1616 2165 2086 2219; x_wconf 87' lang='lat' dir='ltr'><strong>incontaminatam</strong></span> 
     </span>
    </p>
   </div>
   <div class='ocr_carea' id='block_1_23' title="bbox 500 2245 2087 2326">
    <p class='ocr_par' dir='ltr' id='par_1_23' title="bbox 500 2245 2087 2326">
     <span class='ocr_line' id='line_1_23' title="bbox 500 2245 2087 2326; baseline 0.011 -31"><span class='ocrx_word' id='word_1_156' title='bbox 500 2253 550 2296; x_wconf 91' lang='lat' dir='ltr'><strong>et</strong></span> <span class='ocrx_word' id='word_1_157' title='bbox 587 2245 1086 2304; x_wconf 88' lang='lat' dir='ltr'><strong>immarcescibilem.</strong></span> <span class='ocrx_word' id='word_1_158' title='bbox 1118 2249 1595 2323; x_wconf 87' lang='lat' dir='ltr'><strong>Incorruptibilem,</strong></span> <span class='ocrx_word' id='word_1_159' title='bbox 1625 2255 1835 2325; x_wconf 89' lang='lat' dir='ltr'><strong>inquit,</strong></span> <span class='ocrx_word' id='word_1_160' title='bbox 1867 2265 2087 2326; x_wconf 83' lang='lat' dir='ltr'><strong>propter</strong></span> 
     </span>
    </p>
   </div>
   <div class='ocr_carea' id='block_1_24' title="bbox 500 2334 2087 2411">
    <p class='ocr_par' dir='ltr' id='par_1_24' title="bbox 500 2334 2087 2411">
     <span class='ocr_line' id='line_1_24' title="bbox 500 2334 2087 2411; baseline 0.011 -25"><span class='ocrx_word' id='word_1_161' title='bbox 500 2334 667 2388; x_wconf 89' lang='lat' dir='ltr'><strong>vitam</strong></span> <span class='ocrx_word' id='word_1_162' title='bbox 710 2336 1009 2404; x_wconf 78' lang='lat' dir='ltr'><strong>ccelestem,</strong></span> <span class='ocrx_word' id='word_1_163' title='bbox 1059 2356 1180 2410; x_wconf 71' lang='lat' dir='ltr'><strong>quae</strong></span> <span class='ocrx_word' id='word_1_164' title='bbox 1225 2357 1324 2396; x_wconf 92' lang='lat' dir='ltr'><strong>nec</strong></span> <span class='ocrx_word' id='word_1_165' title='bbox 1367 2343 1540 2409; x_wconf 87' lang='lat' dir='ltr'><strong>senio,</strong></span> <span class='ocrx_word' id='word_1_166' title='bbox 1593 2360 1696 2400; x_wconf 91' lang='lat' dir='ltr'><strong>nec</strong></span> <span class='ocrx_word' id='word_1_167' title='bbox 1743 2348 1957 2411; x_wconf 89' lang='lat' dir='ltr'><strong>morbo,</strong></span> <span class='ocrx_word' id='word_1_168' title='bbox 1985 2363 2087 2403; x_wconf 89' lang='lat' dir='ltr'><strong>nec</strong></span> 
     </span>
    </p>
   </div>
   <div class='ocr_carea' id='block_1_25' title="bbox 471 2427 2087 2501">
    <p class='ocr_par' dir='ltr' id='par_1_25' title="bbox 471 2427 2087 2501">
     <span class='ocr_line' id='line_1_25' title="bbox 471 2427 2087 2501; baseline 0.007 -20"><span class='ocrx_word' id='word_1_169' title='bbox 471 2436 693 2489; x_wconf 82' lang='lat' dir='ltr'><strong>.morte,</strong></span> <span class='ocrx_word' id='word_1_170' title='bbox 720 2441 819 2480; x_wconf 91' lang='lat' dir='ltr'><strong>nec</strong></span> <span class='ocrx_word' id='word_1_171' title='bbox 853 2427 1032 2497; x_wconf 89' lang='lat' dir='ltr'><strong>aliqua</strong></span> <span class='ocrx_word' id='word_1_172' title='bbox 1087 2431 1342 2487; x_wconf 69' lang='lat' dir='ltr'><strong>maestitia</strong></span> <span class='ocrx_word' id='word_1_173' title='bbox 1393 2435 1650 2501; x_wconf 73' lang='lat' dir='ltr'><strong>tangitur.</strong></span> <span class='ocrx_word' id='word_1_174' title='bbox 1686 2434 2087 2492; x_wconf 84' lang='lat' dir='ltr'><strong>Incontamina-</strong></span> 
     </span>
    </p>
   </div>
   <div class='ocr_carea' id='block_1_26' title="bbox 499 2517 2087 2592">
    <p class='ocr_par' dir='ltr' id='par_1_26' title="bbox 499 2517 2087 2592">
     <span class='ocr_line' id='line_1_26' title="bbox 499 2517 2087 2592; baseline 0.01 -25"><span class='ocrx_word' id='word_1_175' title='bbox 499 2523 629 2580; x_wconf 86' lang='lat' dir='ltr'><strong>tam,</strong></span> <span class='ocrx_word' id='word_1_176' title='bbox 659 2517 784 2586; x_wconf 86' lang='lat' dir='ltr'><strong>quia</strong></span> <span class='ocrx_word' id='word_1_177' title='bbox 819 2519 996 2574; x_wconf 92' lang='lat' dir='ltr'><strong>nullus</strong></span> <span class='ocrx_word' id='word_1_178' title='bbox 1025 2537 1143 2576; x_wconf 89' lang='lat' dir='ltr'><strong>eam</strong></span> <span class='ocrx_word' id='word_1_179' title='bbox 1169 2530 1348 2592; x_wconf 84' lang='lat' dir='ltr'><strong>potest</strong></span> <span class='ocrx_word' id='word_1_180' title='bbox 1370 2524 1679 2580; x_wconf 88' lang='lat' dir='ltr'><strong>immundus</strong></span> <span class='ocrx_word' id='word_1_181' title='bbox 1719 2527 1942 2582; x_wconf 89' lang='lat' dir='ltr'><strong>intrare.</strong></span> <span class='ocrx_word' id='word_1_182' title='bbox 1979 2528 2087 2582; x_wconf 88' lang='lat' dir='ltr'><strong>Im-</strong></span> 
     </span>
    </p>
   </div>
   <div class='ocr_carea' id='block_1_27' title="bbox 497 2609 2082 2686">
    <p class='ocr_par' dir='ltr' id='par_1_27' title="bbox 497 2609 2082 2686">
     <span class='ocr_line' id='line_1_27' title="bbox 497 2609 2082 2686; baseline 0.009 -26"><span class='ocrx_word' id='word_1_183' title='bbox 497 2609 927 2675; x_wconf 78' lang='lat' dir='ltr'><strong>marcescibilem,</strong></span> <span class='ocrx_word' id='word_1_184' title='bbox 959 2613 1086 2680; x_wconf 87' lang='lat' dir='ltr'><strong>quia</strong></span> <span class='ocrx_word' id='word_1_185' title='bbox 1108 2629 1210 2670; x_wconf 91' lang='lat' dir='ltr'><strong>nec</strong></span> <span class='ocrx_word' id='word_1_186' title='bbox 1233 2615 1285 2668; x_wconf 90' lang='lat' dir='ltr'><strong>in</strong></span> <span class='ocrx_word' id='word_1_187' title='bbox 1315 2616 1449 2686; x_wconf 89' lang='lat' dir='ltr'><strong>ipsis</strong></span> <span class='ocrx_word' id='word_1_188' title='bbox 1474 2618 1758 2672; x_wconf 88' lang='lat' dir='ltr'><strong>beatorum</strong></span> <span class='ocrx_word' id='word_1_189' title='bbox 1801 2620 2082 2674; x_wconf 89' lang='lat' dir='ltr'><strong>hominum</strong></span> 
     </span>
    </p>
   </div>
   <div class='ocr_carea' id='block_1_28' title="bbox 497 2701 2083 2774">
    <p class='ocr_par' dir='ltr' id='par_1_28' title="bbox 497 2701 2083 2774">
     <span class='ocr_line' id='line_1_28' title="bbox 497 2701 2083 2774; baseline 0.008 -22"><span class='ocrx_word' id='word_1_190' title='bbox 497 2701 793 2766; x_wconf 85' lang='lat' dir='ltr'><strong>mentibus,</strong></span> <span class='ocrx_word' id='word_1_191' title='bbox 822 2716 890 2755; x_wconf 77' lang='lat' dir='ltr'><strong>ex</strong></span> <span class='ocrx_word' id='word_1_192' title='bbox 922 2703 1082 2774; x_wconf 87' lang='lat' dir='ltr'><strong>longo</strong></span> <span class='ocrx_word' id='word_1_193' title='bbox 1138 2720 1239 2759; x_wconf 90' lang='lat' dir='ltr'><strong>usu</strong></span> <span class='ocrx_word' id='word_1_194' title='bbox 1293 2707 1534 2762; x_wconf 82' lang='lat' dir='ltr'><strong>ccelestis</strong></span> <span class='ocrx_word' id='word_1_195' title='bbox 1591 2709 1682 2762; x_wconf 91' lang='lat' dir='ltr'><strong>illa</strong></span> <span class='ocrx_word' id='word_1_196' title='bbox 1738 2709 2083 2765; x_wconf 85' lang='lat' dir='ltr'><strong>conversatio</strong></span> 
     </span>
    </p>
   </div>
   <div class='ocr_carea' id='block_1_29' title="bbox 494 2789 2082 2869">
    <p class='ocr_par' dir='ltr' id='par_1_29' title="bbox 494 2789 2082 2869">
     <span class='ocr_line' id='line_1_29' title="bbox 494 2789 2082 2869; baseline 0.009 -26"><span class='ocrx_word' id='word_1_197' title='bbox 494 2789 641 2844; x_wconf 89' lang='lat' dir='ltr'><strong>valet</strong></span> <span class='ocrx_word' id='word_1_198' title='bbox 670 2791 958 2860; x_wconf 85' lang='lat' dir='ltr'><strong>aliquando</strong></span> <span class='ocrx_word' id='word_1_199' title='bbox 980 2795 1258 2858; x_wconf 89' lang='lat' dir='ltr'><strong>vilescere,</strong></span> <span class='ocrx_word' id='word_1_200' title='bbox 1279 2797 1550 2866; x_wconf 91' lang='lat' dir='ltr'><strong>quomodo</strong></span> <span class='ocrx_word' id='word_1_201' title='bbox 1579 2802 1867 2869; x_wconf 74' lang='lat' dir='ltr'><strong>przesentis</strong></span> <span class='ocrx_word' id='word_1_202' title='bbox 1898 2803 2082 2859; x_wconf 75' lang='lat' dir='ltr'><strong>saeculi</strong></span> 
     </span>
    </p>
   </div>
   <div class='ocr_carea' id='block_1_30' title="bbox 479 2880 2084 2959">
    <p class='ocr_par' dir='ltr' id='par_1_30' title="bbox 479 2880 2084 2959">
     <span class='ocr_line' id='line_1_30' title="bbox 479 2880 2084 2959; baseline 0.011 -25"><span class='ocrx_word' id='word_1_203' title='bbox 479 2880 658 2948; x_wconf 27' lang='lat' dir='ltr'><strong>,luxus</strong></span> <span class='ocrx_word' id='word_1_204' title='bbox 683 2891 735 2936; x_wconf 88' lang='lat' dir='ltr'><strong>et</strong></span> <span class='ocrx_word' id='word_1_205' title='bbox 753 2883 960 2939; x_wconf 71' lang='lat' dir='ltr'><strong>delicia:</strong></span> <span class='ocrx_word' id='word_1_206' title='bbox 979 2886 1176 2952; x_wconf 86' lang='lat' dir='ltr'><strong>solent,</strong></span> <span class='ocrx_word' id='word_1_207' title='bbox 1206 2903 1312 2943; x_wconf 92' lang='lat' dir='ltr'><strong>non</strong></span> <span class='ocrx_word' id='word_1_208' title='bbox 1343 2905 1621 2959; x_wconf 88' lang='lat' dir='ltr'><strong>nunquam</strong></span> <span class='ocrx_word' id='word_1_209' title='bbox 1645 2891 1828 2948; x_wconf 91' lang='lat' dir='ltr'><strong>divina</strong></span> <span class='ocrx_word' id='word_1_210' title='bbox 1854 2909 2084 2952; x_wconf 86' lang='lat' dir='ltr'><strong>consue-</strong></span> 
     </span>
    </p>
   </div>
   <div class='ocr_carea' id='block_1_31' title="bbox 494 2973 1474 3034">
    <p class='ocr_par' dir='ltr' id='par_1_31' title="bbox 494 2973 1474 3034">
     <span class='ocr_line' id='line_1_31' title="bbox 494 2973 1474 3034; baseline 0.01 -10"><span class='ocrx_word' id='word_1_211' title='bbox 494 2973 686 3026; x_wconf 89' lang='lat' dir='ltr'><strong>tudine</strong></span> <span class='ocrx_word' id='word_1_212' title='bbox 713 2981 768 3027; x_wconf 91' lang='lat' dir='ltr'><strong>et</strong></span> <span class='ocrx_word' id='word_1_213' title='bbox 798 2990 897 3028; x_wconf 91' lang='lat' dir='ltr'><strong>usu</strong></span> <span class='ocrx_word' id='word_1_214' title='bbox 930 2976 983 3029; x_wconf 89' lang='lat' dir='ltr'><strong>in</strong></span> <span class='ocrx_word' id='word_1_215' title='bbox 1003 2975 1282 3032; x_wconf 87' lang='lat' dir='ltr'><strong>fastidium</strong></span> <span class='ocrx_word' id='word_1_216' title='bbox 1313 2980 1474 3034; x_wconf 83' lang='lat' dir='ltr'><strong>verti.</strong></span> 
     </span>
    </p>
   </div>
   <div class='ocr_carea' id='block_1_32' title="bbox 565 3060 2080 3133">
    <p class='ocr_par' dir='ltr' id='par_1_32' title="bbox 565 3060 2080 3133">
     <span class='ocr_line' id='line_1_32' title="bbox 565 3060 2080 3133; baseline 0.01 -16"><span class='ocrx_word' id='word_1_217' title='bbox 565 3060 938 3120; x_wconf 83' lang='lat' dir='ltr'><strong>Conservatam</strong></span> <span class='ocrx_word' id='word_1_218' title='bbox 968 3068 1024 3122; x_wconf 85' lang='lat' dir='ltr'><strong>in</strong></span> <span class='ocrx_word' id='word_1_219' title='bbox 1046 3067 1207 3133; x_wconf 77' lang='lat' dir='ltr'><strong>caelis,</strong></span> <span class='ocrx_word' id='word_1_220' title='bbox 1239 3078 1344 3125; x_wconf 90' lang='lat' dir='ltr'><strong>etc.</strong></span> <span class='ocrx_word' id='word_1_221' title='bbox 1386 3070 1774 3128; x_wconf 84' lang='lat' dir='ltr'><strong>Conservatam</strong></span> <span class='ocrx_word' id='word_1_222' title='bbox 1818 3074 1872 3129; x_wconf 91' lang='lat' dir='ltr'><strong>in</strong></span> <span class='ocrx_word' id='word_1_223' title='bbox 1927 3076 2080 3133; x_wconf 86' lang='lat' dir='ltr'><strong>vobis</strong></span> 
     </span>
    </p>
   </div>
   <div class='ocr_carea' id='block_1_33' title="bbox 493 3155 2072 3236">
    <p class='ocr_par' dir='ltr' id='par_1_33' title="bbox 493 3155 2072 3236">
     <span class='ocr_line' id='line_1_33' title="bbox 493 3155 2072 3236; baseline 0.011 -28"><span class='ocrx_word' id='word_1_224' title='bbox 493 3155 644 3220; x_wconf 87' lang='lat' dir='ltr'><strong>dicit,</strong></span> <span class='ocrx_word' id='word_1_225' title='bbox 666 3172 764 3227; x_wconf 91' lang='lat' dir='ltr'><strong>pro</strong></span> <span class='ocrx_word' id='word_1_226' title='bbox 785 3173 850 3212; x_wconf 91' lang='lat' dir='ltr'><strong>eo</strong></span> <span class='ocrx_word' id='word_1_227' title='bbox 880 3166 940 3214; x_wconf 93' lang='lat' dir='ltr'><strong>ut</strong></span> <span class='ocrx_word' id='word_1_228' title='bbox 969 3160 1174 3215; x_wconf 89' lang='lat' dir='ltr'><strong>diceret</strong></span> <span class='ocrx_word' id='word_1_229' title='bbox 1206 3180 1219 3216; x_wconf 93' lang='lat'>:</span> <span class='ocrx_word' id='word_1_230' title='bbox 1251 3161 1640 3219; x_wconf 89' lang='lat' dir='ltr'><strong>Conservatam</strong></span> <span class='ocrx_word' id='word_1_231' title='bbox 1668 3167 1839 3235; x_wconf 81' lang='lat' dir='ltr'><strong>vobis,</strong></span> <span class='ocrx_word' id='word_1_232' title='bbox 1873 3169 1924 3223; x_wconf 90' lang='lat' dir='ltr'><strong>id</strong></span> <span class='ocrx_word' id='word_1_233' title='bbox 1967 3178 2072 3236; x_wconf 89' lang='lat' dir='ltr'><strong>est,</strong></span> 
     </span>
    </p>
   </div>
   <div class='ocr_carea' id='block_1_34' title="bbox 2201 614 3802 686">
    <p class='ocr_par' dir='ltr' id='par_1_34' title="bbox 2201 614 3802 686">
     <span class='ocr_line' id='line_1_34' title="bbox 2201 614 3802 686; baseline 0.001 -17"><span class='ocrx_word' id='word_1_234' title='bbox 2201 614 2328 684; x_wconf 88' lang='lat' dir='ltr'><strong>quia</strong></span> <span class='ocrx_word' id='word_1_235' title='bbox 2357 630 2463 669; x_wconf 93' lang='lat' dir='ltr'><strong>non</strong></span> <span class='ocrx_word' id='word_1_236' title='bbox 2504 616 2605 669; x_wconf 89' lang='lat' dir='ltr'><strong>nisi</strong></span> <span class='ocrx_word' id='word_1_237' title='bbox 2645 632 2744 686; x_wconf 88' lang='lat' dir='ltr'><strong>per</strong></span> <span class='ocrx_word' id='word_1_238' title='bbox 2774 616 3050 671; x_wconf 77' lang='lat' dir='ltr'><strong>trisﬁtiam</strong></span> <span class='ocrx_word' id='word_1_239' title='bbox 3078 617 3255 672; x_wconf 60' lang='lat' dir='ltr'><strong>saeculi</strong></span> <span class='ocrx_word' id='word_1_240' title='bbox 3292 617 3540 681; x_wconf 69' lang='lat' dir='ltr'><strong>labmtis,</strong></span> <span class='ocrx_word' id='word_1_241' title='bbox 3571 627 3629 673; x_wconf 90' lang='lat' dir='ltr'><strong>et</strong></span> <span class='ocrx_word' id='word_1_242' title='bbox 3656 617 3802 672; x_wconf 82' lang='lat' dir='ltr'><strong>ami-</strong></span> 
     </span>
    </p>
   </div>
   <div class='ocr_carea' id='block_1_35' title="bbox 2202 706 3804 778">
    <p class='ocr_par' dir='ltr' id='par_1_35' title="bbox 2202 706 3804 778">
     <span class='ocr_line' id='line_1_35' title="bbox 2202 706 3804 778; baseline 0.001 -16"><span class='ocrx_word' id='word_1_243' title='bbox 2202 706 2408 762; x_wconf 89' lang='lat' dir='ltr'><strong>ctiones</strong></span> <span class='ocrx_word' id='word_1_244' title='bbox 2435 717 2610 777; x_wconf 84' lang='lat' dir='ltr'><strong>potest</strong></span> <span class='ocrx_word' id='word_1_245' title='bbox 2637 709 2703 762; x_wconf 91' lang='lat' dir='ltr'><strong>ad</strong></span> <span class='ocrx_word' id='word_1_246' title='bbox 2732 709 2922 778; x_wconf 81' lang='lat' dir='ltr'><strong>gaudia</strong></span> <span class='ocrx_word' id='word_1_247' title='bbox 2956 721 3155 763; x_wconf 66' lang='lat' dir='ltr'><strong>aeterna</strong></span> <span class='ocrx_word' id='word_1_248' title='bbox 3190 708 3482 777; x_wconf 70' lang='lat' dir='ltr'><strong>perveniri.</strong></span> <span class='ocrx_word' id='word_1_249' title='bbox 3513 708 3804 764; x_wconf 82' lang='lat' dir='ltr'><strong>Modicum</strong></span> 
     </span>
    </p>
   </div>
   <div class='ocr_carea' id='block_1_36' title="bbox 2202 799 3802 869">
    <p class='ocr_par' dir='ltr' id='par_1_36' title="bbox 2202 799 3802 869">
     <span class='ocr_line' id='line_1_36' title="bbox 2202 799 3802 869; baseline 0.002 -18"><span class='ocrx_word' id='word_1_250' title='bbox 2202 804 2383 852; x_wconf 90' lang='lat' dir='ltr'><strong>autem</strong></span> <span class='ocrx_word' id='word_1_251' title='bbox 2431 799 2590 863; x_wconf 89' lang='lat' dir='ltr'><strong>dicit,</strong></span> <span class='ocrx_word' id='word_1_252' title='bbox 2620 800 2745 869; x_wconf 89' lang='lat' dir='ltr'><strong>quia</strong></span> <span class='ocrx_word' id='word_1_253' title='bbox 2792 801 2882 855; x_wconf 89' lang='lat' dir='ltr'><strong>ubi</strong></span> <span class='ocrx_word' id='word_1_254' title='bbox 2931 815 3141 855; x_wconf 88' lang='lat' dir='ltr'><strong>merces</strong></span> <span class='ocrx_word' id='word_1_255' title='bbox 3189 810 3392 854; x_wconf 61' lang='lat' dir='ltr'><strong>aeterna</strong></span> <span class='ocrx_word' id='word_1_256' title='bbox 3440 801 3802 866; x_wconf 83' lang='lat' dir='ltr'><strong>retribuitur,</strong></span> 
     </span>
    </p>
   </div>
   <div class='ocr_carea' id='block_1_37' title="bbox 2200 889 3803 961">
    <p class='ocr_par' dir='ltr' id='par_1_37' title="bbox 2200 889 3803 961">
     <span class='ocr_line' id='line_1_37' title="bbox 2200 889 3803 961; baseline 0.002 -16"><span class='ocrx_word' id='word_1_257' title='bbox 2200 889 2366 945; x_wconf 86' lang='lat' dir='ltr'><strong>breve</strong></span> <span class='ocrx_word' id='word_1_258' title='bbox 2396 891 2665 946; x_wconf 86' lang='lat' dir='ltr'><strong>videbitur</strong></span> <span class='ocrx_word' id='word_1_259' title='bbox 2696 907 2761 945; x_wconf 91' lang='lat' dir='ltr'><strong>ac</strong></span> <span class='ocrx_word' id='word_1_260' title='bbox 2790 892 2905 947; x_wconf 85' lang='lat' dir='ltr'><strong>leve</strong></span> <span class='ocrx_word' id='word_1_261' title='bbox 2929 901 3102 946; x_wconf 90' lang='lat' dir='ltr'><strong>totum</strong></span> <span class='ocrx_word' id='word_1_262' title='bbox 3128 892 3316 956; x_wconf 89' lang='lat' dir='ltr'><strong>fuisse,</strong></span> <span class='ocrx_word' id='word_1_263' title='bbox 3344 891 3488 961; x_wconf 89' lang='lat' dir='ltr'><strong>quod</strong></span> <span class='ocrx_word' id='word_1_264' title='bbox 3515 893 3571 946; x_wconf 90' lang='lat' dir='ltr'><strong>in</strong></span> <span class='ocrx_word' id='word_1_265' title='bbox 3601 894 3803 949; x_wconf 59' lang='grc' dir='ltr'><strong>δεσυιί</strong></span> 
     </span>
    </p>
   </div>
   <div class='ocr_carea' id='block_1_38' title="bbox 2199 981 3533 1054">
    <p class='ocr_par' dir='ltr' id='par_1_38' title="bbox 2199 981 3533 1054">
     <span class='ocr_line' id='line_1_38' title="bbox 2199 981 3533 1054; baseline 0.004 -21"><span class='ocrx_word' id='word_1_266' title='bbox 2199 981 2636 1037; x_wconf 84' lang='lat' dir='ltr'><strong>tribulationibus</strong></span> <span class='ocrx_word' id='word_1_267' title='bbox 2668 999 2831 1054; x_wconf 85' lang='lat' dir='ltr'><strong>grave</strong></span> <span class='ocrx_word' id='word_1_268' title='bbox 2859 985 3149 1040; x_wconf 88' lang='lat' dir='ltr'><strong>videbatur</strong></span> <span class='ocrx_word' id='word_1_269' title='bbox 3173 993 3228 1039; x_wconf 91' lang='lat' dir='ltr'><strong>et</strong></span> <span class='ocrx_word' id='word_1_270' title='bbox 3258 985 3533 1040; x_wconf 90' lang='lat' dir='ltr'><strong>acerbum.</strong></span> 
     </span>
    </p>
   </div>
   <div class='ocr_carea' id='block_1_39' title="bbox 2272 1088 3801 1166">
    <p class='ocr_par' dir='ltr' id='par_1_39' title="bbox 2272 1088 3801 1166">
     <span class='ocr_line' id='line_1_39' title="bbox 2272 1088 3801 1166; baseline 0.005 -22"><span class='ocrx_word' id='word_1_271' title='bbox 2272 1088 2339 1144; x_wconf 88' lang='lat' dir='ltr'><strong>Ut</strong></span> <span class='ocrx_word' id='word_1_272' title='bbox 2365 1091 2601 1161; x_wconf 82' lang='lat' dir='ltr'><strong>probatio</strong></span> <span class='ocrx_word' id='word_1_273' title='bbox 2632 1102 2813 1147; x_wconf 71' lang='lat' dir='ltr'><strong>vestrm</strong></span> <span class='ocrx_word' id='word_1_274' title='bbox 2840 1095 2965 1164; x_wconf 80' lang='lat' dir='ltr'><strong>ﬁdei</strong></span> <span class='ocrx_word' id='word_1_275' title='bbox 3005 1095 3170 1149; x_wconf 82' lang='lat' dir='ltr'><strong>multo</strong></span> <span class='ocrx_word' id='word_1_276' title='bbox 3200 1096 3477 1166; x_wconf 83' lang='lat' dir='ltr'><strong>pretiosius</strong></span> <span class='ocrx_word' id='word_1_277' title='bbox 3513 1097 3584 1150; x_wconf 87' lang='lat' dir='ltr'><strong>sit</strong></span> <span class='ocrx_word' id='word_1_278' title='bbox 3627 1113 3801 1164; x_wconf 73' lang='lat' dir='ltr'><strong>aura,</strong></span> 
     </span>
    </p>
   </div>
   <div class='ocr_carea' id='block_1_40' title="bbox 2197 1184 3807 1258">
    <p class='ocr_par' dir='ltr' id='par_1_40' title="bbox 2197 1184 3807 1258">
     <span class='ocr_line' id='line_1_40' title="bbox 2197 1184 3807 1258; baseline 0.006 -22"><span class='ocrx_word' id='word_1_279' title='bbox 2197 1184 2335 1252; x_wconf 85' lang='lat' dir='ltr'><strong>quod</strong></span> <span class='ocrx_word' id='word_1_280' title='bbox 2369 1185 2522 1254; x_wconf 84' lang='lat' dir='ltr'><strong>perit,</strong></span> <span class='ocrx_word' id='word_1_281' title='bbox 2550 1193 2654 1241; x_wconf 89' lang='lat' dir='ltr'><strong>etc.</strong></span> <span class='ocrx_word' id='word_1_282' title='bbox 2680 1186 2746 1239; x_wconf 86' lang='lat' dir='ltr'><strong>Et</strong></span> <span class='ocrx_word' id='word_1_283' title='bbox 2777 1187 3058 1256; x_wconf 61' lang='lat' dir='ltr'><strong>sapientia:</strong></span> <span class='ocrx_word' id='word_1_284' title='bbox 3092 1187 3230 1243; x_wconf 89' lang='lat' dir='ltr'><strong>liber</strong></span> <span class='ocrx_word' id='word_1_285' title='bbox 3251 1189 3532 1258; x_wconf 85' lang='lat' dir='ltr'><strong>passiones</strong></span> <span class='ocrx_word' id='word_1_286' title='bbox 3571 1198 3807 1245; x_wconf 88' lang='lat' dir='ltr'><strong>sancto-</strong></span> 
     </span>
    </p>
   </div>
   <div class='ocr_carea' id='block_1_41' title="bbox 2197 1279 3808 1350">
    <p class='ocr_par' dir='ltr' id='par_1_41' title="bbox 2197 1279 3808 1350">
     <span class='ocr_line' id='line_1_41' title="bbox 2197 1279 3808 1350; baseline 0.006 -22"><span class='ocrx_word' id='word_1_287' title='bbox 2197 1290 2316 1328; x_wconf 91' lang='lat' dir='ltr'><strong>rum</strong></span> <span class='ocrx_word' id='word_1_288' title='bbox 2342 1279 2652 1346; x_wconf 89' lang='lat' dir='ltr'><strong>anro,qnod</strong></span> <span class='ocrx_word' id='word_1_289' title='bbox 2670 1293 2765 1348; x_wconf 89' lang='lat' dir='ltr'><strong>per</strong></span> <span class='ocrx_word' id='word_1_290' title='bbox 2790 1279 2966 1348; x_wconf 80' lang='lat' dir='ltr'><strong>ignem</strong></span> <span class='ocrx_word' id='word_1_291' title='bbox 2992 1279 3686 1350; x_wconf 81' lang='lat' dir='ltr'><strong>examinatur,comparat,</strong></span> <span class='ocrx_word' id='word_1_292' title='bbox 3718 1283 3808 1338; x_wconf 85' lang='lat' dir='ltr'><strong>di-</strong></span> 
     </span>
    </p>
   </div>
   <div class='ocr_carea' id='block_1_42' title="bbox 2196 1365 3806 1440">
    <p class='ocr_par' dir='ltr' id='par_1_42' title="bbox 2196 1365 3806 1440">
     <span class='ocr_line' id='line_1_42' title="bbox 2196 1365 3806 1440; baseline 0.006 -20"><span class='ocrx_word' id='word_1_293' title='bbox 2196 1379 2326 1420; x_wconf 92' lang='lat' dir='ltr'><strong>cens</strong></span> <span class='ocrx_word' id='word_1_294' title='bbox 2357 1379 2372 1418; x_wconf 90' lang='lat'><strong>:</strong></span> <span class='ocrx_word' id='word_1_295' title='bbox 2402 1365 2681 1436; x_wconf 88' lang='lat' dir='ltr'><strong>Tanquam</strong></span> <span class='ocrx_word' id='word_1_296' title='bbox 2709 1383 2899 1423; x_wconf 87' lang='lat' dir='ltr'><strong>aurmn</strong></span> <span class='ocrx_word' id='word_1_297' title='bbox 2937 1371 2990 1423; x_wconf 91' lang='lat' dir='ltr'><strong>in</strong></span> <span class='ocrx_word' id='word_1_298' title='bbox 3022 1369 3245 1424; x_wconf 80' lang='lat' dir='ltr'><strong>fornace</strong></span> <span class='ocrx_word' id='word_1_299' title='bbox 3294 1371 3542 1440; x_wconf 90' lang='lat' dir='ltr'><strong>probavit</strong></span> <span class='ocrx_word' id='word_1_300' title='bbox 3586 1373 3806 1430; x_wconf 73' lang='lat' dir='ltr'><strong>electos</strong></span> 
     </span>
    </p>
   </div>
   <div class='ocr_carea' id='block_1_43' title="bbox 2196 1456 3805 1534">
    <p class='ocr_par' dir='ltr' id='par_1_43' title="bbox 2196 1456 3805 1534">
     <span class='ocr_line' id='line_1_43' title="bbox 2196 1456 3805 1534; baseline 0.004 -22"><span class='ocrx_word' id='word_1_301' title='bbox 2196 1456 2475 1523; x_wconf 87' lang='lat' dir='ltr'><strong>Dominus,</strong></span> <span class='ocrx_word' id='word_1_302' title='bbox 2502 1467 2558 1512; x_wconf 90' lang='lat' dir='ltr'><strong>et</strong></span> <span class='ocrx_word' id='word_1_303' title='bbox 2583 1461 2739 1530; x_wconf 90' lang='lat' dir='ltr'><strong>quasi</strong></span> <span class='ocrx_word' id='word_1_304' title='bbox 2789 1460 3164 1516; x_wconf 83' lang='lat' dir='ltr'><strong>holocaustum</strong></span> <span class='ocrx_word' id='word_1_305' title='bbox 3197 1471 3252 1517; x_wconf 91' lang='lat' dir='ltr'><strong>et</strong></span> <span class='ocrx_word' id='word_1_306' title='bbox 3294 1462 3525 1516; x_wconf 90' lang='lat' dir='ltr'><strong>hostiam</strong></span> <span class='ocrx_word' id='word_1_307' title='bbox 3577 1465 3805 1534; x_wconf 85' lang='lat' dir='ltr'><strong>accepit</strong></span> 
     </span>
    </p>
   </div>
   <div class='ocr_carea' id='block_1_44' title="bbox 2195 1549 3806 1625">
    <p class='ocr_par' dir='ltr' id='par_1_44' title="bbox 2195 1549 3806 1625">
     <span class='ocr_line' id='line_1_44' title="bbox 2195 1549 3806 1625; baseline 0.006 -22"><span class='ocrx_word' id='word_1_308' title='bbox 2195 1549 2314 1605; x_wconf 89' lang='lat' dir='ltr'><strong>illos</strong></span> <span class='ocrx_word' id='word_1_309' title='bbox 2339 1549 2615 1622; x_wconf 87' lang='lat' dir='ltr'><strong>(Sap.m).</strong></span> <span class='ocrx_word' id='word_1_310' title='bbox 2646 1550 2776 1618; x_wconf 67' lang='lat' dir='ltr'><strong>Quae</strong></span> <span class='ocrx_word' id='word_1_311' title='bbox 2805 1554 3062 1608; x_wconf 90' lang='lat' dir='ltr'><strong>nimirum</strong></span> <span class='ocrx_word' id='word_1_312' title='bbox 3097 1555 3252 1625; x_wconf 90' lang='lat' dir='ltr'><strong>quasi</strong></span> <span class='ocrx_word' id='word_1_313' title='bbox 3287 1555 3342 1609; x_wconf 92' lang='lat' dir='ltr'><strong>in</strong></span> <span class='ocrx_word' id='word_1_314' title='bbox 3373 1558 3592 1611; x_wconf 87' lang='lat' dir='ltr'><strong>camino</strong></span> <span class='ocrx_word' id='word_1_315' title='bbox 3621 1558 3806 1612; x_wconf 83' lang='lat' dir='ltr'><strong>tribu-</strong></span> 
     </span>
    </p>
   </div>
   <div class='ocr_carea' id='block_1_45' title="bbox 2193 1641 3804 1719">
    <p class='ocr_par' dir='ltr' id='par_1_45' title="bbox 2193 1641 3804 1719">
     <span class='ocr_line' id='line_1_45' title="bbox 2193 1641 3804 1719; baseline 0.007 -24"><span class='ocrx_word' id='word_1_316' title='bbox 2193 1641 2412 1698; x_wconf 86' lang='lat' dir='ltr'><strong>lationis</strong></span> <span class='ocrx_word' id='word_1_317' title='bbox 2461 1641 2647 1699; x_wconf 89' lang='lat' dir='ltr'><strong>ﬁdeles</strong></span> <span class='ocrx_word' id='word_1_318' title='bbox 2678 1647 3010 1715; x_wconf 89' lang='lat' dir='ltr'><strong>probaverit,</strong></span> <span class='ocrx_word' id='word_1_319' title='bbox 3040 1648 3140 1702; x_wconf 91' lang='lat' dir='ltr'><strong>hos</strong></span> <span class='ocrx_word' id='word_1_320' title='bbox 3174 1649 3228 1702; x_wconf 90' lang='lat' dir='ltr'><strong>in</strong></span> <span class='ocrx_word' id='word_1_321' title='bbox 3252 1649 3448 1719; x_wconf 89' lang='lat' dir='ltr'><strong>gaudio</strong></span> <span class='ocrx_word' id='word_1_322' title='bbox 3469 1651 3804 1706; x_wconf 86' lang='lat' dir='ltr'><strong>retributio-</strong></span> 
     </span>
    </p>
   </div>
   <div class='ocr_carea' id='block_1_46' title="bbox 2191 1733 3803 1806">
    <p class='ocr_par' dir='ltr' id='par_1_46' title="bbox 2191 1733 3803 1806">
     <span class='ocr_line' id='line_1_46' title="bbox 2191 1733 3803 1806; baseline 0.007 -19"><span class='ocrx_word' id='word_1_323' title='bbox 2191 1733 2298 1800; x_wconf 91' lang='lat' dir='ltr'><strong>nis,</strong></span> <span class='ocrx_word' id='word_1_324' title='bbox 2327 1735 2480 1804; x_wconf 87' lang='lat' dir='ltr'><strong>quasi</strong></span> <span class='ocrx_word' id='word_1_325' title='bbox 2509 1735 2826 1806; x_wconf 86' lang='lat' dir='ltr'><strong>placabilem</strong></span> <span class='ocrx_word' id='word_1_326' title='bbox 2858 1738 2959 1792; x_wconf 91' lang='lat' dir='ltr'><strong>sibi</strong></span> <span class='ocrx_word' id='word_1_327' title='bbox 2988 1739 3220 1794; x_wconf 90' lang='lat' dir='ltr'><strong>hostiam</strong></span> <span class='ocrx_word' id='word_1_328' title='bbox 3268 1741 3514 1795; x_wconf 90' lang='lat' dir='ltr'><strong>assumit.</strong></span> <span class='ocrx_word' id='word_1_329' title='bbox 3551 1741 3621 1795; x_wconf 87' lang='lat' dir='ltr'><strong>Et</strong></span> <span class='ocrx_word' id='word_1_330' title='bbox 3649 1743 3803 1800; x_wconf 85' lang='lat' dir='ltr'><strong>bene</strong></span> 
     </span>
    </p>
   </div>
   <div class='ocr_carea' id='block_1_47' title="bbox 2189 1829 3799 1904">
    <p class='ocr_par' dir='ltr' id='par_1_47' title="bbox 2189 1829 3799 1904">
     <span class='ocr_line' id='line_1_47' title="bbox 2189 1829 3799 1904; baseline 0.005 -22"><span class='ocrx_word' id='word_1_331' title='bbox 2189 1829 2455 1896; x_wconf 84' lang='lat' dir='ltr'><strong>patientia</strong></span> <span class='ocrx_word' id='word_1_332' title='bbox 2501 1840 2814 1886; x_wconf 87' lang='lat' dir='ltr'><strong>sanctorum</strong></span> <span class='ocrx_word' id='word_1_333' title='bbox 2845 1849 2979 1887; x_wconf 89' lang='lat' dir='ltr'><strong>auro</strong></span> <span class='ocrx_word' id='word_1_334' title='bbox 3014 1834 3380 1899; x_wconf 89' lang='lat' dir='ltr'><strong>assimilatur,</strong></span> <span class='ocrx_word' id='word_1_335' title='bbox 3407 1835 3535 1904; x_wconf 91' lang='lat' dir='ltr'><strong>quia</strong></span> <span class='ocrx_word' id='word_1_336' title='bbox 3567 1837 3722 1890; x_wconf 83' lang='lat' dir='ltr'><strong>sicut</strong></span> <span class='ocrx_word' id='word_1_337' title='bbox 3745 1838 3799 1890; x_wconf 91' lang='lat' dir='ltr'><strong>in</strong></span> 
     </span>
    </p>
   </div>
   <div class='ocr_carea' id='block_1_48' title="bbox 2189 1920 3800 1996">
    <p class='ocr_par' dir='ltr' id='par_1_48' title="bbox 2189 1920 3800 1996">
     <span class='ocr_line' id='line_1_48' title="bbox 2189 1920 3800 1996; baseline 0.006 -24"><span class='ocrx_word' id='word_1_338' title='bbox 2189 1920 2422 1975; x_wconf 88' lang='lat' dir='ltr'><strong>metallis</strong></span> <span class='ocrx_word' id='word_1_339' title='bbox 2443 1923 2733 1991; x_wconf 89' lang='lat' dir='ltr'><strong>pretiosius</strong></span> <span class='ocrx_word' id='word_1_340' title='bbox 2758 1938 2890 1978; x_wconf 90' lang='lat' dir='ltr'><strong>auro</strong></span> <span class='ocrx_word' id='word_1_341' title='bbox 2912 1923 3112 1995; x_wconf 90' lang='lat' dir='ltr'><strong>aliquid</strong></span> <span class='ocrx_word' id='word_1_342' title='bbox 3139 1940 3246 1979; x_wconf 92' lang='lat' dir='ltr'><strong>non</strong></span> <span class='ocrx_word' id='word_1_343' title='bbox 3271 1933 3373 1989; x_wconf 89' lang='lat' dir='ltr'><strong>est,</strong></span> <span class='ocrx_word' id='word_1_344' title='bbox 3405 1927 3479 1981; x_wconf 90' lang='lat' dir='ltr'><strong>ita</strong></span> <span class='ocrx_word' id='word_1_345' title='bbox 3502 1927 3622 1980; x_wconf 68' lang='lat' dir='ltr'><strong>haec</strong></span> <span class='ocrx_word' id='word_1_346' title='bbox 3645 1932 3800 1996; x_wconf 84' lang='lat' dir='ltr'><strong>apud</strong></span> 
     </span>
    </p>
   </div>
   <div class='ocr_carea' id='block_1_49' title="bbox 2189 2010 3796 2088">
    <p class='ocr_par' dir='ltr' id='par_1_49' title="bbox 2189 2010 3796 2088">
     <span class='ocr_line' id='line_1_49' title="bbox 2189 2010 3796 2088; baseline 0.006 -23"><span class='ocrx_word' id='word_1_347' title='bbox 2189 2010 2475 2067; x_wconf 90' lang='lat' dir='ltr'><strong>Dominum</strong></span> <span class='ocrx_word' id='word_1_348' title='bbox 2513 2016 2661 2070; x_wconf 92' lang='lat' dir='ltr'><strong>omni</strong></span> <span class='ocrx_word' id='word_1_349' title='bbox 2705 2024 2789 2071; x_wconf 90' lang='lat' dir='ltr'><strong>est</strong></span> <span class='ocrx_word' id='word_1_350' title='bbox 2839 2017 2996 2072; x_wconf 90' lang='lat' dir='ltr'><strong>laude</strong></span> <span class='ocrx_word' id='word_1_351' title='bbox 3033 2017 3374 2088; x_wconf 84' lang='lat' dir='ltr'><strong>dignissima,</strong></span> <span class='ocrx_word' id='word_1_352' title='bbox 3420 2019 3553 2075; x_wconf 88' lang='lat' dir='ltr'><strong>hinc</strong></span> <span class='ocrx_word' id='word_1_353' title='bbox 3584 2023 3796 2075; x_wconf 87' lang='lat' dir='ltr'><strong>etenim</strong></span> 
     </span>
    </p>
   </div>
   <div class='ocr_carea' id='block_1_50' title="bbox 2187 2103 3797 2177">
    <p class='ocr_par' dir='ltr' id='par_1_50' title="bbox 2187 2103 3797 2177">
     <span class='ocr_line' id='line_1_50' title="bbox 2187 2103 3797 2177; baseline 0.004 -19"><span class='ocrx_word' id='word_1_354' title='bbox 2187 2104 2447 2172; x_wconf 85' lang='lat' dir='ltr'><strong>scriptum</strong></span> <span class='ocrx_word' id='word_1_355' title='bbox 2487 2112 2572 2160; x_wconf 91' lang='lat' dir='ltr'><strong>est</strong></span> <span class='ocrx_word' id='word_1_356' title='bbox 2615 2125 2627 2160; x_wconf 89' lang='lat'>:</span> <span class='ocrx_word' id='word_1_357' title='bbox 2670 2103 2911 2159; x_wconf 84' lang='lat' dir='ltr'><strong>Pretiosa</strong></span> <span class='ocrx_word' id='word_1_358' title='bbox 2955 2107 3008 2161; x_wconf 86' lang='lat' dir='ltr'><strong>in</strong></span> <span class='ocrx_word' id='word_1_359' title='bbox 3054 2118 3329 2177; x_wconf 85' lang='lat' dir='ltr'><strong>conspectu</strong></span> <span class='ocrx_word' id='word_1_360' title='bbox 3373 2108 3594 2162; x_wconf 82' lang='lat' dir='ltr'><strong>Domini</strong></span> <span class='ocrx_word' id='word_1_361' title='bbox 3643 2127 3797 2164; x_wconf 81' lang='lat' dir='ltr'><strong>mors</strong></span> 
     </span>
    </p>
   </div>
   <div class='ocr_carea' id='block_1_51' title="bbox 2187 2194 3792 2268">
    <p class='ocr_par' dir='ltr' id='par_1_51' title="bbox 2187 2194 3792 2268">
     <span class='ocr_line' id='line_1_51' title="bbox 2187 2194 3792 2268; baseline 0.005 -22"><span class='ocrx_word' id='word_1_362' title='bbox 2187 2204 2489 2248; x_wconf 89' lang='lat' dir='ltr'><strong>sanctorum</strong></span> <span class='ocrx_word' id='word_1_363' title='bbox 2519 2197 2634 2265; x_wconf 85' lang='lat' dir='ltr'><strong>ejus</strong></span> <span class='ocrx_word' id='word_1_364' title='bbox 2666 2194 2838 2268; x_wconf 85' lang='lat' dir='ltr'><strong>(Psal.</strong></span> <span class='ocrx_word' id='word_1_365' title='bbox 2868 2196 3012 2267; x_wconf 70' lang='lat' dir='ltr'><strong>cvv).</strong></span> <span class='ocrx_word' id='word_1_366' title='bbox 3071 2197 3223 2252; x_wconf 88' lang='lat' dir='ltr'><strong>Sicut</strong></span> <span class='ocrx_word' id='word_1_367' title='bbox 3270 2199 3415 2252; x_wconf 89' lang='lat' dir='ltr'><strong>enim</strong></span> <span class='ocrx_word' id='word_1_368' title='bbox 3473 2215 3670 2253; x_wconf 88' lang='lat' dir='ltr'><strong>aurum</strong></span> <span class='ocrx_word' id='word_1_369' title='bbox 3735 2201 3792 2254; x_wconf 81' lang='lat' dir='ltr'><strong>in</strong></span> 
     </span>
    </p>
   </div>
   <div class='ocr_carea' id='block_1_52' title="bbox 2187 2285 3793 2361">
    <p class='ocr_par' dir='ltr' id='par_1_52' title="bbox 2187 2285 3793 2361">
     <span class='ocr_line' id='line_1_52' title="bbox 2187 2285 3793 2361; baseline 0.004 -21"><span class='ocrx_word' id='word_1_370' title='bbox 2187 2285 2408 2344; x_wconf 81' lang='lat' dir='ltr'><strong>fornace</strong></span> <span class='ocrx_word' id='word_1_371' title='bbox 2444 2288 2684 2343; x_wconf 89' lang='lat' dir='ltr'><strong>clausum</strong></span> <span class='ocrx_word' id='word_1_372' title='bbox 2715 2290 2926 2360; x_wconf 77' lang='lat' dir='ltr'><strong>ignibus</strong></span> <span class='ocrx_word' id='word_1_373' title='bbox 2948 2291 3625 2361; x_wconf 80' lang='lat' dir='ltr'><strong>examinatur,probatum</strong></span> <span class='ocrx_word' id='word_1_374' title='bbox 3655 2307 3793 2347; x_wconf 84' lang='lat' dir='ltr'><strong>vero</strong></span> 
     </span>
    </p>
   </div>
   <div class='ocr_carea' id='block_1_53' title="bbox 2187 2379 3794 2453">
    <p class='ocr_par' dir='ltr' id='par_1_53' title="bbox 2187 2379 3794 2453">
     <span class='ocr_line' id='line_1_53' title="bbox 2187 2379 3794 2453; baseline 0.003 -20"><span class='ocrx_word' id='word_1_375' title='bbox 2187 2379 2353 2446; x_wconf 85' lang='lat' dir='ltr'><strong>foras,</strong></span> <span class='ocrx_word' id='word_1_376' title='bbox 2385 2380 2538 2448; x_wconf 87' lang='lat' dir='ltr'><strong>cujus</strong></span> <span class='ocrx_word' id='word_1_377' title='bbox 2569 2384 2638 2436; x_wconf 89' lang='lat' dir='ltr'><strong>sit</strong></span> <span class='ocrx_word' id='word_1_378' title='bbox 2666 2381 2887 2453; x_wconf 81' lang='lat' dir='ltr'><strong>fulgoris</strong></span> <span class='ocrx_word' id='word_1_379' title='bbox 2925 2384 3225 2452; x_wconf 84' lang='lat' dir='ltr'><strong>apparebit,</strong></span> <span class='ocrx_word' id='word_1_380' title='bbox 3253 2383 3327 2436; x_wconf 87' lang='lat' dir='ltr'><strong>ita</strong></span> <span class='ocrx_word' id='word_1_381' title='bbox 3370 2382 3616 2437; x_wconf 87' lang='lat' dir='ltr'><strong>ﬁdelium</strong></span> <span class='ocrx_word' id='word_1_382' title='bbox 3657 2399 3794 2438; x_wconf 77' lang='lat' dir='ltr'><strong>eou-</strong></span> 
     </span>
    </p>
   </div>
   <div class='ocr_carea' id='block_1_54' title="bbox 2187 2475 3794 2549">
    <p class='ocr_par' dir='ltr' id='par_1_54' title="bbox 2187 2475 3794 2549">
     <span class='ocr_line' id='line_1_54' title="bbox 2187 2475 3794 2549; baseline 0.005 -23"><span class='ocrx_word' id='word_1_383' title='bbox 2187 2475 2385 2527; x_wconf 88' lang='lat' dir='ltr'><strong>stantia</strong></span> <span class='ocrx_word' id='word_1_384' title='bbox 2422 2476 2563 2529; x_wconf 88' lang='lat' dir='ltr'><strong>inter</strong></span> <span class='ocrx_word' id='word_1_385' title='bbox 2593 2475 2828 2530; x_wconf 66' lang='lat' dir='ltr'><strong>ﬁdelium</strong></span> <span class='ocrx_word' id='word_1_386' title='bbox 2873 2476 3088 2545; x_wconf 87' lang='lat' dir='ltr'><strong>quidem</strong></span> <span class='ocrx_word' id='word_1_387' title='bbox 3130 2492 3416 2546; x_wconf 87' lang='lat' dir='ltr'><strong>pressuras</strong></span> <span class='ocrx_word' id='word_1_388' title='bbox 3457 2481 3794 2549; x_wconf 81' lang='lat' dir='ltr'><strong>contempti-</strong></span> 
     </span>
    </p>
   </div>
   <div class='ocr_carea' id='block_1_55' title="bbox 2185 2564 3788 2638">
    <p class='ocr_par' dir='ltr' id='par_1_55' title="bbox 2185 2564 3788 2638">
     <span class='ocr_line' id='line_1_55' title="bbox 2185 2564 3788 2638; baseline 0.003 -19"><span class='ocrx_word' id='word_1_389' title='bbox 2185 2564 2310 2620; x_wconf 91' lang='lat' dir='ltr'><strong>bilis</strong></span> <span class='ocrx_word' id='word_1_390' title='bbox 2331 2567 2562 2630; x_wconf 86' lang='lat' dir='ltr'><strong>vidctur,</strong></span> <span class='ocrx_word' id='word_1_391' title='bbox 2591 2583 2654 2621; x_wconf 85' lang='lat' dir='ltr'><strong>ac</strong></span> <span class='ocrx_word' id='word_1_392' title='bbox 2679 2567 2867 2632; x_wconf 87' lang='lat' dir='ltr'><strong>stulta,</strong></span> <span class='ocrx_word' id='word_1_393' title='bbox 2892 2568 2986 2623; x_wconf 91' lang='lat' dir='ltr'><strong>sed</strong></span> <span class='ocrx_word' id='word_1_394' title='bbox 3018 2568 3108 2622; x_wconf 92' lang='lat' dir='ltr'><strong>ubi</strong></span> <span class='ocrx_word' id='word_1_395' title='bbox 3139 2577 3351 2638; x_wconf 89' lang='lat' dir='ltr'><strong>tempus</strong></span> <span class='ocrx_word' id='word_1_396' title='bbox 3374 2569 3788 2634; x_wconf 87' lang='lat' dir='ltr'><strong>retributionis,</strong></span> 
     </span>
    </p>
   </div>
   <div class='ocr_carea' id='block_1_56' title="bbox 2187 2654 3791 2728">
    <p class='ocr_par' dir='ltr' id='par_1_56' title="bbox 2187 2654 3791 2728">
     <span class='ocr_line' id='line_1_56' title="bbox 2187 2654 3791 2728; baseline 0.004 -20"><span class='ocrx_word' id='word_1_397' title='bbox 2187 2654 2339 2709; x_wconf 88' lang='lat' dir='ltr'><strong>ﬁnito</strong></span> <span class='ocrx_word' id='word_1_398' title='bbox 2359 2657 2680 2723; x_wconf 87' lang='lat' dir='ltr'><strong>certamine,</strong></span> <span class='ocrx_word' id='word_1_399' title='bbox 2701 2657 3111 2711; x_wconf 87' lang='lat' dir='ltr'><strong>tribulationum</strong></span> <span class='ocrx_word' id='word_1_400' title='bbox 3128 2657 3388 2725; x_wconf 83' lang='lat' dir='ltr'><strong>adfuerit,</strong></span> <span class='ocrx_word' id='word_1_401' title='bbox 3404 2667 3536 2714; x_wconf 91' lang='lat' dir='ltr'><strong>tunc</strong></span> <span class='ocrx_word' id='word_1_402' title='bbox 3562 2671 3791 2728; x_wconf 63' lang='lat' dir='ltr'><strong>quanta</strong></span> 
     </span>
    </p>
   </div>
   <div class='ocr_carea' id='block_1_57' title="bbox 2185 2746 3792 2823">
    <p class='ocr_par' dir='ltr' id='par_1_57' title="bbox 2185 2746 3792 2823">
     <span class='ocr_line' id='line_1_57' title="bbox 2185 2746 3792 2823; baseline 0.006 -23"><span class='ocrx_word' id='word_1_403' title='bbox 2185 2746 2349 2802; x_wconf 86' lang='lat' dir='ltr'><strong>fuerit</strong></span> <span class='ocrx_word' id='word_1_404' title='bbox 2371 2748 2574 2819; x_wconf 64' lang='lat' dir='ltr'><strong>gloriae,</strong></span> <span class='ocrx_word' id='word_1_405' title='bbox 2598 2760 2859 2818; x_wconf 89' lang='lat' dir='ltr'><strong>quantum</strong></span> <span class='ocrx_word' id='word_1_406' title='bbox 2885 2748 3119 2806; x_wconf 85' lang='lat' dir='ltr'><strong>ﬂammis</strong></span> <span class='ocrx_word' id='word_1_407' title='bbox 3140 2751 3454 2823; x_wconf 89' lang='lat' dir='ltr'><strong>passionum</strong></span> <span class='ocrx_word' id='word_1_408' title='bbox 3483 2752 3792 2809; x_wconf 75' lang='lat' dir='ltr'><strong>profecerit</strong></span> 
     </span>
    </p>
   </div>
   <div class='ocr_carea' id='block_1_58' title="bbox 2185 2842 2928 2898">
    <p class='ocr_par' dir='ltr' id='par_1_58' title="bbox 2185 2842 2928 2898">
     <span class='ocr_line' id='line_1_58' title="bbox 2185 2842 2928 2898; baseline 0.003 -2"><span class='ocrx_word' id='word_1_409' title='bbox 2185 2855 2374 2896; x_wconf 87' lang='lat' dir='ltr'><strong>eorum</strong></span> <span class='ocrx_word' id='word_1_410' title='bbox 2407 2842 2578 2897; x_wconf 90' lang='lat' dir='ltr'><strong>virtus</strong></span> <span class='ocrx_word' id='word_1_411' title='bbox 2603 2845 2928 2898; x_wconf 89' lang='lat' dir='ltr'><strong>ostenditur.</strong></span> 
     </span>
    </p>
   </div>
   <div class='ocr_carea' id='block_1_59' title="bbox 2255 2958 3790 3036">
    <p class='ocr_par' dir='ltr' id='par_1_59' title="bbox 2255 2958 3790 3036">
     <span class='ocr_line' id='line_1_59' title="bbox 2255 2958 3790 3036; baseline 0.005 -24"><span class='ocrx_word' id='word_1_412' title='bbox 2255 2958 2462 3012; x_wconf 84' lang='lat' dir='ltr'><strong>Christo</strong></span> <span class='ocrx_word' id='word_1_413' title='bbox 2488 2959 2650 3030; x_wconf 87' lang='lat' dir='ltr'><strong>igitur</strong></span> <span class='ocrx_word' id='word_1_414' title='bbox 2673 2978 2827 3029; x_wconf 89' lang='lat' dir='ltr'><strong>passo</strong></span> <span class='ocrx_word' id='word_1_415' title='bbox 2859 2963 2915 3015; x_wconf 90' lang='lat' dir='ltr'><strong>in</strong></span> <span class='ocrx_word' id='word_1_416' title='bbox 2941 2979 3100 3016; x_wconf 84' lang='lat' dir='ltr'><strong>carne</strong></span> <span class='ocrx_word' id='word_1_417' title='bbox 3127 2971 3175 3016; x_wconf 87' lang='lat' dir='ltr'><strong>et</strong></span> <span class='ocrx_word' id='word_1_418' title='bbox 3201 2980 3292 3018; x_wconf 83' lang='lat' dir='ltr'><strong>vos</strong></span> <span class='ocrx_word' id='word_1_419' title='bbox 3341 2965 3529 3018; x_wconf 78' lang='lat' dir='ltr'><strong>eadem</strong></span> <span class='ocrx_word' id='word_1_420' title='bbox 3579 2967 3790 3036; x_wconf 81' lang='lat' dir='ltr'><strong>cogita-</strong></span> 
     </span>
    </p>
   </div>
   <div class='ocr_carea' id='block_1_60' title="bbox 2181 3049 3790 3124">
    <p class='ocr_par' dir='ltr' id='par_1_60' title="bbox 2181 3049 3790 3124">
     <span class='ocr_line' id='line_1_60' title="bbox 2181 3049 3790 3124; baseline 0.007 -22"><span class='ocrx_word' id='word_1_421' title='bbox 2181 3052 2322 3103; x_wconf 85' lang='lat' dir='ltr'><strong>tione</strong></span> <span class='ocrx_word' id='word_1_422' title='bbox 2349 3051 2649 3104; x_wconf 85' lang='lat' dir='ltr'><strong>armamini.</strong></span> <span class='ocrx_word' id='word_1_423' title='bbox 2683 3049 2975 3121; x_wconf 83' lang='lat' dir='ltr'><strong>Postquam</strong></span> <span class='ocrx_word' id='word_1_424' title='bbox 3018 3055 3322 3124; x_wconf 81' lang='lat' dir='ltr'><strong>exemplum</strong></span> <span class='ocrx_word' id='word_1_425' title='bbox 3351 3058 3790 3113; x_wconf 83' lang='lat' dir='ltr'><strong>resurrectionis</strong></span> 
     </span>
    </p>
   </div>
   <div class='ocr_carea' id='block_1_61' title="bbox 2182 3139 3788 3219">
    <p class='ocr_par' dir='ltr' id='par_1_61' title="bbox 2182 3139 3788 3219">
     <span class='ocr_line' id='line_1_61' title="bbox 2182 3139 3788 3219; baseline 0.007 -25"><span class='ocrx_word' id='word_1_426' title='bbox 2182 3139 2466 3196; x_wconf 73' lang='lat' dir='ltr'><strong>dominica:</strong></span> <span class='ocrx_word' id='word_1_427' title='bbox 2489 3150 2544 3196; x_wconf 91' lang='lat' dir='ltr'><strong>et</strong></span> <span class='ocrx_word' id='word_1_428' title='bbox 2571 3143 2862 3197; x_wconf 90' lang='lat' dir='ltr'><strong>ablutionis</strong></span> <span class='ocrx_word' id='word_1_429' title='bbox 2886 3152 3105 3210; x_wconf 64' lang='lat' dir='ltr'><strong>nostras,</strong></span> <span class='ocrx_word' id='word_1_430' title='bbox 3149 3163 3268 3216; x_wconf 70' lang='lat' dir='ltr'><strong>qua:</strong></span> <span class='ocrx_word' id='word_1_431' title='bbox 3301 3146 3359 3201; x_wconf 87' lang='lat' dir='ltr'><strong>lit</strong></span> <span class='ocrx_word' id='word_1_432' title='bbox 3403 3149 3456 3202; x_wconf 92' lang='lat' dir='ltr'><strong>in</strong></span> <span class='ocrx_word' id='word_1_433' title='bbox 3502 3151 3788 3219; x_wconf 83' lang='lat' dir='ltr'><strong>baptismo</strong></span> 
     </span>
    </p>
   </div>
   <div class='ocr_carea' id='block_1_62' title="bbox 493 3231 3789 3331">
    <p class='ocr_par' dir='ltr' id='par_1_62' title="bbox 493 3231 3789 3331">
     <span class='ocr_line' id='line_1_62' title="bbox 493 3231 3789 3331; baseline 0.009 -30"><span class='ocrx_word' id='word_1_434' title='bbox 493 3247 562 3301; x_wconf 90' lang='lat' dir='ltr'><strong>ad</strong></span> <span class='ocrx_word' id='word_1_435' title='bbox 588 3247 690 3303; x_wconf 88' lang='lat' dir='ltr'><strong>hoc</strong></span> <span class='ocrx_word' id='word_1_436' title='bbox 716 3260 1108 3316; x_wconf 86' lang='lat' dir='ltr'><strong>conservatam,</strong></span> <span class='ocrx_word' id='word_1_437' title='bbox 1141 3267 1287 3308; x_wconf 92' lang='lat' dir='ltr'><strong>nunc</strong></span> <span class='ocrx_word' id='word_1_438' title='bbox 1312 3261 1375 3308; x_wconf 89' lang='lat' dir='ltr'><strong>ut</strong></span> <span class='ocrx_word' id='word_1_439' title='bbox 1405 3253 1559 3310; x_wconf 88' lang='lat' dir='ltr'><strong>vobis</strong></span> <span class='ocrx_word' id='word_1_440' title='bbox 1600 3231 1842 3327; x_wconf 86' lang='lat' dir='ltr'><strong>tempore</strong></span> <span class='ocrx_word' id='word_1_441' title='bbox 1867 3231 2079 3328; x_wconf 50' lang='lat' dir='ltr'><strong>praesti;</strong></span> <span class='ocrx_word' id='word_1_442' title='bbox 2106 3268 2151 3331; x_wconf 64' lang='grc' dir='ltr'><strong>(ς</strong></span> <span class='ocrx_word' id='word_1_443' title='bbox 2183 3231 2250 3331; x_wconf 61' lang='lat' dir='ltr'><strong>df’</strong></span> <span class='ocrx_word' id='word_1_444' title='bbox 2299 3237 2440 3331; x_wconf 43' lang='lat' dir='ltr'><strong>“cf”</strong></span> <span class='ocrx_word' id='word_1_445' title='bbox 2470 3249 2560 3331; x_wconf 68' lang='lat' dir='ltr'><strong>_ac</strong></span> <span class='ocrx_word' id='word_1_446' title='bbox 2605 3234 2790 3331; x_wconf 29' lang='lat' dir='ltr'><strong>dum?</strong></span> <span class='ocrx_word' id='word_1_447' title='bbox 2823 3246 3168 3331; x_wconf 40' lang='lat' dir='ltr'><strong>sacramenm</strong></span> <span class='ocrx_word' id='word_1_448' title='bbox 3193 3231 3563 3305; x_wconf 39' lang='lat' dir='ltr'><strong>adﬁrmem“</strong></span> <span class='ocrx_word' id='word_1_449' title='bbox 3599 3258 3789 3297; x_wconf 56' lang='lat' dir='ltr'><strong>rever&quot;</strong></span> 
     </span>
    </p>
   </div>
   <div class='ocr_carea' id='block_1_63' title="bbox 490 3342 2071 3408">
    <p class='ocr_par' dir='ltr' id='par_1_63' title="bbox 490 3342 2071 3408">
     <span class='ocr_line' id='line_1_63' title="bbox 490 3342 2071 3408; baseline 0.009 -17"><span class='ocrx_word' id='word_1_450' title='bbox 490 3346 612 3393; x_wconf 86' lang='lat' dir='ltr'><strong>tuto</strong></span> <span class='ocrx_word' id='word_1_451' title='bbox 649 3342 906 3396; x_wconf 89' lang='lat' dir='ltr'><strong>reddatur</strong></span> <span class='ocrx_word' id='word_1_452' title='bbox 955 3343 1010 3397; x_wconf 92' lang='lat' dir='ltr'><strong>in</strong></span> <span class='ocrx_word' id='word_1_453' title='bbox 1057 3344 1229 3408; x_wconf 62' lang='lat' dir='ltr'><strong>caelis,</strong></span> <span class='ocrx_word' id='word_1_454' title='bbox 1271 3345 1357 3400; x_wconf 87' lang='lat' dir='ltr'><strong>vel</strong></span> <span class='ocrx_word' id='word_1_455' title='bbox 1407 3355 1558 3402; x_wconf 90' lang='lat' dir='ltr'><strong>certe</strong></span> <span class='ocrx_word' id='word_1_456' title='bbox 1604 3359 1985 3404; x_wconf 89' lang='lat' dir='ltr'><strong>conservatam</strong></span> <span class='ocrx_word' id='word_1_457' title='bbox 2017 3352 2071 3406; x_wconf 91' lang='lat' dir='ltr'><strong>in</strong></span> 
     </span>
    </p>
   </div>
   <div class='ocr_carea' id='block_1_64' title="bbox 491 3429 2076 3513">
    <p class='ocr_par' dir='ltr' id='par_1_64' title="bbox 491 3429 2076 3513">
     <span class='ocr_line' id='line_1_64' title="bbox 491 3429 2076 3513; baseline 0.009 -28"><span class='ocrx_word' id='word_1_458' title='bbox 491 3429 664 3496; x_wconf 65' lang='lat' dir='ltr'><strong>caelis,</strong></span> <span class='ocrx_word' id='word_1_459' title='bbox 697 3433 750 3486; x_wconf 90' lang='lat' dir='ltr'><strong>in</strong></span> <span class='ocrx_word' id='word_1_460' title='bbox 788 3435 962 3500; x_wconf 85' lang='lat' dir='ltr'><strong>vobis,</strong></span> <span class='ocrx_word' id='word_1_461' title='bbox 991 3437 1115 3505; x_wconf 91' lang='lat' dir='ltr'><strong>quia</strong></span> <span class='ocrx_word' id='word_1_462' title='bbox 1148 3438 1240 3507; x_wconf 93' lang='lat' dir='ltr'><strong>qui</strong></span> <span class='ocrx_word' id='word_1_463' title='bbox 1270 3438 1418 3493; x_wconf 90' lang='lat' dir='ltr'><strong>dedit</strong></span> <span class='ocrx_word' id='word_1_464' title='bbox 1451 3439 1802 3496; x_wconf 89' lang='lat' dir='ltr'><strong>credentibus</strong></span> <span class='ocrx_word' id='word_1_465' title='bbox 1838 3452 2076 3513; x_wconf 86' lang='lat' dir='ltr'><strong>potesta-</strong></span> 
     </span>
    </p>
   </div>
   <div class='ocr_carea' id='block_1_65' title="bbox 490 3521 2073 3603">
    <p class='ocr_par' dir='ltr' id='par_1_65' title="bbox 490 3521 2073 3603">
     <span class='ocr_line' id='line_1_65' title="bbox 490 3521 2073 3603; baseline 0.011 -29"><span class='ocrx_word' id='word_1_466' title='bbox 490 3528 600 3575; x_wconf 89' lang='lat' dir='ltr'><strong>tem</strong></span> <span class='ocrx_word' id='word_1_467' title='bbox 630 3521 768 3578; x_wconf 87' lang='lat' dir='ltr'><strong>ﬁlios</strong></span> <span class='ocrx_word' id='word_1_468' title='bbox 802 3524 898 3579; x_wconf 93' lang='lat' dir='ltr'><strong>Dei</strong></span> <span class='ocrx_word' id='word_1_469' title='bbox 941 3526 1077 3587; x_wconf 90' lang='lat' dir='ltr'><strong>ﬁeri,</strong></span> <span class='ocrx_word' id='word_1_470' title='bbox 1118 3528 1233 3598; x_wconf 90' lang='lat' dir='ltr'><strong>ipse</strong></span> <span class='ocrx_word' id='word_1_471' title='bbox 1281 3530 1430 3584; x_wconf 90' lang='lat' dir='ltr'><strong>dedit</strong></span> <span class='ocrx_word' id='word_1_472' title='bbox 1464 3531 1671 3586; x_wconf 90' lang='lat' dir='ltr'><strong>eisdem</strong></span> <span class='ocrx_word' id='word_1_473' title='bbox 1712 3542 2073 3603; x_wconf 78' lang='lat' dir='ltr'><strong>potestatem,</strong></span> 
     </span>
    </p>
   </div>
   <div class='ocr_carea' id='block_1_66' title="bbox 491 3613 2076 3696">
    <p class='ocr_par' dir='ltr' id='par_1_66' title="bbox 491 3613 2076 3696">
     <span class='ocr_line' id='line_1_66' title="bbox 491 3613 2076 3696; baseline 0.012 -31"><span class='ocrx_word' id='word_1_474' title='bbox 491 3613 861 3669; x_wconf 71' lang='lat' dir='ltr'><strong>haereditatem</strong></span> <span class='ocrx_word' id='word_1_475' title='bbox 885 3617 954 3670; x_wconf 90' lang='lat' dir='ltr'><strong>ab</strong></span> <span class='ocrx_word' id='word_1_476' title='bbox 975 3631 1060 3683; x_wconf 90' lang='lat' dir='ltr'><strong>eo,</strong></span> <span class='ocrx_word' id='word_1_477' title='bbox 1087 3635 1196 3673; x_wconf 90' lang='lat' dir='ltr'><strong>non</strong></span> <span class='ocrx_word' id='word_1_478' title='bbox 1226 3631 1498 3676; x_wconf 90' lang='lat' dir='ltr'><strong>merentes</strong></span> <span class='ocrx_word' id='word_1_479' title='bbox 1527 3626 1793 3693; x_wconf 89' lang='lat' dir='ltr'><strong>accipere,</strong></span> <span class='ocrx_word' id='word_1_480' title='bbox 1824 3641 2076 3696; x_wconf 85' lang='lat' dir='ltr'><strong>perseve-</strong></span> 
     </span>
    </p>
   </div>
   <div class='ocr_carea' id='block_1_67' title="bbox 493 3705 2073 3777">
    <p class='ocr_par' dir='ltr' id='par_1_67' title="bbox 493 3705 2073 3777">
     <span class='ocr_line' id='line_1_67' title="bbox 493 3705 2073 3777; baseline 0.014 -21"><span class='ocrx_word' id='word_1_481' title='bbox 493 3705 662 3760; x_wconf 90' lang='lat' dir='ltr'><strong>rando</strong></span> <span class='ocrx_word' id='word_1_482' title='bbox 684 3722 856 3776; x_wconf 83' lang='lat' dir='ltr'><strong>usque</strong></span> <span class='ocrx_word' id='word_1_483' title='bbox 888 3710 941 3764; x_wconf 92' lang='lat' dir='ltr'><strong>in</strong></span> <span class='ocrx_word' id='word_1_484' title='bbox 975 3711 1156 3776; x_wconf 90' lang='lat' dir='ltr'><strong>ﬁnem,</strong></span> <span class='ocrx_word' id='word_1_485' title='bbox 1189 3723 1249 3767; x_wconf 90' lang='lat' dir='ltr'><strong>ut</strong></span> <span class='ocrx_word' id='word_1_486' title='bbox 1278 3715 1413 3768; x_wconf 90' lang='lat' dir='ltr'><strong>salvi</strong></span> <span class='ocrx_word' id='word_1_487' title='bbox 1450 3716 1577 3770; x_wconf 90' lang='lat' dir='ltr'><strong>sint.</strong></span> <span class='ocrx_word' id='word_1_488' title='bbox 1613 3718 1678 3772; x_wconf 88' lang='lat' dir='ltr'><strong>Et</strong></span> <span class='ocrx_word' id='word_1_489' title='bbox 1707 3719 1828 3774; x_wconf 89' lang='lat' dir='ltr'><strong>ideo</strong></span> <span class='ocrx_word' id='word_1_490' title='bbox 1849 3736 2073 3777; x_wconf 88' lang='lat' dir='ltr'><strong>conser-</strong></span> 
     </span>
    </p>
   </div>
   <div class='ocr_carea' id='block_1_68' title="bbox 491 3798 2074 3878">
    <p class='ocr_par' dir='ltr' id='par_1_68' title="bbox 491 3798 2074 3878">
     <span class='ocr_line' id='line_1_68' title="bbox 491 3798 2074 3878; baseline 0.013 -30"><span class='ocrx_word' id='word_1_491' title='bbox 491 3803 670 3851; x_wconf 83' lang='lat' dir='ltr'><strong>vatam</strong></span> <span class='ocrx_word' id='word_1_492' title='bbox 725 3798 855 3853; x_wconf 91' lang='lat' dir='ltr'><strong>dicit</strong></span> <span class='ocrx_word' id='word_1_493' title='bbox 885 3819 898 3854; x_wconf 89' lang='lat'><strong>:</strong></span> <span class='ocrx_word' id='word_1_494' title='bbox 932 3799 988 3856; x_wconf 94' lang='lat' dir='ltr'><strong>ln</strong></span> <span class='ocrx_word' id='word_1_495' title='bbox 1012 3802 1118 3858; x_wconf 92' lang='lat' dir='ltr'><strong>illis</strong></span> <span class='ocrx_word' id='word_1_496' title='bbox 1157 3805 1552 3871; x_wconf 63' lang='lat' dir='ltr'><strong>haereditatem,</strong></span> <span class='ocrx_word' id='word_1_497' title='bbox 1581 3825 1814 3878; x_wconf 76' lang='lat' dir='ltr'><strong>quorum</strong></span> <span class='ocrx_word' id='word_1_498' title='bbox 1863 3813 2074 3870; x_wconf 89' lang='lat' dir='ltr'><strong>meritis</strong></span> 
     </span>
    </p>
   </div>
   <div class='ocr_carea' id='block_1_69' title="bbox 487 3889 2071 3974">
    <p class='ocr_par' dir='ltr' id='par_1_69' title="bbox 487 3889 2071 3974">
     <span class='ocr_line' id='line_1_69' title="bbox 487 3889 2071 3974; baseline 0.013 -34"><span class='ocrx_word' id='word_1_499' title='bbox 487 3897 708 3952; x_wconf 67' lang='lat' dir='ltr'><strong>Iuvante</strong></span> <span class='ocrx_word' id='word_1_500' title='bbox 734 3889 962 3947; x_wconf 92' lang='lat' dir='ltr'><strong>Domino</strong></span> <span class='ocrx_word' id='word_1_501' title='bbox 999 3896 1419 3964; x_wconf 86' lang='lat' dir='ltr'><strong>perveniendum</strong></span> <span class='ocrx_word' id='word_1_502' title='bbox 1468 3901 1618 3955; x_wconf 88' lang='lat' dir='ltr'><strong>novit</strong></span> <span class='ocrx_word' id='word_1_503' title='bbox 1652 3903 1720 3955; x_wconf 90' lang='lat' dir='ltr'><strong>ad</strong></span> <span class='ocrx_word' id='word_1_504' title='bbox 1750 3902 1918 3970; x_wconf 85' lang='lat' dir='ltr'><strong>illam,</strong></span> <span class='ocrx_word' id='word_1_505' title='bbox 1944 3906 2071 3974; x_wconf 90' lang='lat' dir='ltr'><strong>quia</strong></span> 
     </span>
    </p>
   </div>
   <div class='ocr_carea' id='block_1_70' title="bbox 423 3979 2068 4061">
    <p class='ocr_par' dir='ltr' id='par_1_70' title="bbox 423 3979 2068 4061">
     <span class='ocr_line' id='line_1_70' title="bbox 423 3979 2068 4061; baseline 0.013 -29"><span class='ocrx_word' id='word_1_506' title='bbox 423 4023 430 4032; x_wconf 85' lang='lat'><strong>.</strong></span> <span class='ocrx_word' id='word_1_507' title='bbox 489 3979 583 4049; x_wconf 88' lang='lat' dir='ltr'><strong>qui</strong></span> <span class='ocrx_word' id='word_1_508' title='bbox 613 3995 720 4040; x_wconf 88' lang='lat' dir='ltr'><strong>non</strong></span> <span class='ocrx_word' id='word_1_509' title='bbox 744 3987 1084 4042; x_wconf 81' lang='lat' dir='ltr'><strong>servaverint</strong></span> <span class='ocrx_word' id='word_1_510' title='bbox 1110 3988 1452 4059; x_wconf 86' lang='lat' dir='ltr'><strong>disciplinam</strong></span> <span class='ocrx_word' id='word_1_511' title='bbox 1482 3993 1674 4061; x_wconf 90' lang='lat' dir='ltr'><strong>patris,</strong></span> <span class='ocrx_word' id='word_1_512' title='bbox 1698 3995 2068 4053; x_wconf 85' lang='lat' dir='ltr'><strong>haereditatem</strong></span> 
     </span>
    </p>
   </div>
   <div class='ocr_carea' id='block_1_71' title="bbox 488 4069 1392 4147">
    <p class='ocr_par' dir='ltr' id='par_1_71' title="bbox 488 4069 1392 4147">
     <span class='ocr_line' id='line_1_71' title="bbox 488 4069 1392 4147; baseline 0.011 -24"><span class='ocrx_word' id='word_1_513' title='bbox 488 4069 556 4123; x_wconf 90' lang='lat' dir='ltr'><strong>ab</strong></span> <span class='ocrx_word' id='word_1_514' title='bbox 589 4085 654 4125; x_wconf 92' lang='lat' dir='ltr'><strong>eo</strong></span> <span class='ocrx_word' id='word_1_515' title='bbox 684 4087 788 4125; x_wconf 90' lang='lat' dir='ltr'><strong>non</strong></span> <span class='ocrx_word' id='word_1_516' title='bbox 821 4084 1102 4130; x_wconf 89' lang='lat' dir='ltr'><strong>merentur</strong></span> <span class='ocrx_word' id='word_1_517' title='bbox 1126 4078 1392 4147; x_wconf 76' lang='lat' dir='ltr'><strong>accipere.</strong></span> 
     </span>
    </p>
   </div>
   <div class='ocr_carea' id='block_1_72' title="bbox 560 4158 2076 4251">
    <p class='ocr_par' dir='ltr' id='par_1_72' title="bbox 560 4158 2076 4251">
     <span class='ocr_line' id='line_1_72' title="bbox 560 4158 2076 4251; baseline 0.015 -39"><span class='ocrx_word' id='word_1_518' title='bbox 560 4158 665 4224; x_wconf 87' lang='lat' dir='ltr'><strong>Qui</strong></span> <span class='ocrx_word' id='word_1_519' title='bbox 685 4162 738 4214; x_wconf 87' lang='lat' dir='ltr'><strong>in</strong></span> <span class='ocrx_word' id='word_1_520' title='bbox 763 4162 957 4227; x_wconf 79' lang='lat' dir='ltr'><strong>virtute</strong></span> <span class='ocrx_word' id='word_1_521' title='bbox 972 4164 1089 4230; x_wconf 86' lang='lat' dir='ltr'><strong>Dei,</strong></span> <span class='ocrx_word' id='word_1_522' title='bbox 1122 4175 1227 4222; x_wconf 92' lang='lat' dir='ltr'><strong>etc.</strong></span> <span class='ocrx_word' id='word_1_523' title='bbox 1262 4168 1329 4224; x_wconf 87' lang='lat' dir='ltr'><strong>Et</strong></span> <span class='ocrx_word' id='word_1_524' title='bbox 1358 4169 1617 4229; x_wconf 89' lang='lat' dir='ltr'><strong>Dominus</strong></span> <span class='ocrx_word' id='word_1_525' title='bbox 1644 4174 1721 4228; x_wconf 89' lang='lat' dir='ltr'><strong>ait</strong></span> <span class='ocrx_word' id='word_1_526' title='bbox 1750 4174 1803 4230; x_wconf 90' lang='lat' dir='ltr'><strong>in</strong></span> <span class='ocrx_word' id='word_1_527' title='bbox 1828 4175 2076 4251; x_wconf 85' lang='lat' dir='ltr'><strong>Evange-</strong></span> 
     </span>
    </p>
   </div>
   <div class='ocr_carea' id='block_1_73' title="bbox 486 4248 2071 4342">
    <p class='ocr_par' dir='ltr' id='par_1_73' title="bbox 486 4248 2071 4342">
     <span class='ocr_line' id='line_1_73' title="bbox 486 4248 2071 4342; baseline 0.015 -40"><span class='ocrx_word' id='word_1_528' title='bbox 486 4248 558 4304; x_wconf 91' lang='lat' dir='ltr'><strong>lio</strong></span> <span class='ocrx_word' id='word_1_529' title='bbox 584 4269 596 4303; x_wconf 89' lang='lat'><strong>:</strong></span> <span class='ocrx_word' id='word_1_530' title='bbox 619 4250 686 4305; x_wconf 88' lang='lat' dir='ltr'><strong>In</strong></span> <span class='ocrx_word' id='word_1_531' title='bbox 706 4253 860 4307; x_wconf 81' lang='lat' dir='ltr'><strong>domo</strong></span> <span class='ocrx_word' id='word_1_532' title='bbox 885 4255 1064 4310; x_wconf 88' lang='lat' dir='ltr'><strong>Patris</strong></span> <span class='ocrx_word' id='word_1_533' title='bbox 1089 4260 1190 4312; x_wconf 88' lang='lat' dir='ltr'><strong>mei</strong></span> <span class='ocrx_word' id='word_1_534' title='bbox 1216 4259 1394 4315; x_wconf 79' lang='lat' dir='ltr'><strong>multa:</strong></span> <span class='ocrx_word' id='word_1_535' title='bbox 1420 4266 1719 4320; x_wconf 82' lang='lat' dir='ltr'><strong>mansiones</strong></span> <span class='ocrx_word' id='word_1_536' title='bbox 1741 4277 1857 4322; x_wconf 80' lang='lat' dir='ltr'><strong>sunt</strong></span> <span class='ocrx_word' id='word_1_537' title='bbox 1888 4248 2071 4342; x_wconf 79' lang='lat' dir='ltr'><strong>(Joan.</strong></span> 
     </span>
    </p>
   </div>
   <div class='ocr_carea' id='block_1_74' title="bbox 486 4343 2076 4437">
    <p class='ocr_par' dir='ltr' id='par_1_74' title="bbox 486 4343 2076 4437">
     <span class='ocr_line' id='line_1_74' title="bbox 486 4343 2076 4437; baseline 0.016 -41"><span class='ocrx_word' id='word_1_538' title='bbox 486 4343 622 4415; x_wconf 73' lang='lat' dir='ltr'><strong>xxv),</strong></span> <span class='ocrx_word' id='word_1_539' title='bbox 652 4354 707 4399; x_wconf 92' lang='lat' dir='ltr'><strong>et</strong></span> <span class='ocrx_word' id='word_1_540' title='bbox 736 4346 932 4402; x_wconf 89' lang='lat' dir='ltr'><strong>iterum</strong></span> <span class='ocrx_word' id='word_1_541' title='bbox 965 4368 977 4404; x_wconf 92' lang='lat'><strong>:</strong></span> <span class='ocrx_word' id='word_1_542' title='bbox 1011 4351 1135 4406; x_wconf 85' lang='lat' dir='ltr'><strong>Non</strong></span> <span class='ocrx_word' id='word_1_543' title='bbox 1169 4363 1244 4408; x_wconf 88' lang='lat' dir='ltr'><strong>est</strong></span> <span class='ocrx_word' id='word_1_544' title='bbox 1271 4372 1442 4410; x_wconf 88' lang='lat' dir='ltr'><strong>meum</strong></span> <span class='ocrx_word' id='word_1_545' title='bbox 1469 4359 1627 4425; x_wconf 87' lang='lat' dir='ltr'><strong>dare,</strong></span> <span class='ocrx_word' id='word_1_546' title='bbox 1656 4363 1746 4416; x_wconf 85' lang='lat' dir='ltr'><strong>sed</strong></span> <span class='ocrx_word' id='word_1_547' title='bbox 1769 4365 1956 4434; x_wconf 88' lang='lat' dir='ltr'><strong>quibus</strong></span> <span class='ocrx_word' id='word_1_548' title='bbox 1978 4385 2076 4437; x_wconf 86' lang='lat' dir='ltr'><strong>pa-</strong></span> 
     </span>
    </p>
   </div>
   <div class='ocr_carea' id='block_1_75' title="bbox 486 4444 2072 4525">
    <p class='ocr_par' dir='ltr' id='par_1_75' title="bbox 486 4444 2072 4525">
     <span class='ocr_line' id='line_1_75' title="bbox 486 4444 2072 4525; baseline 0.018 -38"><span class='ocrx_word' id='word_1_549' title='bbox 486 4444 661 4488; x_wconf 83' lang='lat' dir='ltr'><strong>ratum</strong></span> <span class='ocrx_word' id='word_1_550' title='bbox 694 4447 769 4491; x_wconf 89' lang='lat' dir='ltr'><strong>est</strong></span> <span class='ocrx_word' id='word_1_551' title='bbox 809 4457 840 4492; x_wconf 91' lang='lat' dir='ltr'><strong>a</strong></span> <span class='ocrx_word' id='word_1_552' title='bbox 879 4452 1028 4510; x_wconf 84' lang='lat' dir='ltr'><strong>patre</strong></span> <span class='ocrx_word' id='word_1_553' title='bbox 1064 4461 1196 4497; x_wconf 89' lang='lat' dir='ltr'><strong>meo.</strong></span> <span class='ocrx_word' id='word_1_554' title='bbox 1242 4445 1453 4502; x_wconf 72' lang='lat' dir='ltr'><strong>Parata:</strong></span> <span class='ocrx_word' id='word_1_555' title='bbox 1485 4461 1608 4504; x_wconf 89' lang='lat' dir='ltr'><strong>sunt</strong></span> <span class='ocrx_word' id='word_1_556' title='bbox 1651 4469 1780 4525; x_wconf 84' lang='lat' dir='ltr'><strong>ergo</strong></span> <span class='ocrx_word' id='word_1_557' title='bbox 1816 4458 1972 4512; x_wconf 81' lang='lat' dir='ltr'><strong>sedes</strong></span> <span class='ocrx_word' id='word_1_558' title='bbox 2018 4459 2072 4514; x_wconf 86' lang='lat' dir='ltr'><strong>in</strong></span> 
     </span>
    </p>
   </div>
   <div class='ocr_carea' id='block_1_76' title="bbox 486 4527 2072 4616">
    <p class='ocr_par' dir='ltr' id='par_1_76' title="bbox 486 4527 2072 4616">
     <span class='ocr_line' id='line_1_76' title="bbox 486 4527 2072 4616; baseline 0.017 -39"><span class='ocrx_word' id='word_1_559' title='bbox 486 4539 654 4595; x_wconf 82' lang='lat' dir='ltr'><strong>regno</strong></span> <span class='ocrx_word' id='word_1_560' title='bbox 679 4527 793 4593; x_wconf 87' lang='lat' dir='ltr'><strong>Dei,</strong></span> <span class='ocrx_word' id='word_1_561' title='bbox 818 4539 1021 4598; x_wconf 64' lang='lat' dir='ltr'><strong>parate</strong></span> <span class='ocrx_word' id='word_1_562' title='bbox 1051 4535 1358 4590; x_wconf 87' lang='lat' dir='ltr'><strong>mansiones</strong></span> <span class='ocrx_word' id='word_1_563' title='bbox 1385 4537 1437 4591; x_wconf 93' lang='lat' dir='ltr'><strong>in</strong></span> <span class='ocrx_word' id='word_1_564' title='bbox 1468 4541 1626 4595; x_wconf 92' lang='lat' dir='ltr'><strong>domo</strong></span> <span class='ocrx_word' id='word_1_565' title='bbox 1657 4543 1854 4610; x_wconf 83' lang='lat' dir='ltr'><strong>Patris,</strong></span> <span class='ocrx_word' id='word_1_566' title='bbox 1882 4558 2072 4616; x_wconf 89' lang='lat' dir='ltr'><strong>parata</strong></span> 
     </span>
    </p>
   </div>
   <div class='ocr_carea' id='block_1_77' title="bbox 2185 3323 3788 3401">
    <p class='ocr_par' dir='ltr' id='par_1_77' title="bbox 2185 3323 3788 3401">
     <span class='ocr_line' id='line_1_77' title="bbox 2185 3323 3788 3401; baseline 0.009 -24"><span class='ocrx_word' id='word_1_567' title='bbox 2185 3323 2324 3378; x_wconf 87' lang='lat' dir='ltr'><strong>titur</strong></span> <span class='ocrx_word' id='word_1_568' title='bbox 2351 3325 2416 3380; x_wconf 91' lang='lat' dir='ltr'><strong>ad</strong></span> <span class='ocrx_word' id='word_1_569' title='bbox 2470 3326 2574 3381; x_wconf 92' lang='lat' dir='ltr'><strong>hoc</strong></span> <span class='ocrx_word' id='word_1_570' title='bbox 2629 3327 2770 3396; x_wconf 91' lang='lat' dir='ltr'><strong>quod</strong></span> <span class='ocrx_word' id='word_1_571' title='bbox 2817 3329 3000 3385; x_wconf 84' lang='lat' dir='ltr'><strong>dicere</strong></span> <span class='ocrx_word' id='word_1_572' title='bbox 3038 3342 3302 3401; x_wconf 66' lang='lat' dir='ltr'><strong>coeperat,</strong></span> <span class='ocrx_word' id='word_1_573' title='bbox 3349 3333 3451 3389; x_wconf 91' lang='lat' dir='ltr'><strong>hoc</strong></span> <span class='ocrx_word' id='word_1_574' title='bbox 3499 3335 3788 3393; x_wconf 79' lang='lat' dir='ltr'><strong>imitantes</strong></span> 
     </span>
    </p>
   </div>
   <div class='ocr_carea' id='block_1_78' title="bbox 2176 3417 3783 3496">
    <p class='ocr_par' dir='ltr' id='par_1_78' title="bbox 2176 3417 3783 3496">
     <span class='ocr_line' id='line_1_78' title="bbox 2176 3417 3783 3496; baseline 0.009 -26"><span class='ocrx_word' id='word_1_575' title='bbox 2176 3430 2311 3484; x_wconf 93' lang='lat' dir='ltr'><strong>opus</strong></span> <span class='ocrx_word' id='word_1_576' title='bbox 2364 3417 2730 3487; x_wconf 89' lang='lat' dir='ltr'><strong>redemptoris</strong></span> <span class='ocrx_word' id='word_1_577' title='bbox 2777 3423 2971 3485; x_wconf 87' lang='lat' dir='ltr'><strong>nostri,</strong></span> <span class='ocrx_word' id='word_1_578' title='bbox 3015 3424 3158 3477; x_wconf 90' lang='lat' dir='ltr'><strong>inter</strong></span> <span class='ocrx_word' id='word_1_579' title='bbox 3201 3424 3341 3478; x_wconf 87' lang='lat' dir='ltr'><strong>bona</strong></span> <span class='ocrx_word' id='word_1_580' title='bbox 3369 3442 3493 3496; x_wconf 71' lang='lat' dir='ltr'><strong>quae</strong></span> <span class='ocrx_word' id='word_1_581' title='bbox 3520 3427 3783 3495; x_wconf 83' lang='lat' dir='ltr'><strong>facimus,</strong></span> 
     </span>
    </p>
   </div>
   <div class='ocr_carea' id='block_1_79' title="bbox 2175 3509 3784 3583">
    <p class='ocr_par' dir='ltr' id='par_1_79' title="bbox 2175 3509 3784 3583">
     <span class='ocr_line' id='line_1_79' title="bbox 2175 3509 3784 3583; baseline 0.01 -22"><span class='ocrx_word' id='word_1_582' title='bbox 2175 3509 2446 3578; x_wconf 86' lang='lat' dir='ltr'><strong>patienter</strong></span> <span class='ocrx_word' id='word_1_583' title='bbox 2482 3512 2746 3566; x_wconf 88' lang='lat' dir='ltr'><strong>malorum</strong></span> <span class='ocrx_word' id='word_1_584' title='bbox 2785 3516 3083 3583; x_wconf 89' lang='lat' dir='ltr'><strong>nequitiam</strong></span> <span class='ocrx_word' id='word_1_585' title='bbox 3121 3516 3435 3574; x_wconf 82' lang='lat' dir='ltr'><strong>toleremus.</strong></span> <span class='ocrx_word' id='word_1_586' title='bbox 3459 3520 3784 3578; x_wconf 75' lang='lat' dir='ltr'><strong>Notandum</strong></span> 
     </span>
    </p>
   </div>
   <div class='ocr_carea' id='block_1_80' title="bbox 2177 3597 3784 3686">
    <p class='ocr_par' dir='ltr' id='par_1_80' title="bbox 2177 3597 3784 3686">
     <span class='ocr_line' id='line_1_80' title="bbox 2177 3597 3784 3686; baseline 0.01 -32"><span class='ocrx_word' id='word_1_587' title='bbox 2177 3609 2358 3657; x_wconf 88' lang='lat' dir='ltr'><strong>autem</strong></span> <span class='ocrx_word' id='word_1_588' title='bbox 2382 3644 2396 3667; x_wconf 96' lang='lat'><strong>,</strong></span> <span class='ocrx_word' id='word_1_589' title='bbox 2424 3619 2583 3673; x_wconf 88' lang='lat' dir='ltr'><strong>quam</strong></span> <span class='ocrx_word' id='word_1_590' title='bbox 2624 3606 2870 3662; x_wconf 86' lang='lat' dir='ltr'><strong>districte</strong></span> <span class='ocrx_word' id='word_1_591' title='bbox 2908 3608 3138 3678; x_wconf 86' lang='lat' dir='ltr'><strong>loquens</strong></span> <span class='ocrx_word' id='word_1_592' title='bbox 3179 3611 3257 3665; x_wconf 90' lang='lat' dir='ltr'><strong>ait</strong></span> <span class='ocrx_word' id='word_1_593' title='bbox 3294 3629 3307 3666; x_wconf 89' lang='lat'><strong>:</strong></span> <span class='ocrx_word' id='word_1_594' title='bbox 3338 3597 3554 3667; x_wconf 85' lang='lat' dir='ltr'><strong>Christo</strong></span> <span class='ocrx_word' id='word_1_595' title='bbox 3611 3617 3784 3686; x_wconf 76' lang='lat' dir='ltr'><strong>igitur</strong></span> 
     </span>
    </p>
   </div>
   <div class='ocr_carea' id='block_1_81' title="bbox 2174 3697 3778 3768">
    <p class='ocr_par' dir='ltr' id='par_1_81' title="bbox 2174 3697 3778 3768">
     <span class='ocr_line' id='line_1_81' title="bbox 2174 3697 3778 3768; baseline 0.011 -20"><span class='ocrx_word' id='word_1_596' title='bbox 2174 3697 2423 3764; x_wconf 81' lang='lat' dir='ltr'><strong>passa-in</strong></span> <span class='ocrx_word' id='word_1_597' title='bbox 2469 3716 2646 3754; x_wconf 87' lang='lat' dir='ltr'><strong>carne.</strong></span> <span class='ocrx_word' id='word_1_598' title='bbox 2689 3699 2825 3768; x_wconf 87' lang='lat' dir='ltr'><strong>Quia</strong></span> <span class='ocrx_word' id='word_1_599' title='bbox 2875 3703 3015 3757; x_wconf 91' lang='lat' dir='ltr'><strong>sicut</strong></span> <span class='ocrx_word' id='word_1_600' title='bbox 3049 3704 3243 3759; x_wconf 88' lang='lat' dir='ltr'><strong>beatus</strong></span> <span class='ocrx_word' id='word_1_601' title='bbox 3267 3705 3594 3762; x_wconf 83' lang='lat' dir='ltr'><strong>Ambrosius</strong></span> <span class='ocrx_word' id='word_1_602' title='bbox 3625 3710 3708 3764; x_wconf 88' lang='lat' dir='ltr'><strong>ait</strong></span> <span class='ocrx_word' id='word_1_603' title='bbox 3760 3725 3778 3766; x_wconf 86' lang='lat'><strong><em>:</em></strong></span> 
     </span>
    </p>
   </div>
   <div class='ocr_carea' id='block_1_82' title="bbox 2176 3786 3783 3872">
    <p class='ocr_par' dir='ltr' id='par_1_82' title="bbox 2176 3786 3783 3872">
     <span class='ocr_line' id='line_1_82' title="bbox 2176 3786 3783 3872; baseline 0.009 -30"><span class='ocrx_word' id='word_1_604' title='bbox 2176 3786 2315 3843; x_wconf 83' lang='lat' dir='ltr'><strong>Caro</strong></span> <span class='ocrx_word' id='word_1_605' title='bbox 2340 3790 2481 3844; x_wconf 89' lang='lat' dir='ltr'><strong>enim</strong></span> <span class='ocrx_word' id='word_1_606' title='bbox 2515 3807 2694 3861; x_wconf 89' lang='lat' dir='ltr'><strong>passa,</strong></span> <span class='ocrx_word' id='word_1_607' title='bbox 2723 3794 2979 3851; x_wconf 87' lang='lat' dir='ltr'><strong>divinitas</strong></span> <span class='ocrx_word' id='word_1_608' title='bbox 3010 3803 3190 3852; x_wconf 91' lang='lat' dir='ltr'><strong>autem</strong></span> <span class='ocrx_word' id='word_1_609' title='bbox 3217 3799 3407 3853; x_wconf 88' lang='lat' dir='ltr'><strong>mortis</strong></span> <span class='ocrx_word' id='word_1_610' title='bbox 3433 3799 3628 3867; x_wconf 87' lang='lat' dir='ltr'><strong>libera,</strong></span> <span class='ocrx_word' id='word_1_611' title='bbox 3658 3818 3783 3872; x_wconf 79' lang='lat' dir='ltr'><strong>pas-</strong></span> 
     </span>
    </p>
   </div>
   <div class='ocr_carea' id='block_1_83' title="bbox 2173 3879 3779 3958">
    <p class='ocr_par' dir='ltr' id='par_1_83' title="bbox 2173 3879 3779 3958">
     <span class='ocr_line' id='line_1_83' title="bbox 2173 3879 3779 3958; baseline 0.009 -25"><span class='ocrx_word' id='word_1_612' title='bbox 2173 3879 2313 3934; x_wconf 89' lang='lat' dir='ltr'><strong>sioni</strong></span> <span class='ocrx_word' id='word_1_613' title='bbox 2344 3895 2544 3951; x_wconf 90' lang='lat' dir='ltr'><strong>corpus</strong></span> <span class='ocrx_word' id='word_1_614' title='bbox 2568 3891 2777 3939; x_wconf 61' lang='lat' dir='ltr'><strong>natura:</strong></span> <span class='ocrx_word' id='word_1_615' title='bbox 2801 3885 3052 3941; x_wconf 60' lang='lat' dir='ltr'><strong>humanae</strong></span> <span class='ocrx_word' id='word_1_616' title='bbox 3082 3885 3200 3958; x_wconf 91' lang='lat' dir='ltr'><strong>lege</strong></span> <span class='ocrx_word' id='word_1_617' title='bbox 3225 3891 3513 3944; x_wconf 73' lang='lat' dir='ltr'><strong>concessit.</strong></span> <span class='ocrx_word' id='word_1_618' title='bbox 3530 3891 3613 3946; x_wconf 80' lang='lat' dir='ltr'><strong>An</strong></span> <span class='ocrx_word' id='word_1_619' title='bbox 3643 3908 3779 3948; x_wconf 86' lang='lat' dir='ltr'><strong>vero</strong></span> 
     </span>
    </p>
   </div>
   <div class='ocr_carea' id='block_1_84' title="bbox 2172 3970 3780 4050">
    <p class='ocr_par' dir='ltr' id='par_1_84' title="bbox 2172 3970 3780 4050">
     <span class='ocr_line' id='line_1_84' title="bbox 2172 3970 3780 4050; baseline 0.011 -27"><span class='ocrx_word' id='word_1_620' title='bbox 2172 3970 2311 4024; x_wconf 91' lang='lat' dir='ltr'><strong>mori</strong></span> <span class='ocrx_word' id='word_1_621' title='bbox 2346 3971 2600 4027; x_wconf 84' lang='lat' dir='ltr'><strong>divinitas</strong></span> <span class='ocrx_word' id='word_1_622' title='bbox 2626 3983 2823 4043; x_wconf 89' lang='lat' dir='ltr'><strong>potest,</strong></span> <span class='ocrx_word' id='word_1_623' title='bbox 2856 3992 2976 4031; x_wconf 91' lang='lat' dir='ltr'><strong>cum</strong></span> <span class='ocrx_word' id='word_1_624' title='bbox 3016 3979 3198 4032; x_wconf 88' lang='lat' dir='ltr'><strong>anima</strong></span> <span class='ocrx_word' id='word_1_625' title='bbox 3240 3995 3347 4034; x_wconf 92' lang='lat' dir='ltr'><strong>non</strong></span> <span class='ocrx_word' id='word_1_626' title='bbox 3393 3983 3601 4050; x_wconf 82' lang='lat' dir='ltr'><strong>possit?</strong></span> <span class='ocrx_word' id='word_1_627' title='bbox 3659 3986 3780 4040; x_wconf 79' lang='grc' dir='ltr'><strong>Νο-</strong></span> 
     </span>
    </p>
   </div>
   <div class='ocr_carea' id='block_1_85' title="bbox 2167 4060 3775 4140">
    <p class='ocr_par' dir='ltr' id='par_1_85' title="bbox 2167 4060 3775 4140">
     <span class='ocr_line' id='line_1_85' title="bbox 2167 4060 3775 4140; baseline 0.01 -26"><span class='ocrx_word' id='word_1_628' title='bbox 2167 4060 2280 4125; x_wconf 88' lang='lat' dir='ltr'><strong>lite,</strong></span> <span class='ocrx_word' id='word_1_629' title='bbox 2317 4062 2510 4131; x_wconf 88' lang='lat' dir='ltr'><strong>inquit,</strong></span> <span class='ocrx_word' id='word_1_630' title='bbox 2541 4065 2722 4120; x_wconf 85' lang='lat' dir='ltr'><strong>timere</strong></span> <span class='ocrx_word' id='word_1_631' title='bbox 2759 4084 2846 4121; x_wconf 81' lang='lat' dir='ltr'><strong>eos</strong></span> <span class='ocrx_word' id='word_1_632' title='bbox 2885 4069 2974 4139; x_wconf 87' lang='lat' dir='ltr'><strong>qui</strong></span> <span class='ocrx_word' id='word_1_633' title='bbox 3004 4086 3198 4140; x_wconf 86' lang='lat' dir='ltr'><strong>corpus</strong></span> <span class='ocrx_word' id='word_1_634' title='bbox 3229 4073 3497 4136; x_wconf 87' lang='lat' dir='ltr'><strong>occidunt,</strong></span> <span class='ocrx_word' id='word_1_635' title='bbox 3528 4077 3775 4130; x_wconf 73' lang='lat' dir='ltr'><strong>animum</strong></span> 
     </span>
    </p>
   </div>
   <div class='ocr_carea' id='block_1_86' title="bbox 2169 4159 3773 4234">
    <p class='ocr_par' dir='ltr' id='par_1_86' title="bbox 2169 4159 3773 4234">
     <span class='ocr_line' id='line_1_86' title="bbox 2169 4159 3773 4234; baseline 0.009 -26"><span class='ocrx_word' id='word_1_636' title='bbox 2169 4164 2344 4209; x_wconf 89' lang='lat' dir='ltr'><strong>autem</strong></span> <span class='ocrx_word' id='word_1_637' title='bbox 2374 4172 2478 4209; x_wconf 91' lang='lat' dir='ltr'><strong>non</strong></span> <span class='ocrx_word' id='word_1_638' title='bbox 2503 4169 2718 4226; x_wconf 83' lang='lat' dir='ltr'><strong>possunt</strong></span> <span class='ocrx_word' id='word_1_639' title='bbox 2744 4160 3000 4214; x_wconf 82' lang='lat' dir='ltr'><strong>occidere.</strong></span> <span class='ocrx_word' id='word_1_640' title='bbox 3021 4159 3076 4215; x_wconf 91' lang='lat' dir='ltr'><strong>Si</strong></span> <span class='ocrx_word' id='word_1_641' title='bbox 3101 4177 3230 4234; x_wconf 86' lang='lat' dir='ltr'><strong>ergo</strong></span> <span class='ocrx_word' id='word_1_642' title='bbox 3253 4164 3436 4219; x_wconf 88' lang='lat' dir='ltr'><strong>anima</strong></span> <span class='ocrx_word' id='word_1_643' title='bbox 3453 4165 3632 4221; x_wconf 85' lang='lat' dir='ltr'><strong>occidi</strong></span> <span class='ocrx_word' id='word_1_644' title='bbox 3662 4183 3773 4223; x_wconf 85' lang='lat' dir='ltr'><strong>non</strong></span> 
     </span>
    </p>
   </div>
   <div class='ocr_carea' id='block_1_87' title="bbox 2167 4251 3174 4324">
    <p class='ocr_par' dir='ltr' id='par_1_87' title="bbox 2167 4251 3174 4324">
     <span class='ocr_line' id='line_1_87' title="bbox 2167 4251 3174 4324; baseline 0.009 -24"><span class='ocrx_word' id='word_1_645' title='bbox 2167 4254 2367 4316; x_wconf 84' lang='lat' dir='ltr'><strong>potest,</strong></span> <span class='ocrx_word' id='word_1_646' title='bbox 2393 4251 2664 4318; x_wconf 89' lang='lat' dir='ltr'><strong>quomodo</strong></span> <span class='ocrx_word' id='word_1_647' title='bbox 2684 4252 2938 4308; x_wconf 87' lang='lat' dir='ltr'><strong>divinitas</strong></span> <span class='ocrx_word' id='word_1_648' title='bbox 2958 4255 3174 4324; x_wconf 87' lang='lat' dir='ltr'><strong>potest?</strong></span> 
     </span>
    </p>
   </div>
   <div class='ocr_carea' id='block_1_88' title="bbox 2241 4357 3770 4441">
    <p class='ocr_par' dir='ltr' id='par_1_88' title="bbox 2241 4357 3770 4441">
     <span class='ocr_line' id='line_1_88' title="bbox 2241 4357 3770 4441; baseline 0.012 -30"><span class='ocrx_word' id='word_1_649' title='bbox 2241 4357 2380 4423; x_wconf 83' lang='lat' dir='ltr'><strong>Quia</strong></span> <span class='ocrx_word' id='word_1_650' title='bbox 2402 4362 2490 4432; x_wconf 87' lang='lat' dir='ltr'><strong>qui</strong></span> <span class='ocrx_word' id='word_1_651' title='bbox 2503 4380 2689 4433; x_wconf 86' lang='lat' dir='ltr'><strong>passus</strong></span> <span class='ocrx_word' id='word_1_652' title='bbox 2711 4375 2785 4419; x_wconf 89' lang='lat' dir='ltr'><strong>est</strong></span> <span class='ocrx_word' id='word_1_653' title='bbox 2809 4367 2864 4419; x_wconf 90' lang='lat' dir='ltr'><strong>in</strong></span> <span class='ocrx_word' id='word_1_654' title='bbox 2886 4384 3065 4434; x_wconf 85' lang='lat' dir='ltr'><strong>carne,</strong></span> <span class='ocrx_word' id='word_1_655' title='bbox 3081 4378 3186 4424; x_wconf 89' lang='lat' dir='ltr'><strong>etc.</strong></span> <span class='ocrx_word' id='word_1_656' title='bbox 3209 4369 3464 4440; x_wconf 84' lang='lat' dir='ltr'><strong>Quisquis</strong></span> <span class='ocrx_word' id='word_1_657' title='bbox 3485 4370 3770 4441; x_wconf 74' lang='lat' dir='ltr'><strong>iustorum</strong></span> 
     </span>
    </p>
   </div>
   <div class='ocr_carea' id='block_1_89' title="bbox 2167 4455 3771 4530">
    <p class='ocr_par' dir='ltr' id='par_1_89' title="bbox 2167 4455 3771 4530">
     <span class='ocr_line' id='line_1_89' title="bbox 2167 4455 3771 4530; baseline 0.012 -28"><span class='ocrx_word' id='word_1_658' title='bbox 2167 4463 2368 4518; x_wconf 90' lang='lat' dir='ltr'><strong>corpus</strong></span> <span class='ocrx_word' id='word_1_659' title='bbox 2413 4468 2568 4507; x_wconf 90' lang='lat' dir='ltr'><strong>suum</strong></span> <span class='ocrx_word' id='word_1_660' title='bbox 2601 4455 2669 4509; x_wconf 91' lang='lat' dir='ltr'><strong>ad</strong></span> <span class='ocrx_word' id='word_1_661' title='bbox 2714 4459 3032 4529; x_wconf 88' lang='lat' dir='ltr'><strong>martyrium</strong></span> <span class='ocrx_word' id='word_1_662' title='bbox 3084 4473 3496 4530; x_wconf 89' lang='lat' dir='ltr'><strong>persecutorum</strong></span> <span class='ocrx_word' id='word_1_663' title='bbox 3549 4465 3771 4521; x_wconf 82' lang='lat' dir='ltr'><strong>violen-</strong></span> 
     </span>
    </p>
   </div>
   <div class='ocr_carea' id='block_1_90' title="bbox 2171 4542 3771 4624">
    <p class='ocr_par' dir='ltr' id='par_1_90' title="bbox 2171 4542 3771 4624">
     <span class='ocr_line' id='line_1_90' title="bbox 2171 4542 3771 4624; baseline 0.013 -29"><span class='ocrx_word' id='word_1_664' title='bbox 2171 4542 2260 4596; x_wconf 67' lang='lat' dir='ltr'><strong>tia:</strong></span> <span class='ocrx_word' id='word_1_665' title='bbox 2287 4543 2498 4611; x_wconf 89' lang='lat' dir='ltr'><strong>subdit,</strong></span> <span class='ocrx_word' id='word_1_666' title='bbox 2543 4547 2675 4602; x_wconf 91' lang='lat' dir='ltr'><strong>nulli</strong></span> <span class='ocrx_word' id='word_1_667' title='bbox 2713 4548 2933 4605; x_wconf 83' lang='lat' dir='ltr'><strong>dubium</strong></span> <span class='ocrx_word' id='word_1_668' title='bbox 2970 4554 3100 4623; x_wconf 91' lang='lat' dir='ltr'><strong>quin</strong></span> <span class='ocrx_word' id='word_1_669' title='bbox 3143 4570 3314 4624; x_wconf 88' lang='lat' dir='ltr'><strong>usque</strong></span> <span class='ocrx_word' id='word_1_670' title='bbox 3356 4558 3426 4611; x_wconf 91' lang='lat' dir='ltr'><strong>ad</strong></span> <span class='ocrx_word' id='word_1_671' title='bbox 3469 4558 3597 4613; x_wconf 68' lang='lat' dir='ltr'><strong>vita:</strong></span> <span class='ocrx_word' id='word_1_672' title='bbox 3650 4575 3771 4615; x_wconf 65' lang='lat' dir='ltr'><strong>sua</strong></span> 
     </span>
    </p>
   </div>
   <div class='ocr_carea' id='block_1_91' title="bbox 485 4613 3766 4719">
    <p class='ocr_par' dir='ltr' id='par_1_91' title="bbox 485 4613 3766 4719">
     <span class='ocr_line' id='line_1_91' title="bbox 485 4613 3766 4719; baseline 0.012 -52"><span class='ocrx_word' id='word_1_673' title='bbox 485 4613 632 4670; x_wconf 86' lang='lat' dir='ltr'><strong>salus</strong></span> <span class='ocrx_word' id='word_1_674' title='bbox 656 4616 711 4671; x_wconf 90' lang='lat' dir='ltr'><strong>in</strong></span> <span class='ocrx_word' id='word_1_675' title='bbox 740 4619 911 4674; x_wconf 73' lang='lat' dir='ltr'><strong>ccelis.</strong></span> <span class='ocrx_word' id='word_1_676' title='bbox 939 4619 1168 4678; x_wconf 83' lang='lat' dir='ltr'><strong>Tantum</strong></span> <span class='ocrx_word' id='word_1_677' title='bbox 1195 4623 1359 4682; x_wconf 82' lang='lat' dir='ltr'><strong>faciat</strong></span> <span class='ocrx_word' id='word_1_678' title='bbox 1386 4643 1445 4683; x_wconf 89' lang='lat' dir='ltr'><strong>se</strong></span> <span class='ocrx_word' id='word_1_679' title='bbox 1471 4631 1688 4701; x_wconf 80' lang='lat' dir='ltr'><strong>dignum</strong></span> <span class='ocrx_word' id='word_1_680' title='bbox 1711 4637 1802 4705; x_wconf 79' lang='lat' dir='ltr'><strong>qui</strong></span> <span class='ocrx_word' id='word_1_681' title='bbox 1826 4613 2071 4709; x_wconf 62' lang='grc' dir='ltr'><strong>θέρίρθιιε</strong></span> <span class='ocrx_word' id='word_1_682' title='bbox 2091 4622 2144 4682; x_wconf 89' lang='grc' dir='ltr'><strong>Ι)</strong></span> <span class='ocrx_word' id='word_1_683' title='bbox 2172 4636 2487 4702; x_wconf 91' lang='lat' dir='ltr'><strong>terminum,</strong></span> <span class='ocrx_word' id='word_1_684' title='bbox 2522 4649 2780 4708; x_wconf 88' lang='lat' dir='ltr'><strong>quantum</strong></span> <span class='ocrx_word' id='word_1_685' title='bbox 2813 4613 3064 4700; x_wconf 67' lang='lat' dir='ltr'><strong>humana:</strong></span> <span class='ocrx_word' id='word_1_686' title='bbox 3099 4613 3306 4702; x_wconf 64' lang='lat' dir='ltr'><strong>naturae</strong></span> <span class='ocrx_word' id='word_1_687' title='bbox 3347 4651 3604 4718; x_wconf 86' lang='lat' dir='ltr'><strong>possibile</strong></span> <span class='ocrx_word' id='word_1_688' title='bbox 3653 4661 3766 4719; x_wconf 80' lang='lat' dir='ltr'><strong>est,</strong></span> 
     </span>
    </p>
   </div>
   <div class='ocr_carea' id='block_1_92' title="bbox 485 4704 2070 4802">
    <p class='ocr_par' dir='ltr' id='par_1_92' title="bbox 485 4704 2070 4802">
     <span class='ocr_line' id='line_1_92' title="bbox 485 4704 2070 4802; baseline 0.018 -44"><span class='ocrx_word' id='word_1_689' title='bbox 485 4704 775 4762; x_wconf 89' lang='lat' dir='ltr'><strong>desiderat.</strong></span> <span class='ocrx_word' id='word_1_690' title='bbox 830 4708 934 4766; x_wconf 88' lang='lat' dir='ltr'><strong>Sed</strong></span> <span class='ocrx_word' id='word_1_691' title='bbox 979 4714 1106 4782; x_wconf 91' lang='lat' dir='ltr'><strong>quia</strong></span> <span class='ocrx_word' id='word_1_692' title='bbox 1156 4731 1254 4772; x_wconf 89' lang='lat' dir='ltr'><strong>suo</strong></span> <span class='ocrx_word' id='word_1_693' title='bbox 1296 4726 1501 4775; x_wconf 90' lang='lat' dir='ltr'><strong>tantum</strong></span> <span class='ocrx_word' id='word_1_694' title='bbox 1548 4704 1829 4782; x_wconf 83' lang='lat' dir='ltr'><strong>conamine</strong></span> <span class='ocrx_word' id='word_1_695' title='bbox 1878 4704 2070 4802; x_wconf 73' lang='lat' dir='ltr'><strong>dignus</strong></span> 
     </span>
    </p>
   </div>
   <div class='ocr_carea' id='block_1_93' title="bbox 484 4793 2067 4883">
    <p class='ocr_par' dir='ltr' id='par_1_93' title="bbox 484 4793 2067 4883">
     <span class='ocr_line' id='line_1_93' title="bbox 484 4793 2067 4883; baseline 0.018 -35"><span class='ocrx_word' id='word_1_696' title='bbox 484 4793 599 4850; x_wconf 82' lang='lat' dir='ltr'><strong>ﬁeri</strong></span> <span class='ocrx_word' id='word_1_697' title='bbox 635 4798 749 4853; x_wconf 87' lang='lat' dir='ltr'><strong>suis</strong></span> <span class='ocrx_word' id='word_1_698' title='bbox 779 4799 1004 4868; x_wconf 89' lang='lat' dir='ltr'><strong>viribus,</strong></span> <span class='ocrx_word' id='word_1_699' title='bbox 1035 4806 1101 4860; x_wconf 88' lang='lat' dir='ltr'><strong>ad</strong></span> <span class='ocrx_word' id='word_1_700' title='bbox 1129 4814 1390 4864; x_wconf 64' lang='lat' dir='ltr'><strong>aeternam</strong></span> <span class='ocrx_word' id='word_1_701' title='bbox 1422 4827 1528 4866; x_wconf 93' lang='lat' dir='ltr'><strong>non</strong></span> <span class='ocrx_word' id='word_1_702' title='bbox 1559 4824 1734 4883; x_wconf 90' lang='lat' dir='ltr'><strong>potest</strong></span> <span class='ocrx_word' id='word_1_703' title='bbox 1764 4793 1963 4873; x_wconf 59' lang='lat' dir='ltr'><strong>venirt;</strong></span> <span class='ocrx_word' id='word_1_704' title='bbox 1976 4837 2067 4876; x_wconf 87' lang='lat' dir='ltr'><strong>sa-</strong></span> 
     </span>
    </p>
   </div>
   <div class='ocr_carea' id='block_1_94' title="bbox 483 4893 2065 4971">
    <p class='ocr_par' dir='ltr' id='par_1_94' title="bbox 483 4893 2065 4971">
     <span class='ocr_line' id='line_1_94' title="bbox 483 4893 2065 4971; baseline 0.02 -33"><span class='ocrx_word' id='word_1_705' title='bbox 483 4893 675 4971; x_wconf 66' lang='lat' dir='ltr'><strong>lutem,</strong></span> <span class='ocrx_word' id='word_1_706' title='bbox 719 4899 869 4946; x_wconf 87' lang='lat' dir='ltr'><strong>recte</strong></span> <span class='ocrx_word' id='word_1_707' title='bbox 908 4897 1275 4964; x_wconf 70' lang='lat' dir='ltr'><strong>praemittitur,</strong></span> <span class='ocrx_word' id='word_1_708' title='bbox 1315 4904 1404 4971; x_wconf 90' lang='lat' dir='ltr'><strong>qui</strong></span> <span class='ocrx_word' id='word_1_709' title='bbox 1437 4904 1490 4958; x_wconf 92' lang='lat' dir='ltr'><strong>in</strong></span> <span class='ocrx_word' id='word_1_710' title='bbox 1517 4906 1717 4963; x_wconf 88' lang='lat' dir='ltr'><strong>virtute</strong></span> <span class='ocrx_word' id='word_1_711' title='bbox 1747 4909 1841 4965; x_wconf 91' lang='lat' dir='ltr'><strong>Dei</strong></span> <span class='ocrx_word' id='word_1_712' title='bbox 1881 4922 2065 4969; x_wconf 89' lang='lat' dir='ltr'><strong>custo-</strong></span> 
     </span>
    </p>
   </div>
   <div class='ocr_carea' id='block_1_95' title="bbox 483 4969 2062 5059">
    <p class='ocr_par' dir='ltr' id='par_1_95' title="bbox 483 4969 2062 5059">
     <span class='ocr_line' id='line_1_95' title="bbox 483 4969 2062 5059; baseline 0.019 -39"><span class='ocrx_word' id='word_1_713' title='bbox 483 4969 672 5026; x_wconf 90' lang='lat' dir='ltr'><strong>dimini</strong></span> <span class='ocrx_word' id='word_1_714' title='bbox 699 4987 798 5041; x_wconf 92' lang='lat' dir='ltr'><strong>per</strong></span> <span class='ocrx_word' id='word_1_715' title='bbox 827 4974 1008 5042; x_wconf 87' lang='lat' dir='ltr'><strong>ﬁdem,</strong></span> <span class='ocrx_word' id='word_1_716' title='bbox 1036 4994 1210 5049; x_wconf 87' lang='lat' dir='ltr'><strong>neque</strong></span> <span class='ocrx_word' id='word_1_717' title='bbox 1239 4969 1382 5038; x_wconf 83' lang='lat' dir='ltr'><strong>enim</strong></span> <span class='ocrx_word' id='word_1_718' title='bbox 1425 4987 1711 5059; x_wconf 85' lang='lat' dir='ltr'><strong>quisquam</strong></span> <span class='ocrx_word' id='word_1_719' title='bbox 1759 5007 1870 5047; x_wconf 71' lang='lat' dir='ltr'><strong>sua:</strong></span> <span class='ocrx_word' id='word_1_720' title='bbox 1898 4994 2062 5050; x_wconf 85' lang='lat' dir='ltr'><strong>liber-</strong></span> 
     </span>
    </p>
   </div>
   <div class='ocr_carea' id='block_1_96' title="bbox 482 5060 2061 5158">
    <p class='ocr_par' dir='ltr' id='par_1_96' title="bbox 482 5060 2061 5158">
     <span class='ocr_line' id='line_1_96' title="bbox 482 5060 2061 5158; baseline 0.02 -46"><span class='ocrx_word' id='word_1_721' title='bbox 482 5060 612 5115; x_wconf 86' lang='lat' dir='ltr'><strong>tatis</strong></span> <span class='ocrx_word' id='word_1_722' title='bbox 642 5067 882 5132; x_wconf 91' lang='lat' dir='ltr'><strong>potentia</strong></span> <span class='ocrx_word' id='word_1_723' title='bbox 913 5072 1171 5128; x_wconf 89' lang='lat' dir='ltr'><strong>custodiri</strong></span> <span class='ocrx_word' id='word_1_724' title='bbox 1204 5076 1344 5131; x_wconf 91' lang='lat' dir='ltr'><strong>valet</strong></span> <span class='ocrx_word' id='word_1_725' title='bbox 1368 5079 1421 5132; x_wconf 94' lang='lat' dir='ltr'><strong>in</strong></span> <span class='ocrx_word' id='word_1_726' title='bbox 1453 5080 1628 5147; x_wconf 91' lang='lat' dir='ltr'><strong>bonis,</strong></span> <span class='ocrx_word' id='word_1_727' title='bbox 1657 5084 1749 5138; x_wconf 89' lang='lat' dir='ltr'><strong>sed</strong></span> <span class='ocrx_word' id='word_1_728' title='bbox 1785 5084 1928 5141; x_wconf 89' lang='lat' dir='ltr'><strong>illius</strong></span> <span class='ocrx_word' id='word_1_729' title='bbox 1962 5103 2061 5158; x_wconf 88' lang='lat' dir='ltr'><strong>per</strong></span> 
     </span>
    </p>
   </div>
   <div class='ocr_carea' id='block_1_97' title="bbox 479 5152 2059 5242">
    <p class='ocr_par' dir='ltr' id='par_1_97' title="bbox 479 5152 2059 5242">
     <span class='ocr_line' id='line_1_97' title="bbox 479 5152 2059 5242; baseline 0.02 -39"><span class='ocrx_word' id='word_1_730' title='bbox 479 5152 660 5206; x_wconf 91' lang='lat' dir='ltr'><strong>omnia</strong></span> <span class='ocrx_word' id='word_1_731' title='bbox 707 5160 1058 5224; x_wconf 63' lang='lat' dir='ltr'><strong>quatrendum</strong></span> <span class='ocrx_word' id='word_1_732' title='bbox 1104 5173 1190 5219; x_wconf 86' lang='lat' dir='ltr'><strong>est</strong></span> <span class='ocrx_word' id='word_1_733' title='bbox 1239 5169 1520 5234; x_wconf 76' lang='lat' dir='ltr'><strong>auxilium,</strong></span> <span class='ocrx_word' id='word_1_734' title='bbox 1550 5180 1612 5225; x_wconf 91' lang='lat' dir='ltr'><strong>ut</strong></span> <span class='ocrx_word' id='word_1_735' title='bbox 1651 5174 2000 5242; x_wconf 85' lang='lat' dir='ltr'><strong>perﬁciamur</strong></span> <span class='ocrx_word' id='word_1_736' title='bbox 2027 5194 2059 5234; x_wconf 85' lang='lat' dir='ltr'><strong>a</strong></span> 
     </span>
    </p>
   </div>
   <div class='ocr_carea' id='block_1_98' title="bbox 479 5246 1616 5328">
    <p class='ocr_par' dir='ltr' id='par_1_98' title="bbox 479 5246 1616 5328">
     <span class='ocr_line' id='line_1_98' title="bbox 479 5246 1616 5328; baseline 0.016 -32"><span class='ocrx_word' id='word_1_737' title='bbox 479 5257 588 5311; x_wconf 86' lang='lat' dir='ltr'><strong>quo</strong></span> <span class='ocrx_word' id='word_1_738' title='bbox 619 5246 828 5302; x_wconf 84' lang='lat' dir='ltr'><strong>initium</strong></span> <span class='ocrx_word' id='word_1_739' title='bbox 852 5250 1007 5306; x_wconf 65' lang='lat' dir='ltr'><strong>bona:</strong></span> <span class='ocrx_word' id='word_1_740' title='bbox 1031 5254 1261 5309; x_wconf 89' lang='lat' dir='ltr'><strong>actionis</strong></span> <span class='ocrx_word' id='word_1_741' title='bbox 1289 5260 1616 5328; x_wconf 88' lang='lat' dir='ltr'><strong>accepimus.</strong></span> 
     </span>
    </p>
   </div>
   <div class='ocr_carea' id='block_1_99' title="bbox 547 5333 2057 5425">
    <p class='ocr_par' dir='ltr' id='par_1_99' title="bbox 547 5333 2057 5425">
     <span class='ocr_line' id='line_1_99' title="bbox 547 5333 2057 5425; baseline 0.019 -38"><span class='ocrx_word' id='word_1_742' title='bbox 547 5333 615 5389; x_wconf 85' lang='lat' dir='ltr'><strong>In</strong></span> <span class='ocrx_word' id='word_1_743' title='bbox 664 5354 767 5408; x_wconf 89' lang='lat' dir='ltr'><strong>quo</strong></span> <span class='ocrx_word' id='word_1_744' title='bbox 813 5341 1109 5398; x_wconf 71' lang='lat' dir='ltr'><strong>exaltabitis</strong></span> <span class='ocrx_word' id='word_1_745' title='bbox 1146 5348 1426 5412; x_wconf 78' lang='lat' dir='ltr'><strong>modicum,</strong></span> <span class='ocrx_word' id='word_1_746' title='bbox 1456 5368 1592 5405; x_wconf 83' lang='lat' dir='ltr'><strong>nunc</strong></span> <span class='ocrx_word' id='word_1_747' title='bbox 1621 5354 1666 5406; x_wconf 88' lang='lat' dir='ltr'><strong>si</strong></span> <span class='ocrx_word' id='word_1_748' title='bbox 1697 5366 1898 5425; x_wconf 82' lang='lat' dir='ltr'><strong>oportet</strong></span> <span class='ocrx_word' id='word_1_749' title='bbox 1929 5375 2057 5414; x_wconf 85' lang='lat' dir='ltr'><strong>con-</strong></span> 
     </span>
    </p>
   </div>
   <div class='ocr_carea' id='block_1_100' title="bbox 477 5425 2055 5520">
    <p class='ocr_par' dir='ltr' id='par_1_100' title="bbox 477 5425 2055 5520">
     <span class='ocr_line' id='line_1_100' title="bbox 477 5425 2055 5520; baseline 0.018 -42"><span class='ocrx_word' id='word_1_750' title='bbox 477 5425 680 5482; x_wconf 80' lang='lat' dir='ltr'><strong>tristari</strong></span> <span class='ocrx_word' id='word_1_751' title='bbox 705 5432 760 5484; x_wconf 86' lang='lat' dir='ltr'><strong>in</strong></span> <span class='ocrx_word' id='word_1_752' title='bbox 788 5435 949 5488; x_wconf 84' lang='lat' dir='ltr'><strong>variis</strong></span> <span class='ocrx_word' id='word_1_753' title='bbox 975 5436 1417 5494; x_wconf 83' lang='lat' dir='ltr'><strong>tribulationibus.</strong></span> <span class='ocrx_word' id='word_1_754' title='bbox 1463 5443 1613 5509; x_wconf 87' lang='lat' dir='ltr'><strong>Quod</strong></span> <span class='ocrx_word' id='word_1_755' title='bbox 1641 5445 1790 5510; x_wconf 84' lang='lat' dir='ltr'><strong>dicit,</strong></span> <span class='ocrx_word' id='word_1_756' title='bbox 1822 5449 1874 5503; x_wconf 90' lang='lat' dir='ltr'><strong>in</strong></span> <span class='ocrx_word' id='word_1_757' title='bbox 1926 5466 2055 5520; x_wconf 92' lang='lat' dir='ltr'><strong>quo,</strong></span> 
     </span>
    </p>
   </div>
   <div class='ocr_carea' id='block_1_101' title="bbox 477 5513 2054 5602">
    <p class='ocr_par' dir='ltr' id='par_1_101' title="bbox 477 5513 2054 5602">
     <span class='ocr_line' id='line_1_101' title="bbox 477 5513 2054 5602; baseline 0.02 -36"><span class='ocrx_word' id='word_1_758' title='bbox 477 5513 749 5583; x_wconf 82' lang='lat' dir='ltr'><strong>signiﬁcat</strong></span> <span class='ocrx_word' id='word_1_759' title='bbox 775 5523 828 5575; x_wconf 90' lang='lat' dir='ltr'><strong>in</strong></span> <span class='ocrx_word' id='word_1_760' title='bbox 853 5539 937 5592; x_wconf 86' lang='lat' dir='ltr'><strong>eo,</strong></span> <span class='ocrx_word' id='word_1_761' title='bbox 962 5528 1102 5594; x_wconf 90' lang='lat' dir='ltr'><strong>quod</strong></span> <span class='ocrx_word' id='word_1_762' title='bbox 1146 5528 1248 5583; x_wconf 87' lang='lat' dir='ltr'><strong>hoc</strong></span> <span class='ocrx_word' id='word_1_763' title='bbox 1290 5538 1530 5602; x_wconf 86' lang='lat' dir='ltr'><strong>tempore</strong></span> <span class='ocrx_word' id='word_1_764' title='bbox 1572 5537 1865 5593; x_wconf 87' lang='lat' dir='ltr'><strong>novissimo</strong></span> <span class='ocrx_word' id='word_1_765' title='bbox 1907 5543 2054 5599; x_wconf 87' lang='lat' dir='ltr'><strong>salus</strong></span> 
     </span>
    </p>
   </div>
   <div class='ocr_carea' id='block_1_102' title="bbox 476 5611 2052 5687">
    <p class='ocr_par' dir='ltr' id='par_1_102' title="bbox 476 5611 2052 5687">
     <span class='ocr_line' id='line_1_102' title="bbox 476 5611 2052 5687; baseline 0.019 -32"><span class='ocrx_word' id='word_1_766' title='bbox 476 5613 664 5672; x_wconf 89' lang='lat' dir='ltr'><strong>parata</strong></span> <span class='ocrx_word' id='word_1_767' title='bbox 694 5611 1039 5680; x_wconf 87' lang='lat' dir='ltr'><strong>revelabitur,</strong></span> <span class='ocrx_word' id='word_1_768' title='bbox 1065 5618 1131 5671; x_wconf 87' lang='lat' dir='ltr'><strong>de</strong></span> <span class='ocrx_word' id='word_1_769' title='bbox 1160 5635 1267 5687; x_wconf 89' lang='lat' dir='ltr'><strong>quo</strong></span> <span class='ocrx_word' id='word_1_770' title='bbox 1292 5620 1548 5678; x_wconf 81' lang='lat' dir='ltr'><strong>Dominus</strong></span> <span class='ocrx_word' id='word_1_771' title='bbox 1575 5627 1649 5678; x_wconf 88' lang='lat' dir='ltr'><strong>ait</strong></span> <span class='ocrx_word' id='word_1_772' title='bbox 1673 5645 1684 5680; x_wconf 89' lang='lat'><strong>:</strong></span> <span class='ocrx_word' id='word_1_773' title='bbox 1722 5626 1922 5684; x_wconf 82' lang='lat' dir='ltr'><strong>Iterum</strong></span> <span class='ocrx_word' id='word_1_774' title='bbox 1954 5649 2052 5684; x_wconf 89' lang='lat' dir='ltr'><strong>au-</strong></span> 
     </span>
    </p>
   </div>
   <div class='ocr_carea' id='block_1_103' title="bbox 474 5700 2053 5787">
    <p class='ocr_par' dir='ltr' id='par_1_103' title="bbox 474 5700 2053 5787">
     <span class='ocr_line' id='line_1_103' title="bbox 474 5700 2053 5787; baseline 0.017 -38"><span class='ocrx_word' id='word_1_775' title='bbox 474 5707 574 5749; x_wconf 84' lang='lat' dir='ltr'><strong>tem</strong></span> <span class='ocrx_word' id='word_1_776' title='bbox 598 5700 771 5754; x_wconf 80' lang='lat' dir='ltr'><strong>tidebo</strong></span> <span class='ocrx_word' id='word_1_777' title='bbox 798 5721 883 5758; x_wconf 77' lang='lat' dir='ltr'><strong>vos</strong></span> <span class='ocrx_word' id='word_1_778' title='bbox 905 5716 951 5760; x_wconf 87' lang='lat' dir='ltr'><strong>et</strong></span> <span class='ocrx_word' id='word_1_779' title='bbox 973 5710 1217 5776; x_wconf 78' lang='lat' dir='ltr'><strong>gaudebit</strong></span> <span class='ocrx_word' id='word_1_780' title='bbox 1241 5729 1330 5766; x_wconf 85' lang='lat' dir='ltr'><strong>cor</strong></span> <span class='ocrx_word' id='word_1_781' title='bbox 1361 5725 1584 5769; x_wconf 73' lang='lat' dir='ltr'><strong>vestrum</strong></span> <span class='ocrx_word' id='word_1_782' title='bbox 1613 5728 1660 5770; x_wconf 91' lang='lat' dir='ltr'><strong>et</strong></span> <span class='ocrx_word' id='word_1_783' title='bbox 1689 5720 1938 5787; x_wconf 84' lang='lat' dir='ltr'><strong>gaudium</strong></span> <span class='ocrx_word' id='word_1_784' title='bbox 1967 5738 2053 5777; x_wconf 87' lang='lat' dir='ltr'><strong>ve-</strong></span> 
     </span>
    </p>
   </div>
   <div class='ocr_carea' id='block_1_104' title="bbox 470 5792 2050 5886">
    <p class='ocr_par' dir='ltr' id='par_1_104' title="bbox 470 5792 2050 5886">
     <span class='ocr_line' id='line_1_104' title="bbox 470 5792 2050 5886; baseline 0.023 -46"><span class='ocrx_word' id='word_1_785' title='bbox 470 5797 636 5846; x_wconf 81' lang='lat' dir='ltr'><strong>strum</strong></span> <span class='ocrx_word' id='word_1_786' title='bbox 665 5809 813 5850; x_wconf 81' lang='lat' dir='ltr'><strong>nemo</strong></span> <span class='ocrx_word' id='word_1_787' title='bbox 834 5792 977 5854; x_wconf 63' lang='lat' dir='ltr'><strong>toﬂet</strong></span> <span class='ocrx_word' id='word_1_788' title='bbox 1007 5818 1040 5857; x_wconf 82' lang='grc' dir='ltr'><em>α</em></span> <span class='ocrx_word' id='word_1_789' title='bbox 1071 5802 1209 5859; x_wconf 81' lang='lat' dir='ltr'><strong>vobis</strong></span> <span class='ocrx_word' id='word_1_790' title='bbox 1237 5805 1417 5878; x_wconf 85' lang='lat' dir='ltr'><strong>(Joan.</strong></span> <span class='ocrx_word' id='word_1_791' title='bbox 1449 5808 1579 5886; x_wconf 73' lang='lat' dir='ltr'><strong>xvr).</strong></span> <span class='ocrx_word' id='word_1_792' title='bbox 1610 5809 1876 5871; x_wconf 85' lang='lat' dir='ltr'><strong>Modicum</strong></span> <span class='ocrx_word' id='word_1_793' title='bbox 1908 5831 2050 5880; x_wconf 88' lang='lat' dir='ltr'><strong>nunc</strong></span> 
     </span>
    </p>
   </div>
   <div class='ocr_carea' id='block_1_105' title="bbox 2168 4730 3769 4811">
    <p class='ocr_par' dir='ltr' id='par_1_105' title="bbox 2168 4730 3769 4811">
     <span class='ocr_line' id='line_1_105' title="bbox 2168 4730 3769 4811; baseline 0.014 -34"><span class='ocrx_word' id='word_1_794' title='bbox 2168 4739 2288 4779; x_wconf 79' lang='lat' dir='ltr'><strong>sese</strong></span> <span class='ocrx_word' id='word_1_795' title='bbox 2316 4741 2346 4779; x_wconf 92' lang='lat' dir='ltr'><strong>a</strong></span> <span class='ocrx_word' id='word_1_796' title='bbox 2370 4730 2606 4795; x_wconf 82' lang='lat' dir='ltr'><strong>peccatis</strong></span> <span class='ocrx_word' id='word_1_797' title='bbox 2633 4733 2912 4787; x_wconf 88' lang='lat' dir='ltr'><strong>abstinuit.</strong></span> <span class='ocrx_word' id='word_1_798' title='bbox 2938 4735 3078 4802; x_wconf 85' lang='lat' dir='ltr'><strong>Quid</strong></span> <span class='ocrx_word' id='word_1_799' title='bbox 3115 4738 3260 4794; x_wconf 90' lang='lat' dir='ltr'><strong>enim</strong></span> <span class='ocrx_word' id='word_1_800' title='bbox 3291 4739 3357 4794; x_wconf 89' lang='lat' dir='ltr'><strong>de</strong></span> <span class='ocrx_word' id='word_1_801' title='bbox 3383 4743 3595 4810; x_wconf 84' lang='lat' dir='ltr'><strong>peccati</strong></span> <span class='ocrx_word' id='word_1_802' title='bbox 3633 4759 3769 4811; x_wconf 87' lang='lat' dir='ltr'><strong>per-</strong></span> 
     </span>
    </p>
   </div>
   <div class='ocr_carea' id='block_1_106' title="bbox 2166 4816 3760 4903">
    <p class='ocr_par' dir='ltr' id='par_1_106' title="bbox 2166 4816 3760 4903">
     <span class='ocr_line' id='line_1_106' title="bbox 2166 4816 3760 4903; baseline 0.016 -37"><span class='ocrx_word' id='word_1_803' title='bbox 2166 4816 2491 4883; x_wconf 80' lang='lat' dir='ltr'><strong>petratione,</strong></span> <span class='ocrx_word' id='word_1_804' title='bbox 2520 4818 2646 4887; x_wconf 92' lang='lat' dir='ltr'><strong>quid</strong></span> <span class='ocrx_word' id='word_1_805' title='bbox 2672 4819 2740 4875; x_wconf 90' lang='lat' dir='ltr'><strong>de</strong></span> <span class='ocrx_word' id='word_1_806' title='bbox 2785 4825 3098 4882; x_wconf 90' lang='lat' dir='ltr'><strong>carnalibus</strong></span> <span class='ocrx_word' id='word_1_807' title='bbox 3148 4827 3439 4885; x_wconf 82' lang='lat' dir='ltr'><strong>desideriis</strong></span> <span class='ocrx_word' id='word_1_808' title='bbox 3490 4834 3760 4903; x_wconf 82' lang='lat' dir='ltr'><strong>cogitare,</strong></span> 
     </span>
    </p>
   </div>
   <div class='ocr_carea' id='block_1_107' title="bbox 2167 4905 3765 4997">
    <p class='ocr_par' dir='ltr' id='par_1_107' title="bbox 2167 4905 3765 4997">
     <span class='ocr_line' id='line_1_107' title="bbox 2167 4905 3765 4997; baseline 0.018 -41"><span class='ocrx_word' id='word_1_809' title='bbox 2167 4905 2296 4973; x_wconf 91' lang='lat' dir='ltr'><strong>quid</strong></span> <span class='ocrx_word' id='word_1_810' title='bbox 2325 4907 2429 4962; x_wconf 90' lang='lat' dir='ltr'><strong>nisi</strong></span> <span class='ocrx_word' id='word_1_811' title='bbox 2470 4909 2802 4970; x_wconf 82' lang='lat' dir='ltr'><strong>voluntatem</strong></span> <span class='ocrx_word' id='word_1_812' title='bbox 2844 4915 2936 4971; x_wconf 92' lang='lat' dir='ltr'><strong>Dei</strong></span> <span class='ocrx_word' id='word_1_813' title='bbox 2964 4919 3139 4987; x_wconf 90' lang='lat' dir='ltr'><strong>potuit</strong></span> <span class='ocrx_word' id='word_1_814' title='bbox 3168 4923 3350 4978; x_wconf 89' lang='lat' dir='ltr'><strong>animo</strong></span> <span class='ocrx_word' id='word_1_815' title='bbox 3383 4939 3628 4990; x_wconf 85' lang='lat' dir='ltr'><strong>versare,</strong></span> <span class='ocrx_word' id='word_1_816' title='bbox 3661 4929 3765 4997; x_wconf 85' lang='lat' dir='ltr'><strong>qui</strong></span> 
     </span>
    </p>
   </div>
   <div class='ocr_carea' id='block_1_108' title="bbox 2165 4993 3761 5084">
    <p class='ocr_par' dir='ltr' id='par_1_108' title="bbox 2165 4993 3761 5084">
     <span class='ocr_line' id='line_1_108' title="bbox 2165 4993 3761 5084; baseline 0.018 -38"><span class='ocrx_word' id='word_1_817' title='bbox 2165 4993 2249 5048; x_wconf 88' lang='lat' dir='ltr'><strong>vel</strong></span> <span class='ocrx_word' id='word_1_818' title='bbox 2279 4995 2422 5067; x_wconf 88' lang='lat' dir='ltr'><strong>ligno</strong></span> <span class='ocrx_word' id='word_1_819' title='bbox 2460 4998 2678 5067; x_wconf 84' lang='lat' dir='ltr'><strong>afﬁxus,</strong></span> <span class='ocrx_word' id='word_1_820' title='bbox 2713 5005 2791 5058; x_wconf 90' lang='lat' dir='ltr'><strong>vel</strong></span> <span class='ocrx_word' id='word_1_821' title='bbox 2827 5006 3063 5077; x_wconf 89' lang='lat' dir='ltr'><strong>lapidum</strong></span> <span class='ocrx_word' id='word_1_822' title='bbox 3108 5011 3305 5068; x_wconf 89' lang='lat' dir='ltr'><strong>ictibus</strong></span> <span class='ocrx_word' id='word_1_823' title='bbox 3357 4993 3761 5084; x_wconf 71' lang='lat' dir='ltr'><strong>circumdatus,</strong></span> 
     </span>
    </p>
   </div>
   <div class='ocr_carea' id='block_1_109' title="bbox 2165 5086 3761 5178">
    <p class='ocr_par' dir='ltr' id='par_1_109' title="bbox 2165 5086 3761 5178">
     <span class='ocr_line' id='line_1_109' title="bbox 2165 5086 3761 5178; baseline 0.016 -40"><span class='ocrx_word' id='word_1_824' title='bbox 2165 5086 2251 5139; x_wconf 89' lang='lat' dir='ltr'><strong>vel</strong></span> <span class='ocrx_word' id='word_1_825' title='bbox 2305 5088 2372 5143; x_wconf 88' lang='lat' dir='ltr'><strong>de</strong></span> <span class='ocrx_word' id='word_1_826' title='bbox 2424 5090 2721 5147; x_wconf 90' lang='lat' dir='ltr'><strong>bestiarum</strong></span> <span class='ocrx_word' id='word_1_827' title='bbox 2771 5099 3043 5154; x_wconf 89' lang='lat' dir='ltr'><strong>morsibus</strong></span> <span class='ocrx_word' id='word_1_828' title='bbox 3092 5104 3374 5170; x_wconf 87' lang='lat' dir='ltr'><strong>subactus,</strong></span> <span class='ocrx_word' id='word_1_829' title='bbox 3405 5109 3492 5161; x_wconf 82' lang='lat' dir='ltr'><strong>vel</strong></span> <span class='ocrx_word' id='word_1_830' title='bbox 3543 5109 3761 5178; x_wconf 86' lang='lat' dir='ltr'><strong>ignium</strong></span> 
     </span>
    </p>
   </div>
   <div class='ocr_carea' id='block_1_110' title="bbox 2162 5175 3762 5267">
    <p class='ocr_par' dir='ltr' id='par_1_110' title="bbox 2162 5175 3762 5267">
     <span class='ocr_line' id='line_1_110' title="bbox 2162 5175 3762 5267; baseline 0.014 -37"><span class='ocrx_word' id='word_1_831' title='bbox 2162 5175 2396 5232; x_wconf 84' lang='lat' dir='ltr'><strong>ﬂammis</strong></span> <span class='ocrx_word' id='word_1_832' title='bbox 2433 5185 2827 5253; x_wconf 88' lang='lat' dir='ltr'><strong>superpositus,</strong></span> <span class='ocrx_word' id='word_1_833' title='bbox 2853 5189 2939 5244; x_wconf 91' lang='lat' dir='ltr'><strong>vel</strong></span> <span class='ocrx_word' id='word_1_834' title='bbox 2953 5203 3017 5244; x_wconf 83' lang='lat' dir='ltr'><strong>ex</strong></span> <span class='ocrx_word' id='word_1_835' title='bbox 3036 5193 3381 5262; x_wconf 90' lang='lat' dir='ltr'><strong>scorpionum</strong></span> <span class='ocrx_word' id='word_1_836' title='bbox 3413 5175 3602 5267; x_wconf 74' lang='lat' dir='ltr'><strong>flagris</strong></span> <span class='ocrx_word' id='word_1_837' title='bbox 3622 5214 3762 5267; x_wconf 80' lang='lat' dir='ltr'><strong>per-</strong></span> 
     </span>
    </p>
   </div>
   <div class='ocr_carea' id='block_1_111' title="bbox 2158 5267 3796 5354">
    <p class='ocr_par' dir='ltr' id='par_1_111' title="bbox 2158 5267 3796 5354">
     <span class='ocr_line' id='line_1_111' title="bbox 2158 5267 3796 5354; baseline 0.013 -32"><span class='ocrx_word' id='word_1_838' title='bbox 2158 5267 2359 5334; x_wconf 87' lang='lat' dir='ltr'><strong>fossus,</strong></span> <span class='ocrx_word' id='word_1_839' title='bbox 2387 5269 2469 5324; x_wconf 92' lang='lat' dir='ltr'><strong>vel</strong></span> <span class='ocrx_word' id='word_1_840' title='bbox 2515 5272 2622 5327; x_wconf 93' lang='lat' dir='ltr'><strong>alio</strong></span> <span class='ocrx_word' id='word_1_841' title='bbox 2664 5275 2906 5343; x_wconf 83' lang='lat' dir='ltr'><strong>quolibet</strong></span> <span class='ocrx_word' id='word_1_842' title='bbox 2947 5294 3232 5350; x_wconf 74' lang='lat' dir='ltr'><strong>poenarum</strong></span> <span class='ocrx_word' id='word_1_843' title='bbox 3265 5300 3468 5354; x_wconf 87' lang='lat' dir='ltr'><strong>genere</strong></span> <span class='ocrx_word' id='word_1_844' title='bbox 3496 5286 3756 5354; x_wconf 77' lang='lat' dir='ltr'><strong>allectus,</strong></span> <span class='ocrx_word' id='word_1_845' title='bbox 3793 5352 3796 5354; x_wconf 97' lang='lat'><em>_</em></span> 
     </span>
    </p>
   </div>
   <div class='ocr_carea' id='block_1_112' title="bbox 2160 5357 3758 5445">
    <p class='ocr_par' dir='ltr' id='par_1_112' title="bbox 2160 5357 3758 5445">
     <span class='ocr_line' id='line_1_112' title="bbox 2160 5357 3758 5445; baseline 0.016 -33"><span class='ocrx_word' id='word_1_846' title='bbox 2160 5357 2264 5413; x_wconf 92' lang='lat' dir='ltr'><strong>hoc</strong></span> <span class='ocrx_word' id='word_1_847' title='bbox 2291 5363 2660 5418; x_wconf 91' lang='lat' dir='ltr'><strong>tantummodo</strong></span> <span class='ocrx_word' id='word_1_848' title='bbox 2683 5365 2991 5425; x_wconf 89' lang='lat' dir='ltr'><strong>desiderare</strong></span> <span class='ocrx_word' id='word_1_849' title='bbox 3013 5373 3324 5443; x_wconf 86' lang='lat' dir='ltr'><strong>cogebatur,</strong></span> <span class='ocrx_word' id='word_1_850' title='bbox 3349 5378 3568 5445; x_wconf 85' lang='lat' dir='ltr'><strong>quando</strong></span> <span class='ocrx_word' id='word_1_851' title='bbox 3590 5378 3758 5436; x_wconf 74' lang='lat' dir='ltr'><strong>ﬁnito</strong></span> 
     </span>
    </p>
   </div>
   <div class='ocr_carea' id='block_1_113' title="bbox 2160 5454 3757 5540">
    <p class='ocr_par' dir='ltr' id='par_1_113' title="bbox 2160 5454 3757 5540">
     <span class='ocr_line' id='line_1_113' title="bbox 2160 5454 3757 5540; baseline 0.016 -37"><span class='ocrx_word' id='word_1_852' title='bbox 2160 5454 2456 5514; x_wconf 81' lang='lat' dir='ltr'><strong>certamine</strong></span> <span class='ocrx_word' id='word_1_853' title='bbox 2509 5469 2765 5511; x_wconf 86' lang='lat' dir='ltr'><strong>coronam</strong></span> <span class='ocrx_word' id='word_1_854' title='bbox 2811 5461 2935 5514; x_wconf 69' lang='lat' dir='ltr'><strong>vine</strong></span> <span class='ocrx_word' id='word_1_855' title='bbox 2973 5465 3292 5533; x_wconf 83' lang='lat' dir='ltr'><strong>perciperet.</strong></span> <span class='ocrx_word' id='word_1_856' title='bbox 3347 5467 3557 5523; x_wconf 87' lang='lat' dir='ltr'><strong>Talium</strong></span> <span class='ocrx_word' id='word_1_857' title='bbox 3609 5486 3757 5540; x_wconf 72' lang='lat' dir='ltr'><strong>ergo</strong></span> 
     </span>
    </p>
   </div>
   <div class='ocr_carea' id='block_1_114' title="bbox 2158 5547 3756 5627">
    <p class='ocr_par' dir='ltr' id='par_1_114' title="bbox 2158 5547 3756 5627">
     <span class='ocr_line' id='line_1_114' title="bbox 2158 5547 3756 5627; baseline 0.015 -31"><span class='ocrx_word' id='word_1_858' title='bbox 2158 5553 2394 5598; x_wconf 91' lang='lat' dir='ltr'><strong>mentem</strong></span> <span class='ocrx_word' id='word_1_859' title='bbox 2424 5547 2614 5602; x_wconf 89' lang='lat' dir='ltr'><strong>beatus</strong></span> <span class='ocrx_word' id='word_1_860' title='bbox 2657 5549 2851 5606; x_wconf 90' lang='lat' dir='ltr'><strong>Petrus</strong></span> <span class='ocrx_word' id='word_1_861' title='bbox 2896 5556 3046 5623; x_wconf 90' lang='lat' dir='ltr'><strong>cupit</strong></span> <span class='ocrx_word' id='word_1_862' title='bbox 3091 5573 3305 5627; x_wconf 89' lang='lat' dir='ltr'><strong>semper</strong></span> <span class='ocrx_word' id='word_1_863' title='bbox 3350 5560 3574 5626; x_wconf 88' lang='lat' dir='ltr'><strong>imitari,</strong></span> <span class='ocrx_word' id='word_1_864' title='bbox 3613 5578 3756 5619; x_wconf 83' lang='lat' dir='ltr'><strong>cum</strong></span> 
     </span>
    </p>
   </div>
   <div class='ocr_carea' id='block_1_115' title="bbox 2156 5636 3748 5718">
    <p class='ocr_par' dir='ltr' id='par_1_115' title="bbox 2156 5636 3748 5718">
     <span class='ocr_line' id='line_1_115' title="bbox 2156 5636 3748 5718; baseline 0.013 -32"><span class='ocrx_word' id='word_1_865' title='bbox 2156 5637 2430 5705; x_wconf 88' lang='lat' dir='ltr'><strong>proposito</strong></span> <span class='ocrx_word' id='word_1_866' title='bbox 2455 5636 2741 5694; x_wconf 76' lang='lat' dir='ltr'><strong>dominicae</strong></span> <span class='ocrx_word' id='word_1_867' title='bbox 2789 5644 3055 5710; x_wconf 89' lang='lat' dir='ltr'><strong>passionis</strong></span> <span class='ocrx_word' id='word_1_868' title='bbox 3090 5649 3361 5718; x_wconf 76' lang='lat' dir='ltr'><strong>exemplo,</strong></span> <span class='ocrx_word' id='word_1_869' title='bbox 3395 5667 3496 5705; x_wconf 84' lang='lat' dir='ltr'><strong>nos</strong></span> <span class='ocrx_word' id='word_1_870' title='bbox 3545 5653 3748 5707; x_wconf 84' lang='lat' dir='ltr'><strong>eadem</strong></span> 
     </span>
    </p>
   </div>
   <div class='ocr_carea' id='block_1_116' title="bbox 2155 5726 3752 5812">
    <p class='ocr_par' dir='ltr' id='par_1_116' title="bbox 2155 5726 3752 5812">
     <span class='ocr_line' id='line_1_116' title="bbox 2155 5726 3752 5812; baseline 0.013 -34"><span class='ocrx_word' id='word_1_871' title='bbox 2155 5726 2482 5794; x_wconf 83' lang='lat' dir='ltr'><strong>cogitatione</strong></span> <span class='ocrx_word' id='word_1_872' title='bbox 2519 5742 2704 5785; x_wconf 89' lang='lat' dir='ltr'><strong>contra</strong></span> <span class='ocrx_word' id='word_1_873' title='bbox 2755 5736 3049 5803; x_wconf 83' lang='lat' dir='ltr'><strong>nequitiam</strong></span> <span class='ocrx_word' id='word_1_874' title='bbox 3095 5755 3406 5808; x_wconf 74' lang='lat' dir='ltr'><strong>pravorum,</strong></span> <span class='ocrx_word' id='word_1_875' title='bbox 3437 5752 3752 5812; x_wconf 84' lang='lat' dir='ltr'><strong>contraque</strong></span> 
     </span>
    </p>
   </div>
   <div class='ocr_carea' id='block_1_117' title="bbox 2156 5817 3752 5900">
    <p class='ocr_par' dir='ltr' id='par_1_117' title="bbox 2156 5817 3752 5900">
     <span class='ocr_line' id='line_1_117' title="bbox 2156 5817 3752 5900; baseline 0.011 -27"><span class='ocrx_word' id='word_1_876' title='bbox 2156 5817 2412 5876; x_wconf 55' lang='lat' dir='ltr'><strong>vitiorum</strong></span> <span class='ocrx_word' id='word_1_877' title='bbox 2436 5821 2832 5883; x_wconf 86' lang='lat' dir='ltr'><strong>oblectamenta</strong></span> <span class='ocrx_word' id='word_1_878' title='bbox 2862 5829 3105 5900; x_wconf 64' lang='lat' dir='ltr'><strong>praecipit</strong></span> <span class='ocrx_word' id='word_1_879' title='bbox 3137 5832 3359 5886; x_wconf 88' lang='lat' dir='ltr'><strong>armari.</strong></span> <span class='ocrx_word' id='word_1_880' title='bbox 3403 5832 3601 5889; x_wconf 86' lang='lat' dir='ltr'><strong>Volens</strong></span> <span class='ocrx_word' id='word_1_881' title='bbox 3648 5834 3752 5891; x_wconf 50' lang='lat' dir='ltr'><strong>in.</strong></span> 
     </span>
    </p>
   </div>
  </div>
