4026 6468
225 404 337 467 557
390 446 395 449 .
1053 403 1566 463 consummas
1601 379 1671 460 1N
1718 400 2096 462 EPISTOLAS
2133 401 2223 460 ET
2260 402 2670 461 mancam.
3384 405 3489 466 558

228 525 400 598 telligi
430 522 573 595 quod
596 518 760 578 etiam
793 536 891 577 nos
918 518 970 576 in
998 536 1133 592 pace
1160 500 1415 579 Ecclesiae
1442 523 1802 593 quiescentes,
1834 527 1881 587 Α
1911 523 2065 590 riam,
2116 523 2170 578 id
2203 532 2308 589 est,
2348 524 2403 579 in
2457 524 2622 579 vitam
2681 533 2960 591 aeternam,
2993 522 3050 579 in
3097 523 3313 581 Christo
3338 522 3487 595 Jesu,

226 618 277 674 si
308 615 554 672 habitum
580 615 830 683 patientis
852 612 1144 679 induimus,
1164 612 1320 668 facile
1336 615 1558 685 juvante
1580 615 1809 670 Domino
1907 614 1962 669 id
2025 622 2150 680 est,
2198 629 2299 684 per
2362 615 2791 670 incarnationem
2846 614 3059 685 ipsius,
3105 615 3220 670 sive
3273 618 3488 673 vocavit

224 705 415 778 lapsus
453 704 688 759 vitamus
721 711 1067 773 peccatorum
1105 704 1490 773 hominumque
1540 705 1808 760 desideria
1905 714 1962 761 ut
1993 714 2075 761 est
2107 705 2270 759 illud:
2310 704 2491 759 Venite
2517 705 2585 758 ad
2614 722 2715 771 me,
2752 722 2927 760 omnes
2967 706 3058 776 qui
3078 703 3355 773 laboratis,
3376 714 3487 766 etc.

224 808 427 856 cuncta
455 798 652 852 divinae
677 795 968 851 voluntatis
996 797 1344 868 subjugamus
1373 796 1631 867 imperiis.

300 890 484 945 Estote
512 890 687 959 itaque
718 889 1017 960 prudentes,
1045 898 1149 944 etc.
1200 890 1342 945 Bene
1388 899 1566 945 autem
1608 890 1660 946 in
1690 905 1812 945 ora-

226 981 471 1038 tionibus
505 981 727 1052 vigilare
748 978 1022 1048 jubemur,
1054 988 1113 1034 ut
1136 996 1255 1035 cum
1288 989 1495 1037 stamus
1520 982 1586 1036 ad
1612 982 1810 1037 oratio-

226 1089 358 1129 nem
388 1071 641 1143 cogitatio
667 1072 843 1127 omnis
871 1072 1106 1127 carnalis
1131 1081 1186 1127 et
1215 1072 1492 1127 saecularis
1532 1072 1804 1126 abscedat.

225 1161 343 1218 Nec
367 1163 660 1233 quidquam
689 1161 900 1217 animus
925 1171 1121 1233 praeter
1149 1162 1201 1217 id
1230 1163 1402 1218 solum
1438 1164 1637 1234 cogitet
1666 1164 1809 1232 quod

225 1262 505 1323 precatur.
541 1252 789 1324 Subripit
816 1254 959 1310 enim
1000 1253 1313 1324 frequenter
1341 1255 1514 1310 hostis
1541 1263 1600 1309 et
1637 1253 1811 1309 subti-

226 1344 358 1399 liter
387 1344 579 1401 fallens
620 1360 813 1415 preces
853 1354 1067 1400 nostras
1096 1361 1127 1399 a
1171 1344 1284 1401 Deo
1324 1354 1543 1409 avocat,
1579 1353 1639 1399 ut
1665 1343 1809 1399 aliud

226 1436 527 1492 habeamus
550 1437 602 1492 in
626 1439 809 1503 corde,
832 1445 888 1493 et
905 1437 1049 1493 aliud
1071 1436 1409 1507 proferamus
1434 1437 1485 1491 in
1508 1451 1658 1492 voce.
1673 1435 1809 1491 Cum

225 1528 531 1585 intentione
557 1531 769 1585 sincera
800 1530 968 1585 Deum
988 1530 1183 1585 debeat
1203 1545 1312 1585 non
1336 1529 1510 1586 solum
1528 1530 1699 1595 vocis,
1714 1529 1808 1583 sed

227 1620 398 1674 animi
429 1636 622 1676 sensus
650 1635 827 1676 orare.

302 1713 433 1766 Ante
463 1713 638 1766 omnia
669 1722 906 1767 mutuam
943 1712 997 1766 in
1020 1712 1180 1776 vobis,
1204 1718 1308 1766 etc.
1341 1710 1484 1764 Bene
1509 1708 1659 1775 addit
1686 1725 1810 1764 con-

226 1803 458 1868 tinuam,
483 1803 609 1874 quia
636 1818 848 1874 semper
867 1802 1090 1874 diligere
1109 1802 1372 1864 valemus,
1391 1813 1604 1868 semper
1625 1807 1806 1853 autem

1909 795 2124 869 (Matth.
2149 797 2248 866 xt).
2279 797 2528 852 Perliciet
2577 797 2631 851 in
2666 796 2769 852 ﬁde
2797 806 2853 852 et
2886 798 3289 867 perseverantia
3318 800 3491 857 bono-

1909 903 2027 941 rum
2068 903 2307 957 operum,
2339 898 2394 943 et
2423 889 2476 943 in
2524 888 2708 945 futuro
2752 905 2877 945 cum
2919 890 3115 945 dixerit
3161 892 3489 962 generaliter

1906 979 2156 1035 omnibus
2199 981 2402 1036 sanctis
2439 980 2552 1035 suis
2580 999 2593 1034 :
2633 979 2835 1053 Venite,
2869 981 3119 1036 benedicti
3147 980 3331 1037 Patris
3354 985 3485 1052 mei,

1905 1072 2151 1141 percipite
2172 1075 2557 1144 regnum,quod
2574 1074 2713 1128 vobis
2734 1085 2979 1154 paratum
3000 1085 3074 1129 est
3097 1075 3310 1147 (Matth.
3332 1075 3485 1148 xxv).

1909 1159 2034 1216 Sive
2059 1160 2399 1216 confirmabit
2439 1163 2491 1216 in
2520 1162 2645 1227 ﬁde,
2689 1163 2945 1218 solidabit
2980 1164 3033 1218 in
3068 1179 3252 1234 opere,
3276 1166 3362 1221 cui
3405 1171 3494 1222 est

1909 1252 2077 1322 gloria
2107 1262 2162 1308 et
2191 1253 2475 1323 imperium
2501 1253 2556 1307 in
2587 1253 2786 1308 saecula
2815 1253 3156 1308 saeculorum.
3186 1252 3379 1309 Amen.

2249 1400 2587 1441 EVANGELIUI
2642 1401 2815 1451 LUCE,
2860 1402 2978 1442 CAP.
3024 1400 3125 1440 xu.

1984 1532 2003 1565 ι
2041 1513 2162 1570 Sint
2188 1515 2359 1571 lumbi
2388 1516 2551 1571 vestri
2576 1515 2875 1586 praecincti,
2899 1525 2957 1572 et
2981 1515 3216 1573 lucerna:
3240 1517 3494 1578 ardentes

1914 1620 1935 1657 t
1967 1606 2021 1660 in
2055 1608 2305 1664 manibus
2322 1610 2540 1664 vestris.
2576 1609 2645 1663 Et
2671 1625 2771 1665 vos
2812 1609 3018 1666 similes
3043 1610 3354 1668 hominibus
3397 1629 3495 1670 ex-

1916 1714 1935 1748 t
1978 1698 2351 1767 spectantibus
2376 1700 2662 1755 Dominum
2692 1716 2870 1765 suum,
2895 1702 3109 1771 quando
3137 1712 3442 1760 revertatur
3461 1718 3495 1759 a

1915 1809 1934 1841 ι
1978 1793 2200 1861 nuptiis,
2231 1800 2291 1847 ut
2319 1808 2443 1848 cum
2490 1794 2703 1849 venerit
2750 1802 2806 1849 et
2855 1793 3156 1863 pulsaverit
3203 1795 3492 1853 confestim

224 1892 454 1965 vigilare
476 1893 528 1947 in
555 1894 893 1948 orationibus
912 1892 1203 1965 fragilitate
1231 1891 1411 1947 carnis
1435 1890 1685 1945 obstante
1714 1905 1809 1943 ne—
1835 1874 1882 1934 Β
1916 1901 1935 1934 ι
1972 1884 2219 1953 aperiant
2244 1885 2315 1939 ei.
2347 1883 2499 1939 Beati
2532 1885 2675 1940 servi
2712 1884 2808 1949 illi,
2831 1900 2967 1956 quos
3003 1901 3125 1963 cum
3150 1887 3359 1943 venerit
3392 1887 3496 1943 Do-

226 1983 467 2055 quimus,
501 1984 616 2055 ipsa
637 1993 817 2039 autem
844 1985 1083 2040 charitas
1109 1982 1263 2051 cujus
1288 1983 1544 2038 instinctu
1573 1983 1689 2037 haec
1727 1981 1808 2036 fo-

226 2088 322 2130 ras
372 2085 626 2145 aguntur,
681 2092 801 2147 quae
855 2076 910 2129 in
952 2076 1199 2130 interiori
1249 2074 1469 2129 homine
1520 2072 1805 2143 praesidet,

226 2179 446 2238 semper
471 2166 670 2222 ibidem
697 2166 883 2221 haberi
926 2174 1122 2236 potest,
1146 2165 1393 2236 quamvis
1435 2165 1490 2219 in
1533 2164 1808 2234 publicum

223 2267 337 2313 non
366 2270 581 2325 semper
606 2256 821 2311 ostendi
852 2263 1055 2325 potest.

296 2345 360 2403 Si
391 2350 507 2419 quis
537 2347 791 2419 loquitur,
821 2355 927 2402 etc.
965 2347 1187 2401 Timens
1216 2346 1486 2409 videlicet,
1517 2359 1585 2399 ne
1616 2353 1811 2415 praeter

222 2436 562 2491 voluntatem
592 2435 686 2490 Dei
709 2436 794 2490 vel
820 2443 1016 2506 praeter
1042 2437 1185 2506 quod
1215 2436 1269 2490 in
1295 2436 1499 2491 sanctis
1512 2435 1811 2505 Scripturis

221 2528 508 2583 evidenter
532 2527 856 2597 prmcipitur,
888 2527 969 2581 vel
1002 2527 1145 2581 dicat
1179 2526 1381 2597 aliquid
1419 2525 1503 2581 vel
1553 2527 1809 2596 imperet,

222 2624 281 2671 et
307 2615 615 2670 inveniatur
652 2622 907 2685 tanquam
940 2614 1109 2669 falsus
1133 2615 1288 2668 testis
1322 2615 1414 2669 Dei
1463 2623 1555 2669 aut
1598 2617 1809 2671 sacrile-

224 2722 350 2778 gus,
387 2707 468 2760 vel
499 2706 852 2760 introducens
875 2705 1076 2775 aliquid
1097 2705 1333 2759 alienum
1369 2721 1398 2758 a
1430 2706 1673 2759 doctrina
1705 2707 1810 2761 Do-

225 2797 384 2859 mini,
410 2794 493 2850 vel
514 2804 663 2850 certe
691 2794 1104 2864 subrelinquens
1146 2801 1203 2849 et
1248 2794 1563 2864 praeteriens
1608 2794 1810 2865 aliquid

227 2902 416 2944 eorum
437 2902 558 2957 qua:
580 2887 691 2941 Deo
702 2886 900 2956 placita
923 2893 1205 2950 sunt,cum
1230 2885 1344 2955 ipse
1370 2884 1809 2941 manifestissime

227 2978 675 3051 praedicatoribus
693 2978 955 3040 veritatis,
982 2977 1048 3032 de
1062 2977 1148 3031 his
1174 2991 1311 3046 quos
1337 2977 1662 3042 imbuerent,
1677 2992 1810 3046 pra:-

229 3070 398 3141 cipiat
425 3069 611 3124 dicens
650 3087 662 3121 :
690 3068 945 3122 Docentes
986 3083 1072 3122 eos
1097 3083 1306 3121 servare
1341 3068 1516 3121 omnia
1556 3083 1809 3138 quacun-

226 3178 331 3234 que
371 3161 617 3215 mandavi
665 3160 805 3215 vobis
868 3159 1080 3231 (Matth.
1113 3156 1260 3231 ult.),
1290 3165 1347 3214 et
1395 3172 1458 3212 ea
1505 3158 1649 3213 enim
1689 3174 1809 3227 qua:

1914 1992 1935 2025 ι
1976 1975 2154 2030 minus
2191 1976 2461 2033 invenerit
2486 1976 2791 2046 vigilantes.
2811 1977 2981 2031 Amen
3008 1958 3129 2033 dico
3147 1979 3324 2043 vobis,
3350 1977 3495 2048 quod

1915 2081 1935 2114 ς
1968 2067 2259 2137 praecingat
2294 2081 2373 2131 se,
2397 2074 2452 2121 et
2480 2065 2643 2122 faciet
2689 2066 2811 2121 illos
2831 2067 3192 2132 discumbere,
3215 2076 3272 2121 et
3307 2076 3488 2123 trans-

1915 2173 1935 2207 t
1970 2157 2088 2211 iens
2127 2157 2457 2212 ministrabit
2499 2158 2627 2212 illis.
2660 2158 2728 2212 Et
2754 2159 2799 2213 si
2824 2159 3039 2214 venerit
3062 2159 3118 2213 in
3147 2160 3386 2214 secunda
3412 2158 3495 2214 vi-

1916 2266 1935 2299 ‹
1980 2247 2127 2319 gilia,
2154 2257 2209 2302 et
2234 2248 2280 2303 si
2306 2248 2361 2302 in
2386 2249 2545 2303 tertia
2565 2248 2747 2319 vigilia
2767 2248 2999 2314 venerit,
3024 2256 3080 2304 et
3107 2248 3183 2303 ita
3206 2248 3490 2315 invenerit,

1917 2356 1935 2388 ‹
1972 2338 2116 2392 beati
2155 2346 2281 2392 sunt
2326 2339 2470 2393 servi
2501 2338 2599 2392 illi.
2627 2337 2739 2393 Hoc
2764 2347 2945 2393 autem
2993 2338 3211 2405 scitote,
3234 2339 3493 2409 quoniam

1917 2446 1936 2478 ε
1982 2427 2027 2482 si
2058 2428 2220 2483 sciret
2252 2426 2662 2497 paterfamilias,
2689 2443 2796 2496 qua
2826 2429 2960 2482 bora
3003 2426 3091 2482 fur
3139 2429 3371 2492 veniret,
3407 2428 3492 2483 vi-

1917 2536 1936 2570 t
1982 2519 2173 2590 gilaret
2195 2520 2399 2588 utique,
2422 2529 2476 2574 et
2496 2534 2602 2574 non
2625 2519 2830 2573 sineret
2843 2517 3053 2588 perfodi
3075 2518 3293 2573 domum
3315 2532 3492 2573 suam.

1916 2629 1935 2661 t
1981 2610 2047 2664 Et
2071 2625 2169 2665 vos
2197 2618 2369 2664 estote
2405 2610 2614 2680 parati,
2638 2610 2764 2679 quia
2793 2625 2900 2680 qua
2952 2609 3087 2664 hora
3135 2624 3245 2665 non
3291 2607 3498 2679 putatis
3528 2660 3535 2666 .

1914 2721 1933 2753 ι
1972 2702 2114 2756 filius
2139 2703 2374 2757 hominis
2400 2702 2599 2757 veniet.
2636 2722 2655 2754 ι

1979 2791 2097 2848 Sint
2147 2793 2310 2848 lumbi
2350 2794 2505 2848 vestri
2549 2794 2820 2863 praeiacti
2867 2802 2916 2848 et
2967 2793 3196 2849 lacerate
3232 2794 3495 2850 ardentes.

1909 2885 2009 2959 (Ex
2041 2884 2230 2955 Beda.)
2262 2885 2399 2952 Quia
2439 2885 2637 2939 multos
2669 2884 2996 2948 ostenderat,
3031 2884 3117 2941 vel
3163 2885 3218 2939 in
3261 2894 3375 2941 toto
3403 2900 3499 2941 ste-

1909 2977 2032 3033 culo
2086 2977 2352 3040 subditos,
2387 2976 2471 3032 vel
2500 2975 2779 3031 saacularis
2823 2976 3021 3030 intuitu
3065 2975 3336 3031 commodi
3383 2975 3497 3032 Do-

1908 3070 2056 3124 mino
2085 3070 2403 3134 servientes,
2433 3069 2664 3139 pulchre
2688 3069 3038 3138 breviterque
3072 3084 3202 3124 suos
3231 3067 3410 3133 docet,
3443 3074 3501 3123 et

1911 3160 2126 3216 lumbos
2154 3161 2507 3231 praecingere,
2534 3168 2757 3229 propter
2795 3159 3191 3214 continentiam
3218 3159 3286 3213 ab
3312 3162 3503 3215 amore

229 3227 349 3324 ipse
376 3251 671 3317 mandavit,
701 3266 807 3306 non
847 3227 975 3314 alia,
997 3258 1054 3304 et
1087 3227 1225 3304 haec
1246 3263 1351 3302 non
1397 3264 1463 3304 ex
1510 3258 1688 3319 parte,
1715 3249 1810 3304 sed
1835 3227 1880 3289 C
1913 3268 2092 3307 rerum
2123 3227 2485 3317 saecularium,
2528 3227 2584 3307 et
2626 3227 2875 3305 lucernas
2909 3253 3162 3307 ardentes
3191 3251 3414 3317 habere,
3437 3259 3502 3307 ut

228 3344 414 3399 omnia
444 3342 557 3398 suis
586 3340 920 3398 auditoribus
942 3341 1010 3395 ad
1059 3338 1325 3395 servanda
1376 3340 1590 3395 tradere
1634 3340 1808 3409 jubet.

303 3432 363 3490 Si
387 3437 504 3507 quis
531 3436 793 3489 ministrat
832 3443 1083 3505 tanquam
1106 3448 1173 3487 ea:
1193 3433 1385 3486 virtute
1404 3472 1420 3497 ,
1439 3448 1597 3503 quam
1638 3432 1814 3485 admi-

231 3532 424 3586 nistrat
449 3528 610 3583 Deus.
638 3528 811 3583 Tanto
842 3527 1098 3582 humilius
1128 3526 1408 3597 impendat
1432 3526 1661 3596 quisque
1694 3541 1816 3596 pro-

230 3621 383 3676 ximo
412 3618 609 3674 bonum
639 3634 797 3674 omne
839 3618 982 3688 quod
1028 3625 1227 3688 potest,
1255 3625 1459 3687 quanto
1510 3618 1814 3672 certissime

231 3713 407 3779 novit,
429 3727 551 3784 quae
573 3726 607 3766 a
645 3710 935 3780 semetipso
966 3724 1074 3764 non
1092 3717 1271 3779 potest
1296 3708 1515 3772 habere,
1544 3721 1664 3776 qua:
1709 3706 1813 3760 im-

231 3803 459 3876 pendat.

306 3895 378 3952 Ut
405 3897 460 3951 in
485 3895 724 3951 omnibus
744 3894 1119 3964 honoriﬁcetur
1147 3893 1310 3957 Deus,
1332 3909 1427 3965 per
1445 3892 1627 3948 Jesum
1658 3890 1814 3946 Chri-

233 4000 395 4046 stum.
423 3986 583 4044 Juxta
612 3989 777 4060 ipsius
802 3987 929 4043 Jesu
958 3987 1157 4043 Christi
1185 3996 1533 4058 praeceptum,
1559 4003 1667 4058 quo
1693 3985 1768 4039 ait
1796 4003 1810 4040 :

243 4080 473 4137 Videant
499 4091 667 4136 vestra
689 4097 847 4152 opera
877 4083 1032 4144 bona,
1061 4090 1109 4134 et
1154 4079 1447 4150 gloriﬁcent
1490 4088 1693 4148 patrem
1739 4095 1818 4133 ve-

232 4173 535 4245 strum,qui
557 4173 613 4226 in
636 4170 775 4226 caelis
797 4176 871 4226 est
897 4169 1110 4242 (Matth.
1135 4172 1235 4241 vt).
1260 4167 1662 4224 Honoril‘tcatur
1686 4183 1816 4240 ergo

235 4268 384 4325 Deus
412 4268 466 4323 in
499 4266 709 4322 actibus
740 4264 971 4329 nostris,
1014 4279 1136 4318 cum
1181 4262 1360 4317 omnia
1392 4276 1514 4331 qua:
1566 4262 1705 4316 bene
1752 4276 1818 4317 ac

235 4359 535 4418 secundum
566 4357 899 4412 voluntatem
940 4352 1058 4424 ejus
1083 4354 1329 4420 facimus,
1352 4369 1458 4408 non
1488 4352 1593 4408 hoc
1617 4352 1818 4408 nostris

234 4450 472 4515 meritis,
501 4449 595 4505 sed
615 4447 731 4520 ejus
750 4446 941 4518 gratia:
972 4445 1280 4501 tribuimus.

1912 3345 2015 3400 hoc
2040 3345 2213 3415 ipsum
2244 3361 2377 3400 vero
2404 3346 2510 3399 line
2536 3353 2591 3399 et
2616 3352 2765 3399 recta
2791 3343 3095 3398 intentione
3122 3342 3346 3398 faciant.
3390 3341 3505 3400 Ali-

1913 3443 2017 3500 ter,
2041 3436 2252 3491 lumbos
2299 3436 2698 3507 praecingimus,
2726 3449 2848 3489 cum
2881 3433 3063 3489 carnis
3085 3432 3377 3500 luxuriam,
3400 3447 3501 3505 per

1913 3528 2301 3582 continentiam
2334 3538 2697 3583 coarctamus.
3428 3588 3439 3597 η

1982 3621 2256 3691 Lucernas
2297 3629 2479 3676 autem
2512 3623 2768 3679 ardentes
2822 3623 2876 3677 in
2922 3621 3172 3679 manibus
3224 3627 3500 3688 tenemus,

1912 3729 2035 3769 cum
2072 3727 2169 3782 per
2198 3714 2336 3767 bona
2362 3727 2525 3783 opera
2550 3714 2816 3783 proximis
2845 3714 3047 3769 nostris
3080 3711 3216 3767 lucis
3256 3711 3503 3782 exempla

1913 3814 2309 3869 monstramus,
2332 3804 2658 3873 redemptori
2702 3805 2903 3860 etenim
2949 3812 3137 3859 nostro
3176 3818 3342 3859 unum
3384 3803 3505 3860 sine

1913 3896 2084 3951 altero
2113 3895 2324 3966 placere
2350 3909 2692 3964 nequaquam
2714 3902 2915 3966 potest.

1984 3987 2050 4041 Et
2077 4005 2163 4042 vos
2195 3986 2390 4041 similes
2423 3986 2721 4040 hominibus
2751 3984 3173 4055 exspectantibus
3211 3983 3504 4038 Dominum

1912 4096 2088 4143 suum,
2116 4091 2223 4135 etc.
2254 4079 2334 4133 Ad
2358 4078 2577 4148 nuptias
2597 4079 2796 4148 quippe
2821 4077 3081 4131 Dominus
3105 4075 3264 4139 abiit,
3293 4074 3385 4145 qui
3418 4087 3506 4129 η-

1916 4186 2143 4241 surgens
2168 4185 2199 4225 a
2243 4169 2493 4229 mortuis,
2517 4169 2815 4224 ascendens
2863 4168 2917 4221 in
2968 4165 3185 4231 celum,
3214 4178 3505 4233 supernam

1916 4265 2021 4320 sibi
2049 4262 2364 4333 angelorum
2392 4262 2792 4317 multitudinem
2821 4275 2994 4316 novus
3016 4258 3181 4315 homo
3209 4255 3502 4327 copulavit,

1917 4355 2044 4427 quia
2074 4364 2204 4410 tunc
2226 4361 2533 4409 revertetur
2552 4367 2678 4409 cum
2726 4349 2884 4406 nobis
2927 4349 3040 4421 jam
3092 4363 3194 4420 per
3240 4345 3508 4416 judicium

1917 4445 2318 4508 manifestatur,
2342 4446 2482 4501 bene
2515 4452 2698 4501 autem
2738 4446 2811 4501 de
2848 4442 3022 4500 servis
3062 4439 3507 4512 exspectantibus

309 4540 381 4596 Et
414 4556 531 4595 cum
553 4538 851 4610 apparuerit
882 4538 1119 4607 princeps
1147 4545 1436 4606 pastorum.
1490 4533 1645 4591 Sicut
1670 4533 1813 4590 enim
1840 4576 1894 4637 Β
1919 4538 2185 4593 subditur.
2236 4594 2237 4597 η

237 4631 445 4689 dicitur
469 4629 716 4685 Christus
752 4643 849 4683 rex
896 4642 1102 4698 regum,
1129 4625 1389 4682 Dominus
1423 4626 1813 4681 dominantium

236 4733 297 4782 et
348 4722 602 4794 princeps
649 4720 970 4790 principum,
1003 4727 1058 4772 et
1085 4726 1269 4787 pastor
1301 4725 1597 4787 pastorum,
1625 4716 1817 4771 italiic

239 4814 562 4885 intelligitur
584 4811 895 4882 Apostolum
926 4810 1127 4864 dixisse
1148 4809 1397 4880 princeps
1427 4818 1724 4878 pastorum.

312 4905 623 4979 Percipietis
652 4902 1131 4960 immarcescibilem
1172 4901 1353 4973 gloria:
1398 4918 1666 4955 coronam.
1715 4899 1819 4954 lm-

238 4996 671 5057 marcescibilem
718 4995 873 5060 dixit,
922 4993 1046 5063 quia
1094 5007 1201 5047 non
1254 4992 1666 5047 inveterabttur.
1717 4988 1820 5045 Co-

239 5105 435 5148 ronam
456 5103 554 5160 pro
579 5087 878 5143 aeternitate
899 5086 1022 5140 vitae
1041 5099 1162 5140 cum
1192 5085 1431 5153 prtemiis
1452 5082 1818 5153 sempiternis.

315 5182 457 5237 Deus
476 5189 648 5234 autem
675 5182 843 5233 omnis
862 5177 1068 5247 gratiae,
1089 5176 1179 5247 qui
1217 5175 1414 5229 vocavit
1454 5188 1549 5227 nos
1587 5174 1642 5225 in
1680 5180 1827 5226 teter-

239 5291 369 5334 nam
396 5288 547 5329 suam
583 5271 806 5342 gloriam
836 5270 889 5324 in
918 5267 1126 5323 Christo
1158 5267 1308 5332 Jesu,
1338 5265 1598 5321 modicum
1621 5277 1821 5334 passos.

241 5365 390 5421 Deus
424 5373 606 5418 autem
638 5361 815 5417 omnis
840 5360 1027 5430 gratiae
1057 5358 1255 5413 dicitur
1297 5358 1435 5412 idem
1480 5355 1829 5411 multiformis

238 5458 454 5532 gratim.
504 5454 676 5512 Omne
718 5453 862 5508 enim
908 5453 1105 5507 bonum
1150 5449 1292 5519 quod
1329 5450 1494 5503 habet
1517 5450 1698 5511 homo,
1725 5461 1825 5516 per

240 5548 476 5621 gratiam
503 5546 701 5617 accipit
724 5543 849 5608 Dei,
865 5543 1040 5597 omnis
1064 5543 1208 5597 enim
1234 5541 1406 5612 gloria
1434 5540 1502 5595 ab
1530 5540 1620 5595 illo
1642 5540 1820 5608 datur,

242 5639 446 5698 iterum
486 5641 554 5694 ad
583 5638 732 5692 illum
763 5635 1015 5690 refertur.

321 5731 445 5803 Ipse
470 5731 721 5802 perﬁciet,
749 5725 1075 5796 conﬁrmabit
1093 5765 1108 5789 ,
1139 5722 1505 5794 solidabitque,
1530 5724 1630 5792 ipsi
1658 5721 1825 5793 gloria

248 5825 306 5884 in
327 5822 522 5880 stecula
551 5820 885 5878 steculorum.
918 5817 1147 5875 Vocavit
1168 5831 1267 5872 nos
1313 5815 1368 5873 in
1410 5824 1667 5873 aeternam
1713 5816 1829 5884 glo-

1995 4628 2061 4683 Ut
2087 4646 2205 4684 cum
2241 4630 2431 4685 venerit
2468 4637 2518 4685 et
2555 4627 2840 4700 pulsaverit
2868 4626 3141 4697 confestim
3167 4624 3406 4697 aperiant
3432 4622 3504 4679 ei.

1920 4721 2083 4776 Venit
2111 4722 2310 4791 quippe
2338 4736 2461 4775 cum
2490 4720 2558 4774 ad
2577 4719 2837 4791 judicium
2865 4724 3140 4787 properat.
3166 4715 3350 4770 Pulsat
3376 4727 3510 4769 vero

1922 4828 2046 4868 cum
2075 4811 2188 4881 jam
2219 4826 2317 4881 per
2340 4811 2674 4882 :egritudinis
2703 4809 2980 4864 molestias
3003 4823 3125 4864 esse
3165 4814 3398 4863 mortem
3425 4804 3507 4859 vi-

1924 4904 2103 4960 cinam
2153 4903 2434 4972 designat,
2480 4900 2566 4955 cui
2618 4897 2898 4954 confestim
2946 4897 3254 4968 aperimus,
3281 4894 3326 4950 si
3360 4894 3508 4952 hunc

1925 5009 2049 5050 cum
2087 5008 2273 5047 amore
2303 4990 2648 5060 suscipimus.
2672 4988 2897 5059 Aperire
2921 4988 3064 5043 enim
3083 4985 3251 5056 judici
3272 4983 3508 5056 pulsanti

1925 5102 2032 5141 non
2068 5088 2201 5149 vult,
2232 5083 2321 5153 qui
2367 5082 2518 5136 exire
2569 5081 2636 5135 de
2681 5094 2908 5150 corpore
2954 5077 3209 5148 trepidat,
3239 5083 3296 5131 et
3322 5075 3511 5130 videre

1925 5193 2072 5241 eum,
2099 5192 2260 5247 quem
2290 5174 2680 5245 contempsisse
2708 5188 2767 5228 se
2792 5169 3038 5227 meminit
3059 5169 3296 5241 judicem
3319 5164 3510 5220 formi-

1930 5271 2040 5325 dat.
2066 5269 2164 5337 Qui
2197 5276 2375 5323 autem
2405 5267 2471 5321 de
2497 5282 2593 5321 sua
2626 5280 2725 5336 spe
2745 5272 2800 5320 et
2815 5262 3129 5335 operatione
3148 5272 3371 5315 securus
3396 5264 3506 5322 est,

1927 5360 2164 5432 pulsanti
2201 5357 2484 5413 confestim
2516 5356 2706 5427 aperit,
2734 5355 2861 5425 quia
2886 5354 3040 5408 laetus
3063 5349 3300 5419 iudicem
3335 5345 3508 5401 susti-

1930 5460 2041 5507 net.
2082 5451 2146 5504 Et
2171 5466 2291 5505 cum
2322 5458 2533 5520 tempus
2559 5447 2871 5517 propinquae
2897 5442 3089 5499 mortis
3112 5438 3414 5510 agnoverit,
3441 5437 3512 5495 de

1926 5541 2095 5614 gloria
2124 5539 2491 5595 retributionis
2517 5536 2813 5592 hilarescit.
2848 5532 2999 5588 Unde
3023 5539 3077 5586 et
3103 5528 3355 5585 subditur
3387 5545 3401 5582 :

1998 5634 2149 5687 Beati
2175 5636 2310 5686 servi
2339 5632 2419 5685 illi
2446 5647 2574 5703 quos
2598 5644 2714 5683 cum
2740 5627 2927 5681 venerit
2956 5624 3233 5688 Dominus,
3256 5615 3512 5676 invenerit

1926 5724 2219 5794 vigilantes.
2251 5723 2450 5793 Vigilat
2477 5738 2566 5789 qut
2591 5721 2658 5773 ad
2680 5726 2958 5787 aspectum
2986 5716 3100 5770 veri
3122 5713 3341 5770 luminis
3362 5725 3515 5767 men-

1929 5816 2000 5873 tis
2034 5814 2220 5872 oculos
2249 5821 2465 5883 apertos
2491 5819 2654 5867 tenet.
2687 5807 2884 5874 Vigilat
2907 5808 3000 5873 qui
3027 5814 3210 5864 servat
3233 5801 3511 5872 onerandi)
