4026 6462
529 345 637 406 559

1803 339 2155 401 SMARAGDI
2186 338 2481 399 ABBATIS

3704 333 3820 391 540

533 459 676 533 quod
695 459 885 518 credit.
916 458 1113 534 Vigilat
1131 457 1259 532 quia
1293 472 1353 516 se
1400 457 1648 532 corporis
1683 466 1740 513 et
1764 456 2103 529 negligentiae
2130 456 2185 520 Α
2208 451 2383 508 Moses
2430 467 2462 507 a
2519 456 2731 509 secreto
2780 451 2876 509 Dei
2929 453 3118 511 exiens
3167 458 3548 511 coruscantem
3601 451 3818 509 faciem

531 552 785 610 tenebras
806 552 1038 626 repellit.

597 650 765 707 Amen
801 648 920 706 dico
964 647 1126 716 vobis,
1151 648 1290 722 quod
1328 648 1608 721 praecingat
1651 664 1724 713 se,
1755 655 1803 700 et
1827 644 1955 716 facit
1986 643 2107 699 illos

528 740 870 809 discumbere,
894 749 945 797 et
987 743 1248 798 transiens
1287 736 1603 797 ministrabit
1647 739 1776 794 illis.
1823 738 2109 806 Praecingit

528 847 609 899 se,
635 833 690 888 id
718 841 830 902 est,
862 833 931 893 ad
955 834 1365 891 retributionem
1393 839 1749 903 praeparatur,
1778 826 1940 886 faciet
1986 829 2107 884 illos

528 922 884 991 discumbere,
914 925 969 981 id
994 933 1097 994 est,
1127 926 1181 981 in
1225 933 1427 981 mterna
1454 924 1634 997 quiete
1680 921 1935 981 refoveri.
1980 922 2103 979 Dis-

526 1017 780 1075 cumbere
816 1019 1012 1091 quippe
1053 1026 1302 1074 nostrum
1358 1018 1414 1073 in
1459 1032 1625 1088 regno
1668 1016 1950 1088 quiescere
1998 1022 2102 1070 est.

524 1104 821 1167 Transiens
858 1120 1039 1169 autem
1069 1111 1328 1166 Dominus
1356 1111 1647 1177 ministrat,
1672 1110 1798 1181 quia
1828 1109 1965 1166 lucis
1993 1124 2105 1166 sua:

522 1203 881 1263 illustratione
936 1220 1036 1262 nos
1079 1205 1258 1262 satiat.
1305 1204 1614 1259 Transitum
1660 1204 1864 1259 dictum
1909 1212 2012 1269 est,
2038 1204 2104 1262 de

515 1296 730 1367 judicio
761 1298 829 1352 ad
876 1312 1099 1370 regnum
1150 1298 1309 1361 redit,
1341 1296 1425 1351 vel
1462 1304 1609 1351 certe
1637 1294 1899 1351 Dominus
1949 1296 2104 1351 nobis

519 1397 644 1459 post
658 1386 921 1457 judicium
967 1388 1184 1451 transit,
1231 1387 1323 1457 qui
1368 1387 1436 1441 ad
1482 1386 1840 1459 humanitatis
1870 1384 2102 1439 formam

520 1480 821 1537 divinitatis
834 1496 944 1537 suae
962 1481 1419 1552 cmtenqilatione
1438 1496 1542 1537 nos
1559 1480 1754 1535 elevat.
1776 1479 1843 1534 Et
1870 1479 2103 1535 transire

518 1570 663 1630 enim
686 1580 769 1629 est
793 1572 849 1629 in
872 1572 1138 1629 claritatis
1160 1588 1269 1629 suae
1301 1572 1723 1643 speculationem
1752 1587 1852 1627 nos
1881 1571 2102 1638 ducere,

517 1689 641 1732 eum
669 1674 814 1730 enim
839 1688 965 1730 eum
986 1688 1149 1744 quem
1178 1674 1234 1728 in
1265 1673 1604 1728 humanitate
1624 1672 1680 1726 in
1699 1671 1907 1742 judicio
1930 1670 2103 1726 cerni.

518 1781 640 1823 mus
659 1807 675 1833 ,
706 1767 871 1822 etiam
896 1766 955 1821 in
982 1765 1265 1821 divinitate
1292 1772 1410 1834 post
1431 1762 1699 1833 judicium
1722 1763 1989 1818 videmus.

2208 556 2391 600 coram
2433 543 2633 615 populo
2676 544 2842 611 velat,
2873 547 3002 617 quia
3030 545 3291 602 nimirum
3334 546 3510 602 turbis
3538 545 3821 602 claritatis

2208 635 2413 691 intimae
2457 652 2656 693 arcana
2686 654 2794 695 non
2832 640 3055 696 iudicat.
3097 640 3206 696 Pro
3237 640 3498 713 qualitate
3521 641 3697 713 igitur
3724 655 3821 696 au-

2207 727 2469 784 dientium
2504 728 2729 786 formari
2771 732 2934 788 debet
2966 748 3146 789 sermo
3185 733 3494 799 doctorum,
3525 740 3588 788 ut
3638 741 3697 787 et
3749 730 3819 787 ad

2206 836 2303 876 sua
2330 822 2551 894 singulis
2580 833 2864 895 congruat,
2897 833 2953 881 et
2974 834 3154 882 tamen
3176 841 3207 880 a
3229 826 3536 882 communis
3554 823 3817 880 aediﬁca-

2204 915 2367 971 tionis
2392 925 2510 972 arte
2530 935 2807 991 nunquam
2834 920 3071 976 recedat.

2274 1007 2470 1064 Beatus
2493 1010 2582 1066 ille
2605 1028 2807 1078 servus,
2833 1030 2985 1085 quem
3014 1029 3132 1067 cum
3158 1013 3352 1068 venerit
3374 1011 3643 1067 Dominus
3669 1012 3811 1083 eius,

2202 1100 2453 1156 invenerit
2479 1103 2553 1155 ita
2573 1103 2876 1173 facientem.
2904 1102 3031 1159 Ver'e
3052 1105 3170 1158 dico
3192 1104 3354 1171 vobis,
3370 1105 3494 1177 quia
3516 1121 3683 1176 super
3698 1121 3816 1159 ous-—

2206 1194 2294 1248 nia
2321 1210 2439 1264 qua:
2472 1194 2702 1266 possidet
2731 1198 3009 1251 constituet
3033 1214 3172 1251 eum.
3221 1195 3432 1264 Quanta
3461 1197 3611 1251 inter
3634 1195 3811 1250 bonos

2204 1286 2482 1341 auditores
2529 1296 2583 1341 et
2628 1286 2802 1343 bonos
2838 1286 3092 1344 doctores
3137 1290 3457 1344 meritorum
3512 1288 3808 1353 distantia,

2204 1386 2354 1433 tanta
2377 1386 2461 1432 est
2484 1387 2540 1433 et
2566 1380 2934 1448 praemiorum.
2978 1380 3087 1437 Hos
3132 1381 3275 1437 enim
3329 1381 3657 1443 adveniens,
3685 1395 3810 1434 cum

2201 1468 2492 1540 vigilantes
2522 1470 2823 1539 invenerit,
2852 1470 3011 1528 faciet
3039 1472 3412 1537 discumbere,
3440 1479 3496 1528 et
3529 1473 3811 1526 transiens

2202 1560 2539 1616 ministrabit
2559 1561 2659 1617 eis.
2680 1562 2806 1618 Illos
2829 1573 3009 1619 autem
3028 1581 3151 1620 cum
3174 1565 3326 1620 verbi
3347 1580 3562 1619 annona
3580 1563 3811 1618 familia:

2204 1653 2309 1709 sibi
2359 1653 2598 1721 creditae,
2646 1655 2915 1723 ﬁdeliter,
2959 1658 3364 1729 prudenterque
3418 1658 3811 1729 dispensantes

2203 1745 2492 1808 invenerit,
2523 1761 2688 1817 supra
2717 1749 2895 1804 omnia
2928 1766 3047 1821 quae
3099 1752 3339 1821 possidet
3384 1751 3715 1815 constituet,
3760 1749 3811 1802 id

584 1830 727 1912 me
754 1857 947 1913 uenerit
972 1857 1029 1911 in
1049 1855 1278 1911 secuitda
1296 1830 1562 1925 uigilia,“
1586 1854 1632 1908 si
1656 1855 1713 1908 in
1730 1854 1886 1908 tertia
1916 1852 2095 1923 vigilia
2124 1830 2173 1890 Β
2200 1844 2308 1903 εει,
2336 1852 2497 1906 supra
2527 1837 2710 1892 omnia
2751 1839 2992 1895 cmlcslis
3018 1841 3168 1911 resni
3211 1840 3428 1911 gaudia.
3459 1856 3571 1895 non
3609 1840 3812 1909 Illique

511 1947 730 2012 uenerit,
758 1955 809 2002 et
842 1945 917 2000 ita
962 1946 1235 2010 invenerit,
1265 1945 1403 2000 beati
1432 1954 1551 1999 sunt
1587 1945 1723 2000 servi
1766 1942 1862 1998 illi.
1912 1943 2097 1999 Prima

509 2039 694 2110 vigilia
730 2040 1047 2110 primaevam
1078 2046 1289 2108 tempus
1335 2045 1438 2101 est,
1464 2037 1518 2093 id
1560 2046 1664 2103 est,
1688 2037 1944 2107 pueritia.
1998 2036 2095 2092 Se-

510 2131 686 2187 cunda
736 2131 1120 2198 adolescentia,
1149 2131 1235 2186 vel
1277 2130 1567 2201 juventus,
1600 2144 1728 2200 quas
1766 2130 2095 2186 auctoritate

508 2225 652 2281 sacri
677 2225 877 2295 eloquii
897 2238 1067 2281 unum
1098 2231 1227 2280 sum
1249 2223 1481 2279 dicentis
1509 2240 1522 2278 :
1554 2221 1759 2278 latore
1779 2222 1992 2292 juvenis
2036 2223 2094 2277 in

508 2313 861 2373 adolescentia
910 2325 1008 2371 tu
1054 2314 1252 2389 (Eccle.
1284 2314 1369 2387 li).
1410 2315 1593 2371 Tertia
1625 2323 1809 2371 autem
1839 2324 2093 2379 senectus

507 2405 790 2476 accipitur.
816 2405 923 2474 Qui
946 2418 1076 2463 vero
1096 2406 1323 2478 vigilare
1346 2406 1403 2461 in
1445 2406 1621 2478 prima
1664 2406 1845 2478 vigilia
1894 2406 2090 2475 noluit,
2181 2410 2187 2414 ’

506 2497 776 2554 custodiat
800 2498 887 2557 vel
924 2500 1242 2565 secundam,
1268 2507 1326 2553 et
1350 2498 1444 2569 qui
1471 2499 1715 2555 converti
1740 2513 1772 2553 a
1802 2500 2091 2569 pravitati-

503 2587 607 2646 bus
634 2590 748 2646 suis
774 2590 828 2646 in
850 2591 1086 2662 pueritia
1113 2590 1349 2660 neglexit
1396 2590 1466 2646 ad
1493 2590 1609 2646 vias
1636 2590 1783 2656 visre,
1817 2590 2010 2646 saltem
2032 2592 2091 2648 in

504 2681 1055 2752 temporejuventutis
1076 2682 1306 2752 evigilet.
1332 2682 1396 2735 Et
1418 2682 1509 2751 qui
1528 2682 1757 2752 vigilare
1771 2684 1827 2738 in
1849 2686 2090 2740 secunda

503 2768 689 2839 vigilia
718 2769 912 2836 noluit,
940 2770 1118 2827 tertias
1167 2770 1360 2841 vigilite
1408 2772 1649 2826 remedia
1695 2786 1804 2828 non
1849 2776 2083 2830 amittat.

506 2859 580 2917 Ut
596 2860 691 2931 qui
710 2868 769 2917 et
793 2862 1145 2933 injsventute
1164 2863 1239 2917 ad
1268 2862 1384 2918 vias
1411 2864 1537 2919 vitae
1567 2879 1676 2919 non
1709 2864 1946 2936 evigilat,
1979 2866 2087 2922 sal-

504 2958 616 3007 tum
637 2952 694 3007 iu
727 2960 1005 3009 senectute
1054 2954 1360 3024 resipiscat.
1405 2954 1491 3010 Ad
1532 2955 1908 3012 excutiendam
1956 2974 2087 3015 vero

503 3046 702 3102 utentis
726 3054 929 3103 nostra
955 3048 1237 3115 desidiam,
1265 3049 1432 3105 etiam
1459 3051 1732 3106 exteriora
1761 3052 1958 3107 damna
1986 3066 2086 3123 per

500 3134 910 3194 similitudinem
938 3139 1302 3207 deducuntur,
1328 3148 1389 3196 ut
1438 3157 1539 3211 per
1577 3142 1699 3199 haec
1747 3144 1961 3201 animus
2014 3146 2084 3202 ad

500 3241 660 3286 suam
682 3232 983 3288 cum“
1008 3234 1320 3289 suscitetur.
1350 3234 1484 3291 Nam
1512 3234 1712 3292 dicitur
1744 3256 1756 3292 :

574 3320 692 3378 Hoc
708 3330 886 3378 autem
913 3325 1094 3379 scitote
1111 3364 1124 3377 .
1149 3317 1411 3391 Quoniam
1435 3326 1483 3381 si
1499 3329 1656 3383 sciret
1675 3328 2083 3399 paterfamilias,

499 3429 608 3485 quo
637 3414 771 3470 hora
806 3414 903 3485 fur
930 3418 1129 3472 ueniret
1147 3459 1162 3483 ,
1189 3417 1427 3490 vigilaret
1455 3421 1653 3493 utique,
1682 3430 1731 3476 et
1762 3439 1867 3477 non
1891 3423 2083 3478 sineret

498 3498 708 3577 perfodi
731 3506 945 3562 domum
964 3526 1135 3563 suam.
1160 3509 1239 3563 Ex
1262 3525 1368 3579 qua
1390 3514 1673 3582 praemissa
1711 3503 2090 3581 similitudine,

499 3596 665 3655 etiam
693 3598 1001 3655 exhortatio
1024 3599 1387 3667 subiui'ertur,
1411 3618 1534 3658 cum
1561 3604 1799 3660 dicitur:

572 3683 644 3739 Et
684 3701 771 3739 uos
799 3694 960 3740 suae
984 3689 1179 3757 parati,
1202 3690 1330 3759 quia
1361 3692 1572 3759 nescitis
1605 3711 1712 3765 qua
1764 3696 1896 3750 liora
1934 3696 2084 3766 ﬁlius

498 3773 727 3829 taurinis
780 3776 963 3832 veniet.
1013 3774 1300 3833 Nesciente
1350 3781 1493 3837 enim
1552 3783 1945 3853 patrel'amilias
1994 3789 2084 3845 fur

499 3865 721 3923 domum
764 3867 1016 3939 perfodit,
1048 3870 1174 3939 quia
1214 3870 1342 3927 dum
1384 3888 1418 3927 a
1467 3874 1549 3929 sui
1579 3877 1825 3932 custodia
1854 3880 2082 3949 spiritus

501 3958 724 4027 ﬂuuit,
753 3961 1045 4032 improvisa
1084 3979 1234 4020 mors
1259 3965 1482 4023 veniens
1502 3968 1681 4023 carnis
1702 3978 1904 4026 nostra:
1924 3972 2080 4028 babi-

495 4053 737 4111 tacuium
771 4055 1042 4127 irrumpit,
1074 4066 1131 4113 et
1154 4073 1279 4113 eum
1304 4075 1464 4130 quem
1482 4060 1737 4117 dominus
1773 4063 1967 4120 domus
1999 4066 2078 4121 in-

494 4148 708 4203 venerit
728 4148 1085 4208 dormientem
1114 4163 1293 4221 necat,
1322 4155 1451 4224 quia
1476 4171 1602 4212 cum
1630 4166 1855 4213 ventura
1880 4159 2076 4215 damna

493 4240 719 4311 spiritus
764 4244 988 4302 minime
1026 4248 1296 4318 pravidit,
1327 4250 1472 4306 hunc
1493 4263 1645 4307 mors
1666 4253 1731 4307 ad
1753 4253 2075 4324 supplicium

494 4334 828 4392 nescientem
852 4339 1016 4408 rapit.
1046 4337 1178 4394 Furi
1196 4348 1380 4397 autem
1411 4344 1708 4409 resisteret,
1732 4346 1779 4401 si
1806 4346 2073 4417 vigilaret,

492 4425 622 4496 Quia
660 4427 957 4493 adventu:
1004 4429 1225 4499 hdieis,
1264 4433 1363 4503 qui
1394 4434 1610 4490 eccum
1637 4436 1877 4491 animam
1907 4439 2069 4508 rapit,

491 4529 801 4589 praecavens
843 4522 893 4576 ei
936 4522 1248 4592 paenitendo
1275 4535 1605 4590 occurreret,
1635 4544 1702 4583 ne
1726 4530 2071 4600 impmnitens

2198 1938 2259 1984 ut
2280 1930 2472 1985 borum
2502 1931 2602 1984 soli
2633 1932 2933 1989 dominium
2956 1942 3196 2001 teneant,
3212 1936 3307 1991 sed
3328 1945 3387 1990 ut
3412 1950 3603 1989 eorum
3630 1935 3811 1987 abun-

2197 2021 2412 2076 dantius
2428 2039 2540 2092 prae
2559 2024 2772 2080 czeteris
2793 2026 2995 2081 sanctis
3015 2035 3217 2081 aeterna
3244 2026 3590 2098 possessione
3608 2025 3804 2080 fruan-

2198 2121 2305 2167 tur.
2340 2113 2444 2180 Qui
2476 2116 2620 2170 enim
2655 2115 2803 2171 docti
2831 2116 3053 2183 fuerint,
3086 2116 3369 2189 fulgebunt
3407 2116 3565 2187 quasi
3617 2115 3810 2187 splen-

2195 2204 2296 2259 dor
2316 2206 2664 2273 iirmameuti,
2690 2218 2745 2262 et
2770 2208 2863 2279 qui
2889 2210 2956 2264 ad
2976 2209 3247 2281 justitiam
3272 2210 3529 2266 erudiunt
3552 2209 3804 2280 multos.

2195 2298 2354 2368 quasi
2379 2298 2549 2354 stellae
2583 2300 2638 2355 in
2660 2308 2953 2371 perpetuas
2971 2303 3327 2359 teternitates.

2552 2409 2714 2450 Αιιυ)
2752 2410 3122 2463 ενΑΝσειιυΙ,
3154 2412 3275 2453 LUC.
3313 2413 3426 2453 XIX.

2191 2478 2223 2486 ”
2268 2503 2288 2538 r
2325 2484 2498 2541 Homo
2522 2487 2743 2558 quidam
2773 2488 2971 2545 nobilis
3001 2490 3135 2545 abiit
3163 2490 3219 2545 in
3249 2490 3532 2561 regionem
3558 2490 3798 2562 longin-

2197 2593 2218 2628 ι
2261 2592 2444 2647 quam,
2492 2579 2739 2650 accipere
2773 2580 2879 2635 sibi
2914 2596 3141 2653 regnum
3180 2591 3239 2638 et
3280 2584 3498 2638 reverti.
3552 2583 3794 2645 Vocati.

2197 2689 2218 2723 s
2258 2683 2441 2726 autem
2466 2673 2640 2728 servis
2675 2672 2806 2739 suis,
2844 2673 2993 2729 dedit
3027 2674 3132 2731 illis
3156 2674 3345 2731 decem
3377 2677 3581 2744 minas,
3619 2690 3685 2734 et
3720 2680 3801 2736 ait

2195 2782 2216 2817 ι
2258 2765 2326 2820 ad
2363 2764 2483 2819 illos
2522 2782 2536 2819 :
2577 2763 2940 2836 Negotiamini
2988 2767 3119 2822 dum
3165 2769 3345 2824 venio.
3395 2768 3560 2824 Cives
3597 2780 3795 2829 autem

2194 2876 2215 2911 ‹
2246 2857 2367 2927 ejus
2398 2858 2636 2914 'oderant
2671 2859 2824 2915 illum
2855 2876 2868 2914 :
2900 2859 2969 2915 Et
3003 2859 3275 2916 miserunt
3301 2860 3627 2933 legationem
3664 2872 3799 2933 post

2194 2968 2212 3002 ι
2258 2951 2408 3006 illum
2435 2992 2451 3021 ,
2497 2953 2783 3009 dicentes:
2824 2951 3087 3008 Nolumus
3134 2953 3280 3008 hunc
3335 2969 3568 3025 regnare
3614 2970 3792 3026 super

2191 3058 2211 3093 ι
2249 3057 2389 3098 nos:
2418 3044 2486 3099 Et
2515 3042 2725 3099 factum
2759 3052 2848 3101 est
2866 3052 2928 3099 ut
2955 3044 3159 3100 rediret
3185 3053 3411 3115 accepto
3439 3062 3636 3117 regno,
3656 3049 3793 3118 jus-

2191 3150 2210 3184 ι
2251 3133 2324 3188 sit
2353 3136 2538 3190 vocari
2569 3150 2759 3192 servos
2778 3175 2793 3202 ,
2822 3136 3020 3206 quibus
3058 3136 3207 3192 dedit
3229 3138 3554 3207 pecuniam;
3584 3150 3647 3195 ut
3676 3142 3791 3198 sci-

2111 3222 2157 3288 C
2193 3245 2213 3280 ι
2260 3238 2342 3285 ret
2361 3240 2624 3300 quantum
2648 3232 2881 3302 quisque
2899 3231 3208 3303 negotiatus
3228 3241 3391 3289 esset.
3416 3233 3580 3293 Venit
3599 3243 3789 3292 autem

2194 3338 2214 3371 ‹
2253 3321 2462 3389 primus
2501 3322 2689 3378 dicens
2720 3339 2736 3378 :
2770 3322 3019 3388 Domine,
3050 3323 3201 3379 mina
3232 3332 3357 3390 tua,
3384 3324 3577 3381 decem
3605 3326 3789 3384 atinas

2180 3394 2212 3464 ἰ
2246 3413 2558 3483 acquisivit,
2598 3420 2653 3469 et
2682 3414 2761 3468 ait
2790 3413 2867 3468 illi
2893 3432 2907 3468 ε
2934 3410 3113 3485 Euge,
3145 3429 3303 3470 serve
3329 3415 3472 3471 bene
3496 3425 3553 3471 et
3580 3416 3785 3482 ﬁdelis,

2190 3521 2210 3554 ι
2251 3504 2378 3574 quia
2399 3504 2454 3559 in
2474 3506 2687 3560 modico
2702 3504 2852 3562 fuisti
2875 3505 3070 3572 ﬁdelis,
3090 3507 3205 3562 eris
3224 3514 3553 3577 potestatem
3574 3508 3789 3566 habent

2190 3610 2210 3646 ι
2254 3610 2418 3665 super
2434 3594 2624 3651 decem
2641 3597 2909 3653 civitates.
2941 3597 3011 3652 Et
3037 3596 3173 3652 alter
3206 3598 3376 3665 venit,
3406 3599 3597 3655 dicens
3626 3597 3777 3656 :Do-

2188 3710 2209 3744 r
2252 3694 2417 3759 mine,
2442 3695 2594 3751 mina
2618 3705 2713 3752 tua
2736 3695 2867 3753 fecit
2894 3699 3134 3768 quinque
3166 3701 3377 3767 minas,
3407 3702 3538 3757 huic
3558 3703 3644 3757 ait
3666 3721 3685 3757 :
3710 3702 3787 3762 ἢ

2188 3804 2209 3838 ι
2256 3795 2310 3842 tu
2338 3797 2457 3845 esto
2495 3804 2661 3859 super
2686 3791 2927 3861 quinque
2954 3793 3226 3849 civitates.
3253 3794 3323 3848 Et
3347 3795 3491 3849 alter
3520 3795 3669 3851 venit
3694 3796 3785 3851 di-

2187 3895 2206 3929 t
2251 3880 3781 3960 cens:Domine,ecceminatua,tpamh-huircpo-

2187 3988 2207 4023 ι
2251 3973 2413 4027 sitam
2436 3974 2492 4029 in
2520 3975 2771 4043 sudario;
2802 3977 2959 4031 timui
2982 3978 3130 4033 enim
3153 3987 3225 4045 te,
3250 3981 3381 4049 quia
3409 3981 3572 4036 homo
3592 3990 3779 4038 anato-

2189 4080 2208 4115 s
2243 4080 2338 4121 rus
2361 4081 2443 4133 es,
2468 4066 2613 4123 tollis
2636 4069 2783 4139 quod
2812 4084 2922 4124 non
2951 4071 3201 4141 posuisti,
3228 4081 3285 4127 et
3310 4074 3470 4128 metis
3496 4076 3775 4144 qundam

2185 4175 2205 4209 ι
2240 4158 2543 4226 seminasti,
2575 4160 2707 4217 dicit
2727 4161 2779 4217 ei
2804 4178 2821 4215 :
2848 4161 2926 4216 De
2944 4176 3042 4218 ore
3070 4170 3166 4219 tuo
3192 4163 3465 4233 tejudice,
3498 4183 3778 4226 εει-κιο-

2184 4264 2204 4300 t
2234 4263 2421 4319 quam.
2453 4248 2679 4308 Sciebas
2704 4254 2850 4322 quod
2876 4269 2977 4326 ego
3004 4257 3167 4312 homo
3188 4268 3442 4314 austaus
3478 4275 3636 4328 mn,
3662 4260 3767 4317 ω.

2183 4357 2203 4391 ‹
2246 4339 2855 4414 lensquodnonposui,
2879 4353 2935 4400 et
2956 4357 3166 4403 metens
3186 4350 3765 4417 φωνῇκαὶ-πή,

2181 4449 2201 4482 ‹
2244 4440 2300 4487 et
2327 4447 2495 4503 quare
2523 4449 2630 4488 non
2652 4435 2849 4491 dedisti
2873 4439 3160 4507 pecuniam
3182 4453 3359 4494 meam
3387 4439 3457 4495 ad
3476 4456 3723 4497 messa-
3740 4442 3767 4498 2

2182 4539 2200 4573 ι
2242 4533 2301 4578 et
2319 4539 2422 4595 ego
2446 4526 2672 4581 veniens
2697 4541 2825 4582 cum
2852 4529 3032 4584 usuris
3052 4531 3241 4599 utiqu
3266 4530 3571 4602 exegimu-
3596 4531 3763 4598 illan,

491 4582 714 4677 peritu.
734 4582 1343 4670 Horam-aemulum
1370 4582 1631 4673 nunqu
1652 4582 2069 4680 macri-Viden;
2094 4582 2149 4647 Β
2179 4635 2199 4669 ι
2243 4627 2301 4674 et
2326 4582 2635 4676 astantibus
2655 4622 2794 4677 dixit
2823 4637 2837 4675 :
2864 4582 3189 4682 Auferteab
3210 4582 3305 4682 illo
3330 4582 3540 4682 minam
3559 4582 3761 4684 etiam

490 4697 647 4753 nobis
674 4699 845 4755 voluit
866 4716 986 4757 esse
1006 4704 1362 4776 inongnitam,
1387 4715 1448 4763 ut
1477 4723 1694 4779 semper
1740 4712 1910 4780 possit
1949 4728 2071 4770 esse

489 4799 762 4861 “Specta,
788 4800 849 4848 ut
873 4794 999 4849 dum
1024 4796 1167 4851 illam
1204 4800 1504 4869 praevidere
1526 4818 1636 4858 non
1660 4817 1971 4874 possumus,
2000 4808 2069 4863 ad

490 4881 637 4938 illam
666 4885 782 4941 sine
800 4886 1202 4945 intermissione
1226 4904 1612 4964 praeparentur.

561 4973 650 5026 Ait
670 4984 852 5030 autem
883 4977 933 5033 ei
980 4974 1170 5034 Petrus
1194 4993 1213 5033 :
1235 4981 1481 5051 Domine,
1509 4986 1580 5040 ad
1609 5002 1704 5041 nos
1753 4988 1885 5043 dicis
1928 4990 2065 5046 hanc

486 5064 813 5137 parabelsm,
836 5085 906 5124 an
932 5078 982 5125 at
1010 5072 1079 5125 ad
1104 5075 1324 5129 omnes?
1357 5076 1414 5132 id
1432 5086 1517 5133 est
1548 5079 1617 5134 ad
1642 5094 1738 5135 nos
1762 5082 2066 5151 specialiter

490 5155 784 5227 apostolos,
816 5174 891 5215 an
928 5170 984 5218 et
1020 5164 1298 5221 admunus
1326 5167 1417 5237 qui
1452 5168 1697 5225 salvandi
1723 5180 1869 5238 sunt,
1894 5173 2066 5229 dicis?

555 5247 703 5303 Dixit
727 5259 903 5307 autem
933 5253 1189 5311 Dominus
1216 5270 1235 5309 :
1278 5257 1408 5324 Quis
1436 5270 1630 5331 putans
1653 5271 1731 5316 est
1759 5263 1933 5333 fidelis
1982 5266 2066 5321 di-

483 5353 756 5411 spensator
781 5356 830 5400 et
852 5348 1100 5419 prudens,
1124 5367 1275 5422 quem
1314 5355 1593 5408 constituet
1629 5355 1887 5412 Dominus
1908 5374 2065 5430 super

483 5435 745 5504 familiam
773 5454 947 5507 suam,
978 5450 1033 5495 ut
1059 5441 1143 5496 det
1165 5443 1271 5499 illis
1295 5445 1351 5500 in
1377 5454 1605 5517 tempore
1648 5450 1810 5503 tritici
1858 5464 2065 5505 mensu-

484 5542 620 5579 ram.
648 5527 752 5582 Per
784 5546 1094 5587 mensuram
1119 5536 1283 5591 tritici
1306 5538 1631 5608 exprimitur
1653 5542 1844 5595 modus
1889 5542 2059 5596 verbi.

481 5614 604 5675 Alta
639 5622 838 5677 etenim
868 5639 1096 5696 quaeque
1126 5628 1319 5684 debent
1343 5631 1528 5686 multis
1552 5632 1896 5687 audientibus
1932 5647 2063 5686 con-

484 5712 614 5783 tegi,
639 5720 692 5767 et
716 5714 804 5769 vix
828 5718 1016 5787 paucis
1043 5719 1264 5789 aperiri,
1287 5738 1354 5777 ne
1375 5738 1500 5777 cum
1531 5731 1759 5794 angusto
1792 5724 1943 5779 cordi
1972 5723 2057 5779 in-

2178 4728 2198 4764 c
2236 4710 2311 4765 illi
2341 4712 2433 4781 qui
2474 4713 2661 4768 decem
2696 4714 2874 4771 minas
2905 4716 3099 4783 habet,
3126 4725 3184 4773 et
3208 4718 3470 4774 dixerunt
3498 4719 3575 4773 illi
3608 4737 3625 4773 :
3658 4719 3763 4774 Do-

2178 4819 2198 4853 r
2243 4803 2406 4871 mine,
2432 4804 2598 4859 habet
2618 4807 2809 4863 decem
2843 4808 3036 4863 minas.
3066 4792 3201 4865 Dico
3224 4819 3410 4865 autem
3431 4810 3611 4875 vobis.
3630 4810 3761 4882 quia

2175 4908 2195 4942 ι
2239 4892 2389 4946 omni
2424 4892 2650 4949 babenti
2689 4896 2938 4963 dabitur,
2982 4897 3034 4953 ei
3075 4907 3260 4956 autem
3294 4901 3388 4971 qui
3422 4914 3539 4957 nn
3570 4902 3757 4968 habet,

2173 5002 2193 5037 ς
2237 4993 2293 5041 et
2327 4986 2470 5057 quod
2495 4986 2659 5043 habet
2688 4988 3172 5048 aufereturabeo.
3204 5012 3224 5047 s

2243 5078 2416 5134 Homo
2428 5081 2651 5153 quidam
2678 5083 2869 5139 nullis
2896 5085 3101 5139 sbiitin
3129 5087 3393 5158 regionem
3410 5086 3755 5158 tangitque:

2170 5172 2404 5243 accipere
2431 5174 2531 5228 sibi
2563 5190 2781 5246 regnum
2807 5185 2857 5230 et
2878 5178 3085 5233 reuerti.
3115 5177 3291 5236 Homo
3314 5181 3519 5237 nobilis
3542 5191 3628 5237 est
3644 5182 3750 5247 ille,

2167 5262 2255 5316 oui
2272 5277 2450 5318 caesiis
2470 5276 2633 5334 supra
2658 5264 2930 5321 clamabat
2958 5286 2970 5321 :
3000 5264 3114 5323 Fili
3146 5267 3339 5336 David,
3362 5273 3615 5327 κίκι-εκ
3631 5274 3750 5337 usi.

2166 5364 2222 5409 et
2251 5357 2485 5411 venienti
2528 5356 2958 5431 Hierosolymam
2997 5363 3400 5419 concinebant:
3428 5363 3655 5421 Osanna
3688 5366 3755 5436 ῤ-

2166 5445 2238 5501 lio
2260 5448 2447 5502 David.
2480 5448 2793 5505 Benedictus
2813 5453 2905 5523 qui
2925 5453 3063 5507 venit
3088 5470 3148 5508 tn
3174 5456 3384 5510 nomine
3412 5455 3634 5512 Domini
3660 5473 3752 5511 res

2163 5536 2354 5593 Israel.
2382 5539 2696 5611 Long-inqua
2724 5545 2890 5615 regio,
2915 5545 3156 5601 Ecclesia
3177 5552 3263 5601 est
3276 5562 3353 5601 es
3373 5548 3658 5619 gentibus,
3685 5548 3751 5604 de

2161 5644 2269 5700 qua
2298 5630 2438 5686 idem
2472 5633 2632 5688 homo
2671 5636 2867 5691 nobilis
2896 5636 3139 5707 loquitur
3166 5654 3179 5690 :
3215 5653 3307 5709 ego
3341 5646 3519 5693 autern
3549 5640 3745 5694 consti-

2158 5728 2302 5777 tutus
2334 5738 2453 5777 sum
2496 5741 2589 5779 rex
2618 5718 2682 5780 ab
2711 5743 2799 5792 eo,
2832 5727 3033 5782 dicitur
3056 5744 3087 5783 a
3112 5726 3275 5783 Patre
3304 5746 3318 5783 :
3350 5726 3579 5784 Postulo
3602 5748 3637 5785 α
3668 5745 3747 5784 me

470 5803 728 5887 “capabile
783 5805 987 5881 aliquid
1032 5811 1309 5883 tribuitur,
1356 5823 1517 5872 extra
1576 5814 1851 5871 fundatur.
1916 5814 2057 5874 Hine
2156 5811 2361 5870 etdabo
2377 5814 2471 5871 tibi
2495 5825 2693 5889 gentes,
2719 5817 3075 5877 hereditatem
3097 5829 3338 5891 tum,“
3362 5824 3746 5893 possessione-
