4026 6478
150 438 280 496 541

1015 435 1533 497 COLLECTIONES
1569 435 1640 507 IN
1676 435 2053 511 EPISTOLAS
2088 436 2179 494 ET
2216 435 2629 494 EVANGELIA.

3296 466 3299 471 ί
3330 438 3438 497 542

152 562 327 609 tuam
349 553 600 609 terminos
627 561 805 620 terrae,
829 565 949 624 qua:
971 546 1222 609 videlicet
1242 553 1528 610 haereditas
1545 568 1610 608 ac
1635 567 1757 623 pos-
1781 554 1836 618 Α
1859 569 1982 611 cum
2016 561 2099 610 est
2119 595 2136 621 ,
2172 562 2227 610 et
2252 554 2522 610 modicum
2537 594 2554 622 ,
2585 552 2833 611 civitates
2872 560 3051 611 autem
3085 552 3272 611 decem
3310 566 3440 613 sunt

152 645 354 701 sessio
380 642 576 700 bifaria
616 645 823 701 ratione
861 646 1013 717 regio
1040 645 1331 720 longinqua
1376 654 1631 712 vocatur,
1672 645 1759 703 vel

152 733 307 805 quia
338 748 371 788 a
413 733 611 789 ﬁnibus
651 742 810 790 terra:
853 735 1122 791 clamabat
1165 735 1235 792 ad
1283 737 1474 803 Deum,
1517 736 1603 791 vel
1631 736 1758 807 quia

149 823 338 898 longe
369 834 456 882 est
482 840 513 880 a
548 827 922 899 peccatoribus
947 828 1114 897 salus,
1140 837 1197 885 et
1230 844 1351 883 eum
1389 830 1531 885 Deus
1557 828 1759 899 ubique

150 917 240 972 sit
264 932 534 989 praesens,
564 918 725 989 longe
750 927 932 975 tamen
958 921 1026 977 ab
1056 938 1247 977 eorum
1276 937 1458 989 sensu,
1486 921 1579 991 qui
1612 908 1765 1003 idola:

148 1011 382 1076 colunt,
417 1012 562 1069 Deus
586 1029 748 1071 verus
777 1016 948 1072 abest.
982 1017 1086 1076 Sed
1124 1019 1218 1088 qui
1238 1028 1394 1074 erant
1421 1019 1601 1087 longe,
1626 1018 1767 1091 facti,

151 1110 306 1159 sunt
325 1118 494 1174 prope
526 1104 580 1158 in
611 1107 875 1177 sanguine
899 1107 1121 1162 Christi.
1686 1172 1689 1177 η

248 1192 467 1250 Vocatis
505 1204 677 1250 autem
718 1197 892 1251 decem
920 1201 1079 1253 servis
1119 1200 1227 1253 suis
1258 1200 1398 1254 dedit
1433 1200 1539 1256 illis
1580 1201 1757 1256 decem

148 1285 371 1352 minus,
397 1294 501 1341 etc.
530 1286 794 1343 Denarius
821 1305 1075 1345 numerus
1100 1290 1166 1344 ad
1187 1291 1358 1362 legem
1380 1291 1614 1360 pertinet
1634 1306 1758 1361 pro-

147 1384 298 1446 pter
330 1377 684 1449 Decalogum,
719 1390 877 1436 vocat
912 1385 1096 1452 itaque
1137 1383 1529 1453 paterfamilias
1571 1384 1755 1439 decem

151 1480 384 1533 servos,
415 1470 543 1537 quia
574 1469 735 1542 elegit
768 1472 1060 1543 discipulos
1085 1490 1182 1543 per
1212 1474 1447 1529 litteram
1479 1474 1612 1546 legis
1650 1475 1755 1530 im-

153 1558 361 1614 butos.
394 1559 496 1615 Dat
525 1561 632 1617 illis
665 1564 850 1618 decem
877 1566 1074 1632 minas,
1105 1567 1230 1635 quia
1261 1567 1397 1637 legis
1425 1568 1567 1622 dicta
1597 1567 1756 1638 spiri-

154 1650 397 1706 tualiter
423 1652 768 1724 intelligenda
792 1655 1010 1710 revelat.
1042 1655 1171 1711 Post
1195 1659 1500 1727 passionem
1535 1659 1751 1728 quippe,

152 1742 739 1814 resurrectionemque
768 1761 918 1799 suam
951 1747 1165 1817 aperuit
1192 1746 1298 1802 illis
1327 1763 1547 1802 sensum
1576 1756 1635 1802 ut
1664 1748 1750 1801 in-

152 1831 479 1903 telligerent
516 1833 844 1904 Scripturas.
896 1836 1035 1890 Mina
1081 1852 1244 1907 quam
1276 1836 1449 1893 Grmci
1479 1844 1620 1911 μνᾶμ
1661 1854 1754 1892 vo-

1863 645 2057 699 animze
2091 659 2189 715 per
2236 643 2367 714 legis
2395 645 2622 700 verbum
2664 645 2731 700 ad
2762 645 2990 717 gratiam
3029 644 3307 716 Evangelii
3349 662 3441 707 ve-

1860 737 2094 804 nientes,
2115 737 2309 806 quibus
2339 747 2470 793 tunc
2493 753 2619 808 Jure
2647 737 3027 810 gloriﬁcandus
3056 738 3145 794 ille
3173 738 3443 811 praeponi-

1860 834 1978 892 tur,
2008 829 2101 899 qui
2130 828 2211 884 eis
2245 829 2527 899 pecuniam
2563 830 2717 885 verbi
2764 829 2923 901 digne
2957 831 3437 889 commendaverit.

1933 918 2003 972 Et
2025 918 2158 974 alter
2179 921 2314 974 venit
2340 921 2517 977 dicens
2545 940 2563 978 :
2591 922 2835 989 Domine,
2858 924 3005 978 mina
3033 933 3124 979 tua
3144 923 3267 994 fecit
3285 925 3441 998 quin-

1859 1028 1959 1082 que
1994 1015 2182 1067 minus.
2217 1013 2417 1069 Servus
2456 1015 2559 1070 iste
2596 1022 2769 1070 cmtus
2811 1022 2894 1069 est
2932 1030 3119 1071 eorum
3166 1015 3259 1086 qui
3294 1030 3437 1085 prte-

1859 1096 2011 1173 putio
2034 1105 2406 1175 evangelizare
2437 1105 2587 1160 missi
2616 1113 2760 1170 sunt,
2799 1105 2887 1159 cui
2916 1104 3175 1163 Dominus
3196 1108 3264 1162 ad
3294 1122 3438 1178 prte-

1860 1195 2145 1250 dicandum
2172 1198 2340 1265 eunti,
2374 1213 2536 1252 unam
2569 1198 2790 1263 minam,
2817 1197 2921 1253 hoc
2947 1205 3029 1252 est
3047 1238 3062 1265 ,
3093 1214 3257 1252 unam
3284 1213 3437 1254 eam-

1861 1287 2093 1360 demque
2121 1288 2283 1344 ﬁdem
2313 1305 2433 1360 quae
2463 1299 2519 1345 et
2543 1288 2945 1345 circumcisioni
2972 1290 3176 1345 credita
3201 1286 3285 1345 est
3309 1305 3442 1361 pree-

1859 1380 2105 1447 stiterat,
2133 1382 2226 1436 sed
2250 1383 2366 1436 hzec
2406 1381 2642 1452 quinque
2684 1382 2857 1436 minas
2897 1379 3052 1446 fecit,
3089 1381 3215 1452 quia
3254 1389 3442 1452 gentes

1858 1475 2105 1545 corporis
2138 1475 2384 1530 sensibus
2413 1484 2571 1530 antea
2613 1475 2949 1545 mancipatus
2969 1515 2983 1540 ,
3014 1472 3081 1527 ad
3118 1472 3245 1527 ﬁdei
3275 1488 3440 1528 evan-

1857 1567 2041 1639 gelicae
2070 1566 2299 1637 gratiam
2337 1566 2622 1621 convertit.

1929 1660 1998 1714 Et
2025 1660 2145 1713 huic
2169 1661 2241 1713 ait
2267 1673 2285 1710 :
2315 1658 2384 1713 Et
2408 1669 2462 1712 tu
2485 1669 2593 1713 esto
2614 1676 2772 1729 super
2798 1657 3025 1731 quinque
3051 1657 3300 1712 civitates.
3322 1655 3439 1713 Hoc

1856 1760 1940 1808 est
1977 1767 2043 1806 ex
2076 1767 2262 1806 earum
2290 1767 2423 1820 quas
2460 1750 2731 1805 imbueras
2766 1751 3069 1804 animarum
3100 1749 3205 1805 ﬁde
3225 1758 3279 1804 et
3305 1764 3440 1804 con-

1857 1830 2193 1907 versatione,
2224 1857 2453 1912 magnus
2500 1840 2853 1911 sublimisque
2882 1839 3115 1913 fulgeto,
3154 1840 3245 1911 qui
3276 1856 3371 1896 eas
3406 1856 3438 1897 a

154 1930 297 1976 cant
327 1938 356 1978 ε
385 1924 623 1995 dragmis
647 1927 986 1996 appenditur,
1020 1936 1073 1983 et
1098 1929 1275 1984 omnis
1315 1928 1605 1999 Scriptura:
1636 1946 1749 1984 ser~
1778 1920 1827 1979 Β
1856 1936 2093 1990 tenebris
2123 1934 2365 1990 docendo
2391 1943 2846 1998 commutaverat,
2898 1942 3043 1988 recte
3081 1935 3317 2005 quinque
3363 1932 3441 1987 εἰς

155 2030 282 2080 mo,
325 2017 451 2085 quia
481 2016 603 2072 vita:
634 2019 867 2074 cmlestis
892 2020 1280 2090 perfectionem
1308 2024 1566 2095 suggerit,
1594 2025 1750 2093 quasi

154 2110 382 2165 numeri
409 2112 705 2165 centenarii
733 2113 971 2183 pondere
998 2113 1266 2185 fulgescit.

233 2199 313 2256 Et
338 2202 412 2256 ait
434 2202 541 2257 illis
564 2218 582 2255 :
611 2202 970 2273 Negotiamini
992 2206 1117 2259 dum
1135 2208 1302 2265 venio.
1328 2207 1523 2273 Verba,
1554 2208 1747 2279 inquit,

154 2288 306 2364 legis
351 2308 417 2349 ac
465 2296 853 2366 prophetarum
899 2298 1125 2367 mystica
1172 2298 1622 2368 interpretatione
1667 2300 1749 2352 di—

155 2394 381 2449 scussa,
418 2383 625 2455 populis
653 2383 864 2450 offerte,
900 2396 1063 2458 atque
1091 2388 1158 2442 ab
1191 2387 1273 2441 eis
1298 2386 1420 2441 fidei
1453 2388 1749 2443 confessio-

154 2489 291 2531 nem
318 2516 333 2543 ,
375 2491 695 2549 morumque
733 2479 1057 2550 probitatem
1102 2482 1325 2551 recipite
1359 2501 1372 2536 :
1394 2480 1549 2550 juxta
1601 2486 1747 2555 quod

156 2564 459 2624 Psalmista
489 2569 600 2624 suis
636 2571 973 2626 auditoribus
1006 2573 1265 2642 praecepit
1289 2574 1473 2629 dicens
1507 2592 1519 2627 :
1551 2574 1751 2630 Sumite

156 2659 430 2732 psalmum
451 2670 498 2715 et
534 2662 657 2716 date
692 2672 1017 2734 tympanum,
1053 2665 1155 2720 hoc
1187 2674 1291 2733 est,
1322 2666 1533 2722 laudem
1557 2671 1750 2738 praedi-

161 2750 396 2806 cationis
419 2749 473 2806 in
492 2753 671 2808 cordis
692 2754 989 2808 intentione
1013 2756 1273 2825 percipite
1293 2797 1307 2822 ,
1330 2766 1387 2812 et
1412 2759 1749 2816 devotionem

159 2844 349 2913 operis
373 2843 428 2897 in
451 2844 630 2899 carnis
658 2845 1013 2917 castigatione
1043 2846 1289 2917 redigite.

237 2933 388 2991 Cives
418 2945 594 2991 autem
629 2937 744 3006 ejus
775 2937 993 2992 oderant
1026 2937 1196 3005 illum,
1237 2947 1285 2993 et
1328 2940 1578 2993 miserunt
1608 2940 1749 3012 lega-

160 3025 361 3083 tionem
380 3037 496 3099 post
521 3026 693 3093 illum,
731 3027 1003 3083 dicentes:
1037 3027 1300 3084 Nolumus
1342 3030 1481 3084 hunc
1529 3048 1749 3102 regnare

160 3135 326 3192 super
350 3136 463 3174 nos.
486 3118 643 3175 Cives
667 3121 859 3190 impios
885 3120 1097 3177 Judeeos
1126 3123 1277 3188 dicit,
1310 3123 1377 3178 de
1406 3121 1602 3193 quibus
1622 3123 1746 3178 alibi

162 3220 540 3285 prolestatur:
574 3212 733 3268 Nunc
781 3225 954 3269 autem
992 3224 1039 3270 et
1084 3216 1321 3271 viderunt
1364 3225 1412 3270 et
1449 3216 1669 3270 oderunt
1701 3226 1749 3271 et

1855 2027 2113 2081 vitatibus
2127 2025 2326 2095 prarﬁci
2353 2036 2702 2090 memoratur,
2721 2026 2845 2096 quia
2867 2041 2974 2080 non
2992 2026 3057 2080 de
3074 2025 3186 2079 suis
3204 2032 3434 2091 tantum,

1856 2118 1950 2172 sed
1980 2117 2046 2171 de
2073 2117 2381 2170 auditorum
2429 2132 2673 2184 suorum,
2716 2131 2852 2188 quos
2879 2115 2947 2171 ad
2993 2115 3169 2172 lucem
3218 2113 3436 2179 vocavit

1855 2206 2193 2277 profectibus
2225 2208 2543 2261 honoratur.

1927 2300 1995 2353 Et
2008 2298 2141 2353 alter
2162 2300 2294 2351 venit
2315 2298 2489 2353 dicens
2515 2316 2527 2351 :
2553 2297 2796 2361 Domine,
2824 2314 2939 2352 ecce
2959 2297 3103 2352 mina
3134 2306 3247 2362 tua,
3274 2311 3437 2369 quam

1855 2389 2016 2444 habui
2046 2389 2268 2457 reposita
2287 2429 2301 2453 ,
2334 2396 2441 2443 etc.
2482 2387 2771 2443 Pecuniam
2796 2389 2850 2442 in
2876 2388 3093 2443 sudario
3118 2387 3316 2459 quippe
3347 2402 3437 2444 re-

1856 2481 2047 2552 ligare,
2073 2488 2156 2533 est
2183 2488 2435 2550 percepta
2451 2480 2591 2534 dona
2617 2480 2717 2535 sub
2746 2480 2859 2534 otio
2882 2478 3008 2533 lenti
3038 2479 3283 2549 corporis
3308 2479 3435 2535 abs-

1854 2572 2105 2634 condere,
2146 2579 2271 2625 sunt
2307 2570 2449 2624 enim
2480 2570 2760 2636 homines,
2800 2569 2902 2624 hac
2949 2568 3049 2623 sibi
3082 2568 3439 2639 perversitate

1852 2662 2213 2727 blandientes,
2259 2659 2455 2716 sufﬁcit
2486 2668 2548 2715 ut
2587 2659 2653 2715 de
2680 2676 2738 2715 se
2773 2659 3143 2730 unusquisque
3169 2658 3437 2714 rationem
3494 2676 3499 2693 ·

1853 2757 2065 2820 reddat,
2106 2753 2232 2823 quid
2270 2768 2405 2823 opus
2442 2761 2525 2808 est
2549 2752 2670 2807 aliis
2700 2751 3015 2822 praedicare,
3058 2757 3137 2805 ut'
3158 2749 3323 2804 etiam
3368 2747 3437 2804 de

1853 2849 1985 2919 ipsis
2028 2848 2292 2902 rationem
2323 2844 2550 2901 reddere
2586 2845 2816 2915 quisque
2845 2852 3101 2913 cogatur,
3134 2857 3258 2898 eum
3294 2837 3438 2912 apud

1851 2939 2139 2996 Dominum
2167 2936 2329 2991 etiam
2366 2935 2441 2990 illi
2485 2936 2595 2991 sint
2636 2934 3065 3000 inexcusabiles,
3112 2934 3308 3004 quibus
3348 2930 3438 2987 lex

1852 3032 1977 3088 data
2017 3046 2127 3085 non
2162 3037 2264 3093 est,
2305 3042 2480 3098 neque
2514 3026 2697 3081 audito
2738 3024 3033 3096 Evangelio
3074 3023 3436 3090 dormierunt,

1854 3121 1983 3194 quia
2008 3136 2107 3192 per
2137 3127 2447 3174 creaturam
2468 3125 2724 3188 poterant
2754 3125 3059 3171 creatorem
3085 3127 3438 3187 cognoscere,

1852 3210 1957 3265 hoc
2000 3218 2083 3264 est
2115 3210 2260 3264 enim
2296 3208 2454 3278 quasi
2481 3215 2720 3271 metere,
2754 3207 2844 3261 ubi
2892 3221 2998 3260 non
3044 3203 3352 3269 seminavit,
3385 3200 3441 3259 id

163 3318 251 3358 me
292 3311 342 3356 et
375 3297 591 3356 Patrem
640 3319 843 3369 meum,
896 3303 989 3373 qui
1041 3320 1147 3359 non
1198 3304 1372 3360 solum
1430 3313 1751 3375 praesentem
1779 3274 1824 3338 Ο
1857 3312 1940 3357 est
1978 3303 2141 3357 etiam
2164 3318 2258 3356 eos
2285 3301 2581 3371 impietatis
2605 3316 2728 3355 reos
2757 3307 2959 3362 tenere,
2991 3297 3190 3368 quibus
3215 3297 3442 3351 verbum

163 3407 343 3464 usque
375 3392 443 3447 ad
482 3401 712 3448 mortem
749 3394 928 3449 crucis
967 3394 1214 3462 oderant,
1259 3396 1354 3451 sed
1400 3406 1455 3451 et
1490 3397 1602 3468 jam
1632 3405 1755 3467 post

165 3484 626 3543 resurrectionem
670 3483 808 3553 ejus,
854 3494 1122 3541 noverunt
1150 3488 1585 3558 persecutionem
1624 3503 1753 3558 apo-

167 3575 357 3643 stolis,
394 3586 450 3632 et
476 3575 915 3646 praedicationem
946 3577 1095 3646 regni
1134 3576 1371 3632 caelestis
1411 3585 1749 3648 spreverunt.

240 3664 313 3721 Et
349 3665 546 3738 factum
568 3674 642 3719 est
683 3676 738 3720 ut
780 3667 970 3721 rediret
1004 3677 1213 3739 accepto
1254 3685 1428 3740 regno.
1473 3667 1754 3739 Signiﬁcat

168 3764 406 3829 tempus,
434 3759 649 3829 quando
679 3757 735 3811 in
766 3756 1209 3814 manifestissima
1238 3767 1294 3815 et
1326 3760 1753 3816 eminentissima

172 3849 419 3907 claritate
458 3860 718 3906 venturus
766 3859 867 3918 cst,
932 3852 1023 3921 qui
1071 3853 1151 3908 eis
1199 3851 1421 3908 humilis
1478 3854 1749 3924 apparuit,

174 3956 297 3997 cum
325 3942 528 3998 diceret
561 3961 574 3996 :
606 3939 839 4013 Regnum
879 3958 1053 3997 meum
1094 3959 1199 3998 non
1231 3952 1306 3998 est
1337 3943 1401 3999 de
1431 3943 1528 3998 hoc
1555 3945 1751 3999 mundo

176 4030 359 4107 (Joan.
392 4031 531 4104 xix).

246 4122 447 4190 Quibus
481 4133 529 4179 et
558 4123 721 4194 jussit
747 4124 923 4177 vocari
950 4140 1156 4191 servos,
1198 4124 1384 4195 quibus
1416 4124 1559 4179 dedit
1596 4143 1754 4198 pecu-

174 4218 338 4283 niam,
364 4226 423 4270 ut
441 4217 593 4271 sciret
621 4225 876 4293 quantum
902 4218 1118 4289 quisque
1148 4218 1441 4288 negotiatus
1469 4227 1622 4284 esset,
1647 4225 1748 4274 ctc.

178 4311 250 4370 Ut
280 4311 460 4374 sciret,
489 4311 683 4381 inquit,
714 4323 820 4365 non
843 4310 985 4380 quod
1014 4325 1140 4365 eum
1169 4310 1297 4381 quid
1333 4310 1516 4375 lateat,
1544 4310 1631 4366 cui
1658 4325 1750 4365 ve-

178 4404 387 4461 rissime
410 4403 610 4458 dictum
636 4410 738 4468 est,
771 4402 1009 4470 Domine,
1044 4412 1103 4457 tu
1129 4403 1306 4457 omnia
1332 4404 1432 4457 scis
1449 4444 1464 4469 ,
1491 4403 1585 4458 sed
1613 4404 1753 4458 seire

179 4498 323 4563 dicit,
349 4496 490 4551 scire
513 4509 701 4550 omnes
722 4493 942 4548 faceret.
973 4493 1125 4550 Tunc
1146 4495 1288 4548 enim
1318 4494 1561 4549 omnium
1589 4509 1752 4565 opera

177 4598 230 4646 et
255 4588 605 4661 cogitationes
634 4586 811 4656 palam
839 4586 1092 4641 omnibus
1116 4587 1490 4641 ostenduntur.

251 4678 403 4734 Venit
428 4687 602 4733 autem
623 4677 822 4747 primus
851 4676 1026 4729 dicens
1054 4690 1072 4727 :
1099 4674 1343 4741 Domine,
1371 4679 1515 4732 mina
1538 4688 1629 4732 tua
1664 4677 1753 4732 de-

179 4790 283 4829 cem
310 4773 482 4827 minas
504 4770 796 4843 acquisivit.
823 4768 1036 4824 Primus
1058 4785 1246 4825 servus
1262 4812 1276 4837 ,
1307 4771 1440 4827 ordo
1464 4771 1749 4827 doctorum

177 4874 277 4931 est,
304 4865 361 4919 in
397 4862 864 4918 eircumcisionem
896 4861 1207 4928 missorum,
1235 4864 1326 4933 qui
1356 4878 1517 4917 unam
1546 4865 1747 4921 minam

176 4955 544 5029 negotiaturus
563 4952 803 5022 accepit;
829 4951 921 5022 qui
961 4968 1125 5006 unum
1154 4951 1350 5020 Deum,
1372 4969 1534 5008 unam
1563 4953 1745 5022 fidem,

175 5062 339 5109 unum
375 5046 674 5116 baptisma,
718 5061 883 5101 unum
920 5045 1205 5101 Dominum
1242 5048 1540 5118 praedicare
1562 5049 1748 5120 jussus

178 5153 279 5200 est.
321 5140 430 5199 Sed
468 5144 586 5199 hzec
609 5140 799 5197 eadem
843 5140 989 5196 mina
1030 5141 1213 5195 decem
1254 5140 1431 5196 minas
1465 5142 1753 5212 acquisivit

180 5237 267 5308 qui
300 5235 555 5308 populum
574 5235 675 5292 sub
702 5235 821 5306 lege
846 5234 1222 5300 constitutum,
1256 5233 1479 5289 sibimet
1506 5234 1752 5292 docendo

181 5326 420 5384 sociavit.

248 5419 315 5473 Et
350 5419 425 5472 ait
454 5418 535 5473 illi
562 5434 581 5471 :
612 5419 779 5490 Euge,
802 5435 946 5474 serve
967 5419 1098 5473 bone
1119 5429 1167 5474 et
1192 5419 1386 5491 ﬁdelis,
1409 5421 1534 5492 quia
1559 5421 1615 5477 in
1641 5438 1754 5476 mo-

182 5512 291 5568 dico
320 5512 470 5581 fuisti
487 5511 682 5582 ﬁdelis,
713 5513 815 5567 eris
842 5522 1147 5585 potestatem
1170 5514 1364 5569 habens
1389 5532 1546 5586 super
1571 5515 1750 5571 decem

181 5607 426 5662 civitates.
454 5605 515 5660 ιιι
538 5606 750 5662 modico
775 5620 965 5661 servus
991 5615 1074 5661 est
1097 5604 1401 5676 ﬁdelis,'qui
1423 5623 1526 5661 non
1551 5607 1754 5664 adulte-

183 5706 264 5752 rat
293 5697 515 5753 verbum
546 5698 642 5753 Dei
673 5716 685 5751 :
719 5698 813 5753 sed
849 5698 987 5753 sicut
1014 5712 1081 5752 ex
1118 5697 1257 5761 Deo,
1307 5713 1489 5752 coram
1519 5698 1649 5766 Deo,
1695 5702 1747 5757 in

182 5786 393 5847 Christo
421 5788 679 5862 loquitur,
709 5790 969 5863 quidquid
994 5790 1137 5845 enim
1172 5790 1226 5845 in
1249 5791 1501 5861 praesenti
1525 5793 1751 5864 percipi-

180 5890 299 5941 mus
320 5880 605 5952 donorum,
626 5882 690 5939 in
710 5881 1116 5958 comparatione
1143 5879 1468 5953 futurorum,
1491 5898 1589 5956 per
1613 5901 1748 5959 pau-

1835 3393 2014 3465 -legis,
2039 3401 2132 3446 aut
2157 3391 2433 3462 Evangelii
2463 3405 2568 3444 non
2595 3389 2960 3443 ministratum
2984 3395 3084 3459 est.
3114 3382 3233 3440 Hoc
3256 3395 3444 3441 autem

1853 3485 2018 3539 veluti
2052 3484 2351 3556 periculum
2376 3481 2567 3552 judicii
2607 3482 2931 3556 devitantes,
2961 3479 3115 3551 pigro
3144 3477 3440 3550 languore,

1856 3594 1888 3633 a
1922 3576 2070 3633 verbi
2102 3576 2500 3631 ministratione
2538 3552 2947 3643 conquiescurit,
2992 3570 3097 3627 hoc
3136 3576 3239 3636 est,
3286 3564 3441 3641 quasi

1852 3669 1909 3727 in
1950 3668 2166 3723 sudario
2194 3666 2372 3739 ligari,
2418 3666 2561 3739 quod
2591 3669 2935 3736 acceperunt.

1926 3762 2065 3816 Dicit
2083 3760 2131 3816 ei
2156 3774 2173 3813 :
2203 3759 2284 3815 De
2319 3777 2407 3814 ore
2431 3768 2521 3813 tuo
2546 3769 2594 3813 te
2610 3758 2823 3829 judico,
2864 3772 3006 3810 serve
3030 3768 3273 3829 nequam.
3306 3751 3441 3809 Ser-

1854 3869 1955 3909 vus
1989 3868 2222 3924 nequam
2251 3860 2500 3918 vocatur,
2531 3850 2660 3921 quia
2689 3857 2744 3905 et
2771 3849 2924 3920 piger
2949 3850 3013 3903 ac
3035 3845 3194 3902 deses
3228 3853 3344 3914 est,
3371 3842 3441 3902 ad

1855 3946 2217 4002 exercendum
2256 3945 2559 4016 negotium,
2607 3951 2663 3998 et
2697 3957 2908 4014 prem
2953 3955 3019 4001 ac
3064 3938 3330 4011 superbus
3370 3934 3441 3994 ad

1856 4039 2221 4095 accusandum
2251 4037 2465 4092 Domini
2488 4035 2775 4106 judicium.

1927 4133 2139 4190 Sciebas
2174 4131 2312 4203 quod
2338 4147 2430 4201 ego
2456 4130 2609 4184 homo
2644 4135 2887 4182 austeras
2920 4139 3060 4190 sum,
3090 4121 3276 4178 tollens
3299 4119 3439 4193 quod

1856 4240 1962 4278 non
1990 4223 2170 4294 posui,
2207 4231 2312 4276 etc.
2345 4218 2443 4291 (Ex
2478 4217 2726 4289 Hieron.)
2754 4215 2906 4284 Quod
2932 4221 3217 4287 putaverat
3250 4208 3441 4268 se'ex—

1856 4314 2137 4371 cusatione
2172 4313 2392 4375 dixisse,
2427 4311 2482 4364 in
2523 4309 2735 4379 culpam
2766 4307 3039 4378 propriam
3071 4305 3335 4371 vertitur,
3367 4302 3437 4370 si,

1858 4406 2055 4476 inquit,
2079 4405 2273 4459 durum
2295 4412 2348 4459 et
2367 4401 2643 4458 crudelem
2664 4414 2782 4455 esse
2804 4413 2890 4454 me
2911 4410 3164 4461 noveras,
3188 4403 3244 4451 et
3263 4394 3441 4451 aliena

1858 4506 2005 4554 secta
2037 4497 2262 4564 sectari,
2292 4496 2475 4567 ibique
2506 4502 2729 4559 metere,
2767 4488 2862 4546 ubi
2888 4504 2999 4545 non
3035 4487 3438 4554 seminaverim,

1777 4627 1832 4689 Β
1858 4607 2027 4662 quare
2040 4606 2143 4646 non
2160 4590 2259 4645 tibi
2282 4588 2585 4645 istiusmodi
2611 4584 2870 4659 cogitatio
2898 4582 3125 4688 incussit
3150 4578 3441 4689 timorem?

1852 4694 1917 4738 ut
1949 4684 2119 4738 scires
2158 4698 2245 4737 me
2283 4697 2402 4737 mea
2432 4681 2744 4752 diligentius
2777 4672 3155 4748 quaesiturum,
3184 4682 3239 4729 et
3280 4673 3441 4729 dares

1853 4776 2137 4845 pecuniam
2158 4788 2358 4840 meam,
2382 4774 2495 4828 sive
2517 4779 2799 4844 argentum
2828 4769 2895 4824 ad
2925 4780 3190 4823 mensam.
3217 4763 3441 4821 Utrum-

1854 4881 1960 4937 que
1983 4867 2126 4921 enim
2148 4868 2388 4942 ἀργύριον
2414 4863 2634 4919 Graecus
2659 4876 2837 4918 sermo
2871 4859 3177 4930 significat:
3209 4856 3440 4929 Eloquia

1854 4955 2090 5027 Domini,
2121 4946 2325 5027 inquit,
2351 4954 2555 5025 eloquia
2583 4964 2751 5021 casta,
2790 4960 3064 5026 argentum
3091 4952 3207 5021 igne
3233 4946 3436 5003 exami-

1855 5059 2058 5105 natum.
2085 5048 2322 5105 Pecunia
2350 5062 2480 5119 ergo
2502 5054 2557 5102 et
2578 5054 2885 5116 argentum,
2916 5040 3233 5115 prmdicatio
3256 5038 3438 5095 Evan-

1856 5141 1983 5213 gelii
2011 5150 2115 5208 est,
2149 5150 2205 5196 et
2234 5156 2415 5196 sermo
2444 5140 2681 5206 divinus,
2711 5140 2802 5211 qui
2829 5139 2948 5194 dari
2975 5137 3160 5194 debuit
3195 5135 3260 5191 ad
3286 5133 3450 5189 men;

1858 5248 1999 5301 sam,
2024 5235 2129 5288 hoc
2156 5240 2260 5299 est,
2288 5231 2555 5303 promptis
2579 5231 2893 5303 paratisque
2920 5226 3156 5284 ﬁdelium
3180 5222 3436 5280 cordibus

1855 5327 2140 5392 intimari;
2193 5325 2259 5381 ad
2308 5342 2469 5397 quam
2502 5325 2753 5381 videlicet
2798 5321 3079 5380 mensam?
3124 5319 3179 5374 id
3218 5325 3327 5383 est,
3368 5315 3437 5371 ad

1854 5429 2092 5475 mentem
2120 5419 2447 5486 auditorum,
2488 5434 2593 5473 non
2627 5417 2728 5473 alia
2760 5431 2921 5487 quam
2944 5410 3211 5469 dominica
3237 5417 3323 5466 est
3342 5408 3438 5464 de-

1850 5509 2074 5567 ferenda
2101 5510 2347 5581 pecunia.
2375 5519 2434 5564 ut
2472 5510 2649 5565 omnis
2670 5523 2851 5564 sermo
2873 5504 3116 5563 docentis
3138 5500 3436 5574 Scriptum

1854 5616 2069 5658 sensum
2088 5610 2365 5672 sequatur.
2384 5599 2518 5655 Nam
2546 5601 2691 5670 quod
2716 5599 2805 5654 hic
2827 5596 3087 5651 Dominus
3113 5608 3220 5650 non
3242 5607 3433 5665 quam-

1846 5699 1981 5756 libet
2008 5699 2290 5768 pecuniam
2313 5740 2326 5762 ,
2360 5698 2454 5753 sed
2492 5712 2645 5751 suam
2688 5693 2820 5749 dicit
2852 5707 2868 5747 :
2906 5689 3279 5746 nummulariis
3309 5690 3429 5744 esse

1851 5792 2234 5858 fenerandam,
2269 5790 2490 5861 exponit
2516 5785 2805 5859 Apostolus
2833 5785 3020 5844 dicens
3061 5803 3075 5843 :
3118 5782 3180 5842 Si
3210 5782 3326 5857 quis
3348 5779 3427 5836 lo-

1849 5887 2047 5961 quitur,
2074 5885 2227 5960 quasi
2248 5897 2512 5941 sermones
2542 5877 2687 5963 Dei.“
3394 5878 3401 5889 ’
