4026 6484
551 384 661 445 345

1833 364 2183 426 δΜᾹΒΑῦΒΙ
2220 365 2512 426 ABBATIS

3734 359 3842 423 544

574 556 578 560 ,
609 497 684 552 Et
714 510 806 567 ego
835 492 1044 548 veniens
1068 502 1181 543 cum
1210 486 1388 542 usuris
1423 486 1601 557 utique
1633 483 1916 553 exegissem
1954 480 2123 535 illam.
2152 488 2206 546 Α
2302 482 2485 540 Sancti
2503 500 2596 556 per
2624 483 2781 554 ﬁdem
2806 483 3037 538 vicerunt
3063 497 3249 553 regna,
3278 481 3477 553 operati
3508 488 3637 535 sunt
3655 480 3839 550 justi-

544 589 645 658 Qui
683 586 834 641 verbi
861 582 1144 655 pecuniam
1173 579 1403 649 percipit
1432 594 1464 631 a
1494 577 1718 632 doctore
1747 573 1987 642 emitque
2008 586 2131 626 cre-

544 684 744 747 dendo,
775 690 995 734 necesse
1029 683 1114 729 est
1134 688 1253 729 eam
1283 688 1404 728 cum
1434 672 1615 726 usuris
1636 668 1811 721 solvat
1836 665 2131 737 operando,

547 785 610 832 ut
637 773 780 845 quod
816 770 1001 824 auditu
1026 765 1236 831 didicit,
1265 772 1595 834 exsequatur
1624 771 1677 816 et
1707 768 1851 815 actu.
1890 759 1946 813 ln
1971 772 2134 814 usura

547 867 746 939 quippe
774 861 1006 933 pecunia
1034 859 1199 914 etiam
1244 871 1354 911 non
1383 857 1506 911 data
1538 855 1826 924 recipitur,
1867 852 1954 907 vel
1988 859 2135 907 certe

547 958 615 1013 de
646 962 868 1024 accepto
906 952 1061 1007 verbi
1096 950 1282 1005 fenore
1306 964 1521 1013 usuras,
1562 948 1653 1017 qui
1686 963 1753 1001 ex
1785 961 1851 1002 eo
1873 945 2016 1015 quod
2038 960 2138 999 au-

548 1047 668 1112 dit,
708 1046 875 1101 etiam
913 1043 1019 1099 alia
1050 1043 1230 1097 studet
1270 1040 1593 1111 intelligere,
1635 1054 1755 1108 qum
1797 1038 2026 1093 necdum
2069 1050 2139 1093 ex

548 1139 925 1213 pnedicatoris
944 1154 1039 1193 ore
1064 1137 1270 1193 didicit.

628 1232 698 1286 Et
722 1229 1017 1286 astantibus
1045 1228 1179 1282 dixit
1207 1241 1226 1280 :
1250 1228 1467 1299 Auferte
1497 1225 1561 1279 ab
1583 1224 1676 1279 illo
1701 1224 1920 1289 minam,
1949 1231 1997 1278 et
2018 1223 2139 1278 date

550 1324 633 1380 illi
656 1324 746 1397 qui
771 1323 948 1377 decem
985 1322 1156 1375 minas
1180 1319 1363 1387 habet,
1407 1328 1454 1373 et
1493 1318 1738 1373 dixerunt
1769 1320 1815 1372 ei
1843 1331 1862 1368 :
1886 1316 2136 1381 Domine,

557 1416 711 1471 habet
738 1415 913 1469 decem
953 1413 1143 1468 minas.
1176 1410 1345 1467 Recte
1378 1411 1580 1466 amittit
1611 1409 1856 1466 collatam
1886 1408 2138 1480 gratiam,

554 1521 721 1577 quam
743 1504 1088 1575 przedicando
1120 1502 1241 1558 aliis
1278 1501 1682 1558 communicare
1710 1499 1963 1572 neglexit,
2004 1507 2063 1553 ut
2088 1496 2140 1552 ei

559 1604 822 1667 augeatur
855 1595 947 1665 qui
976 1595 1031 1649 in
1061 1593 1148 1648 illa
1188 1594 1474 1659 laboravit,
1507 1603 1564 1648 et
1593 1608 1719 1648 cum
1756 1591 1963 1662 regium
1997 1588 2144 1645 chri-

484 1718 491 1725 ι
559 1703 699 1754 sma,
727 1688 870 1758 quod
889 1686 1251 1756 superbiendo
1271 1685 1402 1741 Saul
1425 1685 1630 1751 amisit,
1650 1683 1821 1738 David
1844 1681 2144 1738 obediendo

558 1778 882 1850 promeruit.
914 1776 1066 1844 Quod
1103 1792 1234 1831 vero
1274 1776 1450 1832 ablata
1483 1792 1514 1830 a
1546 1790 1778 1847 nequam
1809 1788 1966 1830 servo
2000 1774 2145 1827 mina

557 1872 626 1931 ei.
651 1872 742 1941 qui
773 1870 963 1926 decem
984 1869 1162 1924 minas
1189 1869 1443 1935 habebat,
1467 1867 1585 1923 dari
1608 1868 1760 1938 jussa
1782 1875 1889 1932 est,
1917 1867 2143 1937 mystice

555 1973 618 2019 ut
637 1979 761 2019 reor
786 1963 1011 2027 indicat,
1057 1961 1299 2016 intrante
1340 1961 1674 2032 plenitudine
1719 1958 1982 2031 gentium,
2028 1972 2144 2012 om—

557 2072 684 2113 nem
727 2056 895 2112 lsrael
938 2055 1150 2111 salvum
1196 2053 1454 2117 futurum,
1488 2060 1545 2108 et
1585 2061 1715 2107 tunc
1759 2049 2145 2106 abundantiam

559 2149 748 2220 gratia:
795 2147 1056 2219 spiritalis
1083 2188 1098 2213 ,
1135 2162 1297 2216 quam
1333 2147 1492 2201 modo
1527 2161 1625 2200 nos
1655 2153 1901 2215 tepenter
1926 2156 2145 2198 exerce-

558 2252 702 2303 mus,
726 2236 871 2292 illius
897 2236 1080 2307 populi
1110 2237 1419 2291 doctoribus
1459 2251 1579 2291 esse
1606 2233 2011 2289 conferendum.
2105 2258 2111 2265 ν

628 2327 762 2382 Dico
802 2338 976 2382 autem
1016 2327 1189 2394 vobis,
1219 2329 1345 2398 quia
1383 2328 1523 2382 omni
1568 2325 1778 2380 habenti
1820 2324 2052 2387 dabitur,
2095 2331 2146 2377 et

559 2420 867 2485 abundabit,
898 2420 947 2475 ei
985 2430 1158 2475 autem
1194 2421 1285 2493 qui
1324 2437 1429 2476 non
1465 2420 1637 2483 habet,
1671 2428 1720 2473 et
1760 2418 1901 2489 quod
1941 2417 2148 2472 videtur

561 2513 772 2578 habere,
802 2513 1072 2584 auferetur
1101 2513 1166 2568 ab
1204 2530 1285 2568 eo.
1325 2514 1428 2581 (Ex
1449 2510 1703 2584 August.)
1731 2510 1858 2565 Haec
1880 2510 2145 2565 sententia

564 2606 632 2661 ad
659 2607 940 2676 superiora
963 2605 1207 2675 respicit,
1227 2604 1428 2660 docens
1448 2613 1504 2659 et
1531 2603 1680 2658 illum
1710 2616 1869 2673 posse
1895 2601 2147 2655 amittere

560 2711 757 2751 munus
779 2696 897 2760 Dei,
927 2696 1019 2764 qui
1049 2697 1253 2763 habens
1276 2697 1454 2759 habet,
1494 2695 1598 2749 hoc
1625 2702 1728 2758 est,
1774 2694 1910 2747 bene
1944 2692 2137 2753 utitur,

563 2801 683 2856 qua:
724 2786 1020 2856 gratiarum
1065 2786 1328 2851 mutatio,
1369 2784 1623 2855 quoniam
1667 2783 1720 2837 in
1750 2783 1852 2837 hac
1884 2782 1994 2836 vita
2034 2781 2149 2853 geri

563 2875 733 2942 solet,
773 2876 1069 2930 notandum
1108 2877 1253 2945 quod
1283 2877 1412 2931 illud
1456 2875 1668 2930 Domini
1704 2874 1982 2929 redeuntis
2022 2889 2151 2929 exa-

565 2983 726 3033 men,
766 2968 929 3022 etiam
966 2981 1110 3021 nunc
1141 2973 1365 3035 exparte
1391 2965 1751 3031 celebratum,
1788 2966 1883 3021 sed
1912 2974 2040 3020 tunc
2069 2971 2153 3020 cst

564 3059 941 3116 universaliter
978 3059 1328 3128 implendum.
1360 3060 1613 3128 Quotidie
1649 3075 1881 3129 namque
1928 3069 2151 3130 accepto

565 3169 597 3209 a
634 3162 789 3223 patre
820 3168 984 3224 regno
1009 3153 1171 3218 redit,
1207 3153 1334 3224 quia
1356 3153 1754 3225 peregrinantis
1782 3154 1837 3208 in
1864 3163 2008 3209 terra
2042 3154 2147 3209 Ec-

565 3243 744 3301 clesiae
781 3259 998 3315 semper
1036 3253 1240 3300 statum
1280 3245 1562 3315 conspicit.
1617 3244 1869 3312 Quotidie
1911 3246 1964 3300 in
2001 3254 2150 3301 tanto
2176 3229 2221 3292 C

564 3336 802 3393 ﬁdelium
840 3353 1121 3393 servorum
1153 3352 1402 3404 numero,
1440 3338 1565 3392 huic
1593 3338 1878 3408 pecuniam
1916 3339 2153 3410 negotia-

563 3440 688 3487 turo
712 3435 1042 3489 commodat.
1080 3432 1138 3486 lu
1179 3430 1351 3487 altero
1385 3432 1601 3487 modum
1628 3433 1987 3488 consummati
2020 3447 2151 3503 ope-

567 3521 646 3577 ris
672 3523 968 3577 examinat.
1007 3521 1164 3577 Hunc
1199 3522 1434 3578 ﬁdeliter
1459 3523 1862 3593 prudenterque
1904 3524 2154 3579 laboran-

566 3620 675 3666 tem
710 3613 988 3681 amplioris
1020 3613 1209 3685 gratiae
1240 3629 1464 3669 munere
1500 3614 1697 3679 donat,
1730 3615 1880 3670 illum
1918 3616 2154 3672 desidias

567 3700 776 3764 molles,
810 3710 864 3756 et
896 3703 1134 3758 marcida
1162 3703 1293 3757 luxu
1318 3702 1431 3758 otia
1466 3712 1765 3759 sectantem
1785 3745 1800 3772 ,
1831 3712 1886 3760 et
1916 3720 1982 3761 eo
2011 3706 2155 3777 quod

569 3790 791 3845 dederat
817 3791 1019 3862 privat.

687 3940 757 3997 IN
796 3941 1049 3999 NATALI
1098 3942 1522 4002 SA"CTORUM
1567 3944 2029 4003 PLURIMORUM

1152 4033 1580 4103 MARTYRUM,

569 4157 764 4202 ιεοτιο
800 4160 1072 4203 ΕΡΙΒΤΟΗΒ
1108 4162 1269 4204 ΒΕΑΤῙ
1308 4164 1462 4203 PAULI
1488 4164 1746 4206 APOSTOLI
1777 4164 1843 4205 AD
1879 4166 2155 4219 ιιι-κυκάτω,

1261 4235 1378 4274 CAP.
1399 4235 1475 4274 XI.

647 4374 666 4405 ‹
712 4354 894 4410 Sancti
942 4372 1040 4427 per
1074 4356 1233 4414 ﬁdem
1274 4360 1524 4415 vicerunt
1560 4375 1745 4432 regna,
1782 4362 1992 4432 operati
2033 4370 2160 4419 sunt

578 4462 598 4496 ι
630 4445 923 4515 justitiam,
940 4451 1119 4519 adepti
1133 4461 1260 4506 sunt
1273 4454 1744 4521 repromissiones,
1761 4457 2157 4512 obturaverunt

578 4553 598 4586 ι
642 4552 738 4592 ora
771 4539 1010 4605 leonum,
1035 4543 1415 4597 esstinxerunt
1442 4544 2160 4616 impetumignis,eﬂ'ugave-

583 4647 603 4680 ε
650 4641 777 4685 runt
821 4634 994 4689 aciem
1038 4634 1231 4705 gladii,
1279 4637 1668 4692 convaluerunt
1711 4639 1777 4693 de
1816 4639 2152 4699 inﬁrmitate.

581 4736 602 4772 ι
658 4719 850 4779 Fortes
878 4723 1007 4780 facti
1046 4735 1172 4781 sunt
1197 4727 1248 4781 in
1279 4727 1440 4784 bello.
1471 4728 1662 4784 Castra
1686 4739 1965 4786 verterunt
1998 4744 2153 4790 exte-

580 4828 601 4862 s
645 4828 862 4880 rorum,
927 4829 1253 4888 acceperunt
1302 4820 1559 4882 mulieres
1631 4822 1698 4877 de
1758 4828 2155 4884 resurrectione

579 4931 600 4968 ι
643 4921 889 4969 mortuos
918 4928 1063 4969 suos.
1095 4913 1199 4968 Alii
1229 4923 1405 4970 autem
1435 4915 1653 4971 distenti
1676 4926 1820 4983 sunt,
1847 4935 1951 4973 non
1979 4921 2155 4977 susci-

579 5023 600 5059 s
644 5006 858 5077 pientes
885 5006 1325 5075 redemptionem,
1355 5014 1414 5060 ut
1436 5007 1715 5062 meliorem
1746 5009 2051 5066 invenirent
2073 5027 2157 5067 re-

579 5116 602 5153 ι
646 5098 1062 5155 surrectionem.
1095 5096 1201 5151 Alii
1232 5113 1363 5153 vero
1405 5097 1658 5165 ludibria,
1702 5109 1757 5154 et
1784 5102 2010 5156 verbera
2054 5118 2156 5158 ex-

580 5209 600 5244 (
641 5190 783 5261 perti
809 5189 1030 5260 insuper
1049 5198 1107 5243 et
1130 5188 1367 5254 vincula,
1389 5203 1436 5243 et
1469 5204 1737 5255 carceres,
1764 5191 1984 5262 lapidati
2008 5203 2152 5262 sunt,

579 5299 601 5332 ο
645 5281 781 5337 secti
808 5289 957 5346 sunt,
1006 5280 1194 5335 tentati
1225 5289 1379 5345 sunt,
1424 5280 1478 5334 in
1525 5283 1796 5338 occisione
1823 5284 1984 5354 gladii
2013 5301 2158 5342 mor-

580 5391 600 5425 s
645 5375 725 5428 tui
754 5382 900 5429 sunt.
928 5372 1273 5428 Circuierunt
1305 5372 1359 5427 in
1392 5373 1605 5428 melotis
1638 5374 1688 5428 in
1718 5375 1946 5445 pellibus
1983 5379 2159 5446 capri-

580 5482 601 5515 s
647 5465 750 5519 nis.
790 5465 1056 5536 Egentes,
1109 5464 1434 5534 angustiati,
1481 5464 1683 5529 amicti,
1721 5466 1918 5535 quibus
1965 5467 2159 5537 dignus

583 5569 603 5602 ι
643 5567 750 5606 non
781 5562 895 5607 erat
941 5553 1193 5609 mundus.
1235 5553 1292 5608 ln
1343 5554 1722 5609 solitudinibus
1770 5565 2046 5620 errantes,
2104 5555 2157 5608 in

584 5660 605 5696 s
649 5645 942 5710 montibus,
966 5653 1021 5700 et
1045 5645 1333 5715 speluncis,
1365 5653 1419 5700 et
1454 5645 1505 5698 in
1533 5647 1781 5701 cavernis
1808 5655 1985 5702 terrm.
2012 5647 2079 5702 Et
2103 5647 2157 5702 hi

584 5754 606 5789 ι
649 5752 841 5792 omnes
861 5739 1171 5795 testimonio
1190 5738 1314 5794 ﬁdei
1329 5740 1542 5810 probati
1558 5740 1766 5796 inventi
1786 5742 1981 5797 suntin
2001 5741 2157 5799 Chri-

586 5845 610 5887 s
654 5838 742 5888 sto
763 5828 893 5888 Jesu
914 5829 1141 5889 Domino
1173 5840 1379 5889 nostro.
1417 5850 1438 5886 ι

2231 577 2360 631 tiam
2388 618 2404 642 ,
2436 576 2617 646 adepti
2650 584 2803 641 sunt,
2842 583 2951 631 etc.
2994 573 3090 629 Est
3125 581 3307 629 autem
3353 571 3488 629 ﬁdes
3520 573 3841 643 speranda-

2233 687 2354 726 rum
2385 686 2565 726 rerum
2596 686 2705 725 non
2734 669 3106 741 apparentium
3126 709 3143 735 ,
3185 681 3363 739 neque
3389 667 3536 723 enim
3569 666 3727 738 quod
3761 667 3843 722 vi-

2234 760 2346 827 det,
2384 763 2507 832 quis
2533 769 2735 832 sperat,
2760 762 2855 817 sed
2885 762 3029 831 quod
3055 774 3164 815 non
3192 760 3463 824 videmus,
3487 775 3593 831 per
3621 760 3840 831 patien-

2238 854 2364 909 tiam
2409 863 2775 924 expectamus.
2816 852 2976 909 Fides
3015 852 3120 907 dlci
3162 867 3269 907 non
3298 859 3510 922 potest,
3553 851 3662 906 nisi
3709 866 3837 908 cum

2236 947 2380 1003 circa
2413 962 2497 1012 ea,
2548 961 2669 1015 quae
2710 959 2818 1001 non
2863 944 3117 999 videntur
3156 942 3419 1013 amplius,
3474 958 3647 1013 quam
3686 948 3835 999 circa

2235 1055 2299 1097 ea
2331 1057 2451 1111 quae
2480 1041 2751 1106 videntur,
2784 1039 3212 1096 satisfactionem
3254 1040 3378 1110 quis
3405 1039 3659 1093 haberet.

2311 1131 2701 1188 Obturaverunt
2726 1149 2821 1188 ora
2842 1132 3070 1188 leonum.
3102 1131 3204 1188 Hic
3235 1133 3303 1188 de
3337 1131 3567 1188 Daniele
3594 1147 3726 1187 eum
3755 1131 3837 1187 di-

2238 1239 2363 1282 cere
2392 1236 2543 1297 puto.
3324 1218 3328 1221 ’

2311 1316 2698 1373 Exstinxerunt
2722 1318 2973 1389 impetum
3000 1319 3159 1390 ignis,
3182 1318 3480 1389 eﬁ‘ugerunt
3511 1318 3690 1372 aciem
3722 1317 3843 1389 gla-

2240 1408 2334 1464 dii.
2358 1407 2457 1464 Hic
2477 1415 2656 1464 autem
2686 1409 2752 1464 de
2781 1409 2954 1464 tribus
2982 1410 3165 1478 pueris
3194 1423 3321 1464 eum
3352 1408 3537 1465 dicere
3568 1416 3733 1478 puto.

2312 1500 2700 1558 Couvaluerunt
2720 1502 2784 1556 de
2803 1502 3127 1572 inﬁrmitate.
3149 1501 3250 1558 Hic
3278 1501 3405 1558 illud
3434 1512 3664 1571 tempus
3687 1502 3841 1568 dicit,

2243 1595 2460 1666 quando
2494 1595 2698 1651 reversi
2739 1605 2862 1649 sunt
2891 1609 2957 1649 ex
2994 1593 3312 1666 Babylonia,
3357 1595 3505 1664 quod
3532 1595 3642 1657 ait,
3672 1611 3742 1649 α
3765 1596 3844 1648 in—

2244 1689 2514 1758 firmitate,
2552 1689 2656 1744 hoc
2690 1704 2811 1745 esse
2842 1696 2972 1760 puto
3000 1704 3067 1743 ex
3098 1689 3437 1759 captivitate,
3466 1689 3707 1759 quando
3733 1686 3842 1757 iam

2248 1778 2301 1832 in
2350 1779 2717 1849 diSperatione
2758 1789 2917 1835 erant
2959 1777 3198 1834 Judaicaa
3229 1794 3346 1844 res,
3396 1779 3624 1850 quando
3660 1777 3785 1848 jam
3814 1792 3844 1832 ι

2246 1871 2479 1926 mortuis
2504 1871 2640 1926 nihil
2663 1872 2958 1927 distabant.

2317 1960 2505 2017 Fortes
2544 1962 2672 2031 facti
2709 1973 2831 2017 sunt
2853 1963 2907 2018 in
2934 1952 3091 2028 bello,
3122 1973 3299 2019 castra
3331 1973 3601 2019 verterunt
3640 1973 3846 2019 extero-

2246 2069 2384 2107 rum.
2414 2053 2512 2109 Hic
2536 2061 2723 2122 aperte
2749 2053 2817 2108 de
2838 2052 3163 2110 Machabteis
3183 2055 3363 2110 dicere
3379 2055 3623 2117 videtur,
3657 2070 3847 2125 quam-

2251 2142 2329 2198 vis
2359 2152 2414 2198 et
2440 2144 2506 2199 de
2530 2141 2691 2199 Josua
2710 2184 2726 2210 ,
2754 2142 3005 2212 Samson,
3033 2144 3225 2211 David,
3255 2153 3311 2200 et
3344 2145 3430 2202 bis
3457 2146 3747 2202 similibus
3770 2147 3845 2201 in-

2246 2234 2413 2306 telligi
2442 2243 2639 2304 potest.

2318 2329 2637 2398 Acceperunt
2663 2328 2906 2383 mulieres
2933 2328 2999 2383 de
3022 2330 3403 2385 resurrectione
3429 2343 3683 2385 mortuos
3705 2347 3841 2386 suos.

2246 2418 2322 2472 Ea
2344 2433 2464 2487 quae
2491 2418 2636 2474 circa
2670 2417 2970 2488 Prophetas
2996 2430 3365 2490 provenerunt
3398 2422 3560 2485 dicit,
3592 2422 3841 2479 Elisenm

2246 2518 2301 2565 et
2315 2510 2485 2565 Eliam
2510 2502 2839 2582 signiﬁcans,
2858 2513 2949 2583 qui
2978 2523 3219 2569 mortuos
3244 2515 3601 2571 suscitabant.

2317 2602 2424 2656 A-‘ii
2446 2612 2620 2657 autem
2642 2603 2857 2658 distenti
2883 2614 3005 2658 sunt
3032 2622 3135 2659 non
3157 2606 3497 2676 suscipientes
3519 2605 3845 2676 redemptio-

2249 2710 2364 2748 nem
2384 2734 2399 2759 ,
2432 2702 2488 2748 ut
2514 2693 2780 2749 meliorem
2812 2696 3099 2751 invenirent
3122 2685 3586 2751 resurrectionem.
3618 2696 3844 2752 Clarum

2249 2794 2334 2840 est
2366 2801 2514 2857 ergo.
2549 2786 2675 2857 quia
2700 2794 2761 2841 ut
2789 2787 3070 2842 meliorem
3094 2787 3552 2843 resurrectionem
3572 2788 3849 2858 adipisce-

2252 2884 2452 2937 rentur.
2486 2893 2591 2933 non
2616 2878 2760 2932 enim
2793 2879 2952 2936 talem
2973 2920 2988 2944 ,
3014 2878 3229 2951 qualem
3262 2880 3734 2935 resurrectionem
3762 2895 3847 2939 ao-

2250 2976 2512 3037 ceperunt
2538 2968 2629 3024 ﬁlii
2655 2968 2866 3025 illarum
2892 2971 3202 3028 mulierum.
3239 2970 3297 3027 ln
3338 2972 3441 3028 hoc
3468 2971 3593 3027 loco
3622 2972 3849 3027 videtur

2249 3061 2406 3127 mihi,
2434 3062 2560 3133 quia
2587 3061 2849 3119 Joannem
2879 3064 3148 3135 signiﬁcat
3167 3075 3221 3121 et
3248 3064 3532 3121 Jacobum.
3564 3064 3846 3124 Distentio

2251 3156 2448 3225 quippe
2474 3157 2669 3212 dicitur
2693 3156 2976 3214 decollatio
2994 3200 3009 3223 ,
3038 3159 3319 3229 elegerunt
3347 3160 3491 3213 enim
3520 3161 3710 3231 magis
3730 3176 3847 3216 mo-

2252 3246 2321 3311 ri,
2361 3262 2482 3301 cum
2524 3247 2622 3317 ipsi
2669 3247 2805 3303 alios
2832 3248 3183 3316 suscitarent,
3222 3258 3284 3305 ut
3325 3248 3614 3306 meliorem
3656 3267 3847 3307 resur-

2253 3338 2545 3395 rectionem
2570 3339 3020 3410 adipiscerentur.

2323 3430 2431 3484 Alii
2459 3430 2688 3485 ludibria
2708 3432 2929 3503 experti,
2957 3434 3171 3504 insuper
3197 3442 3246 3489 et
3271 3434 3480 3489 vincula
3502 3445 3552 3491 et
3581 3454 3842 3494 carceres.

2325 3521 2451 3578 Hmc
2475 3523 2596 3578 ideo
2623 3523 2784 3589 dicit,
2822 3532 2882 3578 ut
2908 3527 3121 3595 quando
3147 3527 3344 3596 aliquis
3365 3528 3418 3583 in
3441 3529 3637 3585 eadem
3655 3547 3843 3599 causa,

2252 3610 2339 3665 vel
2393 3610 2446 3664 in
2486 3612 2673 3667 eadem
2717 3614 3003 3684 passione,
3056 3623 3148 3671 aut
3202 3617 3422 3672 tristitia
3482 3619 3840 3686 detineretur.

2253 3706 2504 3761 solatium
2535 3722 2602 3761 ex
2627 3707 2980 3765 similitudine
3006 3711 3385 3782 compatientis
3414 3712 3667 3783 accipiat.
3695 3715 3779 3770 Ac
3798 3716 3842 3771 si

2252 3798 2494 3869 peiorem
2522 3798 2755 3869 aliquam
2789 3801 3093 3871 passionem
3118 3803 3314 3869 ducas,
3341 3805 3387 3860 si
3414 3819 3521 3859 non
3553 3821 3625 3860 ex
3653 3806 3843 3862 eadem

2254 3904 2416 3945 causa
2448 3899 2570 3945 orta
2599 3891 2691 3957 sit,
2722 3891 2767 3946 si
2801 3907 2907 3946 non
2933 3908 3033 3963 pro
3052 3891 3263 3962 iustitia
3286 3896 3513 3966 patiaris
3547 3897 3686 3952 nihil
3723 3914 3846 3967 pro-

2256 3980 2395 4037 dest.
2433 3980 2584 4036 Beati
2607 3982 2767 4048 enim,
2799 3983 2874 4039 ait
2907 3983 3280 4055 Evangelinm,
3310 3986 3401 4057 qui
3427 3988 3842 4057 persecutione:

2253 4072 2529 4142 patiuntur
2550 4082 2761 4144 propter
2769 4074 3034 4145 justitiam
3060 4073 3274 4146 (Matth.
3302 4075 3380 4148 v).

2326 4162 2577 4233 Lapidati
2609 4174 2754 4230 sunt,
2788 4166 2915 4220 secti
2935 4176 3091 4230 sunt,
3117 4168 3305 4221 tentati
3327 4177 3473 4232 sunt,
3506 4168 3563 4223 in
3587 4168 3844 4225 occisione

2255 4258 2420 4330 gladii
2454 4261 2647 4315 mortui
2674 4271 2815 4316 sunt.
2857 4261 2913 4315 ln
2943 4262 3047 4317 hoc
3077 4262 3195 4318 loco
3226 4262 3488 4333 pluralem
3519 4279 3628 4334 pro
3664 4270 3844 4335 singu-

2256 4355 2357 4411 lari
2389 4371 2615 4412 numero
2644 4356 2843 4427 posuit.
2886 4356 3014 4425 Lapi
3038 4358 3203 4412 latum
3244 4356 3389 4412 enim
3413 4355 3631 4427 justum
3666 4358 3718 4412 in
3757 4374 3843 4414 ve-

2258 4447 2364 4502 teri
2404 4444 2755 4502 Testamento
2797 4463 2897 4518 pro
2930 4445 3160 4516 iustitia,
3207 4450 3588 4504 tantummodo
3619 4448 3845 4520 legimus

2261 4541 2471 4598 Nahoth
2512 4540 2912 4598 Gezrahelitam
2938 4582 2954 4607 ,
3023 4551 3231 4599 sectum
3307 4559 3438 4600 vero
3503 4546 3845 4602 solummodo

2260 4633 2476 4698 Isaiam,
2523 4633 2715 4689 tentati
2757 4648 2889 4689 vero
2933 4643 2992 4689 et
3031 4634 3087 4690 in
3121 4633 3395 4690 occisione
3432 4634 3601 4706 gladii
3648 4636 3843 4693 mortui

2261 4726 2414 4782 multi
2445 4724 2682 4780 fuerunt.

2333 4814 2664 4872 Circuierunt
2685 4819 2740 4872 in
2767 4818 2970 4874 melotis
3002 4819 3059 4874 in
3087 4818 3309 4890 pellibus
3337 4820 3595 4890 caprinis,
3619 4830 3841 4892 egena,

2262 4910 2571 4980 angustiati.
2601 4916 2705 4965 etc.
2735 4908 2862 4965 Haec
2876 4910 3059 4965 omnia
3081 4911 3146 4965 de
3169 4909 3295 4966 ﬁliis
3310 4910 3733 4981 Prophetarum,
3755 4909 3843 4981 qui

2220 5026 2223 5027 ν
2266 5001 2321 5056 in
2355 5014 2539 5055 eremo
2584 5002 3070 5066 conversahantur,
3100 5002 3205 5057 dici
3233 5003 3505 5067 videntur,
3542 5004 3612 5059 de
3655 5004 3843 5075 quibus

2264 5091 2490 5148 testibus
2526 5092 2579 5146 in
2604 5107 2745 5149 novo
2774 5093 3125 5150 Testamento
3154 5092 3424 5162 ﬁdelibus,
3463 5095 3763 5166 Apostolus
3784 5092 3844 5149 ﬁ-

2259 5183 2382 5239 dem
2416 5182 2670 5252 facit,.ut
2715 5187 3046 5258 torpentium
3075 5185 3238 5243 corda
3271 5185 3338 5241 ad
3378 5185 3694 5258 exemplum
3725 5201 3845 5243 san-

2259 5286 2469 5334 ctorum
2493 5279 2711 5347 illorum
2742 5277 3084 5335 inﬁammans
3109 5279 3312 5336 excitet
3336 5287 3393 5335 et
3416 5288 3653 5335 recreet.

2678 5385 3018 5428 svsncenmu
3047 5387 3326 5436 narrum,
3366 5386 3418 5425 v.

2336 5481 2355 5514 ι
2400 5460 2600 5518 Videns
2644 5459 2802 5518 Iesus
2851 5463 3038 5519 turbas
3080 5463 3328 5520 ascendit
3369 5462 3423 5517 in
3465 5471 3729 5519 montem.
3775 5462 3844 5519 Ει

2266 5573 2286 5607 ‹
2327 5571 2469 5610 cum.
2498 5553 2726 5609 sedisset
2769 5562 3117 5610 accesserunt
3155 5555 3223 5609 ad
3249 5569 3374 5609 eum
3417 5554 3671 5624 discipuli
3707 5552 3839 5621 ejus.

2265 5665 2284 5699 ε
2326 5647 2395 5701 Et
2420 5648 2669 5717 aperiens
2711 5662 2773 5701 es
2813 5662 2970 5701 suum
3015 5647 3240 5702 docebat
3277 5662 3373 5701 eos
3414 5645 3657 5701 dicens:
3692 5645 3838 5704 Beati

2264 5757 2284 5791 ι
2326 5753 2593 5809 pauperes
2629 5738 2822 5809 spiritu
2848 5778 2865 5804 ,
2906 5738 3158 5808 quoniam
3204 5740 3443 5807 ipsorum
3492 5746 3578 5792 est
3622 5751 3841 5808 regnum

2264 5830 2607 5889 retelorum.
2645 5829 2799 5887 Beati
2826 5830 3011 5900 mites,
3046 5830 3301 5907 quoniam
3342 5832 3441 5902 ipsi
3486 5831 3844 5905 possidebunt
