4026 6458
189 388 309 449 545

1045 389 1560 450 COLLECTIONES
1601 390 1666 448 IN
1706 390 2085 450 EPISTOLAS
2123 390 2211 445 ET
2251 389 2668 451 EVANGELIA.

3374 398 3484 457 5‘6

193 526 219 562 ι
266 517 494 564 terram.
528 506 677 563 Beati
717 507 809 578 qui
849 505 1068 578 lugent,
1098 511 1350 581 quoniam
1395 509 1497 581 ipsi
1539 509 1787 565 consola-
1816 515 1868 574 Α
1893 522 2052 576 aqua,
2079 507 2145 562 de
2183 523 2289 577 qua
2316 509 2559 580 quisquis
2597 508 2817 577 biberit,
2866 509 2960 568 ﬁet
2983 512 3038 568 in
3061 525 3128 569 eo
3169 511 3292 570 fons
3326 529 3483 587 aqua

193 615 217 649 α
266 597 494 652 buntur.
543 597 690 651 Beati
731 597 822 667 qui
870 599 1115 652 esuriunt
1167 607 1223 653 et
1265 599 1456 654 sitiunt
1498 599 1785 670 justitiam,

193 708 217 742 ι
267 692 530 762 quoniam
576 691 674 762 ipsi
723 689 1128 746 saturabuntur.
1176 691 1322 746 Beati
1379 693 1785 756 misericordes,

1891 598 2136 653 salientis
2164 599 2219 653 in
2245 600 2412 654 vitam
2449 609 2728 658 aeternam.

1960 691 2111 747 Beati
2163 694 2550 760 misericordes,
2605 699 2852 768 quoniam
2911 700 3011 770 ipsi
3063 700 3480 757 misericordiam

191 799 218 835 ι
259 785 521 854 quoniam
562 783 661 852 ipsi
708 783 1135 839 niisericurdiatn
1178 794 1597 854 consequentur.
1637 783 1788 838 Beati
1889 797 2298 857 consequuntur.
2333 788 2528 844 Beatos
2568 804 2688 844 esse
2720 791 2852 846 dicit
2894 793 2985 862 qui
3010 794 3336 850 subveniunt
3378 795 3480 849 mi-

192 890 217 924 e
269 876 474 928 mundo
499 874 680 934 corde,
717 873 972 942 quoniam
998 875 1099 945 ipsi
1125 875 1290 930 Deum
1319 874 1600 931 videbunt.
1633 875 1784 931 Beati

191 983 216 1016 ι
264 965 514 1035 paciﬁci,
559 966 816 1036 quoniam
855 966 948 1020 ﬁlii
987 966 1080 1021 Dei
1111 968 1464 1022 vocabuntur.
1507 968 1656 1022 Beati
1693 968 1785 1038 qui

187 1074 213 1108 ε
262 1059 700 1127 persecutionem
745 1059 1028 1128 patiuntur
1067 1067 1286 1130 propter
1315 1059 1617 1128 justitiam,
1651 1075 1786 1130 quo-

185 1166 211 1201 s
261 1150 414 1204 niam
463 1150 702 1219 ipsorum
731 1159 814 1206 est
855 1167 1080 1222 regnum
1124 1152 1407 1208 etelorum.
1450 1152 1601 1209 Beati
1651 1154 1784 1210 estis

187 1259 210 1292 ι
260 1257 388 1297 cum
418 1242 802 1297 maledixerint
822 1245 976 1299 vobis
1007 1245 1279 1311 homines,
1309 1255 1364 1301 et
1390 1248 1661 1316 persecuti
1687 1262 1784 1302 vos

187 1351 210 1384 ι
257 1333 498 1400 fuerint,
545 1344 599 1390 et
641 1336 876 1390 dixerint
905 1351 1068 1392 omne
1103 1337 1303 1392 malum
1344 1339 1631 1393 adversum
1663 1355 1778 1405 vos,

185 1441 209 1474 ι
261 1426 590 1480 mentientes
619 1435 839 1497 propter
861 1443 965 1482 me.
985 1427 1230 1483 Gaudete
1256 1438 1312 1483 et
1338 1430 1628 1496 exsultate,
1647 1447 1781 1501 quo-

186 1531 209 1566 s
252 1516 403 1570 niam
432 1532 644 1572 merces
671 1528 852 1572 vestra
889 1520 1106 1589 c0piosa
1133 1529 1216 1574 est
1240 1520 1293 1574 in
1319 1520 1490 1575 cadis.
1539 1541 1558 1574 ι

270 1605 466 1662 Videns
505 1607 664 1663 Iesus
696 1610 878 1664 turbas
909 1610 1142 1664 ascendit
1179 1611 1233 1665 in
1283 1621 1540 1677 montem,
1572 1622 1619 1666 et
1658 1629 1776 1668 cum

177 1701 426 1768 sedisset,
461 1712 791 1758 accesserunt
813 1705 883 1757 ad
914 1721 1031 1758 eum
1058 1705 1301 1776 discipuli
1329 1707 1466 1776 ejus.
1493 1707 1591 1775 (Ex
1614 1707 1775 1781 Aug.)

181 1790 247 1848 Si
279 1793 544 1862 quaeritur
584 1793 711 1862 quid
751 1794 1020 1865 signiticet
1063 1811 1235 1858 mons,
1281 1797 1418 1852 bene
1457 1796 1776 1869 intelligitur

1888 877 2044 942 seris,
2077 880 2333 948 quoniam
2353 881 2432 935 eis
2467 881 2538 934 ita
2571 882 2904 951 rependitur,
2949 893 3009 938 ut
3051 884 3118 940 de
3157 885 3376 942 miseria
3415 885 3472 940 li-

1885 971 2166 1026 berentur.

1955 1064 2108 1120 Beati
2137 1068 2333 1122 mundo
2374 1069 2548 1135 corde,
2593 1070 2841 1141 quoniam
2879 1072 2980 1142 ipsi
3012 1071 3174 1128 Deum
3211 1074 3473 1130 videbunt.

1887 1153 2037 1211 Sicut
2057 1157 2181 1212 alibi
2205 1161 2463 1229 scriptum
2486 1169 2568 1216 est
2586 1179 2598 1214 :
2618 1161 2685 1216 In
2699 1161 3032 1233 simplicitate
3046 1166 3240 1231 cordis,
3257 1170 3475 1237 quwrite

1883 1247 2053 1314 illum,
2086 1250 2188 1305 boc
2207 1261 2291 1307 est
2317 1254 2460 1308 enim
2486 1257 2744 1310 mundum
2785 1271 2900 1322 cur,
2945 1258 3089 1327 quod
3123 1267 3207 1314 est
3248 1260 3478 1331 simplex

1882 1355 1998 1406 cor,
2025 1351 2080 1396 et
2100 1343 2241 1398 sicut
2276 1344 2455 1400 lumen
2477 1347 2582 1402 hoc
2603 1347 2775 1402 videri
2805 1362 2908 1402 non
2932 1355 3130 1418 potest,
3163 1351 3265 1404 nisi
3305 1352 3475 1408 oculis

1881 1435 2117 1501 mundis,
2148 1437 2222 1491 ita
2247 1454 2347 1494 nec
2378 1439 2520 1494 Deus
2548 1441 2836 1507 videbitur,
2880 1442 2984 1496 nisi
3017 1445 3276 1498 mundum
3317 1444 3386 1499 sit
3414 1445 3477 1498 ilo

1880 1526 1972 1583 lud
2000 1531 2142 1598 quod
2171 1531 2352 1586 videre
2371 1542 2569 1603 potest.

1950 1619 2102 1674 Beati
2131 1623 2356 1693 paciﬁci,
2385 1626 2635 1694 quoniam
2668 1624 2769 1694 filii
2806 1625 2902 1680 Det
2932 1627 3272 1682 vocabuntur.
3301 1627 3358 1682 In
3384 1643 3475 1698 pa-

1878 1727 1942 1768 ce
1984 1714 2246 1783 perfectio
2287 1725 2390 1780 est,
2445 1717 2532 1771 ubi
2587 1718 2722 1772 nihil
2769 1729 3057 1788 repugnat,
3105 1727 3161 1774 et
3210 1719 3332 1774 ideo
3378 1719 3474 1774 ﬁlii

1877 1804 1971 1860 Dei
2014 1806 2249 1876 paciﬁci,
2306 1811 2564 1877 quoniam
2619 1809 2753 1864 nihil
2804 1811 3011 1865 resistit
3069 1810 3200 1866 Deo.
3254 1809 3474 1867 Paciﬁci

178 1884 494 1956 signiﬁcare
533 1884 734 1954 majora
783 1895 1050 1956 praecepta
1087 1885 1346 1955 justitite,
1390 1890 1516 1958 quia
1562 1891 1773 1945 minora
1803 1893 1848 1951 B
1876 1905 2054 1951 autem
2083 1899 2137 1952 in
2159 1899 2466 1970 semetipsis
2491 1901 2729 1970 suntqui
2756 1915 2946 1956 omnes
2975 1901 3141 1956 animi
3166 1903 3249 1958 sui
3290 1913 3472 1959 motus

179 1986 374 2042 erant,
407 1992 526 2047 qua:
553 1975 753 2032 Judmis
777 1978 899 2032 data
929 1988 1072 2033 sunt.
1119 1978 1268 2035 Unus
1295 1988 1475 2034 tamen
1503 1979 1645 2035 Deus
1676 1996 1773 2050 per

180 2079 404 2126 sanctos
432 2071 725 2142 prophetas
769 2079 824 2125 et
853 2069 1082 2126 famulos
1111 2086 1261 2137 suos,
1290 2073 1586 2127 secundum
1627 2075 1774 2128 ordi-

179 2163 523 2218 natissimam
565 2163 1002 2219 distributionem
1039 2172 1344 2234 temporum
1379 2165 1524 2221 dedit
1561 2167 1772 2221 minora

177 2262 454 2324 praecepta
482 2254 705 2325 papulo,
735 2269 897 2324 quem
933 2254 1128 2310 timore
1155 2256 1333 2310 adhuc
1368 2256 1576 2328 alligari
1613 2273 1773 2328 opor-

177 2345 354 2410 tebat,
378 2356 434 2400 et
459 2362 556 2416 per
586 2348 757 2401 litium
779 2362 936 2402 suum
962 2345 1166 2415 majora
1195 2349 1395 2420 populo
1413 2389 1429 2414 ,
1460 2365 1620 2418 quem
1647 2350 1773 2405 cha-

173 2435 345 2490 ritate
363 2437 476 2506 jam
503 2437 724 2492 libera’ri
747 2446 1096 2493 convenerat.
1133 2436 1343 2495 Sedens
1373 2448 1554 2496 autem
1588 2440 1768 2507 docet,

181 2529 336 2597 quod
367 2530 603 2598 pertinet
637 2531 703 2583 ad
733 2529 1049 2600 dignitatem
1091 2531 1389 2602 magisterii
1419 2540 1474 2586 et
1509 2533 1772 2587 accedunt

173 2624 249 2679 ad
285 2637 407 2678 eum
437 2623 684 2694 discipuli
713 2624 830 2689 sui,
873 2633 932 2677 ut
975 2623 1258 2679 audiendis
1290 2625 1432 2680 illius
1462 2627 1668 2690 verbis,
1713 2628 1766 2682 hi

171 2721 363 2768 essent
397 2715 562 2768 etiam
591 2729 821 2784 corpore
861 2714 1188 2780 viciniores,
1223 2716 1316 2786 qui
1352 2718 1638 2786 praeceptis
1668 2717 1768 2771 im-

171 2803 389 2874 plendis
415 2803 596 2858 animo
617 2805 1069 2874 propinquabant.

252 2895 360 2968 (Ex
394 2893 579 2967 Fulg.)
621 2896 786 2952 Recte
825 2896 967 2952 Deus
1003 2896 1252 2953 excelsus
1283 2899 1335 2952 in
1369 2897 1546 2953 locum
1581 2900 1762 2955 excel-

171 3001 299 3041 sum
327 2986 603 3053 ascendit,
637 2995 698 3042 ut
724 2987 1036 3044 hominibus
1063 2988 1294 3044 excelsis
1322 2991 1640 3059 przedicaret
1671 3007 1765 3046 ex-

170 3077 342 3139 celsa,
368 3087 422 3131 et
456 3086 641 3149 aperte
677 3079 762 3134 lex
794 3095 932 3135 nova
959 3080 1014 3135 in
1043 3090 1226 3137 mente
1248 3082 1598 3152 praedicatur,
1634 3084 1762 3155 quia

171 3178 332 3226 vetus
360 3170 492 3226 Mosi
516 3172 570 3226 in
597 3180 778 3227 monte
807 3173 934 3227 data
962 3181 1064 3229 est.

1879 2000 2264 2060 componentes
2303 1990 2440 2048 ﬁunt
2488 2008 2716 2065 regnum
2761 1994 2877 2048 Dei.
2910 1993 3009 2051 Hic
3053 1996 3307 2050 convenit
3340 1994 3470 2050 illud

1875 2083 2178 2152 poeticum:

1999 2223 2100 2290 fax
2128 2228 2336 2275 animam
2365 2227 2536 2290 nutrit,
2566 2228 2750 2277 retinet
2773 2227 3030 2277 concordia
3057 2241 3250 2290 pacem.

1999 2286 2098 2348 Pax
2129 2289 2351 2343 reprimit
2383 2288 2542 2348 litem,
2561 2291 2833 2337 concordes
2858 2297 3009 2338 nectit
3033 2286 3086 2339 et
3115 2291 3263 2340 idem.

2003 2346 2086 2411 Lis
2113 2362 2282 2408 pacem
2309 2352 2507 2411 metuit,
2529 2346 2720 2410 refugit
2737 2351 2977 2399 discordia
3005 2364 3190 2411 pacem.

1999 2408 2119 2459 Odia
2149 2423 2243 2472 pax
2265 2409 2429 2474 pellit,
2457 2408 2766 2473 castum—pax
2795 2415 2949 2462 nutrit
2969 2408 3204 2465 amorem.

1942 2532 2093 2587 Beati
2121 2533 2212 2604 qui
2245 2534 2657 2604 persecutionem
2709 2535 3006 2604 patiuntur,
3059 2543 3272 2605 propter
3297 2535 3465 2604 justi-

1870 2623 2020 2689 tiam,
2047 2625 2296 2695 quoniam
2324 2626 2558 2694 ipsorum
2581 2633 2656 2678 est
2688 2640 2902 2694 regnum
2939 2622 3207 2678 calorum.
3233 2622 3350 2677 Non
3369 2623 3464 2694 qui

1869 2727 2091 2786 propter
2122 2716 2483 2786 iniquitatem,
2512 2716 2605 2772 sed
2634 2725 2858 2786 propter
2896 2714 3222 2770 Christiana:
3269 2715 3461 2771 unita-

1870 2808 1937 2863 tis
1969 2807 2310 2872 divisionem,
2340 2823 2463 2862 nam
2493 2818 2547 2863 et
2570 2808 2715 2880 Agar
2740 2823 2898 2878 passa
2930 2815 3034 2872 est,
3066 2821 3098 2861 a
3122 2806 3253 2862 Sara
3279 2823 3466 2878 perso-

1867 2897 2161 2962 cutionem,
2184 2905 2239 2950 et
2268 2897 2357 2951 illa
2379 2909 2499 2952 erat
2524 2907 2711 2952 sancta
2734 2913 2854 2968 qua:
2876 2896 3129 2963 faciebat,
3163 2897 3250 2950 illa
3269 2898 3455 2968 iniqua

1866 3003 1985 3058 quae
2023 2988 2351 3057 patiebatur.
2377 2987 2667 3057 Signanter
2691 2987 2896 3043 addidit
2929 2998 3143 3058 propter
3170 2987 3462 3058 justitiam,

1865 3080 2020 3135 multi
2047 3080 2192 3134 enim
2235 3080 2667 3150 persecutionem
2706 3089 2930 3150 propter
2959 3095 3057 3135 sua
3104 3089 3324 3150 peccata
3367 3095 3465 3151 pa-

1866 3170 2095 3236 tiuntur,
2115 3178 2171 3224 et
2190 3185 2299 3224 non
2319 3178 2445 3225 sunt
2457 3168 2613 3238 justi.
2639 3169 2748 3242 (Ea;
2772 3168 3017 3241 Hieron.)
3045 3168 3325 3241 Simulque
3336 3186 3464 3226 con-

250 3262 317 3317 Et
341 3266 576 3334 aperiens
596 3283 653 3320 os
681 3283 860 3332 suum,
875 3266 1092 3321 docebat
1105 3285 1214 3334 eos,
1231 3269 1426 3324 dicens.
1441 3269 1500 3324 ln
1515 3271 1760 3340 aperien-

1876 3265 2060 3328 sidera,
2085 3263 2227 3331 quod
2259 3273 2447 3318 octava
2495 3277 2636 3317 verte
2705 3262 3136 3318 circumcisionis
3185 3263 3464 3320 beatitudo

171 3354 245 3410 do
273 3355 417 3409 enim
455 3372 538 3420 os,
583 3357 819 3411 ostendit
866 3357 1192 3426 profundum
1238 3367 1294 3414 et
1334 3360 1604 3415 occultum
1646 3375 1762 3416 ser-

171 3460 389 3500 monem
421 3446 755 3516 prolaturum
783 3465 961 3514 suum,
991 3450 1080 3504 hic
1108 3450 1254 3505 enim
1283 3466 1346 3506 os
1374 3468 1530 3507 suum
1561 3451 1762 3509 dicitur

171 3536 406 3605 aperire,
428 3538 569 3606 quod
594 3538 745 3607 prius
768 3540 1151 3610 prophetarum
1183 3558 1279 3597 ora
1311 3544 1542 3613 aperuit.

243 3629 392 3684 Beati
421 3647 673 3701 pauperes
695 3633 904 3702 spiritu,
919 3636 1168 3704 quoniam
1186 3637 1420 3706 ipsorum
1443 3647 1517 3692 est
1543 3655 1759 3708 regnum

170 3719 439 3774 calorum.
464 3722 575 3777 Nec
601 3722 814 3778 aliunde
830 3724 1068 3796 incipere
1089 3729 1326 3795 oportuit
1349 3728 1754 3797 beatitudinem,

171 3812 439 3881 siquidem
492 3823 814 3883 perventura
856 3825 940 3871 est
1003 3818 1071 3872 ad
1137 3833 1403 3874 summam
1453 3821 1754 3891 sapientiae.

172 3901 394 3957 Initium
423 3914 603 3959 autem
631 3907 900 3976 sapientiae
933 3909 1090 3962 timor
1131 3909 1365 3975 Domini,
1407 3912 1664 3980 quoniam
1703 3920 1759 3968 et

171 4009 204 4050 e
235 3997 526 4059 contrario,
568 3997 774 4052 initium
828 4001 993 4053 omnis
1034 4002 1253 4069 peccati,
1299 4002 1562 4071 superbia,
1627 4019 1758 4074 qua-

171 4096 392 4158 propter
411 4088 499 4144 hic
524 4089 894 4160 intelliguntur
921 4107 1185 4162 pauperes
1214 4094 1428 4163 spiritu,
1454 4095 1684 4150 humiles
1703 4103 1759 4150 et

173 4181 427 4235 timentes
451 4181 637 4246 Deum,
663 4181 717 4236 id
744 4190 848 4247 est,
875 4197 984 4237 non
1022 4183 1284 4240 habentes
1327 4184 1606 4241 inﬂantem
1649 4189 1758 4258 spi-

173 4270 360 4324 ritum.

243 4363 395 4417 Beati
449 4364 616 4430 mites,
658 4367 907 4436 quoniam
953 4367 1054 4437 ipsi
1099 4367 1484 4422 hwreditabunt
1537 4378 1750 4424 terram.

169 4455 320 4512 Illam
366 4458 563 4519 credo,
627 4457 692 4511 de
739 4473 844 4527 qua
893 4458 946 4511 in
996 4457 1226 4513 Psalmis
1268 4459 1463 4512 dicitur
1507 4477 1520 4512 :
1572 4457 1754 4513 Portio

169 4564 311 4612 mea,
330 4548 387 4601 in
406 4557 547 4602 terra
560 4548 833 4601 viventium
855 4545 1082 4619 (Psalm.
1111 4552 1279 4619 xxvn).
1309 4548 1591 4619 Signiﬁcat
1609 4550 1752 4603 enim

169 4642 459 4712 quamdam
481 4640 806 4696 soliditatem
825 4649 880 4694 et
907 4638 1257 4696 stabilitatem
1285 4641 1617 4697 hereditatis
1639 4658 1757 4712 per-

168 4742 368 4804 petuae,
397 4734 512 4804 ipse
533 4733 676 4788 enim
697 4743 780 4788 est
809 4734 1040 4804 requies,
1073 4743 1127 4789 et
1155 4734 1264 4789 vita
1286 4743 1620 4790 sanctorum.
1658 4735 1756 4789 Mi-

170 4834 253 4881 tes
289 4837 468 4880 autem
494 4825 767 4891 dicuntur,
793 4826 886 4896 qui
909 4841 1015 4880 non
1048 4826 1308 4881 resistunt
1334 4826 1495 4893 malo,
1525 4828 1620 4883 sed
1639 4827 1759 4882 vin-

167 4926 300 4973 cunt
328 4919 381 4972 in
413 4919 554 4975 bono
580 4917 800 4973 malutn.

239 5009 390 5064 Beati
412 5011 500 5081 qui
525 5009 721 5078 lugent,
741 5011 986 5080 quoniam
1022 5009 1121 5078 ipsi
1159 5008 1583 5064 consolabuntur.
1607 5009 1763 5066 Beati

167 5105 261 5175 qui
299 5104 482 5173 lugent
533 5110 774 5172 peccata,
821 5103 1246 5156 consolabuntur
1293 5100 1497 5171 Spiritu
1541 5110 1752 5169 sancto,

165 5200 258 5270 qui
284 5207 572 5268 propterea
603 5195 928 5259 Paracletus,
951 5195 1002 5248 id
1031 5203 1138 5259 est,
1164 5194 1475 5249 consolator
1506 5195 1752 5249 nomina-

165 5300 278 5355 tur,
323 5299 382 5344 ut
409 5287 756 5358 temporalem
788 5287 1121 5348 amittentes,
1160 5296 1365 5340 aeterna
1403 5285 1590 5340 lmtitia
1631 5301 1756 5357 per-

165 5383 434 5439 fruantur.
1355 5401 1382 5420 δ

242 5476 392 5532 Beati
438 5479 528 5548 qui
579 5476 836 5537 esuriant,
881 5484 928 5528 et
966 5475 1151 5528 sitiunt
1187 5475 1475 5545 justitiam,
1504 5475 1752 5545 quoniam

161 5571 264 5640 ipsi
295 5569 691 5623 saturabuntur.
726 5567 823 5622 llic
843 5575 1114 5622 amatores
1139 5565 1290 5627 dicit,
1319 5566 1430 5621 veri
1467 5575 1523 5621 et
1571 5568 1756 5624 incon-

164 5660 311 5716 cussi
343 5659 490 5723 boni,
525 5658 614 5712 illo
645 5673 774 5728 ergo
801 5658 921 5711 cibo
941 5657 1353 5722 saturabuntur,
1384 5658 1450 5711 de
1491 5673 1598 5726 quo
1641 5659 1755 5727 ipse

163 5753 431 5810 Dominus
457 5752 578 5806 ait:
607 5749 757 5804 Meas
797 5749 941 5803 cibus
979 5758 1055 5802 est
1094 5759 1148 5802 ut
1191 5749 1386 5819 faciam
1437 5747 1753 5803 voluntatem

164 5843 350 5904 Patris
384 5849 483 5904 mei
508 5847 690 5921 (Joan.
716 5848 808 5917 vr),
827 5846 917 5901 ubi
959 5846 1198 5916 loquitur
1226 5847 1291 5902 de
1321 5843 1533 5914 justitia
1567 5853 1623 5900 et
1665 5843 1756 5900 illa

1861 3355 2125 3426 martyrio
2156 3357 2498 3410 terminatur.

1929 3449 2084 3504 Beati
2109 3451 2233 3504 estis
2258 3467 2378 3503 cum
2399 3449 2768 3504 maledixerint
2791 3448 2930 3504 vobis
2953 3449 3212 3514 homines,
3255 3457 3305 3503 et
3336 3465 3458 3519 per-

1859 3543 2026 3597 secuti
2054 3559 2140 3596 vos
2179 3541 2376 3611 fuerint
2401 3550 2450 3594 et
2477 3541 2706 3595 dixerint
2748 3556 2900 3594 omne
2941 3539 3141 3593 malum
3187 3541 3461 3594 adversum

1861 3651 1968 3700 vos,
2005 3635 2305 3687 mentientes
2345 3642 2554 3703 propter
2591 3649 2691 3686 me.
2741 3630 2877 3686 Illud
2925 3630 3278 3686 maledictum
3327 3645 3458 3686 con-

1861 3725 2206 3780 temnendum
2232 3734 2334 3787 est,
2363 3733 2418 3779 et
2463 3725 2854 3780 beatitudinem
2902 3733 3076 3791 creat,
3127 3725 3272 3794 quod
3319 3723 3458 3780 falso

1859 3817 2232 3873 tnaledicentis
2269 3834 2364 3873 ore
2405 3817 2700 3888 profertur,
2725 3819 2866 3872 unde
2903 3827 2958 3872 et
2987 3817 3296 3888 specialiter
3354 3815 3460 3871 dif-

1861 3908 2076 3974 finiunt,
2120 3926 2241 3980 qua:
2271 3911 2342 3964 sit
2374 3911 2526 3964 beata
2556 3909 2888 3974 maledictio,
2919 3925 3081 3964 omne
3110 3909 3295 3965 dicens
3342 3924 3460 3964 ma-

1860 4001 2116 4056 ledictum
2142 4003 2430 4057 adversam
2455 4017 2571 4065 vos,
2600 4003 2925 4056 mentientes
2952 4008 3173 4070 propter
3204 4016 3322 4063 me;
3359 3999 3452 4055 ubi

1858 4109 1987 4164 ergo
2023 4093 2132 4148 Chr
2157 4104 2272 4148 stus
2302 4095 2353 4146 in
2391 4109 2553 4148 causa
2597 4105 2698 4156 est,
2750 4094 2821 4146 ibi
2861 4093 3094 4162 optanda
3128 4075 3456 4147 maledictio.

1929 4181 2164 4237 Gaudete
2190 4194 2238 4237 et
2259 4184 2537 4249 exsultate,
2561 4185 2808 4254 quoniam
2831 4199 3025 4236 merces
3054 4190 3221 4235 vestra
3249 4181 3456 4251 copiosa

1858 4287 1932 4331 est
1965 4279 2019 4330 in
2050 4277 2209 4331 catis.
2244 4275 2438 4330 Nescio
2463 4275 2585 4345 quis
2613 4275 2716 4329 hoc
2743 4282 2985 4328 nostrum
3016 4260 3184 4343 possit
3210 4271 3457 4342 implere,

1859 4378 1919 4423 ut
1945 4368 2213 4423 laceretur
2239 4366 2564 4437 opprobriis,
2596 4365 2736 4418 fama
2765 4372 2972 4427 nostra,
2998 4372 3047 4418 et
3083 4379 3183 4417 nos
3211 4361 3456 4417 exsulte-

1859 4477 1978 4516 mus
1998 4461 2051 4514 in
2083 4459 2332 4524 Domino,
2360 4459 2462 4513 hoc
2487 4459 2578 4527 qui
2605 4473 2800 4513 vanam
2829 4465 3070 4512 sectatur
3095 4456 3318 4527 gloriam
3346 4455 3451 4510 im-

1858 4551 2005 4623 plere
2036 4567 2141 4606 non
2165 4559 2360 4620 potest.
2384 4549 2633 4608 Gaudere
2650 4551 2814 4622 igitur
2827 4550 3170 4604 etexsultare
3190 4549 3455 4604 debemus

1861 4652 1920 4697 ut
1947 4658 2156 4698 merces
2180 4642 2332 4695 nobis
2359 4643 2410 4695 in
2437 4640 2750 4696 caelestibus
2787 4648 3136 4710 praeparetur.
3164 4639 3454 4709 Eleganter

1861 4734 1915 4788 in
1943 4735 2174 4804 quodam
2225 4733 2493 4788 volumine
2525 4732 2788 4801 scriptum
2838 4731 3096 4802 legimus:
3124 4729 3200 4785 Ne
3239 4745 3454 4800 quazras

1864 4827 2116 4900 gloriam,
2147 4835 2200 4880 et
2234 4843 2341 4879 non
2373 4824 2581 4878 dolebis
2608 4840 2730 4879 cum
2766 4825 3089 4897 ingloriosus
3118 4824 3300 4880 fueris.

1935 4917 2400 4988 (Ex.4ugust.)ln
2432 4916 2586 4971 cmlis
2609 4916 2813 4971 dictum
2860 4926 2963 4982 est,
3015 4917 3068 4971 in
3119 4915 3453 4986 spiritalibus

1867 5011 2242 5076 ﬁrmamentis,
2273 5011 2360 5064 ubi
2384 5010 2594 5066 habitat
2635 5011 2920 5080 sapientia,
2952 5010 3181 5081 justitia,
3227 5010 3366 5065 unde
3395 5015 3452 5065 et

1849 5101 2143 5172 Apostolus
2196 5101 2403 5171 inquit,
2471 5101 2796 5154 conversatio
2855 5109 3026 5154 vestra
3068 5100 3123 5154 in
3183 5098 3324 5154 caelis
3376 5105 3452 5153 est

1853 5195 2074 5268 (Philip.
2107 5192 2317 5265 tt).(E.r
2345 5191 2750 5262 Hieron.)Cum
2794 5191 2942 5254 dicit,
2984 5190 3134 5245 Beati
3175 5205 3448 5261 pauperes,

1851 5287 2138 5342 avaritiam
2168 5285 2396 5354 repellit.
2443 5283 2595 5338 Beati
2623 5285 2804 5346 mites,
2861 5281 2997 5335 iram
3037 5287 3092 5334 et
3130 5277 3452 5349 indignatio-

1856 5393 1980 5434 nem
2010 5375 2269 5432 excludit.
2295 5374 2450 5430 Beati
2477 5376 2566 5446 qui
2588 5374 2786 5445 lugent,
2815 5371 2994 5426 saaculi
3026 5367 3299 5423 tristitiam
3327 5383 3449 5437 quae

1857 5478 2090 5525 mortem
2112 5476 2367 5538 operatur
2399 5477 2679 5538 repugnat.
2697 5463 2848 5518 Beati
2860 5464 2946 5533 qui
2969 5461 3226 5525 esuriant,
3242 5460 3445 5532 gulam,

1855 5563 1971 5618 sive
1997 5560 2240 5615 omnium
2269 5559 2587 5614 deliciarum
2630 5554 3002 5625 cupiditatem,
3049 5567 3146 5622 per
3179 5549 3445 5622 jejunium

1857 5653 2116 5710 retundit.
2134 5651 2285 5706 Beati
2300 5649 2680 5711 misericordes,
2699 5644 2888 5701 humili
2904 5642 3282 5713 cotnpatiendo
3296 5642 3443 5706 iecit.

1857 5746 2009 5802 Beati
2036 5745 2230 5800 mundo
2253 5743 2430 5808 corde,
2456 5741 2510 5796 in
2537 5738 2950 5795 fornicationem
2973 5745 3028 5791 et
3061 5751 3277 5792 omnem
3316 5749 3443 5791 cor—

1857 5847 2006 5918 poris
2038 5845 2508 5916 inquinamentum
2536 5837 2751 5896 fortiter
2773 5842 3078 5907 extorquet.
3113 5833 3265 5890 Beati
3293 5830 3439 5927 paci:
