  <div class='ocr_page' id='page_1' title='image "/cluster/home/n/w/nwhite01/storage/ocr_20150623/102/hvd.32044015466808/279.png"; bbox 0 0 4026 6476; ppageno 0'>
   <div class='ocr_carea' id='block_1_1' title="bbox 589 301 695 359">
    <p class='ocr_par' dir='ltr' id='par_1_1' title="bbox 589 301 695 359">
     <span class='ocr_line' id='line_1_1' title="bbox 589 301 695 359; baseline 0.019 -2"><span class='ocrx_word' id='word_1_1' title='bbox 589 301 695 359; x_wconf 66' lang='grc'><strong>547</strong></span> 
     </span>
    </p>
   </div>
   <div class='ocr_carea' id='block_1_2' title="bbox 1838 284 2525 374">
    <p class='ocr_par' dir='ltr' id='par_1_2' title="bbox 1838 284 2525 374">
     <span class='ocr_line' id='line_1_2' title="bbox 1838 284 2525 374; baseline 0.009 -6"><span class='ocrx_word' id='word_1_2' title='bbox 1838 284 2195 370; x_wconf 82' lang='lat' dir='ltr'><strong>SMARAGDl</strong></span> <span class='ocrx_word' id='word_1_3' title='bbox 2232 314 2525 374; x_wconf 82' lang='lat' dir='ltr'><strong>ABBATIS</strong></span> 
     </span>
    </p>
   </div>
   <div class='ocr_carea' id='block_1_3' title="bbox 3760 337 3875 400">
    <p class='ocr_par' dir='ltr' id='par_1_3' title="bbox 3760 337 3875 400">
     <span class='ocr_line' id='line_1_3' title="bbox 3760 337 3875 400; baseline 0.017 -1"><span class='ocrx_word' id='word_1_4' title='bbox 3760 337 3875 400; x_wconf 69' lang='lat'><strong>548</strong></span> 
     </span>
    </p>
   </div>
   <div class='ocr_carea' id='block_1_4' title="bbox 583 418 3872 527">
    <p class='ocr_par' dir='ltr' id='par_1_4' title="bbox 583 418 3872 527">
     <span class='ocr_line' id='line_1_4' title="bbox 583 418 3872 527; baseline 0.015 -57"><span class='ocrx_word' id='word_1_5' title='bbox 583 418 693 486; x_wconf 86' lang='lat' dir='ltr'><strong>ﬁci,</strong></span> <span class='ocrx_word' id='word_1_6' title='bbox 734 431 945 474; x_wconf 77' lang='lat' dir='ltr'><strong>vanam</strong></span> <span class='ocrx_word' id='word_1_7' title='bbox 990 432 1237 491; x_wconf 69' lang='lat' dir='ltr'><strong>gloriam,</strong></span> <span class='ocrx_word' id='word_1_8' title='bbox 1281 420 1434 492; x_wconf 88' lang='lat' dir='ltr'><strong>pacis</strong></span> <span class='ocrx_word' id='word_1_9' title='bbox 1490 421 1860 482; x_wconf 86' lang='lat' dir='ltr'><strong>dilectionem‘</strong></span> <span class='ocrx_word' id='word_1_10' title='bbox 1894 429 2159 487; x_wconf 87' lang='lat' dir='ltr'><strong>humiliat.</strong></span> <span class='ocrx_word' id='word_1_11' title='bbox 2189 435 2244 495; x_wconf 82' lang='grc' dir='ltr'><strong>Α</strong></span> <span class='ocrx_word' id='word_1_12' title='bbox 2336 433 2536 490; x_wconf 81' lang='lat' dir='ltr'><strong>Iterum</strong></span> <span class='ocrx_word' id='word_1_13' title='bbox 2563 437 2732 493; x_wconf 79' lang='lat' dir='ltr'><strong>simile</strong></span> <span class='ocrx_word' id='word_1_14' title='bbox 2758 446 2834 497; x_wconf 85' lang='lat' dir='ltr'><strong>est</strong></span> <span class='ocrx_word' id='word_1_15' title='bbox 2857 456 3072 514; x_wconf 85' lang='lat' dir='ltr'><strong><em>regnum</em></strong></span> <span class='ocrx_word' id='word_1_16' title='bbox 3098 448 3347 506; x_wconf 81' lang='lat' dir='ltr'><strong>caelorum</strong></span> <span class='ocrx_word' id='word_1_17' title='bbox 3370 470 3580 527; x_wconf 68' lang='lat' dir='ltr'><strong>sugente</strong></span> <span class='ocrx_word' id='word_1_18' title='bbox 3608 458 3801 517; x_wconf 64' lang='lat' dir='ltr'><strong>missa</strong></span> <span class='ocrx_word' id='word_1_19' title='bbox 3823 464 3872 518; x_wconf 81' lang='lat' dir='ltr'><strong>in</strong></span> 
     </span>
    </p>
   </div>
   <div class='ocr_carea' id='block_1_5' title="bbox 588 510 2168 590">
    <p class='ocr_par' dir='ltr' id='par_1_5' title="bbox 588 510 2168 590">
     <span class='ocr_line' id='line_1_5' title="bbox 588 510 2168 590; baseline 0.009 -27"><span class='ocrx_word' id='word_1_20' title='bbox 588 510 737 564; x_wconf 77' lang='lat' dir='ltr'><strong>Beat:</strong></span> <span class='ocrx_word' id='word_1_21' title='bbox 788 510 878 581; x_wconf 77' lang='lat' dir='ltr'><strong>qui</strong></span> <span class='ocrx_word' id='word_1_22' title='bbox 920 511 1349 580; x_wconf 72' lang='lat' dir='ltr'><strong>persecutionem,</strong></span> <span class='ocrx_word' id='word_1_23' title='bbox 1394 514 1657 571; x_wconf 86' lang='lat' dir='ltr'><strong>accidiam</strong></span> <span class='ocrx_word' id='word_1_24' title='bbox 1706 532 2028 590; x_wconf 88' lang='lat' dir='ltr'><strong>omnemque</strong></span> <span class='ocrx_word' id='word_1_25' title='bbox 2084 523 2168 578; x_wconf 88' lang='lat' dir='ltr'><strong>di-</strong></span> 
     </span>
    </p>
   </div>
   <div class='ocr_carea' id='block_1_6' title="bbox 581 603 1366 673">
    <p class='ocr_par' dir='ltr' id='par_1_6' title="bbox 581 603 1366 673">
     <span class='ocr_line' id='line_1_6' title="bbox 581 603 1366 673; baseline 0 -16"><span class='ocrx_word' id='word_1_26' title='bbox 581 603 866 659; x_wconf 83' lang='lat' dir='ltr'><strong>scurrendi</strong></span> <span class='ocrx_word' id='word_1_27' title='bbox 891 618 1131 659; x_wconf 88' lang='lat' dir='ltr'><strong>amorem</strong></span> <span class='ocrx_word' id='word_1_28' title='bbox 1159 604 1366 673; x_wconf 79' lang='lat' dir='ltr'><strong>abiicit.</strong></span> 
     </span>
    </p>
   </div>
   <div class='ocr_carea' id='block_1_7' title="bbox 1003 734 1744 797">
    <p class='ocr_par' dir='ltr' id='par_1_7' title="bbox 1003 734 1744 797">
     <span class='ocr_line' id='line_1_7' title="bbox 1003 734 1744 797; baseline 0.007 -7"><span class='ocrx_word' id='word_1_29' title='bbox 1003 734 1074 791; x_wconf 79' lang='grc' dir='ltr'><strong>ΙΝ</strong></span> <span class='ocrx_word' id='word_1_30' title='bbox 1108 734 1358 793; x_wconf 82' lang='lat' dir='ltr'><strong>NATALI</strong></span> <span class='ocrx_word' id='word_1_31' title='bbox 1386 737 1744 797; x_wconf 79' lang='lat' dir='ltr'><strong>VIRGINUM.</strong></span> 
     </span>
    </p>
   </div>
   <div class='ocr_carea' id='block_1_8' title="bbox 924 859 1844 920">
    <p class='ocr_par' dir='ltr' id='par_1_8' title="bbox 924 859 1844 920">
     <span class='ocr_line' id='line_1_8' title="bbox 924 859 1844 920; baseline 0.009 -21"><span class='ocrx_word' id='word_1_32' title='bbox 924 859 1259 903; x_wconf 71' lang='lat' dir='ltr'><strong>EVANGELIUI</strong></span> <span class='ocrx_word' id='word_1_33' title='bbox 1273 864 1550 920; x_wconf 69' lang='grc' dir='ltr'><strong>ΙΔΤἸἮΔΞΙ,</strong></span> <span class='ocrx_word' id='word_1_34' title='bbox 1577 866 1695 906; x_wconf 64' lang='grc' dir='ltr'><strong>οη.</strong></span> <span class='ocrx_word' id='word_1_35' title='bbox 1726 867 1844 907; x_wconf 70' lang='lat' dir='ltr'><strong>XIII.</strong></span> 
     </span>
    </p>
   </div>
   <div class='ocr_carea' id='block_1_9' title="bbox 655 953 2163 1030">
    <p class='ocr_par' dir='ltr' id='par_1_9' title="bbox 655 953 2163 1030">
     <span class='ocr_line' id='line_1_9' title="bbox 655 953 2163 1030; baseline 0.01 -22"><span class='ocrx_word' id='word_1_36' title='bbox 655 971 675 1007; x_wconf 82' lang='lat'><strong>(</strong></span> <span class='ocrx_word' id='word_1_37' title='bbox 702 953 890 1010; x_wconf 85' lang='lat' dir='ltr'><strong>Simile</strong></span> <span class='ocrx_word' id='word_1_38' title='bbox 914 964 999 1012; x_wconf 85' lang='lat' dir='ltr'><strong>est</strong></span> <span class='ocrx_word' id='word_1_39' title='bbox 1043 973 1271 1030; x_wconf 78' lang='lat' dir='ltr'><strong>regnum</strong></span> <span class='ocrx_word' id='word_1_40' title='bbox 1316 962 1578 1018; x_wconf 74' lang='lat' dir='ltr'><strong>ccelorum</strong></span> <span class='ocrx_word' id='word_1_41' title='bbox 1629 956 1888 1021; x_wconf 83' lang='lat' dir='ltr'><strong>thesauro</strong></span> <span class='ocrx_word' id='word_1_42' title='bbox 1928 965 2163 1022; x_wconf 86' lang='lat' dir='ltr'><strong>abscon-</strong></span> 
     </span>
    </p>
   </div>
   <div class='ocr_carea' id='block_1_10' title="bbox 520 1018 2161 1125">
    <p class='ocr_par' dir='ltr' id='par_1_10' title="bbox 520 1018 2161 1125">
     <span class='ocr_line' id='line_1_10' title="bbox 520 1018 2161 1125; baseline 0.009 -27"><span class='ocrx_word' id='word_1_43' title='bbox 520 1018 539 1033; x_wconf 68' lang='grc'><strong><em>’</em></strong></span> <span class='ocrx_word' id='word_1_44' title='bbox 581 1060 605 1097; x_wconf 76' lang='grc' dir='ltr'>ι</span> <span class='ocrx_word' id='word_1_45' title='bbox 630 1044 821 1103; x_wconf 84' lang='lat' dir='ltr'><strong>ditoin</strong></span> <span class='ocrx_word' id='word_1_46' title='bbox 851 1064 1009 1119; x_wconf 70' lang='lat' dir='ltr'><strong>agro,</strong></span> <span class='ocrx_word' id='word_1_47' title='bbox 1041 1018 1204 1120; x_wconf 49' lang='lat' dir='ltr'><strong>an.</strong></span> <span class='ocrx_word' id='word_1_48' title='bbox 1238 1053 1333 1123; x_wconf 82' lang='lat' dir='ltr'><strong>qui</strong></span> <span class='ocrx_word' id='word_1_49' title='bbox 1380 1055 1586 1111; x_wconf 83' lang='lat' dir='ltr'><strong>invenit</strong></span> <span class='ocrx_word' id='word_1_50' title='bbox 1627 1057 1813 1122; x_wconf 85' lang='lat' dir='ltr'><strong>homo,</strong></span> <span class='ocrx_word' id='word_1_51' title='bbox 1855 1018 2161 1125; x_wconf 78' lang='lat' dir='ltr'><strong>abscondit,</strong></span> 
     </span>
    </p>
   </div>
   <div class='ocr_carea' id='block_1_11' title="bbox 578 1143 2162 1220">
    <p class='ocr_par' dir='ltr' id='par_1_11' title="bbox 578 1143 2162 1220">
     <span class='ocr_line' id='line_1_11' title="bbox 578 1143 2162 1220; baseline 0.009 -29"><span class='ocrx_word' id='word_1_52' title='bbox 578 1154 602 1191; x_wconf 69' lang='grc' dir='ltr'>ς</span> <span class='ocrx_word' id='word_1_53' title='bbox 629 1146 686 1194; x_wconf 86' lang='lat' dir='ltr'><strong>et</strong></span> <span class='ocrx_word' id='word_1_54' title='bbox 708 1155 827 1209; x_wconf 68' lang='lat' dir='ltr'><strong>prta</strong></span> <span class='ocrx_word' id='word_1_55' title='bbox 847 1143 1045 1211; x_wconf 74' lang='lat' dir='ltr'><strong>gaudio</strong></span> <span class='ocrx_word' id='word_1_56' title='bbox 1069 1144 1215 1201; x_wconf 78' lang='lat' dir='ltr'><strong>illius</strong></span> <span class='ocrx_word' id='word_1_57' title='bbox 1245 1147 1395 1201; x_wconf 80' lang='lat' dir='ltr'><strong>vadit</strong></span> <span class='ocrx_word' id='word_1_58' title='bbox 1439 1156 1496 1202; x_wconf 86' lang='lat' dir='ltr'><strong>et</strong></span> <span class='ocrx_word' id='word_1_59' title='bbox 1514 1147 1702 1203; x_wconf 94' lang='lat' dir='ltr'><strong>vendit</strong></span> <span class='ocrx_word' id='word_1_60' title='bbox 1747 1149 1998 1205; x_wconf 86' lang='lat' dir='ltr'><strong>universa</strong></span> <span class='ocrx_word' id='word_1_61' title='bbox 2042 1166 2162 1220; x_wconf 70' lang='lat' dir='ltr'><strong>qua:</strong></span> 
     </span>
    </p>
   </div>
   <div class='ocr_carea' id='block_1_12' title="bbox 570 1212 2164 1308">
    <p class='ocr_par' dir='ltr' id='par_1_12' title="bbox 570 1212 2164 1308">
     <span class='ocr_line' id='line_1_12' title="bbox 570 1212 2164 1308; baseline 0.01 -25"><span class='ocrx_word' id='word_1_62' title='bbox 570 1212 603 1283; x_wconf 46' lang='lat' dir='ltr'><strong>le</strong></span> <span class='ocrx_word' id='word_1_63' title='bbox 627 1230 818 1297; x_wconf 70' lang='lat' dir='ltr'><strong>habet,</strong></span> <span class='ocrx_word' id='word_1_64' title='bbox 850 1242 908 1289; x_wconf 82' lang='lat' dir='ltr'><strong>et</strong></span> <span class='ocrx_word' id='word_1_65' title='bbox 930 1236 1062 1293; x_wconf 76' lang='lat' dir='ltr'><strong>emit</strong></span> <span class='ocrx_word' id='word_1_66' title='bbox 1088 1253 1277 1308; x_wconf 80' lang='lat' dir='ltr'><strong>agrum</strong></span> <span class='ocrx_word' id='word_1_67' title='bbox 1299 1239 1472 1295; x_wconf 89' lang='lat' dir='ltr'><strong>illum.</strong></span> <span class='ocrx_word' id='word_1_68' title='bbox 1495 1240 1698 1297; x_wconf 82' lang='lat' dir='ltr'><strong>lterum</strong></span> <span class='ocrx_word' id='word_1_69' title='bbox 1732 1242 1911 1298; x_wconf 84' lang='lat' dir='ltr'><strong>simile</strong></span> <span class='ocrx_word' id='word_1_70' title='bbox 1948 1254 2033 1299; x_wconf 84' lang='lat' dir='ltr'><strong>est</strong></span> <span class='ocrx_word' id='word_1_71' title='bbox 2077 1259 2164 1299; x_wconf 92' lang='lat' dir='ltr'><strong>re-</strong></span> 
     </span>
    </p>
   </div>
   <div class='ocr_carea' id='block_1_13' title="bbox 579 1326 2163 1403">
    <p class='ocr_par' dir='ltr' id='par_1_13' title="bbox 579 1326 2163 1403">
     <span class='ocr_line' id='line_1_13' title="bbox 579 1326 2163 1403; baseline 0.01 -28"><span class='ocrx_word' id='word_1_72' title='bbox 579 1338 605 1375; x_wconf 72' lang='lat' dir='ltr'><strong>r</strong></span> <span class='ocrx_word' id='word_1_73' title='bbox 626 1336 793 1392; x_wconf 70' lang='lat' dir='ltr'><strong>gnam</strong></span> <span class='ocrx_word' id='word_1_74' title='bbox 826 1326 1092 1383; x_wconf 65' lang='lat' dir='ltr'><strong>umbra.</strong></span> <span class='ocrx_word' id='word_1_75' title='bbox 1131 1330 1339 1386; x_wconf 81' lang='lat' dir='ltr'><strong>homini</strong></span> <span class='ocrx_word' id='word_1_76' title='bbox 1380 1332 1726 1403; x_wconf 80' lang='lat' dir='ltr'><strong>negotiatori,</strong></span> <span class='ocrx_word' id='word_1_77' title='bbox 1771 1335 2033 1402; x_wconf 68' lang='lat' dir='ltr'><strong>qumrenti</strong></span> <span class='ocrx_word' id='word_1_78' title='bbox 2066 1336 2163 1391; x_wconf 85' lang='lat' dir='ltr'><strong>bo-</strong></span> 
     </span>
    </p>
   </div>
   <div class='ocr_carea' id='block_1_14' title="bbox 579 1418 2160 1495">
    <p class='ocr_par' dir='ltr' id='par_1_14' title="bbox 579 1418 2160 1495">
     <span class='ocr_line' id='line_1_14' title="bbox 579 1418 2160 1495; baseline 0.011 -27"><span class='ocrx_word' id='word_1_79' title='bbox 579 1429 605 1467; x_wconf 71' lang='lat' dir='ltr'><strong>s</strong></span> <span class='ocrx_word' id='word_1_80' title='bbox 628 1429 729 1471; x_wconf 87' lang='lat' dir='ltr'><strong>nas</strong></span> <span class='ocrx_word' id='word_1_81' title='bbox 757 1418 1099 1487; x_wconf 58' lang='lat' dir='ltr'><strong>margarita.</strong></span> <span class='ocrx_word' id='word_1_82' title='bbox 1134 1419 1356 1477; x_wconf 82' lang='lat' dir='ltr'><strong>inventa</strong></span> <span class='ocrx_word' id='word_1_83' title='bbox 1388 1432 1571 1480; x_wconf 85' lang='lat' dir='ltr'><strong>autem</strong></span> <span class='ocrx_word' id='word_1_84' title='bbox 1613 1440 1721 1480; x_wconf 84' lang='lat' dir='ltr'><strong>una</strong></span> <span class='ocrx_word' id='word_1_85' title='bbox 1750 1425 1986 1495; x_wconf 84' lang='lat' dir='ltr'><strong>pretiosa</strong></span> <span class='ocrx_word' id='word_1_86' title='bbox 2018 1442 2160 1487; x_wconf 84' lang='lat' dir='ltr'><strong>mar-</strong></span> 
     </span>
    </p>
   </div>
   <div class='ocr_carea' id='block_1_15' title="bbox 578 1503 2159 1583">
    <p class='ocr_par' dir='ltr' id='par_1_15' title="bbox 578 1503 2159 1583">
     <span class='ocr_line' id='line_1_15' title="bbox 578 1503 2159 1583; baseline 0.012 -29"><span class='ocrx_word' id='word_1_87' title='bbox 578 1520 599 1553; x_wconf 72' lang='lat' dir='ltr'><strong>i</strong></span> <span class='ocrx_word' id='word_1_88' title='bbox 627 1503 822 1571; x_wconf 86' lang='lat' dir='ltr'><strong>garita,</strong></span> <span class='ocrx_word' id='word_1_89' title='bbox 847 1506 979 1560; x_wconf 89' lang='lat' dir='ltr'><strong>abiit</strong></span> <span class='ocrx_word' id='word_1_90' title='bbox 1004 1516 1060 1562; x_wconf 91' lang='lat' dir='ltr'><strong>et</strong></span> <span class='ocrx_word' id='word_1_91' title='bbox 1079 1509 1318 1565; x_wconf 76' lang='lat' dir='ltr'><strong>vendidit.</strong></span> <span class='ocrx_word' id='word_1_92' title='bbox 1350 1514 1531 1569; x_wconf 88' lang='lat' dir='ltr'><strong>omnia</strong></span> <span class='ocrx_word' id='word_1_93' title='bbox 1559 1529 1681 1583; x_wconf 75' lang='lat' dir='ltr'><strong>quae</strong></span> <span class='ocrx_word' id='word_1_94' title='bbox 1716 1515 1906 1571; x_wconf 91' lang='lat' dir='ltr'><strong>habuit</strong></span> <span class='ocrx_word' id='word_1_95' title='bbox 1942 1524 1997 1571; x_wconf 91' lang='lat' dir='ltr'><strong>et</strong></span> <span class='ocrx_word' id='word_1_96' title='bbox 2027 1518 2159 1573; x_wconf 84' lang='lat' dir='ltr'><strong>emit</strong></span> 
     </span>
    </p>
   </div>
   <div class='ocr_carea' id='block_1_16' title="bbox 577 1594 2159 1679">
    <p class='ocr_par' dir='ltr' id='par_1_16' title="bbox 577 1594 2159 1679">
     <span class='ocr_line' id='line_1_16' title="bbox 577 1594 2159 1679; baseline 0.013 -35"><span class='ocrx_word' id='word_1_97' title='bbox 577 1609 601 1644; x_wconf 78' lang='grc' dir='ltr'>ι</span> <span class='ocrx_word' id='word_1_98' title='bbox 626 1607 766 1651; x_wconf 77' lang='lat' dir='ltr'><strong>eam.</strong></span> <span class='ocrx_word' id='word_1_99' title='bbox 798 1594 997 1653; x_wconf 72' lang='lat' dir='ltr'><strong>lterum</strong></span> <span class='ocrx_word' id='word_1_100' title='bbox 1025 1598 1205 1657; x_wconf 76' lang='lat' dir='ltr'><strong>simile</strong></span> <span class='ocrx_word' id='word_1_101' title='bbox 1238 1611 1325 1659; x_wconf 78' lang='lat' dir='ltr'><strong>est</strong></span> <span class='ocrx_word' id='word_1_102' title='bbox 1366 1619 1595 1674; x_wconf 77' lang='lat' dir='ltr'><strong>regnum</strong></span> <span class='ocrx_word' id='word_1_103' title='bbox 1641 1605 1899 1663; x_wconf 65' lang='lat' dir='ltr'><strong>caelorum</strong></span> <span class='ocrx_word' id='word_1_104' title='bbox 1947 1623 2159 1679; x_wconf 71' lang='lat' dir='ltr'><strong>sagana:</strong></span> 
     </span>
    </p>
   </div>
   <div class='ocr_carea' id='block_1_17' title="bbox 575 1683 2157 1767">
    <p class='ocr_par' dir='ltr' id='par_1_17' title="bbox 575 1683 2157 1767">
     <span class='ocr_line' id='line_1_17' title="bbox 575 1683 2157 1767; baseline 0.015 -33"><span class='ocrx_word' id='word_1_105' title='bbox 575 1683 803 1740; x_wconf 66' lang='lat' dir='ltr'><strong>emisse</strong></span> <span class='ocrx_word' id='word_1_106' title='bbox 826 1685 881 1743; x_wconf 87' lang='lat' dir='ltr'><strong>in</strong></span> <span class='ocrx_word' id='word_1_107' title='bbox 914 1702 1087 1754; x_wconf 88' lang='lat' dir='ltr'><strong>mare,</strong></span> <span class='ocrx_word' id='word_1_108' title='bbox 1123 1698 1181 1746; x_wconf 79' lang='lat' dir='ltr'><strong>et</strong></span> <span class='ocrx_word' id='word_1_109' title='bbox 1212 1706 1280 1745; x_wconf 77' lang='lat' dir='ltr'><strong>ex</strong></span> <span class='ocrx_word' id='word_1_110' title='bbox 1323 1696 1470 1750; x_wconf 77' lang='lat' dir='ltr'><strong>ornni</strong></span> <span class='ocrx_word' id='word_1_111' title='bbox 1520 1711 1719 1767; x_wconf 80' lang='lat' dir='ltr'><strong>genere</strong></span> <span class='ocrx_word' id='word_1_112' title='bbox 1762 1699 1992 1767; x_wconf 79' lang='lat' dir='ltr'><strong>piscium</strong></span> <span class='ocrx_word' id='word_1_113' title='bbox 2031 1717 2157 1756; x_wconf 88' lang='lat' dir='ltr'><strong>con-</strong></span> 
     </span>
    </p>
   </div>
   <div class='ocr_carea' id='block_1_18' title="bbox 576 1775 2575 1881">
    <p class='ocr_par' dir='ltr' id='par_1_18' title="bbox 576 1775 2575 1881">
     <span class='ocr_line' id='line_1_18' title="bbox 576 1775 2575 1881; baseline 0.017 -58"><span class='ocrx_word' id='word_1_114' title='bbox 576 1789 599 1827; x_wconf 66' lang='grc' dir='ltr'><strong><em>α</em></strong></span> <span class='ocrx_word' id='word_1_115' title='bbox 623 1775 889 1845; x_wconf 73' lang='lat' dir='ltr'><strong>greganti.</strong></span> <span class='ocrx_word' id='word_1_116' title='bbox 907 1776 1080 1844; x_wconf 71' lang='lat' dir='ltr'><strong>Quam</strong></span> <span class='ocrx_word' id='word_1_117' title='bbox 1095 1795 1216 1837; x_wconf 82' lang='lat' dir='ltr'><strong>cum</strong></span> <span class='ocrx_word' id='word_1_118' title='bbox 1234 1781 1451 1852; x_wconf 85' lang='lat' dir='ltr'><strong>impleta</strong></span> <span class='ocrx_word' id='word_1_119' title='bbox 1466 1787 1977 1845; x_wconf 85' lang='lat' dir='ltr'><strong>esseteducenteset</strong></span> <span class='ocrx_word' id='word_1_120' title='bbox 2001 1805 2157 1847; x_wconf 84' lang='lat' dir='ltr'><strong>secus</strong></span> <span class='ocrx_word' id='word_1_121' title='bbox 2182 1797 2231 1858; x_wconf 91' lang='lat' dir='ltr'><strong>B</strong></span> <span class='ocrx_word' id='word_1_122' title='bbox 2345 1775 2575 1881; x_wconf 17' lang='lat' dir='ltr'><strong>oéumois</strong></span> 
     </span>
    </p>
   </div>
   <div class='ocr_carea' id='block_1_19' title="bbox 575 1866 2159 1949">
    <p class='ocr_par' dir='ltr' id='par_1_19' title="bbox 575 1866 2159 1949">
     <span class='ocr_line' id='line_1_19' title="bbox 575 1866 2159 1949; baseline 0.012 -28"><span class='ocrx_word' id='word_1_123' title='bbox 575 1883 595 1921; x_wconf 74' lang='grc' dir='ltr'>σ</span> <span class='ocrx_word' id='word_1_124' title='bbox 623 1866 777 1923; x_wconf 80' lang='lat' dir='ltr'><strong>littus</strong></span> <span class='ocrx_word' id='word_1_125' title='bbox 804 1870 1081 1937; x_wconf 75' lang='lat' dir='ltr'><strong>sedentes,</strong></span> <span class='ocrx_word' id='word_1_126' title='bbox 1106 1872 1384 1945; x_wconf 81' lang='lat' dir='ltr'><strong>elegerunt</strong></span> <span class='ocrx_word' id='word_1_127' title='bbox 1415 1878 1587 1935; x_wconf 82' lang='lat' dir='ltr'><strong>bonos</strong></span> <span class='ocrx_word' id='word_1_128' title='bbox 1607 1880 1663 1937; x_wconf 91' lang='lat' dir='ltr'><strong>in</strong></span> <span class='ocrx_word' id='word_1_129' title='bbox 1700 1896 1833 1937; x_wconf 87' lang='lat' dir='ltr'><strong>vasa</strong></span> <span class='ocrx_word' id='word_1_130' title='bbox 1879 1898 1996 1949; x_wconf 86' lang='lat' dir='ltr'><strong>sua,</strong></span> <span class='ocrx_word' id='word_1_131' title='bbox 2043 1899 2159 1939; x_wconf 79' lang='lat' dir='ltr'><strong>ma-</strong></span> 
     </span>
    </p>
   </div>
   <div class='ocr_carea' id='block_1_20' title="bbox 576 1960 2158 2034">
    <p class='ocr_par' dir='ltr' id='par_1_20' title="bbox 576 1960 2158 2034">
     <span class='ocr_line' id='line_1_20' title="bbox 576 1960 2158 2034; baseline 0.014 -21"><span class='ocrx_word' id='word_1_132' title='bbox 576 1978 599 2013; x_wconf 75' lang='grc' dir='ltr'>σ</span> <span class='ocrx_word' id='word_1_133' title='bbox 623 1960 701 2017; x_wconf 85' lang='lat' dir='ltr'><strong>los</strong></span> <span class='ocrx_word' id='word_1_134' title='bbox 729 1972 911 2021; x_wconf 75' lang='lat' dir='ltr'><strong>autem</strong></span> <span class='ocrx_word' id='word_1_135' title='bbox 937 1965 1087 2023; x_wconf 77' lang='lat' dir='ltr'><strong>foras</strong></span> <span class='ocrx_word' id='word_1_136' title='bbox 1109 1969 1392 2026; x_wconf 82' lang='lat' dir='ltr'><strong>miserunt.</strong></span> <span class='ocrx_word' id='word_1_137' title='bbox 1420 1970 1512 2028; x_wconf 88' lang='lat' dir='ltr'><strong>Sic</strong></span> <span class='ocrx_word' id='word_1_138' title='bbox 1552 1974 1658 2029; x_wconf 87' lang='lat' dir='ltr'><strong>erit</strong></span> <span class='ocrx_word' id='word_1_139' title='bbox 1705 1974 1762 2031; x_wconf 92' lang='lat' dir='ltr'><strong>in</strong></span> <span class='ocrx_word' id='word_1_140' title='bbox 1812 1991 2158 2034; x_wconf 80' lang='lat' dir='ltr'><strong>consumma-</strong></span> 
     </span>
    </p>
   </div>
   <div class='ocr_carea' id='block_1_21' title="bbox 569 2053 2158 2135">
    <p class='ocr_par' dir='ltr' id='par_1_21' title="bbox 569 2053 2158 2135">
     <span class='ocr_line' id='line_1_21' title="bbox 569 2053 2158 2135; baseline 0.013 -30"><span class='ocrx_word' id='word_1_141' title='bbox 569 2069 588 2103; x_wconf 74' lang='lat' dir='ltr'><strong>t</strong></span> <span class='ocrx_word' id='word_1_142' title='bbox 617 2053 765 2109; x_wconf 83' lang='lat' dir='ltr'><strong>tione</strong></span> <span class='ocrx_word' id='word_1_143' title='bbox 793 2057 995 2111; x_wconf 78' lang='lat' dir='ltr'><strong>saeculi.</strong></span> <span class='ocrx_word' id='word_1_144' title='bbox 1022 2059 1447 2134; x_wconf 80' lang='lat' dir='ltr'><strong>Exibuntangeli</strong></span> <span class='ocrx_word' id='word_1_145' title='bbox 1478 2071 1534 2118; x_wconf 88' lang='lat' dir='ltr'><strong>et</strong></span> <span class='ocrx_word' id='word_1_146' title='bbox 1556 2067 1884 2135; x_wconf 86' lang='lat' dir='ltr'><strong>separabunt</strong></span> <span class='ocrx_word' id='word_1_147' title='bbox 1901 2069 2072 2125; x_wconf 88' lang='lat' dir='ltr'><strong>malos</strong></span> <span class='ocrx_word' id='word_1_148' title='bbox 2093 2070 2158 2125; x_wconf 92' lang='lat' dir='ltr'><strong>de</strong></span> 
     </span>
    </p>
   </div>
   <div class='ocr_carea' id='block_1_22' title="bbox 568 2145 2152 2231">
    <p class='ocr_par' dir='ltr' id='par_1_22' title="bbox 568 2145 2152 2231">
     <span class='ocr_line' id='line_1_22' title="bbox 568 2145 2152 2231; baseline 0.012 -35"><span class='ocrx_word' id='word_1_149' title='bbox 568 2159 588 2194; x_wconf 73' lang='grc' dir='ltr'><strong><em>ι</em></strong></span> <span class='ocrx_word' id='word_1_150' title='bbox 614 2145 793 2199; x_wconf 86' lang='lat' dir='ltr'><strong>medio</strong></span> <span class='ocrx_word' id='word_1_151' title='bbox 810 2146 1101 2216; x_wconf 69' lang='lat' dir='ltr'><strong>iustorum,</strong></span> <span class='ocrx_word' id='word_1_152' title='bbox 1127 2161 1183 2205; x_wconf 89' lang='lat' dir='ltr'><strong>et</strong></span> <span class='ocrx_word' id='word_1_153' title='bbox 1214 2153 1429 2208; x_wconf 88' lang='lat' dir='ltr'><strong>mittent</strong></span> <span class='ocrx_word' id='word_1_154' title='bbox 1458 2170 1552 2210; x_wconf 91' lang='lat' dir='ltr'><strong>eos</strong></span> <span class='ocrx_word' id='word_1_155' title='bbox 1582 2156 1637 2211; x_wconf 92' lang='lat' dir='ltr'><strong>in</strong></span> <span class='ocrx_word' id='word_1_156' title='bbox 1678 2159 1949 2213; x_wconf 86' lang='lat' dir='ltr'><strong>caminum</strong></span> <span class='ocrx_word' id='word_1_157' title='bbox 1995 2160 2152 2231; x_wconf 83' lang='lat' dir='ltr'><strong>ignis.</strong></span> 
     </span>
    </p>
   </div>
   <div class='ocr_carea' id='block_1_23' title="bbox 567 2234 2153 2307">
    <p class='ocr_par' dir='ltr' id='par_1_23' title="bbox 567 2234 2153 2307">
     <span class='ocr_line' id='line_1_23' title="bbox 567 2234 2153 2307; baseline 0.013 -22"><span class='ocrx_word' id='word_1_158' title='bbox 567 2249 588 2284; x_wconf 73' lang='grc' dir='ltr'><strong><em>ι</em></strong></span> <span class='ocrx_word' id='word_1_159' title='bbox 615 2234 695 2288; x_wconf 89' lang='lat' dir='ltr'><strong>lbi</strong></span> <span class='ocrx_word' id='word_1_160' title='bbox 716 2237 824 2290; x_wconf 89' lang='lat' dir='ltr'><strong>erit</strong></span> <span class='ocrx_word' id='word_1_161' title='bbox 850 2236 1015 2298; x_wconf 82' lang='lat' dir='ltr'><strong>ﬂetus</strong></span> <span class='ocrx_word' id='word_1_162' title='bbox 1035 2248 1091 2295; x_wconf 87' lang='lat' dir='ltr'><strong>et</strong></span> <span class='ocrx_word' id='word_1_163' title='bbox 1117 2242 1318 2299; x_wconf 87' lang='lat' dir='ltr'><strong>stridor</strong></span> <span class='ocrx_word' id='word_1_164' title='bbox 1344 2244 1606 2303; x_wconf 84' lang='lat' dir='ltr'><strong>dentium.</strong></span> <span class='ocrx_word' id='word_1_165' title='bbox 1650 2247 1999 2307; x_wconf 74' lang='lat' dir='ltr'><strong>lntellexistis</strong></span> <span class='ocrx_word' id='word_1_166' title='bbox 2039 2252 2153 2306; x_wconf 61' lang='lat' dir='ltr'><strong>haec</strong></span> 
     </span>
    </p>
   </div>
   <div class='ocr_carea' id='block_1_24' title="bbox 569 2328 2153 2399">
    <p class='ocr_par' dir='ltr' id='par_1_24' title="bbox 569 2328 2153 2399">
     <span class='ocr_line' id='line_1_24' title="bbox 569 2328 2153 2399; baseline 0.013 -21"><span class='ocrx_word' id='word_1_167' title='bbox 569 2342 589 2376; x_wconf 73' lang='grc' dir='ltr'><strong><em>ι</em></strong></span> <span class='ocrx_word' id='word_1_168' title='bbox 616 2328 836 2382; x_wconf 85' lang='lat' dir='ltr'><strong>omnia?</strong></span> <span class='ocrx_word' id='word_1_169' title='bbox 858 2330 1053 2387; x_wconf 71' lang='lat' dir='ltr'><strong>[licunt</strong></span> <span class='ocrx_word' id='word_1_170' title='bbox 1079 2335 1129 2388; x_wconf 88' lang='lat' dir='ltr'><strong>ei</strong></span> <span class='ocrx_word' id='word_1_171' title='bbox 1156 2352 1170 2388; x_wconf 89' lang='lat'><strong>:</strong></span> <span class='ocrx_word' id='word_1_172' title='bbox 1198 2336 1396 2391; x_wconf 81' lang='lat' dir='ltr'><strong>Etiam.</strong></span> <span class='ocrx_word' id='word_1_173' title='bbox 1414 2337 1629 2394; x_wconf 82' lang='lat' dir='ltr'><strong>Aitillis</strong></span> <span class='ocrx_word' id='word_1_174' title='bbox 1649 2359 1661 2393; x_wconf 87' lang='lat'><strong>:</strong></span> <span class='ocrx_word' id='word_1_175' title='bbox 1684 2340 1809 2396; x_wconf 89' lang='lat' dir='ltr'><strong>Ideo</strong></span> <span class='ocrx_word' id='word_1_176' title='bbox 1834 2344 2011 2399; x_wconf 89' lang='lat' dir='ltr'><strong>omnis</strong></span> <span class='ocrx_word' id='word_1_177' title='bbox 2025 2345 2153 2399; x_wconf 89' lang='lat' dir='ltr'><strong>scri-</strong></span> 
     </span>
    </p>
   </div>
   <div class='ocr_carea' id='block_1_25' title="bbox 565 2419 2150 2499">
    <p class='ocr_par' dir='ltr' id='par_1_25' title="bbox 565 2419 2150 2499">
     <span class='ocr_line' id='line_1_25' title="bbox 565 2419 2150 2499; baseline 0.015 -27"><span class='ocrx_word' id='word_1_178' title='bbox 565 2419 681 2474; x_wconf 77' lang='lat' dir='ltr'><strong>tba</strong></span> <span class='ocrx_word' id='word_1_179' title='bbox 726 2420 917 2478; x_wconf 92' lang='lat' dir='ltr'><strong>doctus</strong></span> <span class='ocrx_word' id='word_1_180' title='bbox 956 2425 1010 2480; x_wconf 89' lang='lat' dir='ltr'><strong>in</strong></span> <span class='ocrx_word' id='word_1_181' title='bbox 1051 2442 1218 2498; x_wconf 84' lang='lat' dir='ltr'><strong>regno</strong></span> <span class='ocrx_word' id='word_1_182' title='bbox 1260 2431 1544 2499; x_wconf 71' lang='lat' dir='ltr'><strong>caelorum,</strong></span> <span class='ocrx_word' id='word_1_183' title='bbox 1594 2434 1788 2491; x_wconf 89' lang='lat' dir='ltr'><strong>similis</strong></span> <span class='ocrx_word' id='word_1_184' title='bbox 1813 2444 1897 2492; x_wconf 90' lang='lat' dir='ltr'><strong>est</strong></span> <span class='ocrx_word' id='word_1_185' title='bbox 1946 2439 2150 2495; x_wconf 87' lang='lat' dir='ltr'><strong>homini</strong></span> 
     </span>
    </p>
   </div>
   <div class='ocr_carea' id='block_1_26' title="bbox 562 2513 2151 2589">
    <p class='ocr_par' dir='ltr' id='par_1_26' title="bbox 562 2513 2151 2589">
     <span class='ocr_line' id='line_1_26' title="bbox 562 2513 2151 2589; baseline 0.013 -24"><span class='ocrx_word' id='word_1_186' title='bbox 562 2527 587 2564; x_wconf 71' lang='grc' dir='ltr'><strong><em>ο</em></strong></span> <span class='ocrx_word' id='word_1_187' title='bbox 610 2513 1016 2583; x_wconf 73' lang='lat' dir='ltr'><strong>patrifamilias,</strong></span> <span class='ocrx_word' id='word_1_188' title='bbox 1032 2519 1126 2587; x_wconf 90' lang='lat' dir='ltr'><strong>qui</strong></span> <span class='ocrx_word' id='word_1_189' title='bbox 1153 2519 1365 2589; x_wconf 77' lang='lat' dir='ltr'><strong>profert</strong></span> <span class='ocrx_word' id='word_1_190' title='bbox 1388 2522 1461 2579; x_wconf 80' lang='lat' dir='ltr'><strong>de</strong></span> <span class='ocrx_word' id='word_1_191' title='bbox 1490 2526 1753 2580; x_wconf 83' lang='lat' dir='ltr'><strong>thesauro</strong></span> <span class='ocrx_word' id='word_1_192' title='bbox 1789 2541 1887 2583; x_wconf 90' lang='lat' dir='ltr'><strong>suo</strong></span> <span class='ocrx_word' id='word_1_193' title='bbox 1918 2544 2058 2584; x_wconf 85' lang='lat' dir='ltr'><strong>nova</strong></span> <span class='ocrx_word' id='word_1_194' title='bbox 2097 2538 2151 2585; x_wconf 90' lang='lat' dir='ltr'><strong>et</strong></span> 
     </span>
    </p>
   </div>
   <div class='ocr_carea' id='block_1_27' title="bbox 562 2612 861 2657">
    <p class='ocr_par' dir='ltr' id='par_1_27' title="bbox 562 2612 861 2657">
     <span class='ocr_line' id='line_1_27' title="bbox 562 2612 861 2657; baseline 0.017 -4"><span class='ocrx_word' id='word_1_195' title='bbox 562 2612 861 2657; x_wconf 61' lang='lat' dir='ltr'><strong>eraera.»</strong></span> 
     </span>
    </p>
   </div>
   <div class='ocr_carea' id='block_1_28' title="bbox 627 2689 2148 2769">
    <p class='ocr_par' dir='ltr' id='par_1_28' title="bbox 627 2689 2148 2769">
     <span class='ocr_line' id='line_1_28' title="bbox 627 2689 2148 2769; baseline 0.016 -25"><span class='ocrx_word' id='word_1_196' title='bbox 627 2689 812 2747; x_wconf 78' lang='lat' dir='ltr'><strong>Simile</strong></span> <span class='ocrx_word' id='word_1_197' title='bbox 831 2702 908 2747; x_wconf 84' lang='lat' dir='ltr'><strong>est</strong></span> <span class='ocrx_word' id='word_1_198' title='bbox 933 2711 1147 2765; x_wconf 77' lang='lat' dir='ltr'><strong>regnum</strong></span> <span class='ocrx_word' id='word_1_199' title='bbox 1176 2699 1424 2755; x_wconf 68' lang='lat' dir='ltr'><strong>caelorum</strong></span> <span class='ocrx_word' id='word_1_200' title='bbox 1464 2704 1707 2760; x_wconf 77' lang='lat' dir='ltr'><strong>thesauro</strong></span> <span class='ocrx_word' id='word_1_201' title='bbox 1750 2707 2054 2765; x_wconf 82' lang='lat' dir='ltr'><strong>abscondito</strong></span> <span class='ocrx_word' id='word_1_202' title='bbox 2092 2713 2148 2769; x_wconf 82' lang='lat' dir='ltr'><strong>in</strong></span> 
     </span>
    </p>
   </div>
   <div class='ocr_carea' id='block_1_29' title="bbox 557 2785 2146 2872">
    <p class='ocr_par' dir='ltr' id='par_1_29' title="bbox 557 2785 2146 2872">
     <span class='ocr_line' id='line_1_29' title="bbox 557 2785 2146 2872; baseline 0.017 -40"><span class='ocrx_word' id='word_1_203' title='bbox 557 2794 717 2849; x_wconf 72' lang='lat' dir='ltr'><strong>agro,</strong></span> <span class='ocrx_word' id='word_1_204' title='bbox 739 2798 887 2851; x_wconf 73' lang='lat' dir='ltr'><strong>quem</strong></span> <span class='ocrx_word' id='word_1_205' title='bbox 918 2786 1008 2853; x_wconf 85' lang='lat' dir='ltr'><strong>qui</strong></span> <span class='ocrx_word' id='word_1_206' title='bbox 1037 2785 1231 2843; x_wconf 75' lang='lat' dir='ltr'><strong>invenit</strong></span> <span class='ocrx_word' id='word_1_207' title='bbox 1253 2788 1431 2855; x_wconf 80' lang='lat' dir='ltr'><strong>homo,</strong></span> <span class='ocrx_word' id='word_1_208' title='bbox 1456 2793 1748 2861; x_wconf 77' lang='lat' dir='ltr'><strong>abscondit,</strong></span> <span class='ocrx_word' id='word_1_209' title='bbox 1781 2808 1828 2850; x_wconf 90' lang='lat' dir='ltr'><strong>et</strong></span> <span class='ocrx_word' id='word_1_210' title='bbox 1859 2815 1970 2869; x_wconf 71' lang='lat' dir='ltr'><strong>prce</strong></span> <span class='ocrx_word' id='word_1_211' title='bbox 2013 2819 2146 2872; x_wconf 80' lang='lat' dir='ltr'><strong>gau—</strong></span> 
     </span>
    </p>
   </div>
   <div class='ocr_carea' id='block_1_30' title="bbox 552 2869 2143 2954">
    <p class='ocr_par' dir='ltr' id='par_1_30' title="bbox 552 2869 2143 2954">
     <span class='ocr_line' id='line_1_30' title="bbox 552 2869 2143 2954; baseline 0.015 -30"><span class='ocrx_word' id='word_1_212' title='bbox 552 2869 647 2926; x_wconf 74' lang='lat' dir='ltr'><strong>dio</strong></span> <span class='ocrx_word' id='word_1_213' title='bbox 668 2870 815 2926; x_wconf 67' lang='lat' dir='ltr'><strong>illius</strong></span> <span class='ocrx_word' id='word_1_214' title='bbox 843 2874 985 2929; x_wconf 75' lang='lat' dir='ltr'><strong>vadit</strong></span> <span class='ocrx_word' id='word_1_215' title='bbox 1010 2884 1059 2931; x_wconf 78' lang='lat' dir='ltr'><strong>et</strong></span> <span class='ocrx_word' id='word_1_216' title='bbox 1087 2878 1261 2933; x_wconf 77' lang='lat' dir='ltr'><strong>vendit</strong></span> <span class='ocrx_word' id='word_1_217' title='bbox 1292 2881 1535 2937; x_wconf 84' lang='lat' dir='ltr'><strong>universa</strong></span> <span class='ocrx_word' id='word_1_218' title='bbox 1556 2901 1673 2954; x_wconf 71' lang='lat' dir='ltr'><strong>qua:</strong></span> <span class='ocrx_word' id='word_1_219' title='bbox 1719 2887 1892 2952; x_wconf 83' lang='lat' dir='ltr'><strong>habet,</strong></span> <span class='ocrx_word' id='word_1_220' title='bbox 1934 2902 1983 2946; x_wconf 90' lang='lat' dir='ltr'><strong>et</strong></span> <span class='ocrx_word' id='word_1_221' title='bbox 2014 2869 2143 2948; x_wconf 70' lang='lat' dir='ltr'><strong>emit</strong></span> 
     </span>
    </p>
   </div>
   <div class='ocr_carea' id='block_1_31' title="bbox 554 2961 2146 3042">
    <p class='ocr_par' dir='ltr' id='par_1_31' title="bbox 554 2961 2146 3042">
     <span class='ocr_line' id='line_1_31' title="bbox 554 2961 2146 3042; baseline 0.019 -30"><span class='ocrx_word' id='word_1_222' title='bbox 554 2976 744 3030; x_wconf 69' lang='lat' dir='ltr'><strong>agrum</strong></span> <span class='ocrx_word' id='word_1_223' title='bbox 769 2961 940 3018; x_wconf 79' lang='lat' dir='ltr'><strong>illum.</strong></span> <span class='ocrx_word' id='word_1_224' title='bbox 962 2965 1182 3023; x_wconf 87' lang='lat' dir='ltr'><strong>Crebris</strong></span> <span class='ocrx_word' id='word_1_225' title='bbox 1207 2972 1585 3039; x_wconf 87' lang='lat' dir='ltr'><strong>parabolarum</strong></span> <span class='ocrx_word' id='word_1_226' title='bbox 1609 2977 2031 3039; x_wconf 88' lang='lat' dir='ltr'><strong>obscuritatibus</strong></span> <span class='ocrx_word' id='word_1_227' title='bbox 2060 3002 2146 3042; x_wconf 86' lang='lat' dir='ltr'><strong>re-</strong></span> 
     </span>
    </p>
   </div>
   <div class='ocr_carea' id='block_1_32' title="bbox 554 3053 2141 3143">
    <p class='ocr_par' dir='ltr' id='par_1_32' title="bbox 554 3053 2141 3143">
     <span class='ocr_line' id='line_1_32' title="bbox 554 3053 2141 3143; baseline 0.017 -38"><span class='ocrx_word' id='word_1_228' title='bbox 554 3053 754 3108; x_wconf 82' lang='lat' dir='ltr'><strong>tardati</strong></span> <span class='ocrx_word' id='word_1_229' title='bbox 810 3058 1190 3114; x_wconf 83' lang='lat' dir='ltr'><strong>commaticam</strong></span> <span class='ocrx_word' id='word_1_230' title='bbox 1244 3061 1747 3133; x_wconf 82' lang='lat' dir='ltr'><strong>interpretationem</strong></span> <span class='ocrx_word' id='word_1_231' title='bbox 1807 3074 2141 3143; x_wconf 75' lang='lat' dir='ltr'><strong>excedimus,</strong></span> 
     </span>
    </p>
   </div>
   <div class='ocr_carea' id='block_1_33' title="bbox 2268 531 3870 617">
    <p class='ocr_par' dir='ltr' id='par_1_33' title="bbox 2268 531 3870 617">
     <span class='ocr_line' id='line_1_33' title="bbox 2268 531 3870 617; baseline 0.02 -41"><span class='ocrx_word' id='word_1_232' title='bbox 2268 540 2434 591; x_wconf 86' lang='lat' dir='ltr'><strong>mare,</strong></span> <span class='ocrx_word' id='word_1_233' title='bbox 2466 536 2514 580; x_wconf 90' lang='lat' dir='ltr'><strong>et</strong></span> <span class='ocrx_word' id='word_1_234' title='bbox 2542 544 2607 581; x_wconf 78' lang='lat' dir='ltr'><strong>ea:</strong></span> <span class='ocrx_word' id='word_1_235' title='bbox 2633 531 2773 584; x_wconf 84' lang='lat' dir='ltr'><strong>omni</strong></span> <span class='ocrx_word' id='word_1_236' title='bbox 2797 548 2981 601; x_wconf 82' lang='lat' dir='ltr'><strong>genere</strong></span> <span class='ocrx_word' id='word_1_237' title='bbox 3013 536 3236 605; x_wconf 76' lang='lat' dir='ltr'><strong>piscium</strong></span> <span class='ocrx_word' id='word_1_238' title='bbox 3285 550 3649 617; x_wconf 82' lang='lat' dir='ltr'><strong>congreganti.</strong></span> <span class='ocrx_word' id='word_1_239' title='bbox 3690 550 3870 617; x_wconf 68' lang='lat' dir='ltr'><strong>Qua-</strong></span> 
     </span>
    </p>
   </div>
   <div class='ocr_carea' id='block_1_34' title="bbox 2268 618 3867 712">
    <p class='ocr_par' dir='ltr' id='par_1_34' title="bbox 2268 618 3867 712">
     <span class='ocr_line' id='line_1_34' title="bbox 2268 618 3867 712; baseline 0.02 -44"><span class='ocrx_word' id='word_1_240' title='bbox 2268 631 2386 670; x_wconf 87' lang='lat' dir='ltr'><strong>cum</strong></span> <span class='ocrx_word' id='word_1_241' title='bbox 2415 618 2627 689; x_wconf 84' lang='lat' dir='ltr'><strong>impleta</strong></span> <span class='ocrx_word' id='word_1_242' title='bbox 2673 632 2800 676; x_wconf 82' lang='lat' dir='ltr'><strong>esset</strong></span> <span class='ocrx_word' id='word_1_243' title='bbox 2825 625 3123 695; x_wconf 83' lang='lat' dir='ltr'><strong>educentes,</strong></span> <span class='ocrx_word' id='word_1_244' title='bbox 3152 641 3203 684; x_wconf 86' lang='lat' dir='ltr'><strong>et</strong></span> <span class='ocrx_word' id='word_1_245' title='bbox 3230 650 3382 689; x_wconf 79' lang='lat' dir='ltr'><strong>secus</strong></span> <span class='ocrx_word' id='word_1_246' title='bbox 3410 637 3559 693; x_wconf 84' lang='lat' dir='ltr'><strong>littus</strong></span> <span class='ocrx_word' id='word_1_247' title='bbox 3601 632 3867 712; x_wconf 71' lang='lat' dir='ltr'><strong>sedentes,</strong></span> 
     </span>
    </p>
   </div>
   <div class='ocr_carea' id='block_1_35' title="bbox 2264 708 3866 801">
    <p class='ocr_par' dir='ltr' id='par_1_35' title="bbox 2264 708 3866 801">
     <span class='ocr_line' id='line_1_35' title="bbox 2264 708 3866 801; baseline 0.021 -40"><span class='ocrx_word' id='word_1_248' title='bbox 2264 708 2525 780; x_wconf 83' lang='lat' dir='ltr'><strong>elegerunt</strong></span> <span class='ocrx_word' id='word_1_249' title='bbox 2553 712 2712 768; x_wconf 88' lang='lat' dir='ltr'><strong>bonos</strong></span> <span class='ocrx_word' id='word_1_250' title='bbox 2735 716 2791 769; x_wconf 85' lang='lat' dir='ltr'><strong>in</strong></span> <span class='ocrx_word' id='word_1_251' title='bbox 2819 735 2940 772; x_wconf 80' lang='lat' dir='ltr'><strong>vasa</strong></span> <span class='ocrx_word' id='word_1_252' title='bbox 2964 737 3084 787; x_wconf 82' lang='lat' dir='ltr'><strong>sua,</strong></span> <span class='ocrx_word' id='word_1_253' title='bbox 3110 724 3278 780; x_wconf 80' lang='lat' dir='ltr'><strong>malos</strong></span> <span class='ocrx_word' id='word_1_254' title='bbox 3314 738 3490 784; x_wconf 86' lang='lat' dir='ltr'><strong>autem</strong></span> <span class='ocrx_word' id='word_1_255' title='bbox 3514 732 3672 801; x_wconf 78' lang='lat' dir='ltr'><strong>foras</strong></span> <span class='ocrx_word' id='word_1_256' title='bbox 3709 739 3866 793; x_wconf 66' lang='lat' dir='ltr'><strong>mise-</strong></span> 
     </span>
    </p>
   </div>
   <div class='ocr_carea' id='block_1_36' title="bbox 2267 801 3865 900">
    <p class='ocr_par' dir='ltr' id='par_1_36' title="bbox 2267 801 3865 900">
     <span class='ocr_line' id='line_1_36' title="bbox 2267 801 3865 900; baseline 0.021 -48"><span class='ocrx_word' id='word_1_257' title='bbox 2267 810 2406 854; x_wconf 89' lang='lat' dir='ltr'><strong>runt.</strong></span> <span class='ocrx_word' id='word_1_258' title='bbox 2437 801 2526 857; x_wconf 85' lang='lat' dir='ltr'><strong>Sic</strong></span> <span class='ocrx_word' id='word_1_259' title='bbox 2551 805 2645 857; x_wconf 85' lang='lat' dir='ltr'><strong>erit</strong></span> <span class='ocrx_word' id='word_1_260' title='bbox 2667 806 2722 859; x_wconf 89' lang='lat' dir='ltr'><strong>in</strong></span> <span class='ocrx_word' id='word_1_261' title='bbox 2748 815 3195 870; x_wconf 83' lang='lat' dir='ltr'><strong>consummatione</strong></span> <span class='ocrx_word' id='word_1_262' title='bbox 3218 820 3418 875; x_wconf 68' lang='lat' dir='ltr'><strong>saeculi.</strong></span> <span class='ocrx_word' id='word_1_263' title='bbox 3448 823 3865 900; x_wconf 70' lang='lat' dir='ltr'><strong>Exibuntange—</strong></span> 
     </span>
    </p>
   </div>
   <div class='ocr_carea' id='block_1_37' title="bbox 2264 890 3866 993">
    <p class='ocr_par' dir='ltr' id='par_1_37' title="bbox 2264 890 3866 993">
     <span class='ocr_line' id='line_1_37' title="bbox 2264 890 3866 993; baseline 0.021 -49"><span class='ocrx_word' id='word_1_264' title='bbox 2264 890 2303 944; x_wconf 82' lang='lat' dir='ltr'><strong>ti</strong></span> <span class='ocrx_word' id='word_1_265' title='bbox 2331 903 2379 947; x_wconf 87' lang='lat' dir='ltr'><strong>et</strong></span> <span class='ocrx_word' id='word_1_266' title='bbox 2401 897 2715 965; x_wconf 83' lang='lat' dir='ltr'><strong>separabunt</strong></span> <span class='ocrx_word' id='word_1_267' title='bbox 2739 900 2909 957; x_wconf 79' lang='lat' dir='ltr'><strong>malos</strong></span> <span class='ocrx_word' id='word_1_268' title='bbox 2936 903 3000 958; x_wconf 85' lang='lat' dir='ltr'><strong>de</strong></span> <span class='ocrx_word' id='word_1_269' title='bbox 3029 908 3200 962; x_wconf 87' lang='lat' dir='ltr'><strong>medio</strong></span> <span class='ocrx_word' id='word_1_270' title='bbox 3221 910 3512 983; x_wconf 79' lang='lat' dir='ltr'><strong>justorum,</strong></span> <span class='ocrx_word' id='word_1_271' title='bbox 3540 929 3656 974; x_wconf 83' lang='lat' dir='ltr'><strong>etc.</strong></span> <span class='ocrx_word' id='word_1_272' title='bbox 3673 890 3866 993; x_wconf 71' lang='lat' dir='ltr'><strong>imple-</strong></span> 
     </span>
    </p>
   </div>
   <div class='ocr_carea' id='block_1_38' title="bbox 2264 987 3863 1081">
    <p class='ocr_par' dir='ltr' id='par_1_38' title="bbox 2264 987 3863 1081">
     <span class='ocr_line' id='line_1_38' title="bbox 2264 987 3863 1081; baseline 0.021 -40"><span class='ocrx_word' id='word_1_273' title='bbox 2264 994 2321 1041; x_wconf 87' lang='lat' dir='ltr'><strong>to</strong></span> <span class='ocrx_word' id='word_1_274' title='bbox 2347 987 2594 1048; x_wconf 73' lang='lat' dir='ltr'><strong>Ieremia:</strong></span> <span class='ocrx_word' id='word_1_275' title='bbox 2619 997 2881 1055; x_wconf 83' lang='lat' dir='ltr'><strong>vaticinio</strong></span> <span class='ocrx_word' id='word_1_276' title='bbox 2908 1001 3152 1060; x_wconf 88' lang='lat' dir='ltr'><strong>docentis</strong></span> <span class='ocrx_word' id='word_1_277' title='bbox 3177 1024 3190 1058; x_wconf 74' lang='grc' dir='ltr'><strong>ε</strong></span> <span class='ocrx_word' id='word_1_278' title='bbox 3219 1005 3360 1063; x_wconf 84' lang='lat' dir='ltr'><strong>Ecce</strong></span> <span class='ocrx_word' id='word_1_279' title='bbox 3392 1028 3485 1081; x_wconf 90' lang='lat' dir='ltr'><strong>ego</strong></span> <span class='ocrx_word' id='word_1_280' title='bbox 3505 1015 3669 1069; x_wconf 75' lang='lat' dir='ltr'><strong>mitto</strong></span> <span class='ocrx_word' id='word_1_281' title='bbox 3693 1020 3769 1071; x_wconf 74' lang='lat' dir='ltr'><strong>ad</strong></span> <span class='ocrx_word' id='word_1_282' title='bbox 3786 1038 3863 1075; x_wconf 76' lang='lat' dir='ltr'><strong>res</strong></span> 
     </span>
    </p>
   </div>
   <div class='ocr_carea' id='block_1_39' title="bbox 2261 1081 3862 1168">
    <p class='ocr_par' dir='ltr' id='par_1_39' title="bbox 2261 1081 3862 1168">
     <span class='ocr_line' id='line_1_39' title="bbox 2261 1081 3862 1168; baseline 0.021 -36"><span class='ocrx_word' id='word_1_283' title='bbox 2261 1081 2546 1150; x_wconf 76' lang='lat' dir='ltr'><strong>piscatores</strong></span> <span class='ocrx_word' id='word_1_284' title='bbox 2573 1086 2769 1144; x_wconf 77' lang='lat' dir='ltr'><strong>multos</strong></span> <span class='ocrx_word' id='word_1_285' title='bbox 2791 1091 2922 1160; x_wconf 80' lang='lat' dir='ltr'><strong>(Jer.</strong></span> <span class='ocrx_word' id='word_1_286' title='bbox 2948 1094 3086 1168; x_wconf 76' lang='lat' dir='ltr'><strong>xw),</strong></span> <span class='ocrx_word' id='word_1_287' title='bbox 3103 1106 3390 1168; x_wconf 85' lang='lat' dir='ltr'><strong>postquam</strong></span> <span class='ocrx_word' id='word_1_288' title='bbox 3420 1106 3729 1163; x_wconf 85' lang='lat' dir='ltr'><strong>audierunt</strong></span> <span class='ocrx_word' id='word_1_289' title='bbox 3772 1110 3862 1166; x_wconf 82' lang='lat' dir='ltr'><strong>Pe-</strong></span> 
     </span>
    </p>
   </div>
   <div class='ocr_carea' id='block_1_40' title="bbox 2262 1178 3862 1267">
    <p class='ocr_par' dir='ltr' id='par_1_40' title="bbox 2262 1178 3862 1267">
     <span class='ocr_line' id='line_1_40' title="bbox 2262 1178 3862 1267; baseline 0.02 -40"><span class='ocrx_word' id='word_1_290' title='bbox 2262 1181 2379 1230; x_wconf 89' lang='lat' dir='ltr'><strong>trus</strong></span> <span class='ocrx_word' id='word_1_291' title='bbox 2404 1185 2458 1231; x_wconf 88' lang='lat' dir='ltr'><strong>et</strong></span> <span class='ocrx_word' id='word_1_292' title='bbox 2485 1178 2747 1245; x_wconf 85' lang='lat' dir='ltr'><strong>Andreas,</strong></span> <span class='ocrx_word' id='word_1_293' title='bbox 2776 1183 2945 1240; x_wconf 78' lang='lat' dir='ltr'><strong>Iacob</strong></span> <span class='ocrx_word' id='word_1_294' title='bbox 2975 1196 3032 1241; x_wconf 91' lang='lat' dir='ltr'><strong>et</strong></span> <span class='ocrx_word' id='word_1_295' title='bbox 3052 1188 3311 1258; x_wconf 80' lang='lat' dir='ltr'><strong>Joannes,</strong></span> <span class='ocrx_word' id='word_1_296' title='bbox 3340 1193 3434 1249; x_wconf 76' lang='lat' dir='ltr'><strong>lilii</strong></span> <span class='ocrx_word' id='word_1_297' title='bbox 3462 1197 3755 1267; x_wconf 65' lang='lat' dir='ltr'><strong>Zebedmi,</strong></span> <span class='ocrx_word' id='word_1_298' title='bbox 3784 1219 3862 1258; x_wconf 78' lang='lat' dir='ltr'><strong>sc-</strong></span> 
     </span>
    </p>
   </div>
   <div class='ocr_carea' id='block_1_41' title="bbox 2259 1266 3860 1355">
    <p class='ocr_par' dir='ltr' id='par_1_41' title="bbox 2259 1266 3860 1355">
     <span class='ocr_line' id='line_1_41' title="bbox 2259 1266 3860 1355; baseline 0.02 -39"><span class='ocrx_word' id='word_1_299' title='bbox 2259 1266 2485 1332; x_wconf 90' lang='lat' dir='ltr'><strong>quimini</strong></span> <span class='ocrx_word' id='word_1_300' title='bbox 2512 1284 2619 1336; x_wconf 89' lang='lat' dir='ltr'><strong>me,</strong></span> <span class='ocrx_word' id='word_1_301' title='bbox 2649 1281 2705 1327; x_wconf 88' lang='lat' dir='ltr'><strong>et</strong></span> <span class='ocrx_word' id='word_1_302' title='bbox 2727 1272 2923 1330; x_wconf 78' lang='lat' dir='ltr'><strong>faciam</strong></span> <span class='ocrx_word' id='word_1_303' title='bbox 2943 1292 3039 1331; x_wconf 88' lang='lat' dir='ltr'><strong>vos</strong></span> <span class='ocrx_word' id='word_1_304' title='bbox 3070 1280 3372 1348; x_wconf 83' lang='lat' dir='ltr'><strong>piscatores</strong></span> <span class='ocrx_word' id='word_1_305' title='bbox 3398 1285 3721 1355; x_wconf 80' lang='lat' dir='ltr'><strong>hominum,</strong></span> <span class='ocrx_word' id='word_1_306' title='bbox 3740 1307 3860 1347; x_wconf 82' lang='lat' dir='ltr'><strong>oon-</strong></span> 
     </span>
    </p>
   </div>
   <div class='ocr_carea' id='block_1_42' title="bbox 2260 1362 3857 1454">
    <p class='ocr_par' dir='ltr' id='par_1_42' title="bbox 2260 1362 3857 1454">
     <span class='ocr_line' id='line_1_42' title="bbox 2260 1362 3857 1454; baseline 0.019 -45"><span class='ocrx_word' id='word_1_307' title='bbox 2260 1364 2549 1414; x_wconf 79' lang='lat' dir='ltr'><strong>texuerunt</strong></span> <span class='ocrx_word' id='word_1_308' title='bbox 2584 1362 2687 1418; x_wconf 87' lang='lat' dir='ltr'><strong>sibi</strong></span> <span class='ocrx_word' id='word_1_309' title='bbox 2717 1377 2778 1419; x_wconf 80' lang='lat' dir='ltr'><strong>ex</strong></span> <span class='ocrx_word' id='word_1_310' title='bbox 2806 1365 2987 1422; x_wconf 76' lang='lat' dir='ltr'><strong>Veteri</strong></span> <span class='ocrx_word' id='word_1_311' title='bbox 3011 1385 3075 1424; x_wconf 84' lang='lat' dir='ltr'><strong>ac</strong></span> <span class='ocrx_word' id='word_1_312' title='bbox 3103 1370 3256 1427; x_wconf 87' lang='lat' dir='ltr'><strong>Novo</strong></span> <span class='ocrx_word' id='word_1_313' title='bbox 3287 1374 3649 1435; x_wconf 87' lang='lat' dir='ltr'><strong>Testamento</strong></span> <span class='ocrx_word' id='word_1_314' title='bbox 3706 1398 3857 1454; x_wconf 71' lang='lat' dir='ltr'><strong>sago-</strong></span> 
     </span>
    </p>
   </div>
   <div class='ocr_carea' id='block_1_43' title="bbox 2256 1453 3855 1532">
    <p class='ocr_par' dir='ltr' id='par_1_43' title="bbox 2256 1453 3855 1532">
     <span class='ocr_line' id='line_1_43' title="bbox 2256 1453 3855 1532; baseline 0.02 -32"><span class='ocrx_word' id='word_1_315' title='bbox 2256 1461 2381 1503; x_wconf 88' lang='lat' dir='ltr'><strong>nam</strong></span> <span class='ocrx_word' id='word_1_316' title='bbox 2403 1453 2842 1524; x_wconf 84' lang='lat' dir='ltr'><strong>evangelicorum</strong></span> <span class='ocrx_word' id='word_1_317' title='bbox 2876 1459 3210 1531; x_wconf 88' lang='lat' dir='ltr'><strong>dogmatum,</strong></span> <span class='ocrx_word' id='word_1_318' title='bbox 3243 1472 3302 1520; x_wconf 89' lang='lat' dir='ltr'><strong>et</strong></span> <span class='ocrx_word' id='word_1_319' title='bbox 3337 1467 3605 1526; x_wconf 88' lang='lat' dir='ltr'><strong>miserunt</strong></span> <span class='ocrx_word' id='word_1_320' title='bbox 3647 1487 3779 1529; x_wconf 78' lang='lat' dir='ltr'><strong>eam</strong></span> <span class='ocrx_word' id='word_1_321' title='bbox 3808 1479 3855 1532; x_wconf 78' lang='lat' dir='ltr'><strong>in</strong></span> 
     </span>
    </p>
   </div>
   <div class='ocr_carea' id='block_1_44' title="bbox 2257 1541 3856 1622">
    <p class='ocr_par' dir='ltr' id='par_1_44' title="bbox 2257 1541 3856 1622">
     <span class='ocr_line' id='line_1_44' title="bbox 2257 1541 3856 1622; baseline 0.021 -33"><span class='ocrx_word' id='word_1_322' title='bbox 2257 1551 2409 1593; x_wconf 85' lang='lat' dir='ltr'><strong>mare</strong></span> <span class='ocrx_word' id='word_1_323' title='bbox 2433 1541 2590 1610; x_wconf 84' lang='lat' dir='ltr'><strong>hujus</strong></span> <span class='ocrx_word' id='word_1_324' title='bbox 2616 1546 2798 1601; x_wconf 68' lang='lat' dir='ltr'><strong>saeculi</strong></span> <span class='ocrx_word' id='word_1_325' title='bbox 2819 1564 2941 1619; x_wconf 67' lang='lat' dir='ltr'><strong>quae</strong></span> <span class='ocrx_word' id='word_1_326' title='bbox 2967 1567 3138 1622; x_wconf 89' lang='lat' dir='ltr'><strong>usque</strong></span> <span class='ocrx_word' id='word_1_327' title='bbox 3160 1554 3324 1611; x_wconf 83' lang='lat' dir='ltr'><strong>hodie</strong></span> <span class='ocrx_word' id='word_1_328' title='bbox 3357 1558 3413 1612; x_wconf 92' lang='lat' dir='ltr'><strong>in</strong></span> <span class='ocrx_word' id='word_1_329' title='bbox 3443 1562 3647 1617; x_wconf 84' lang='lat' dir='ltr'><strong>mediis</strong></span> <span class='ocrx_word' id='word_1_330' title='bbox 3688 1563 3856 1622; x_wconf 75' lang='lat' dir='ltr'><strong>ﬂucti-</strong></span> 
     </span>
    </p>
   </div>
   <div class='ocr_carea' id='block_1_45' title="bbox 2254 1626 3848 1725">
    <p class='ocr_par' dir='ltr' id='par_1_45' title="bbox 2254 1626 3848 1725">
     <span class='ocr_line' id='line_1_45' title="bbox 2254 1626 3848 1725; baseline 0.022 -45"><span class='ocrx_word' id='word_1_331' title='bbox 2254 1626 2357 1681; x_wconf 83' lang='lat' dir='ltr'><strong>bus</strong></span> <span class='ocrx_word' id='word_1_332' title='bbox 2384 1633 2623 1689; x_wconf 79' lang='lat' dir='ltr'><strong>tenditur</strong></span> <span class='ocrx_word' id='word_1_333' title='bbox 2645 1639 2868 1707; x_wconf 87' lang='lat' dir='ltr'><strong>capiens</strong></span> <span class='ocrx_word' id='word_1_334' title='bbox 2891 1641 2958 1695; x_wconf 91' lang='lat' dir='ltr'><strong>de</strong></span> <span class='ocrx_word' id='word_1_335' title='bbox 2996 1644 3125 1699; x_wconf 89' lang='lat' dir='ltr'><strong>salis</strong></span> <span class='ocrx_word' id='word_1_336' title='bbox 3168 1654 3224 1700; x_wconf 88' lang='lat' dir='ltr'><strong>et</strong></span> <span class='ocrx_word' id='word_1_337' title='bbox 3271 1651 3471 1707; x_wconf 83' lang='lat' dir='ltr'><strong>amaris</strong></span> <span class='ocrx_word' id='word_1_338' title='bbox 3518 1655 3848 1725; x_wconf 77' lang='lat' dir='ltr'><strong>gurgitibus,</strong></span> 
     </span>
    </p>
   </div>
   <div class='ocr_carea' id='block_1_46' title="bbox 2252 1719 3855 1808">
    <p class='ocr_par' dir='ltr' id='par_1_46' title="bbox 2252 1719 3855 1808">
     <span class='ocr_line' id='line_1_46' title="bbox 2252 1719 3855 1808; baseline 0.023 -38"><span class='ocrx_word' id='word_1_339' title='bbox 2252 1719 2516 1789; x_wconf 80' lang='lat' dir='ltr'><strong>quidquid</strong></span> <span class='ocrx_word' id='word_1_340' title='bbox 2542 1724 2810 1793; x_wconf 81' lang='lat' dir='ltr'><strong>inciderit,</strong></span> <span class='ocrx_word' id='word_1_341' title='bbox 2841 1730 2895 1786; x_wconf 91' lang='lat' dir='ltr'><strong>id</strong></span> <span class='ocrx_word' id='word_1_342' title='bbox 2916 1741 3023 1798; x_wconf 85' lang='lat' dir='ltr'><strong>est,</strong></span> <span class='ocrx_word' id='word_1_343' title='bbox 3052 1741 3107 1789; x_wconf 88' lang='lat' dir='ltr'><strong>et</strong></span> <span class='ocrx_word' id='word_1_344' title='bbox 3129 1737 3302 1793; x_wconf 81' lang='lat' dir='ltr'><strong>bonos</strong></span> <span class='ocrx_word' id='word_1_345' title='bbox 3331 1719 3580 1799; x_wconf 70' lang='lat' dir='ltr'><strong>homines</strong></span> <span class='ocrx_word' id='word_1_346' title='bbox 3600 1719 3669 1801; x_wconf 56' lang='lat' dir='ltr'><strong>et</strong></span> 
     </span>
    </p>
   </div>
   <div class='ocr_carea' id='block_1_47' title="bbox 2603 1818 3851 1899">
    <p class='ocr_par' dir='ltr' id='par_1_47' title="bbox 2603 1818 3851 1899">
     <span class='ocr_line' id='line_1_47' title="bbox 2603 1818 3851 1899; baseline 0.022 -27"><span class='ocrx_word' id='word_1_347' title='bbox 2603 1818 2779 1885; x_wconf 81' lang='lat' dir='ltr'><strong>pisces</strong></span> <span class='ocrx_word' id='word_1_348' title='bbox 2811 1829 2867 1877; x_wconf 89' lang='lat' dir='ltr'><strong>et</strong></span> <span class='ocrx_word' id='word_1_349' title='bbox 2907 1826 3196 1895; x_wconf 84' lang='lat' dir='ltr'><strong>pessimos,</strong></span> <span class='ocrx_word' id='word_1_350' title='bbox 3242 1846 3364 1886; x_wconf 89' lang='lat' dir='ltr'><strong>cum</strong></span> <span class='ocrx_word' id='word_1_351' title='bbox 3406 1844 3589 1892; x_wconf 86' lang='lat' dir='ltr'><strong>autem</strong></span> <span class='ocrx_word' id='word_1_352' title='bbox 3640 1845 3851 1899; x_wconf 75' lang='lat' dir='ltr'><strong>venerit</strong></span> 
     </span>
    </p>
   </div>
   <div class='ocr_carea' id='block_1_48' title="bbox 2260 1912 3853 1995">
    <p class='ocr_par' dir='ltr' id='par_1_48' title="bbox 2260 1912 3853 1995">
     <span class='ocr_line' id='line_1_48' title="bbox 2260 1912 3853 1995; baseline 0.024 -38"><span class='ocrx_word' id='word_1_353' title='bbox 2260 1912 2655 1966; x_wconf 77' lang='lat' dir='ltr'><strong>consummatio</strong></span> <span class='ocrx_word' id='word_1_354' title='bbox 2678 1921 2734 1968; x_wconf 90' lang='lat' dir='ltr'><strong>et</strong></span> <span class='ocrx_word' id='word_1_355' title='bbox 2767 1913 2891 1972; x_wconf 80' lang='lat' dir='ltr'><strong>ﬁnis</strong></span> <span class='ocrx_word' id='word_1_356' title='bbox 2910 1922 3115 1987; x_wconf 87' lang='lat' dir='ltr'><strong>mundi,</strong></span> <span class='ocrx_word' id='word_1_357' title='bbox 3146 1932 3209 1979; x_wconf 87' lang='lat' dir='ltr'><strong>ut</strong></span> <span class='ocrx_word' id='word_1_358' title='bbox 3248 1926 3365 1995; x_wconf 88' lang='lat' dir='ltr'><strong>ipse</strong></span> <span class='ocrx_word' id='word_1_359' title='bbox 3407 1929 3551 1986; x_wconf 81' lang='lat' dir='ltr'><strong>infra</strong></span> <span class='ocrx_word' id='word_1_360' title='bbox 3594 1937 3853 1995; x_wconf 75' lang='lat' dir='ltr'><strong>manifes-</strong></span> 
     </span>
    </p>
   </div>
   <div class='ocr_carea' id='block_1_49' title="bbox 2256 1996 3846 2087">
    <p class='ocr_par' dir='ltr' id='par_1_49' title="bbox 2256 1996 3846 2087">
     <span class='ocr_line' id='line_1_49' title="bbox 2256 1996 3846 2087; baseline 0.023 -37"><span class='ocrx_word' id='word_1_361' title='bbox 2256 1996 2367 2052; x_wconf 84' lang='lat' dir='ltr'><strong>tius</strong></span> <span class='ocrx_word' id='word_1_362' title='bbox 2439 1999 2677 2069; x_wconf 85' lang='lat' dir='ltr'><strong>disserit,</strong></span> <span class='ocrx_word' id='word_1_363' title='bbox 2734 2012 2867 2063; x_wconf 84' lang='lat' dir='ltr'><strong>tunc</strong></span> <span class='ocrx_word' id='word_1_364' title='bbox 2925 2025 3126 2082; x_wconf 88' lang='lat' dir='ltr'><strong>sagena</strong></span> <span class='ocrx_word' id='word_1_365' title='bbox 3173 2020 3490 2075; x_wconf 74' lang='lat' dir='ltr'><strong>extrahetur</strong></span> <span class='ocrx_word' id='word_1_366' title='bbox 3550 2026 3621 2079; x_wconf 81' lang='lat' dir='ltr'><strong>ad</strong></span> <span class='ocrx_word' id='word_1_367' title='bbox 3676 2029 3846 2087; x_wconf 83' lang='lat' dir='ltr'><strong>littus.</strong></span> 
     </span>
    </p>
   </div>
   <div class='ocr_carea' id='block_1_50' title="bbox 2255 2089 3847 2179">
    <p class='ocr_par' dir='ltr' id='par_1_50' title="bbox 2255 2089 3847 2179">
     <span class='ocr_line' id='line_1_50' title="bbox 2255 2089 3847 2179; baseline 0.023 -36"><span class='ocrx_word' id='word_1_368' title='bbox 2255 2089 2406 2147; x_wconf 87' lang='lat' dir='ltr'><strong>Tunc</strong></span> <span class='ocrx_word' id='word_1_369' title='bbox 2430 2107 2616 2150; x_wconf 86' lang='lat' dir='ltr'><strong>verum</strong></span> <span class='ocrx_word' id='word_1_370' title='bbox 2639 2102 3092 2160; x_wconf 80' lang='lat' dir='ltr'><strong>secernendon</strong></span> <span class='ocrx_word' id='word_1_371' title='bbox 3117 2109 3350 2177; x_wconf 87' lang='lat' dir='ltr'><strong>piscium</strong></span> <span class='ocrx_word' id='word_1_372' title='bbox 3389 2113 3655 2174; x_wconf 82' lang='lat' dir='ltr'><strong>indicium</strong></span> <span class='ocrx_word' id='word_1_373' title='bbox 3692 2138 3847 2179; x_wconf 78' lang='lat' dir='ltr'><strong>mon-</strong></span> 
     </span>
    </p>
   </div>
   <div class='ocr_carea' id='block_1_51' title="bbox 2253 2183 3846 2282">
    <p class='ocr_par' dir='ltr' id='par_1_51' title="bbox 2253 2183 3846 2282">
     <span class='ocr_line' id='line_1_51' title="bbox 2253 2183 3846 2282; baseline 0.023 -48"><span class='ocrx_word' id='word_1_374' title='bbox 2253 2183 2536 2252; x_wconf 82' lang='lat' dir='ltr'><strong>strabitur,</strong></span> <span class='ocrx_word' id='word_1_375' title='bbox 2587 2195 2644 2242; x_wconf 90' lang='lat' dir='ltr'><strong>et</strong></span> <span class='ocrx_word' id='word_1_376' title='bbox 2688 2192 2845 2260; x_wconf 87' lang='lat' dir='ltr'><strong>quasi</strong></span> <span class='ocrx_word' id='word_1_377' title='bbox 2886 2194 2940 2247; x_wconf 91' lang='lat' dir='ltr'><strong>in</strong></span> <span class='ocrx_word' id='word_1_378' title='bbox 2981 2199 3214 2265; x_wconf 82' lang='lat' dir='ltr'><strong>quodam</strong></span> <span class='ocrx_word' id='word_1_379' title='bbox 3282 2204 3629 2272; x_wconf 86' lang='lat' dir='ltr'><strong>quietissimo</strong></span> <span class='ocrx_word' id='word_1_380' title='bbox 3692 2224 3846 2282; x_wconf 82' lang='lat' dir='ltr'><strong>porta</strong></span> 
     </span>
    </p>
   </div>
   <div class='ocr_carea' id='block_1_52' title="bbox 2251 2272 3847 2368">
    <p class='ocr_par' dir='ltr' id='par_1_52' title="bbox 2251 2272 3847 2368">
     <span class='ocr_line' id='line_1_52' title="bbox 2251 2272 3847 2368; baseline 0.023 -42"><span class='ocrx_word' id='word_1_381' title='bbox 2251 2272 2379 2330; x_wconf 88' lang='lat' dir='ltr'><strong>boni</strong></span> <span class='ocrx_word' id='word_1_382' title='bbox 2410 2276 2696 2333; x_wconf 83' lang='lat' dir='ltr'><strong>mittentur</strong></span> <span class='ocrx_word' id='word_1_383' title='bbox 2716 2281 2773 2335; x_wconf 90' lang='lat' dir='ltr'><strong>in</strong></span> <span class='ocrx_word' id='word_1_384' title='bbox 2797 2298 2927 2338; x_wconf 79' lang='lat' dir='ltr'><strong>vasa</strong></span> <span class='ocrx_word' id='word_1_385' title='bbox 2961 2287 3271 2347; x_wconf 61' lang='lat' dir='ltr'><strong>molestiam</strong></span> <span class='ocrx_word' id='word_1_386' title='bbox 3315 2272 3713 2368; x_wconf 61' lang='lat' dir='ltr'><strong>mansionum;</strong></span> <span class='ocrx_word' id='word_1_387' title='bbox 3740 2320 3847 2361; x_wconf 79' lang='lat' dir='ltr'><strong>ma-</strong></span> 
     </span>
    </p>
   </div>
   <div class='ocr_carea' id='block_1_53' title="bbox 2250 2362 3843 2457">
    <p class='ocr_par' dir='ltr' id='par_1_53' title="bbox 2250 2362 3843 2457">
     <span class='ocr_line' id='line_1_53' title="bbox 2250 2362 3843 2457; baseline 0.022 -40"><span class='ocrx_word' id='word_1_388' title='bbox 2250 2362 2332 2419; x_wconf 87' lang='lat' dir='ltr'><strong>los</strong></span> <span class='ocrx_word' id='word_1_389' title='bbox 2369 2374 2549 2425; x_wconf 88' lang='lat' dir='ltr'><strong>autem</strong></span> <span class='ocrx_word' id='word_1_390' title='bbox 2573 2373 2855 2431; x_wconf 80' lang='lat' dir='ltr'><strong>terrendos</strong></span> <span class='ocrx_word' id='word_1_391' title='bbox 2886 2384 2943 2431; x_wconf 90' lang='lat' dir='ltr'><strong>et</strong></span> <span class='ocrx_word' id='word_1_392' title='bbox 2970 2380 3293 2439; x_wconf 82' lang='lat' dir='ltr'><strong>exsicandos</strong></span> <span class='ocrx_word' id='word_1_393' title='bbox 3321 2385 3588 2457; x_wconf 68' lang='lat' dir='ltr'><strong>gehennae</strong></span> 
     </span>
    </p>
   </div>
   <div class='ocr_carea' id='block_1_54' title="bbox 2248 2458 2527 2514">
    <p class='ocr_par' dir='ltr' id='par_1_54' title="bbox 2248 2458 2527 2514">
     <span class='ocr_line' id='line_1_54' title="bbox 2248 2458 2527 2514; baseline 0.014 -4"><span class='ocrx_word' id='word_1_394' title='bbox 2248 2458 2527 2514; x_wconf 75' lang='lat' dir='ltr'><strong>suscipiet.</strong></span> 
     </span>
    </p>
   </div>
   <div class='ocr_carea' id='block_1_55' title="bbox 2318 2474 3845 2615">
    <p class='ocr_par' dir='ltr' id='par_1_55' title="bbox 2318 2474 3845 2615">
     <span class='ocr_line' id='line_1_55' title="bbox 2318 2474 3845 2615; baseline 0.022 -33"><span class='ocrx_word' id='word_1_395' title='bbox 2318 2474 2659 2589; x_wconf 44' lang='lat' dir='ltr'><strong>ﬁgmentis</strong></span> <span class='ocrx_word' id='word_1_396' title='bbox 2698 2533 2811 2591; x_wconf 69' lang='lat' dir='ltr'><strong>hac</strong></span> <span class='ocrx_word' id='word_1_397' title='bbox 2870 2543 3086 2601; x_wconf 76' lang='lat' dir='ltr'><strong>omnia?</strong></span> <span class='ocrx_word' id='word_1_398' title='bbox 3123 2544 3318 2602; x_wconf 84' lang='lat' dir='ltr'><strong>Dicunt</strong></span> <span class='ocrx_word' id='word_1_399' title='bbox 3383 2549 3431 2603; x_wconf 82' lang='lat' dir='ltr'><strong>ei</strong></span> <span class='ocrx_word' id='word_1_400' title='bbox 3458 2549 3709 2611; x_wconf 80' lang='lat' dir='ltr'><strong>:Etiaat.</strong></span> <span class='ocrx_word' id='word_1_401' title='bbox 3767 2559 3845 2615; x_wconf 72' lang='lat' dir='ltr'><strong>Ad</strong></span> 
     </span>
    </p>
   </div>
   <div class='ocr_carea' id='block_1_56' title="bbox 2249 2623 3843 2705">
    <p class='ocr_par' dir='ltr' id='par_1_56' title="bbox 2249 2623 3843 2705">
     <span class='ocr_line' id='line_1_56' title="bbox 2249 2623 3843 2705; baseline 0.02 -31"><span class='ocrx_word' id='word_1_402' title='bbox 2249 2623 2525 2690; x_wconf 86' lang='lat' dir='ltr'><strong>apostolos</strong></span> <span class='ocrx_word' id='word_1_403' title='bbox 2552 2629 2787 2698; x_wconf 64' lang='lat' dir='ltr'><strong>propriae</strong></span> <span class='ocrx_word' id='word_1_404' title='bbox 2831 2647 3013 2692; x_wconf 86' lang='lat' dir='ltr'><strong>sermo</strong></span> <span class='ocrx_word' id='word_1_405' title='bbox 3053 2647 3220 2697; x_wconf 75' lang='lat' dir='ltr'><strong>estet</strong></span> <span class='ocrx_word' id='word_1_406' title='bbox 3257 2639 3365 2698; x_wconf 84' lang='lat' dir='ltr'><strong>illis</strong></span> <span class='ocrx_word' id='word_1_407' title='bbox 3402 2642 3651 2701; x_wconf 87' lang='lat' dir='ltr'><strong>dicitur:</strong></span> <span class='ocrx_word' id='word_1_408' title='bbox 3682 2647 3843 2705; x_wconf 78' lang='lat' dir='ltr'><strong>latet-</strong></span> 
     </span>
    </p>
   </div>
   <div class='ocr_carea' id='block_1_57' title="bbox 2248 2711 3842 2815">
    <p class='ocr_par' dir='ltr' id='par_1_57' title="bbox 2248 2711 3842 2815">
     <span class='ocr_line' id='line_1_57' title="bbox 2248 2711 3842 2815; baseline 0.021 -49"><span class='ocrx_word' id='word_1_409' title='bbox 2248 2711 2449 2772; x_wconf 72' lang='lat' dir='ltr'><strong>lexistis</strong></span> <span class='ocrx_word' id='word_1_410' title='bbox 2481 2719 2614 2785; x_wconf 67' lang='lat' dir='ltr'><strong>laws,</strong></span> <span class='ocrx_word' id='word_1_411' title='bbox 2646 2737 2782 2791; x_wconf 87' lang='lat' dir='ltr'><strong>quos</strong></span> <span class='ocrx_word' id='word_1_412' title='bbox 2803 2741 2911 2782; x_wconf 91' lang='lat' dir='ltr'><strong>non</strong></span> <span class='ocrx_word' id='word_1_413' title='bbox 2935 2730 3048 2784; x_wconf 84' lang='lat' dir='ltr'><strong>vult</strong></span> <span class='ocrx_word' id='word_1_414' title='bbox 3071 2732 3261 2789; x_wconf 89' lang='lat' dir='ltr'><strong>audire</strong></span> <span class='ocrx_word' id='word_1_415' title='bbox 3296 2742 3533 2806; x_wconf 84' lang='lat' dir='ltr'><strong>tantum,</strong></span> <span class='ocrx_word' id='word_1_416' title='bbox 3571 2750 3638 2796; x_wconf 89' lang='lat' dir='ltr'><strong>ut</strong></span> <span class='ocrx_word' id='word_1_417' title='bbox 3674 2759 3842 2815; x_wconf 71' lang='lat' dir='ltr'><strong>pepu-</strong></span> 
     </span>
    </p>
   </div>
   <div class='ocr_carea' id='block_1_58' title="bbox 2246 2802 3515 2891">
    <p class='ocr_par' dir='ltr' id='par_1_58' title="bbox 2246 2802 3515 2891">
     <span class='ocr_line' id='line_1_58' title="bbox 2246 2802 3515 2891; baseline 0.024 -36"><span class='ocrx_word' id='word_1_418' title='bbox 2246 2802 2376 2869; x_wconf 88' lang='lat' dir='ltr'><strong>lum,</strong></span> <span class='ocrx_word' id='word_1_419' title='bbox 2403 2807 2496 2861; x_wconf 92' lang='lat' dir='ltr'><strong>sed</strong></span> <span class='ocrx_word' id='word_1_420' title='bbox 2533 2809 2850 2883; x_wconf 83' lang='lat' dir='ltr'><strong>intelligere,</strong></span> <span class='ocrx_word' id='word_1_421' title='bbox 2879 2826 2937 2872; x_wconf 91' lang='lat' dir='ltr'><strong>ut</strong></span> <span class='ocrx_word' id='word_1_422' title='bbox 2957 2822 3245 2891; x_wconf 88' lang='lat' dir='ltr'><strong>magistros</strong></span> <span class='ocrx_word' id='word_1_423' title='bbox 3283 2825 3515 2885; x_wconf 79' lang='lat' dir='ltr'><strong>futuros.</strong></span> 
     </span>
    </p>
   </div>
   <div class='ocr_carea' id='block_1_59' title="bbox 2317 2895 3838 2990">
    <p class='ocr_par' dir='ltr' id='par_1_59' title="bbox 2317 2895 3838 2990">
     <span class='ocr_line' id='line_1_59' title="bbox 2317 2895 3838 2990; baseline 0.022 -41"><span class='ocrx_word' id='word_1_424' title='bbox 2317 2895 2445 2951; x_wconf 83' lang='lat' dir='ltr'><strong>Ideo</strong></span> <span class='ocrx_word' id='word_1_425' title='bbox 2469 2903 2637 2959; x_wconf 81' lang='lat' dir='ltr'><strong>omnis</strong></span> <span class='ocrx_word' id='word_1_426' title='bbox 2669 2904 2859 2961; x_wconf 80' lang='lat' dir='ltr'><strong>Scriba</strong></span> <span class='ocrx_word' id='word_1_427' title='bbox 2887 2909 3072 2967; x_wconf 81' lang='lat' dir='ltr'><strong>doctus</strong></span> <span class='ocrx_word' id='word_1_428' title='bbox 3098 2915 3153 2969; x_wconf 87' lang='lat' dir='ltr'><strong>in</strong></span> <span class='ocrx_word' id='word_1_429' title='bbox 3181 2933 3336 2988; x_wconf 78' lang='lat' dir='ltr'><strong>regno</strong></span> <span class='ocrx_word' id='word_1_430' title='bbox 3380 2921 3667 2990; x_wconf 59' lang='lat' dir='ltr'><strong>celarunt,</strong></span> <span class='ocrx_word' id='word_1_431' title='bbox 3709 2929 3838 2981; x_wconf 76' lang='lat' dir='ltr'><strong>sinti-</strong></span> 
     </span>
    </p>
   </div>
   <div class='ocr_carea' id='block_1_60' title="bbox 2243 2985 3839 3077">
    <p class='ocr_par' dir='ltr' id='par_1_60' title="bbox 2243 2985 3839 3077">
     <span class='ocr_line' id='line_1_60' title="bbox 2243 2985 3839 3077; baseline 0.023 -38"><span class='ocrx_word' id='word_1_432' title='bbox 2243 2985 2309 3041; x_wconf 83' lang='lat' dir='ltr'><strong>Iis</strong></span> <span class='ocrx_word' id='word_1_433' title='bbox 2336 2998 2412 3043; x_wconf 87' lang='lat' dir='ltr'><strong>est</strong></span> <span class='ocrx_word' id='word_1_434' title='bbox 2438 2991 2635 3048; x_wconf 77' lang='lat' dir='ltr'><strong>homini</strong></span> <span class='ocrx_word' id='word_1_435' title='bbox 2658 2998 3055 3068; x_wconf 79' lang='lat' dir='ltr'><strong>patrifamilias,</strong></span> <span class='ocrx_word' id='word_1_436' title='bbox 3078 3007 3167 3075; x_wconf 85' lang='lat' dir='ltr'><strong>qui</strong></span> <span class='ocrx_word' id='word_1_437' title='bbox 3216 2985 3413 3077; x_wconf 72' lang='lat' dir='ltr'><strong>profert</strong></span> <span class='ocrx_word' id='word_1_438' title='bbox 3474 3013 3542 3068; x_wconf 72' lang='lat' dir='ltr'><strong>de</strong></span> 
     </span>
    </p>
   </div>
   <div class='ocr_carea' id='block_1_61' title="bbox 2243 3091 3836 3173">
    <p class='ocr_par' dir='ltr' id='par_1_61' title="bbox 2243 3091 3836 3173">
     <span class='ocr_line' id='line_1_61' title="bbox 2243 3091 3836 3173; baseline 0.023 -41"><span class='ocrx_word' id='word_1_439' title='bbox 2243 3097 2341 3134; x_wconf 87' lang='lat' dir='ltr'><strong>suo</strong></span> <span class='ocrx_word' id='word_1_440' title='bbox 2368 3099 2501 3139; x_wconf 86' lang='lat' dir='ltr'><strong>nova</strong></span> <span class='ocrx_word' id='word_1_441' title='bbox 2524 3096 2573 3140; x_wconf 86' lang='lat' dir='ltr'><strong>et</strong></span> <span class='ocrx_word' id='word_1_442' title='bbox 2593 3098 2785 3144; x_wconf 83' lang='lat' dir='ltr'><strong>vetera.</strong></span> <span class='ocrx_word' id='word_1_443' title='bbox 2817 3091 3073 3153; x_wconf 86' lang='lat' dir='ltr'><strong>lnstructi</strong></span> <span class='ocrx_word' id='word_1_444' title='bbox 3097 3110 3256 3157; x_wconf 87' lang='lat' dir='ltr'><strong>erant</strong></span> <span class='ocrx_word' id='word_1_445' title='bbox 3292 3106 3526 3173; x_wconf 84' lang='lat' dir='ltr'><strong>apostoli</strong></span> <span class='ocrx_word' id='word_1_446' title='bbox 3565 3111 3768 3166; x_wconf 78' lang='lat' dir='ltr'><strong>scriba:</strong></span> <span class='ocrx_word' id='word_1_447' title='bbox 3787 3121 3836 3167; x_wconf 78' lang='lat' dir='ltr'><strong>et</strong></span> 
     </span>
    </p>
   </div>
   <div class='ocr_carea' id='block_1_62' title="bbox 551 3149 3837 3274">
    <p class='ocr_par' dir='ltr' id='par_1_62' title="bbox 551 3149 3837 3274">
     <span class='ocr_line' id='line_1_62' title="bbox 2988 3149 3835 3173; baseline 0.019 -22"><span class='ocrx_word' id='word_1_448' title='bbox 2988 3149 3073 3153; x_wconf 50' lang='lat'><strong>._--</strong></span> <span class='ocrx_word' id='word_1_449' title='bbox 3103 3149 3255 3157; x_wconf 61' lang='grc' dir='ltr'><strong>--ν-ν--</strong></span> <span class='ocrx_word' id='word_1_450' title='bbox 3293 3149 3526 3173; x_wconf 59' lang='grc' dir='ltr'>νισνντνει</span> <span class='ocrx_word' id='word_1_451' title='bbox 3566 3149 3835 3167; x_wconf 55' lang='lat' dir='ltr'><strong>IIII—Ilua“</strong></span> 
     </span>
     <span class='ocr_line' id='line_1_63' title="bbox 551 3149 3837 3274; baseline 0.019 -75"><span class='ocrx_word' id='word_1_452' title='bbox 551 3152 613 3200; x_wconf 82' lang='lat' dir='ltr'><strong>ut</strong></span> <span class='ocrx_word' id='word_1_453' title='bbox 638 3161 810 3217; x_wconf 86' lang='lat' dir='ltr'><strong>prope</strong></span> <span class='ocrx_word' id='word_1_454' title='bbox 852 3149 921 3204; x_wconf 88' lang='lat' dir='ltr'><strong>de</strong></span> <span class='ocrx_word' id='word_1_455' title='bbox 961 3150 1069 3205; x_wconf 89' lang='lat' dir='ltr'><strong>alio</strong></span> <span class='ocrx_word' id='word_1_456' title='bbox 1114 3152 1581 3224; x_wconf 86' lang='lat' dir='ltr'><strong>interpretationis</strong></span> <span class='ocrx_word' id='word_1_457' title='bbox 1628 3178 1844 3231; x_wconf 78' lang='lat' dir='ltr'><strong>genere,</strong></span> <span class='ocrx_word' id='word_1_458' title='bbox 1886 3166 1957 3220; x_wconf 88' lang='lat' dir='ltr'><strong>ad</strong></span> <span class='ocrx_word' id='word_1_459' title='bbox 1997 3168 2142 3224; x_wconf 76' lang='lat' dir='ltr'><strong>aliud</strong></span> <span class='ocrx_word' id='word_1_460' title='bbox 2171 3151 2216 3215; x_wconf 72' lang='grc' dir='ltr'>Ο</span> <span class='ocrx_word' id='word_1_461' title='bbox 2247 3174 2445 3227; x_wconf 88' lang='lat' dir='ltr'><strong>notarii</strong></span> <span class='ocrx_word' id='word_1_462' title='bbox 2471 3177 2773 3246; x_wconf 81' lang='lat' dir='ltr'><strong>salvatoris,</strong></span> <span class='ocrx_word' id='word_1_463' title='bbox 2804 3185 2897 3254; x_wconf 90' lang='lat' dir='ltr'><strong>qui</strong></span> <span class='ocrx_word' id='word_1_464' title='bbox 2920 3190 3082 3245; x_wconf 81' lang='lat' dir='ltr'><strong>verba</strong></span> <span class='ocrx_word' id='word_1_465' title='bbox 3112 3191 3258 3248; x_wconf 85' lang='lat' dir='ltr'><strong>illius</strong></span> <span class='ocrx_word' id='word_1_466' title='bbox 3284 3204 3339 3250; x_wconf 83' lang='lat' dir='ltr'><strong>et</strong></span> <span class='ocrx_word' id='word_1_467' title='bbox 3363 3210 3645 3269; x_wconf 68' lang='lat' dir='ltr'><strong>prtecepta</strong></span> <span class='ocrx_word' id='word_1_468' title='bbox 3666 3205 3837 3274; x_wconf 80' lang='lat' dir='ltr'><strong>signa-</strong></span> 
     </span>
     <span class='ocr_line' id='line_1_64' title="bbox 551 3240 2614 3274; baseline 0.009 0"><span class='ocrx_word' id='word_1_469' title='bbox 551 3240 810 3274; x_wconf 61' lang='lat' dir='ltr'><strong>Mm&#39;uam</strong></span> <span class='ocrx_word' id='word_1_470' title='bbox 836 3242 1117 3274; x_wconf 60' lang='lat' dir='ltr'><strong>&quot;:llnnmlln</strong></span> <span class='ocrx_word' id='word_1_471' title='bbox 1297 3247 1486 3274; x_wconf 61' lang='lat' dir='ltr'><strong>U:-_-_</strong></span> <span class='ocrx_word' id='word_1_472' title='bbox 1526 3250 1542 3274; x_wconf 82' lang='lat'><em>\</em></span> <span class='ocrx_word' id='word_1_473' title='bbox 1571 3253 1778 3274; x_wconf 41' lang='lat' dir='ltr'><strong>mLA__,-</strong></span> <span class='ocrx_word' id='word_1_474' title='bbox 1805 3273 1808 3274; x_wconf 49' lang='grc' dir='ltr'><em>ν</em></span> <span class='ocrx_word' id='word_1_475' title='bbox 1922 3260 1933 3271; x_wconf 80' lang='grc'><strong>⁸</strong></span> <span class='ocrx_word' id='word_1_476' title='bbox 1974 3271 1983 3274; x_wconf 92' lang='grc'><strong><em>-</em></strong></span> <span class='ocrx_word' id='word_1_477' title='bbox 2089 3264 2099 3274; x_wconf 77' lang='grc'><strong><em>³</em></strong></span> <span class='ocrx_word' id='word_1_478' title='bbox 2243 3266 2258 3274; x_wconf 71' lang='grc'><strong><em>⁵</em></strong></span> <span class='ocrx_word' id='word_1_479' title='bbox 2405 3269 2416 3274; x_wconf 73' lang='grc'><strong>⁸</strong></span> <span class='ocrx_word' id='word_1_480' title='bbox 2533 3273 2540 3274; x_wconf 50' lang='grc'><strong>“</strong></span> <span class='ocrx_word' id='word_1_481' title='bbox 2607 3273 2614 3274; x_wconf 32' lang='grc' dir='ltr'>ί</span> 
     </span>
    </p>
   </div>
   <div class='ocr_carea' id='block_1_63' title="bbox 549 3240 2139 3327">
    <p class='ocr_par' dir='ltr' id='par_1_63' title="bbox 549 3240 2139 3327">
     <span class='ocr_line' id='line_1_65' title="bbox 549 3240 2139 3327; baseline 0.017 -35"><span class='ocrx_word' id='word_1_482' title='bbox 549 3240 810 3295; x_wconf 75' lang='lat' dir='ltr'><strong>transisse</strong></span> <span class='ocrx_word' id='word_1_483' title='bbox 836 3242 1133 3299; x_wconf 87' lang='lat' dir='ltr'><strong>videamur.</strong></span> <span class='ocrx_word' id='word_1_484' title='bbox 1152 3244 1260 3315; x_wconf 77' lang='lat' dir='ltr'><strong>(Ea:</strong></span> <span class='ocrx_word' id='word_1_485' title='bbox 1287 3247 1544 3325; x_wconf 83' lang='lat' dir='ltr'><strong>Hieron.)</strong></span> <span class='ocrx_word' id='word_1_486' title='bbox 1571 3253 1878 3313; x_wconf 88' lang='lat' dir='ltr'><strong>Thesaurus</strong></span> <span class='ocrx_word' id='word_1_487' title='bbox 1920 3260 2043 3327; x_wconf 90' lang='lat' dir='ltr'><strong>iste,</strong></span> <span class='ocrx_word' id='word_1_488' title='bbox 2085 3264 2139 3319; x_wconf 81' lang='lat' dir='ltr'><strong>it.</strong></span> 
     </span>
    </p>
   </div>
   <div class='ocr_carea' id='block_1_64' title="bbox 548 3339 2141 3414">
    <p class='ocr_par' dir='ltr' id='par_1_64' title="bbox 548 3339 2141 3414">
     <span class='ocr_line' id='line_1_66' title="bbox 548 3339 2141 3414; baseline 0.018 -29"><span class='ocrx_word' id='word_1_489' title='bbox 548 3346 654 3402; x_wconf 90' lang='lat' dir='ltr'><strong>quo</strong></span> <span class='ocrx_word' id='word_1_490' title='bbox 678 3343 803 3389; x_wconf 90' lang='lat' dir='ltr'><strong>sunt</strong></span> <span class='ocrx_word' id='word_1_491' title='bbox 829 3352 1017 3393; x_wconf 90' lang='lat' dir='ltr'><strong>omnes</strong></span> <span class='ocrx_word' id='word_1_492' title='bbox 1041 3339 1279 3395; x_wconf 88' lang='lat' dir='ltr'><strong>thesauri</strong></span> <span class='ocrx_word' id='word_1_493' title='bbox 1313 3346 1613 3414; x_wconf 57' lang='lat' dir='ltr'><strong>sapientiae,</strong></span> <span class='ocrx_word' id='word_1_494' title='bbox 1646 3359 1703 3405; x_wconf 89' lang='lat' dir='ltr'><strong>et</strong></span> <span class='ocrx_word' id='word_1_495' title='bbox 1757 3354 2000 3412; x_wconf 79' lang='lat' dir='ltr'><strong>scientiae</strong></span> <span class='ocrx_word' id='word_1_496' title='bbox 2045 3360 2141 3414; x_wconf 84' lang='lat' dir='ltr'><strong>ab-</strong></span> 
     </span>
    </p>
   </div>
   <div class='ocr_carea' id='block_1_65' title="bbox 547 3428 2139 3511">
    <p class='ocr_par' dir='ltr' id='par_1_65' title="bbox 547 3428 2139 3511">
     <span class='ocr_line' id='line_1_67' title="bbox 547 3428 2139 3511; baseline 0.016 -31"><span class='ocrx_word' id='word_1_497' title='bbox 547 3428 802 3495; x_wconf 78' lang='lat' dir='ltr'><strong>neontliti,</strong></span> <span class='ocrx_word' id='word_1_498' title='bbox 828 3438 925 3485; x_wconf 83' lang='lat' dir='ltr'><strong>aut</strong></span> <span class='ocrx_word' id='word_1_499' title='bbox 944 3431 1087 3487; x_wconf 89' lang='lat' dir='ltr'><strong>Deus</strong></span> <span class='ocrx_word' id='word_1_500' title='bbox 1116 3435 1341 3490; x_wconf 87' lang='lat' dir='ltr'><strong>verbum</strong></span> <span class='ocrx_word' id='word_1_501' title='bbox 1371 3447 1474 3505; x_wconf 86' lang='lat' dir='ltr'><strong>est,</strong></span> <span class='ocrx_word' id='word_1_502' title='bbox 1516 3442 1607 3511; x_wconf 86' lang='lat' dir='ltr'><strong>qui</strong></span> <span class='ocrx_word' id='word_1_503' title='bbox 1638 3444 1694 3498; x_wconf 91' lang='lat' dir='ltr'><strong>in</strong></span> <span class='ocrx_word' id='word_1_504' title='bbox 1734 3462 1900 3503; x_wconf 87' lang='lat' dir='ltr'><strong>carne</strong></span> <span class='ocrx_word' id='word_1_505' title='bbox 1937 3449 2139 3506; x_wconf 86' lang='lat' dir='ltr'><strong>Christi</strong></span> 
     </span>
    </p>
   </div>
   <div class='ocr_carea' id='block_1_66' title="bbox 542 3513 2139 3610">
    <p class='ocr_par' dir='ltr' id='par_1_66' title="bbox 542 3513 2139 3610">
     <span class='ocr_line' id='line_1_68' title="bbox 542 3513 2139 3610; baseline 0.019 -42"><span class='ocrx_word' id='word_1_506' title='bbox 542 3513 760 3571; x_wconf 87' lang='lat' dir='ltr'><strong>videtur</strong></span> <span class='ocrx_word' id='word_1_507' title='bbox 785 3517 1151 3588; x_wconf 87' lang='lat' dir='ltr'><strong>absconditus,</strong></span> <span class='ocrx_word' id='word_1_508' title='bbox 1185 3532 1279 3579; x_wconf 86' lang='lat' dir='ltr'><strong>aut</strong></span> <span class='ocrx_word' id='word_1_509' title='bbox 1305 3537 1508 3585; x_wconf 66' lang='lat' dir='ltr'><strong>sancta</strong></span> <span class='ocrx_word' id='word_1_510' title='bbox 1529 3530 1847 3603; x_wconf 68' lang='lat' dir='ltr'><strong>Scriptum,</strong></span> <span class='ocrx_word' id='word_1_511' title='bbox 1876 3539 2139 3610; x_wconf 83' lang='lat' dir='ltr'><strong>inquibus</strong></span> 
     </span>
    </p>
   </div>
   <div class='ocr_carea' id='block_1_67' title="bbox 547 3606 2136 3699">
    <p class='ocr_par' dir='ltr' id='par_1_67' title="bbox 547 3606 2136 3699">
     <span class='ocr_line' id='line_1_69' title="bbox 547 3606 2136 3699; baseline 0.02 -42"><span class='ocrx_word' id='word_1_512' title='bbox 547 3606 785 3672; x_wconf 82' lang='lat' dir='ltr'><strong>reposita</strong></span> <span class='ocrx_word' id='word_1_513' title='bbox 813 3616 898 3663; x_wconf 88' lang='lat' dir='ltr'><strong>est</strong></span> <span class='ocrx_word' id='word_1_514' title='bbox 942 3611 1134 3667; x_wconf 87' lang='lat' dir='ltr'><strong>notitia</strong></span> <span class='ocrx_word' id='word_1_515' title='bbox 1168 3613 1486 3686; x_wconf 85' lang='lat' dir='ltr'><strong>Salvatoris,</strong></span> <span class='ocrx_word' id='word_1_516' title='bbox 1535 3638 1697 3691; x_wconf 87' lang='lat' dir='ltr'><strong>quem</strong></span> <span class='ocrx_word' id='word_1_517' title='bbox 1749 3642 1871 3682; x_wconf 88' lang='lat' dir='ltr'><strong>cum</strong></span> <span class='ocrx_word' id='word_1_518' title='bbox 1915 3606 2036 3699; x_wconf 73' lang='lat' dir='ltr'><strong>quis</strong></span> <span class='ocrx_word' id='word_1_519' title='bbox 2083 3634 2136 3688; x_wconf 91' lang='lat' dir='ltr'><strong>in</strong></span> 
     </span>
    </p>
   </div>
   <div class='ocr_carea' id='block_1_68' title="bbox 544 3692 2134 3780">
    <p class='ocr_par' dir='ltr' id='par_1_68' title="bbox 544 3692 2134 3780">
     <span class='ocr_line' id='line_1_70' title="bbox 544 3692 2134 3780; baseline 0.021 -33"><span class='ocrx_word' id='word_1_520' title='bbox 544 3692 627 3749; x_wconf 80' lang='lat' dir='ltr'><strong>eis</strong></span> <span class='ocrx_word' id='word_1_521' title='bbox 661 3695 949 3765; x_wconf 78' lang='lat' dir='ltr'><strong>invenerit,</strong></span> <span class='ocrx_word' id='word_1_522' title='bbox 979 3701 1136 3757; x_wconf 88' lang='lat' dir='ltr'><strong>debet</strong></span> <span class='ocrx_word' id='word_1_523' title='bbox 1155 3706 1337 3761; x_wconf 87' lang='lat' dir='ltr'><strong>omnia</strong></span> <span class='ocrx_word' id='word_1_524' title='bbox 1369 3708 1526 3767; x_wconf 88' lang='lat' dir='ltr'><strong>istius</strong></span> <span class='ocrx_word' id='word_1_525' title='bbox 1552 3716 1733 3771; x_wconf 83' lang='lat' dir='ltr'><strong>saeculi</strong></span> <span class='ocrx_word' id='word_1_526' title='bbox 1776 3721 2134 3780; x_wconf 86' lang='lat' dir='ltr'><strong>emolumenta</strong></span> 
     </span>
    </p>
   </div>
   <div class='ocr_carea' id='block_1_69' title="bbox 543 3791 2131 3884">
    <p class='ocr_par' dir='ltr' id='par_1_69' title="bbox 543 3791 2131 3884">
     <span class='ocr_line' id='line_1_71' title="bbox 543 3791 2131 3884; baseline 0.02 -44"><span class='ocrx_word' id='word_1_527' title='bbox 543 3791 911 3855; x_wconf 69' lang='lat' dir='ltr'><strong>contemnere,</strong></span> <span class='ocrx_word' id='word_1_528' title='bbox 949 3792 1004 3847; x_wconf 84' lang='lat' dir='ltr'><strong>ui</strong></span> <span class='ocrx_word' id='word_1_529' title='bbox 1032 3792 1184 3850; x_wconf 90' lang='lat' dir='ltr'><strong>illum</strong></span> <span class='ocrx_word' id='word_1_530' title='bbox 1237 3799 1409 3866; x_wconf 87' lang='lat' dir='ltr'><strong>possit</strong></span> <span class='ocrx_word' id='word_1_531' title='bbox 1448 3802 1671 3873; x_wconf 85' lang='lat' dir='ltr'><strong>habere,</strong></span> <span class='ocrx_word' id='word_1_532' title='bbox 1709 3823 1868 3878; x_wconf 84' lang='lat' dir='ltr'><strong>quem</strong></span> <span class='ocrx_word' id='word_1_533' title='bbox 1911 3817 2131 3884; x_wconf 88' lang='lat' dir='ltr'><strong>reperit.</strong></span> 
     </span>
    </p>
   </div>
   <div class='ocr_carea' id='block_1_70' title="bbox 540 3880 2128 3984">
    <p class='ocr_par' dir='ltr' id='par_1_70' title="bbox 540 3880 2128 3984">
     <span class='ocr_line' id='line_1_72' title="bbox 540 3880 2128 3984; baseline 0.023 -49"><span class='ocrx_word' id='word_1_534' title='bbox 540 3880 701 3950; x_wconf 78' lang='lat' dir='ltr'><strong>Quod</strong></span> <span class='ocrx_word' id='word_1_535' title='bbox 745 3893 928 3943; x_wconf 80' lang='lat' dir='ltr'><strong>autem</strong></span> <span class='ocrx_word' id='word_1_536' title='bbox 968 3894 1236 3961; x_wconf 76' lang='lat' dir='ltr'><strong>sequitur,</strong></span> <span class='ocrx_word' id='word_1_537' title='bbox 1268 3912 1430 3967; x_wconf 87' lang='lat' dir='ltr'><strong>quem</strong></span> <span class='ocrx_word' id='word_1_538' title='bbox 1476 3917 1602 3958; x_wconf 89' lang='lat' dir='ltr'><strong>cum</strong></span> <span class='ocrx_word' id='word_1_539' title='bbox 1646 3906 1915 3966; x_wconf 87' lang='lat' dir='ltr'><strong>invenerit</strong></span> <span class='ocrx_word' id='word_1_540' title='bbox 1949 3880 2128 3984; x_wconf 73' lang='lat' dir='ltr'><strong>homo,</strong></span> 
     </span>
    </p>
   </div>
   <div class='ocr_carea' id='block_1_71' title="bbox 534 3974 2130 4073">
    <p class='ocr_par' dir='ltr' id='par_1_71' title="bbox 534 3974 2130 4073">
     <span class='ocr_line' id='line_1_73' title="bbox 534 3974 2130 4073; baseline 0.023 -46"><span class='ocrx_word' id='word_1_541' title='bbox 534 3974 845 4040; x_wconf 71' lang='lat' dir='ltr'><strong>abscondit,</strong></span> <span class='ocrx_word' id='word_1_542' title='bbox 878 3978 1082 4038; x_wconf 88' lang='lat' dir='ltr'><strong>idcirco</strong></span> <span class='ocrx_word' id='word_1_543' title='bbox 1106 3984 1326 4055; x_wconf 90' lang='lat' dir='ltr'><strong>dicitur,</strong></span> <span class='ocrx_word' id='word_1_544' title='bbox 1356 4006 1465 4047; x_wconf 91' lang='lat' dir='ltr'><strong>non</strong></span> <span class='ocrx_word' id='word_1_545' title='bbox 1499 3997 1644 4064; x_wconf 85' lang='lat' dir='ltr'><strong>quod</strong></span> <span class='ocrx_word' id='word_1_546' title='bbox 1681 3999 1784 4073; x_wconf 87' lang='lat' dir='ltr'><strong>hoc</strong></span> <span class='ocrx_word' id='word_1_547' title='bbox 1825 4002 1892 4057; x_wconf 93' lang='lat' dir='ltr'><strong>de</strong></span> <span class='ocrx_word' id='word_1_548' title='bbox 1935 3974 2130 4063; x_wconf 76' lang='lat' dir='ltr'><strong>invidia</strong></span> 
     </span>
    </p>
   </div>
   <div class='ocr_carea' id='block_1_72' title="bbox 539 4065 2128 4167">
    <p class='ocr_par' dir='ltr' id='par_1_72' title="bbox 539 4065 2128 4167">
     <span class='ocr_line' id='line_1_74' title="bbox 539 4065 2128 4167; baseline 0.023 -48"><span class='ocrx_word' id='word_1_549' title='bbox 539 4065 726 4136; x_wconf 74' lang='lat' dir='ltr'><strong>faciat,</strong></span> <span class='ocrx_word' id='word_1_550' title='bbox 750 4072 845 4126; x_wconf 90' lang='lat' dir='ltr'><strong>sed</strong></span> <span class='ocrx_word' id='word_1_551' title='bbox 866 4075 1007 4142; x_wconf 87' lang='lat' dir='ltr'><strong>quod</strong></span> <span class='ocrx_word' id='word_1_552' title='bbox 1034 4077 1227 4133; x_wconf 87' lang='lat' dir='ltr'><strong>timore</strong></span> <span class='ocrx_word' id='word_1_553' title='bbox 1251 4087 1523 4142; x_wconf 83' lang='lat' dir='ltr'><strong>servantis</strong></span> <span class='ocrx_word' id='word_1_554' title='bbox 1544 4097 1599 4144; x_wconf 89' lang='lat' dir='ltr'><strong>et</strong></span> <span class='ocrx_word' id='word_1_555' title='bbox 1623 4070 1861 4150; x_wconf 86' lang='lat' dir='ltr'><strong>nolentis</strong></span> <span class='ocrx_word' id='word_1_556' title='bbox 1882 4100 2128 4167; x_wconf 88' lang='lat' dir='ltr'><strong>perdere,</strong></span> 
     </span>
    </p>
   </div>
   <div class='ocr_carea' id='block_1_73' title="bbox 537 4162 2131 4259">
    <p class='ocr_par' dir='ltr' id='par_1_73' title="bbox 537 4162 2131 4259">
     <span class='ocr_line' id='line_1_75' title="bbox 537 4162 2131 4259; baseline 0.021 -44"><span class='ocrx_word' id='word_1_557' title='bbox 537 4162 833 4220; x_wconf 83' lang='lat' dir='ltr'><strong>abscondat</strong></span> <span class='ocrx_word' id='word_1_558' title='bbox 859 4167 914 4223; x_wconf 90' lang='lat' dir='ltr'><strong>in</strong></span> <span class='ocrx_word' id='word_1_559' title='bbox 934 4172 1094 4227; x_wconf 87' lang='lat' dir='ltr'><strong>corde</strong></span> <span class='ocrx_word' id='word_1_560' title='bbox 1136 4188 1255 4242; x_wconf 85' lang='lat' dir='ltr'><strong>suo,</strong></span> <span class='ocrx_word' id='word_1_561' title='bbox 1281 4192 1443 4247; x_wconf 87' lang='lat' dir='ltr'><strong>quem</strong></span> <span class='ocrx_word' id='word_1_562' title='bbox 1485 4183 1731 4253; x_wconf 87' lang='lat' dir='ltr'><strong>pristinis</strong></span> <span class='ocrx_word' id='word_1_563' title='bbox 1772 4162 2006 4259; x_wconf 62' lang='lat' dir='ltr'><strong>prmiulit</strong></span> <span class='ocrx_word' id='word_1_564' title='bbox 2052 4162 2131 4249; x_wconf 45' lang='lat' dir='ltr'><strong>fa;</strong></span> 
     </span>
    </p>
   </div>
   <div class='ocr_carea' id='block_1_74' title="bbox 540 4254 855 4313">
    <p class='ocr_par' dir='ltr' id='par_1_74' title="bbox 540 4254 855 4313">
     <span class='ocr_line' id='line_1_76' title="bbox 540 4254 855 4313; baseline 0.016 -5"><span class='ocrx_word' id='word_1_565' title='bbox 540 4254 855 4313; x_wconf 83' lang='lat' dir='ltr'><strong>cultatihus.</strong></span> 
     </span>
    </p>
   </div>
   <div class='ocr_carea' id='block_1_75' title="bbox 606 4344 2129 4447">
    <p class='ocr_par' dir='ltr' id='par_1_75' title="bbox 606 4344 2129 4447">
     <span class='ocr_line' id='line_1_77' title="bbox 606 4344 2129 4447; baseline 0.024 -49"><span class='ocrx_word' id='word_1_566' title='bbox 606 4344 811 4402; x_wconf 71' lang='lat' dir='ltr'><strong>lterum</strong></span> <span class='ocrx_word' id='word_1_567' title='bbox 840 4351 1011 4407; x_wconf 81' lang='lat' dir='ltr'><strong>simile</strong></span> <span class='ocrx_word' id='word_1_568' title='bbox 1034 4363 1111 4410; x_wconf 78' lang='lat' dir='ltr'><strong>est</strong></span> <span class='ocrx_word' id='word_1_569' title='bbox 1135 4374 1350 4429; x_wconf 72' lang='lat' dir='ltr'><strong>regnant</strong></span> <span class='ocrx_word' id='word_1_570' title='bbox 1378 4363 1626 4421; x_wconf 71' lang='lat' dir='ltr'><strong>caelorum</strong></span> <span class='ocrx_word' id='word_1_571' title='bbox 1666 4370 1865 4427; x_wconf 85' lang='lat' dir='ltr'><strong>homini</strong></span> <span class='ocrx_word' id='word_1_572' title='bbox 1897 4379 2129 4447; x_wconf 87' lang='lat' dir='ltr'><strong>negotia-</strong></span> 
     </span>
    </p>
   </div>
   <div class='ocr_carea' id='block_1_76' title="bbox 535 4434 2124 4524">
    <p class='ocr_par' dir='ltr' id='par_1_76' title="bbox 535 4434 2124 4524">
     <span class='ocr_line' id='line_1_78' title="bbox 535 4434 2124 4524; baseline 0.024 -38"><span class='ocrx_word' id='word_1_573' title='bbox 535 4434 659 4500; x_wconf 69' lang='lat' dir='ltr'><strong>tori,</strong></span> <span class='ocrx_word' id='word_1_574' title='bbox 684 4442 941 4507; x_wconf 64' lang='lat' dir='ltr'><strong>querenti</strong></span> <span class='ocrx_word' id='word_1_575' title='bbox 978 4445 1142 4500; x_wconf 76' lang='lat' dir='ltr'><strong>bonas</strong></span> <span class='ocrx_word' id='word_1_576' title='bbox 1183 4455 1521 4520; x_wconf 76' lang='lat' dir='ltr'><strong>margaritas.</strong></span> <span class='ocrx_word' id='word_1_577' title='bbox 1551 4456 1772 4515; x_wconf 86' lang='lat' dir='ltr'><strong>Inventa</strong></span> <span class='ocrx_word' id='word_1_578' title='bbox 1804 4434 1984 4519; x_wconf 62' lang='lat' dir='ltr'><strong>auten;</strong></span> <span class='ocrx_word' id='word_1_579' title='bbox 2018 4485 2124 4524; x_wconf 91' lang='lat' dir='ltr'><strong>una</strong></span> 
     </span>
    </p>
   </div>
   <div class='ocr_carea' id='block_1_77' title="bbox 528 4619 2117 4725">
    <p class='ocr_par' dir='ltr' id='par_1_77' title="bbox 528 4619 2117 4725">
     <span class='ocr_line' id='line_1_79' title="bbox 528 4619 2117 4725; baseline 0.026 -57"><span class='ocrx_word' id='word_1_580' title='bbox 528 4619 727 4671; x_wconf 61' lang='lat' dir='ltr'><strong>demit</strong></span> <span class='ocrx_word' id='word_1_581' title='bbox 743 4636 878 4675; x_wconf 81' lang='lat' dir='ltr'><strong>eam.</strong></span> <span class='ocrx_word' id='word_1_582' title='bbox 903 4624 1040 4681; x_wconf 74' lang='lat' dir='ltr'><strong>Aliis</strong></span> <span class='ocrx_word' id='word_1_583' title='bbox 1064 4630 1244 4685; x_wconf 87' lang='lat' dir='ltr'><strong>verbis</strong></span> <span class='ocrx_word' id='word_1_584' title='bbox 1274 4632 1527 4704; x_wconf 78' lang='lat' dir='ltr'><strong>idipsnm,</strong></span> <span class='ocrx_word' id='word_1_585' title='bbox 1551 4643 1696 4709; x_wconf 90' lang='lat' dir='ltr'><strong>quod</strong></span> <span class='ocrx_word' id='word_1_586' title='bbox 1719 4619 1881 4711; x_wconf 76' lang='lat' dir='ltr'><strong>supra</strong></span> <span class='ocrx_word' id='word_1_587' title='bbox 1902 4619 2117 4725; x_wconf 69' lang='lat' dir='ltr'><strong>dicitur,</strong></span> 
     </span>
    </p>
   </div>
   <div class='ocr_carea' id='block_1_78' title="bbox 530 4704 2118 4815">
    <p class='ocr_par' dir='ltr' id='par_1_78' title="bbox 530 4704 2118 4815">
     <span class='ocr_line' id='line_1_80' title="bbox 530 4704 2118 4815; baseline 0.026 -56"><span class='ocrx_word' id='word_1_588' title='bbox 530 4704 689 4763; x_wconf 71' lang='lat' dir='ltr'><strong>bona:</strong></span> <span class='ocrx_word' id='word_1_589' title='bbox 708 4713 1038 4783; x_wconf 67' lang='lat' dir='ltr'><strong>margaritae,</strong></span> <span class='ocrx_word' id='word_1_590' title='bbox 1061 4720 1196 4788; x_wconf 80' lang='lat' dir='ltr'><strong>quas</strong></span> <span class='ocrx_word' id='word_1_591' title='bbox 1217 4726 1409 4791; x_wconf 64' lang='lat' dir='ltr'><strong>qumrit</strong></span> <span class='ocrx_word' id='word_1_592' title='bbox 1423 4704 1662 4798; x_wconf 73' lang='lat' dir='ltr'><strong>institor,</strong></span> <span class='ocrx_word' id='word_1_593' title='bbox 1685 4734 1771 4789; x_wconf 87' lang='lat' dir='ltr'><strong>lex</strong></span> <span class='ocrx_word' id='word_1_594' title='bbox 1785 4704 1852 4793; x_wconf 37' lang='lat' dir='ltr'><strong>&#39;ct</strong></span> 
     </span>
    </p>
   </div>
   <div class='ocr_carea' id='block_1_79' title="bbox 533 4801 2115 4895">
    <p class='ocr_par' dir='ltr' id='par_1_79' title="bbox 533 4801 2115 4895">
     <span class='ocr_line' id='line_1_81' title="bbox 533 4801 2115 4895; baseline 0.029 -46"><span class='ocrx_word' id='word_1_595' title='bbox 533 4801 600 4852; x_wconf 75' lang='lat' dir='ltr'><strong>tae</strong></span> <span class='ocrx_word' id='word_1_596' title='bbox 628 4808 774 4867; x_wconf 89' lang='lat' dir='ltr'><strong>sunt,</strong></span> <span class='ocrx_word' id='word_1_597' title='bbox 806 4809 862 4857; x_wconf 85' lang='lat' dir='ltr'><strong>et</strong></span> <span class='ocrx_word' id='word_1_598' title='bbox 882 4808 1075 4863; x_wconf 89' lang='lat' dir='ltr'><strong>notitia</strong></span> <span class='ocrx_word' id='word_1_599' title='bbox 1097 4809 1310 4869; x_wconf 79' lang='lat' dir='ltr'><strong>Veteris</strong></span> <span class='ocrx_word' id='word_1_600' title='bbox 1333 4814 1684 4890; x_wconf 83' lang='lat' dir='ltr'><strong>Testamenti,</strong></span> <span class='ocrx_word' id='word_1_601' title='bbox 1728 4801 1899 4887; x_wconf 72' lang='lat' dir='ltr'><strong>unum</strong></span> <span class='ocrx_word' id='word_1_602' title='bbox 1933 4801 2115 4895; x_wconf 73' lang='lat' dir='ltr'><strong>autem</strong></span> 
     </span>
    </p>
   </div>
   <div class='ocr_carea' id='block_1_80' title="bbox 524 4892 2109 4997">
    <p class='ocr_par' dir='ltr' id='par_1_80' title="bbox 524 4892 2109 4997">
     <span class='ocr_line' id='line_1_82' title="bbox 524 4892 2109 4997; baseline 0.028 -56"><span class='ocrx_word' id='word_1_603' title='bbox 524 4894 613 4943; x_wconf 82' lang='lat' dir='ltr'><strong>est</strong></span> <span class='ocrx_word' id='word_1_604' title='bbox 642 4892 1097 4959; x_wconf 77' lang='lat' dir='ltr'><strong>pretiosissimum</strong></span> <span class='ocrx_word' id='word_1_605' title='bbox 1124 4907 1500 4977; x_wconf 81' lang='lat' dir='ltr'><strong>margaritum,</strong></span> <span class='ocrx_word' id='word_1_606' title='bbox 1532 4914 1758 4973; x_wconf 85' lang='lat' dir='ltr'><strong>scientia</strong></span> <span class='ocrx_word' id='word_1_607' title='bbox 1791 4892 2109 4997; x_wconf 56' lang='lat' dir='ltr'><strong>Salvatoris,</strong></span> 
     </span>
    </p>
   </div>
   <div class='ocr_carea' id='block_1_81' title="bbox 524 4984 2107 5075">
    <p class='ocr_par' dir='ltr' id='par_1_81' title="bbox 524 4984 2107 5075">
     <span class='ocr_line' id='line_1_83' title="bbox 524 4984 2107 5075; baseline 0.028 -44"><span class='ocrx_word' id='word_1_608' title='bbox 524 4984 582 5033; x_wconf 80' lang='lat' dir='ltr'><strong>et</strong></span> <span class='ocrx_word' id='word_1_609' title='bbox 603 4993 1000 5043; x_wconf 78' lang='lat' dir='ltr'><strong>sacramentum</strong></span> <span class='ocrx_word' id='word_1_610' title='bbox 1023 4993 1291 5059; x_wconf 87' lang='lat' dir='ltr'><strong>passionis</strong></span> <span class='ocrx_word' id='word_1_611' title='bbox 1318 4997 1479 5064; x_wconf 87' lang='lat' dir='ltr'><strong>illius,</strong></span> <span class='ocrx_word' id='word_1_612' title='bbox 1512 5011 1567 5057; x_wconf 90' lang='lat' dir='ltr'><strong>et</strong></span> <span class='ocrx_word' id='word_1_613' title='bbox 1589 5015 2002 5073; x_wconf 88' lang='lat' dir='ltr'><strong>resurrectionis</strong></span> <span class='ocrx_word' id='word_1_614' title='bbox 2023 4984 2107 5075; x_wconf 54' lang='lat' dir='ltr'><strong>ar:</strong></span> 
     </span>
    </p>
   </div>
   <div class='ocr_carea' id='block_1_82' title="bbox 520 5076 2109 5177">
    <p class='ocr_par' dir='ltr' id='par_1_82' title="bbox 520 5076 2109 5177">
     <span class='ocr_line' id='line_1_84' title="bbox 520 5076 2109 5177; baseline 0.028 -52"><span class='ocrx_word' id='word_1_615' title='bbox 520 5084 740 5129; x_wconf 68' lang='lat' dir='ltr'><strong>unum.</strong></span> <span class='ocrx_word' id='word_1_616' title='bbox 780 5076 933 5145; x_wconf 87' lang='lat' dir='ltr'><strong>Quod</strong></span> <span class='ocrx_word' id='word_1_617' title='bbox 972 5097 1096 5139; x_wconf 86' lang='lat' dir='ltr'><strong>cum</strong></span> <span class='ocrx_word' id='word_1_618' title='bbox 1139 5088 1427 5159; x_wconf 75' lang='lat' dir='ltr'><strong>invenerit,</strong></span> <span class='ocrx_word' id='word_1_619' title='bbox 1468 5095 1629 5155; x_wconf 88' lang='lat' dir='ltr'><strong>homo</strong></span> <span class='ocrx_word' id='word_1_620' title='bbox 1667 5107 1987 5177; x_wconf 85' lang='lat' dir='ltr'><strong>negotiator,</strong></span> <span class='ocrx_word' id='word_1_621' title='bbox 2036 5115 2109 5170; x_wconf 89' lang='lat' dir='ltr'><strong>si-</strong></span> 
     </span>
    </p>
   </div>
   <div class='ocr_carea' id='block_1_83' title="bbox 518 5166 2104 5275">
    <p class='ocr_par' dir='ltr' id='par_1_83' title="bbox 518 5166 2104 5275">
     <span class='ocr_line' id='line_1_85' title="bbox 518 5166 2104 5275; baseline 0.024 -54"><span class='ocrx_word' id='word_1_622' title='bbox 518 5166 668 5224; x_wconf 70' lang='lat' dir='ltr'><strong>milis</strong></span> <span class='ocrx_word' id='word_1_623' title='bbox 710 5169 863 5228; x_wconf 78' lang='lat' dir='ltr'><strong>Pauli</strong></span> <span class='ocrx_word' id='word_1_624' title='bbox 906 5180 1156 5247; x_wconf 88' lang='lat' dir='ltr'><strong>apostoli,</strong></span> <span class='ocrx_word' id='word_1_625' title='bbox 1185 5186 1365 5241; x_wconf 87' lang='lat' dir='ltr'><strong>omnia</strong></span> <span class='ocrx_word' id='word_1_626' title='bbox 1408 5189 1564 5259; x_wconf 86' lang='lat' dir='ltr'><strong>legis,</strong></span> <span class='ocrx_word' id='word_1_627' title='bbox 1605 5166 2104 5275; x_wconf 70' lang='lat' dir='ltr'><strong>prepbetarumque</strong></span> 
     </span>
    </p>
   </div>
   <div class='ocr_carea' id='block_1_84' title="bbox 518 5263 2106 5362">
    <p class='ocr_par' dir='ltr' id='par_1_84' title="bbox 518 5263 2106 5362">
     <span class='ocr_line' id='line_1_86' title="bbox 518 5263 2106 5362; baseline 0.025 -47"><span class='ocrx_word' id='word_1_628' title='bbox 518 5263 799 5333; x_wconf 77' lang='lat' dir='ltr'><strong>mysteria,</strong></span> <span class='ocrx_word' id='word_1_629' title='bbox 830 5275 884 5322; x_wconf 88' lang='lat' dir='ltr'><strong>et</strong></span> <span class='ocrx_word' id='word_1_630' title='bbox 913 5271 1323 5333; x_wconf 81' lang='lat' dir='ltr'><strong>observationes</strong></span> <span class='ocrx_word' id='word_1_631' title='bbox 1361 5282 1641 5353; x_wconf 83' lang='lat' dir='ltr'><strong>pristinas,</strong></span> <span class='ocrx_word' id='word_1_632' title='bbox 1690 5263 1744 5345; x_wconf 76' lang='lat' dir='ltr'><strong>in</strong></span> <span class='ocrx_word' id='word_1_633' title='bbox 1791 5294 1986 5362; x_wconf 82' lang='lat' dir='ltr'><strong>quibus</strong></span> 
     </span>
    </p>
   </div>
   <div class='ocr_carea' id='block_1_85' title="bbox 515 5357 2104 5459">
    <p class='ocr_par' dir='ltr' id='par_1_85' title="bbox 515 5357 2104 5459">
     <span class='ocr_line' id='line_1_87' title="bbox 515 5357 2104 5459; baseline 0.023 -49"><span class='ocrx_word' id='word_1_634' title='bbox 515 5357 729 5427; x_wconf 82' lang='lat' dir='ltr'><strong>culpate</strong></span> <span class='ocrx_word' id='word_1_635' title='bbox 744 5362 976 5433; x_wconf 80' lang='lat' dir='ltr'><strong>vixerat,</strong></span> <span class='ocrx_word' id='word_1_636' title='bbox 998 5372 1154 5439; x_wconf 89' lang='lat' dir='ltr'><strong>quasi</strong></span> <span class='ocrx_word' id='word_1_637' title='bbox 1172 5386 1526 5445; x_wconf 81' lang='lat' dir='ltr'><strong>purgamenta</strong></span> <span class='ocrx_word' id='word_1_638' title='bbox 1547 5357 1868 5453; x_wconf 76' lang='lat' dir='ltr'><strong>contemnit,</strong></span> <span class='ocrx_word' id='word_1_639' title='bbox 1882 5398 1939 5443; x_wconf 88' lang='lat' dir='ltr'><strong>et</strong></span> <span class='ocrx_word' id='word_1_640' title='bbox 1958 5391 2104 5459; x_wconf 83' lang='lat' dir='ltr'><strong>quis-</strong></span> 
     </span>
    </p>
   </div>
   <div class='ocr_carea' id='block_1_86' title="bbox 514 5448 2103 5546">
    <p class='ocr_par' dir='ltr' id='par_1_86' title="bbox 514 5448 2103 5546">
     <span class='ocr_line' id='line_1_88' title="bbox 514 5448 2103 5546; baseline 0.023 -46"><span class='ocrx_word' id='word_1_641' title='bbox 514 5448 733 5517; x_wconf 72' lang='lat' dir='ltr'><strong>quilias,</strong></span> <span class='ocrx_word' id='word_1_642' title='bbox 761 5462 819 5509; x_wconf 90' lang='lat' dir='ltr'><strong>ut</strong></span> <span class='ocrx_word' id='word_1_643' title='bbox 845 5455 1121 5516; x_wconf 78' lang='lat' dir='ltr'><strong>Christum</strong></span> <span class='ocrx_word' id='word_1_644' title='bbox 1160 5463 1484 5526; x_wconf 73' lang='lat' dir='ltr'><strong>lucrifaciat.</strong></span> <span class='ocrx_word' id='word_1_645' title='bbox 1532 5472 1648 5529; x_wconf 84' lang='lat' dir='ltr'><strong>Non</strong></span> <span class='ocrx_word' id='word_1_646' title='bbox 1678 5479 1821 5546; x_wconf 89' lang='lat' dir='ltr'><strong>quod</strong></span> <span class='ocrx_word' id='word_1_647' title='bbox 1855 5448 2103 5537; x_wconf 73' lang='lat' dir='ltr'><strong>inventio</strong></span> 
     </span>
    </p>
   </div>
   <div class='ocr_carea' id='block_1_87' title="bbox 512 5552 2101 5642">
    <p class='ocr_par' dir='ltr' id='par_1_87' title="bbox 512 5552 2101 5642">
     <span class='ocr_line' id='line_1_89' title="bbox 512 5552 2101 5642; baseline 0.022 -48"><span class='ocrx_word' id='word_1_648' title='bbox 512 5554 667 5597; x_wconf 77' lang='lat' dir='ltr'><strong>nova:</strong></span> <span class='ocrx_word' id='word_1_649' title='bbox 695 5552 1018 5619; x_wconf 64' lang='lat' dir='ltr'><strong>margaritae,</strong></span> <span class='ocrx_word' id='word_1_650' title='bbox 1047 5558 1428 5618; x_wconf 85' lang='lat' dir='ltr'><strong>condemnatio</strong></span> <span class='ocrx_word' id='word_1_651' title='bbox 1456 5565 1528 5619; x_wconf 87' lang='lat' dir='ltr'><strong>sit</strong></span> <span class='ocrx_word' id='word_1_652' title='bbox 1552 5577 1793 5623; x_wconf 82' lang='lat' dir='ltr'><strong>veterum</strong></span> <span class='ocrx_word' id='word_1_653' title='bbox 1841 5574 2101 5642; x_wconf 86' lang='lat' dir='ltr'><strong>margari-</strong></span> 
     </span>
    </p>
   </div>
   <div class='ocr_carea' id='block_1_88' title="bbox 510 5637 2095 5736">
    <p class='ocr_par' dir='ltr' id='par_1_88' title="bbox 510 5637 2095 5736">
     <span class='ocr_line' id='line_1_90' title="bbox 510 5637 2095 5736; baseline 0.024 -52"><span class='ocrx_word' id='word_1_654' title='bbox 510 5637 715 5719; x_wconf 81' lang='lat' dir='ltr'><strong>tarum,</strong></span> <span class='ocrx_word' id='word_1_655' title='bbox 745 5641 839 5695; x_wconf 87' lang='lat' dir='ltr'><strong>sed</strong></span> <span class='ocrx_word' id='word_1_656' title='bbox 868 5646 1012 5713; x_wconf 89' lang='lat' dir='ltr'><strong>quod</strong></span> <span class='ocrx_word' id='word_1_657' title='bbox 1040 5654 1451 5722; x_wconf 89' lang='lat' dir='ltr'><strong>comparatione</strong></span> <span class='ocrx_word' id='word_1_658' title='bbox 1471 5655 1589 5726; x_wconf 84' lang='lat' dir='ltr'><strong>ejus</strong></span> <span class='ocrx_word' id='word_1_659' title='bbox 1612 5661 1790 5716; x_wconf 89' lang='lat' dir='ltr'><strong>omnis</strong></span> <span class='ocrx_word' id='word_1_660' title='bbox 1808 5661 1914 5733; x_wconf 75' lang='lat' dir='ltr'><strong>alia</strong></span> <span class='ocrx_word' id='word_1_661' title='bbox 1946 5637 2095 5736; x_wconf 75' lang='lat' dir='ltr'><strong>gem-</strong></span> 
     </span>
    </p>
   </div>
   <div class='ocr_carea' id='block_1_89' title="bbox 508 5727 888 5791">
    <p class='ocr_par' dir='ltr' id='par_1_89' title="bbox 508 5727 888 5791">
     <span class='ocr_line' id='line_1_91' title="bbox 508 5727 888 5791; baseline 0.026 -10"><span class='ocrx_word' id='word_1_662' title='bbox 508 5739 598 5782; x_wconf 85' lang='lat' dir='ltr'><strong>tua</strong></span> <span class='ocrx_word' id='word_1_663' title='bbox 627 5727 689 5787; x_wconf 74' lang='lat' dir='ltr'><strong>ﬁt</strong></span> <span class='ocrx_word' id='word_1_664' title='bbox 710 5731 888 5791; x_wconf 85' lang='lat' dir='ltr'><strong>vilior.</strong></span> 
     </span>
    </p>
   </div>
   <div class='ocr_carea' id='block_1_90' title="bbox 2240 3266 3833 3359">
    <p class='ocr_par' dir='ltr' id='par_1_90' title="bbox 2240 3266 3833 3359">
     <span class='ocr_line' id='line_1_92' title="bbox 2240 3266 3833 3359; baseline 0.019 -37"><span class='ocrx_word' id='word_1_665' title='bbox 2240 3266 2374 3322; x_wconf 82' lang='lat' dir='ltr'><strong>bant</strong></span> <span class='ocrx_word' id='word_1_666' title='bbox 2401 3269 2459 3324; x_wconf 88' lang='lat' dir='ltr'><strong>in</strong></span> <span class='ocrx_word' id='word_1_667' title='bbox 2476 3273 2672 3331; x_wconf 86' lang='lat' dir='ltr'><strong>tabulis</strong></span> <span class='ocrx_word' id='word_1_668' title='bbox 2686 3278 2870 3333; x_wconf 89' lang='lat' dir='ltr'><strong>cordis</strong></span> <span class='ocrx_word' id='word_1_669' title='bbox 2886 3284 3195 3342; x_wconf 88' lang='lat' dir='ltr'><strong>carnalibus</strong></span> <span class='ocrx_word' id='word_1_670' title='bbox 3216 3302 3508 3359; x_wconf 86' lang='lat' dir='ltr'><strong>regnorum</strong></span> 
     </span>
    </p>
   </div>
   <div class='ocr_carea' id='block_1_91' title="bbox 2236 3365 3834 3456">
    <p class='ocr_par' dir='ltr' id='par_1_91' title="bbox 2236 3365 3834 3456">
     <span class='ocr_line' id='line_1_93' title="bbox 2236 3365 3834 3456; baseline 0.021 -43"><span class='ocrx_word' id='word_1_671' title='bbox 2236 3365 2619 3430; x_wconf 83' lang='lat' dir='ltr'><strong>sacramentis,</strong></span> <span class='ocrx_word' id='word_1_672' title='bbox 2634 3376 2689 3423; x_wconf 87' lang='lat' dir='ltr'><strong>et</strong></span> <span class='ocrx_word' id='word_1_673' title='bbox 2710 3370 2982 3440; x_wconf 89' lang='lat' dir='ltr'><strong>pollebant</strong></span> <span class='ocrx_word' id='word_1_674' title='bbox 3001 3377 3192 3443; x_wconf 88' lang='lat' dir='ltr'><strong>opibus</strong></span> <span class='ocrx_word' id='word_1_675' title='bbox 3210 3381 3604 3449; x_wconf 68' lang='lat' dir='ltr'><strong>patrifamilite,</strong></span> <span class='ocrx_word' id='word_1_676' title='bbox 3618 3387 3834 3456; x_wconf 78' lang='lat' dir='ltr'><strong>ejicien-</strong></span> 
     </span>
    </p>
   </div>
   <div class='ocr_carea' id='block_1_92' title="bbox 2240 3453 3831 3545">
    <p class='ocr_par' dir='ltr' id='par_1_92' title="bbox 2240 3453 3831 3545">
     <span class='ocr_line' id='line_1_94' title="bbox 2240 3453 3831 3545; baseline 0.019 -39"><span class='ocrx_word' id='word_1_677' title='bbox 2240 3457 2324 3507; x_wconf 85' lang='lat' dir='ltr'><strong>tes</strong></span> <span class='ocrx_word' id='word_1_678' title='bbox 2340 3453 2406 3508; x_wconf 91' lang='lat' dir='ltr'><strong>de</strong></span> <span class='ocrx_word' id='word_1_679' title='bbox 2434 3455 2690 3514; x_wconf 87' lang='lat' dir='ltr'><strong>thesauro</strong></span> <span class='ocrx_word' id='word_1_680' title='bbox 2710 3460 3079 3521; x_wconf 85' lang='lat' dir='ltr'><strong>doctrinarum</strong></span> <span class='ocrx_word' id='word_1_681' title='bbox 3110 3482 3331 3525; x_wconf 87' lang='lat' dir='ltr'><strong>suarum</strong></span> <span class='ocrx_word' id='word_1_682' title='bbox 3359 3489 3504 3529; x_wconf 88' lang='lat' dir='ltr'><strong>nova</strong></span> <span class='ocrx_word' id='word_1_683' title='bbox 3537 3486 3596 3531; x_wconf 85' lang='lat' dir='ltr'><strong>et</strong></span> <span class='ocrx_word' id='word_1_684' title='bbox 3633 3488 3831 3545; x_wconf 79' lang='lat' dir='ltr'><strong>vetera,</strong></span> 
     </span>
    </p>
   </div>
   <div class='ocr_carea' id='block_1_93' title="bbox 2240 3547 3834 3642">
    <p class='ocr_par' dir='ltr' id='par_1_93' title="bbox 2240 3547 3834 3642">
     <span class='ocr_line' id='line_1_95' title="bbox 2240 3547 3834 3642; baseline 0.021 -47"><span class='ocrx_word' id='word_1_685' title='bbox 2240 3550 2298 3596; x_wconf 92' lang='lat' dir='ltr'><strong>ut</strong></span> <span class='ocrx_word' id='word_1_686' title='bbox 2332 3547 2589 3617; x_wconf 86' lang='lat' dir='ltr'><strong>quidquid</strong></span> <span class='ocrx_word' id='word_1_687' title='bbox 2610 3550 2665 3606; x_wconf 87' lang='lat' dir='ltr'><strong>in</strong></span> <span class='ocrx_word' id='word_1_688' title='bbox 2687 3552 2977 3626; x_wconf 85' lang='lat' dir='ltr'><strong>Evangelia</strong></span> <span class='ocrx_word' id='word_1_689' title='bbox 2989 3561 3356 3627; x_wconf 60' lang='lat' dir='ltr'><strong>praedicabant</strong></span> <span class='ocrx_word' id='word_1_690' title='bbox 3371 3565 3512 3637; x_wconf 83' lang='lat' dir='ltr'><strong>legis</strong></span> <span class='ocrx_word' id='word_1_691' title='bbox 3524 3578 3579 3625; x_wconf 86' lang='lat' dir='ltr'><strong>et</strong></span> <span class='ocrx_word' id='word_1_692' title='bbox 3606 3573 3834 3642; x_wconf 67' lang='lat' dir='ltr'><strong>prophe-</strong></span> 
     </span>
    </p>
   </div>
   <div class='ocr_carea' id='block_1_94' title="bbox 2238 3643 3832 3733">
    <p class='ocr_par' dir='ltr' id='par_1_94' title="bbox 2238 3643 3832 3733">
     <span class='ocr_line' id='line_1_96' title="bbox 2238 3643 3832 3733; baseline 0.023 -42"><span class='ocrx_word' id='word_1_693' title='bbox 2238 3643 2416 3693; x_wconf 88' lang='lat' dir='ltr'><strong>tarum</strong></span> <span class='ocrx_word' id='word_1_694' title='bbox 2444 3643 2666 3699; x_wconf 83' lang='lat' dir='ltr'><strong>vocibus</strong></span> <span class='ocrx_word' id='word_1_695' title='bbox 2693 3651 3150 3718; x_wconf 86' lang='lat' dir='ltr'><strong>comprobarent:</strong></span> <span class='ocrx_word' id='word_1_696' title='bbox 3186 3657 3330 3715; x_wconf 88' lang='lat' dir='ltr'><strong>unde</strong></span> <span class='ocrx_word' id='word_1_697' title='bbox 3364 3669 3424 3717; x_wconf 89' lang='lat' dir='ltr'><strong>et</strong></span> <span class='ocrx_word' id='word_1_698' title='bbox 3463 3679 3670 3733; x_wconf 83' lang='lat' dir='ltr'><strong>sponsa</strong></span> <span class='ocrx_word' id='word_1_699' title='bbox 3707 3668 3832 3727; x_wconf 81' lang='lat' dir='ltr'><strong>dicit</strong></span> 
     </span>
    </p>
   </div>
   <div class='ocr_carea' id='block_1_95' title="bbox 2234 3727 3825 3831">
    <p class='ocr_par' dir='ltr' id='par_1_95' title="bbox 2234 3727 3825 3831">
     <span class='ocr_line' id='line_1_97' title="bbox 2234 3727 3825 3831; baseline 0.023 -48"><span class='ocrx_word' id='word_1_700' title='bbox 2234 3727 2295 3785; x_wconf 88' lang='lat' dir='ltr'><strong>in</strong></span> <span class='ocrx_word' id='word_1_701' title='bbox 2323 3729 2548 3790; x_wconf 89' lang='lat' dir='ltr'><strong>Cantico</strong></span> <span class='ocrx_word' id='word_1_702' title='bbox 2599 3740 2935 3800; x_wconf 89' lang='lat' dir='ltr'><strong>canticorum</strong></span> <span class='ocrx_word' id='word_1_703' title='bbox 2970 3746 3169 3804; x_wconf 78' lang='lat' dir='ltr'><strong>:Nooa</strong></span> <span class='ocrx_word' id='word_1_704' title='bbox 3223 3770 3339 3807; x_wconf 72' lang='lat' dir='ltr'><strong>cuia</strong></span> <span class='ocrx_word' id='word_1_705' title='bbox 3392 3727 3683 3829; x_wconf 66' lang='lat' dir='ltr'><strong>ueteribus,</strong></span> <span class='ocrx_word' id='word_1_706' title='bbox 3716 3762 3825 3831; x_wconf 70' lang='lat' dir='ltr'><strong>frn-</strong></span> 
     </span>
    </p>
   </div>
   <div class='ocr_carea' id='block_1_96' title="bbox 2234 3823 2973 3895">
    <p class='ocr_par' dir='ltr' id='par_1_96' title="bbox 2234 3823 2973 3895">
     <span class='ocr_line' id='line_1_98' title="bbox 2234 3823 2973 3895; baseline 0.023 -20"><span class='ocrx_word' id='word_1_707' title='bbox 2234 3823 2419 3879; x_wconf 81' lang='lat' dir='ltr'><strong>truelis</strong></span> <span class='ocrx_word' id='word_1_708' title='bbox 2444 3843 2610 3895; x_wconf 81' lang='lat' dir='ltr'><strong>meus,</strong></span> <span class='ocrx_word' id='word_1_709' title='bbox 2633 3836 2833 3889; x_wconf 78' lang='lat' dir='ltr'><strong>servavi</strong></span> <span class='ocrx_word' id='word_1_710' title='bbox 2857 3836 2973 3892; x_wconf 87' lang='lat' dir='ltr'><strong>tibi.</strong></span> 
     </span>
    </p>
   </div>
   <div class='ocr_carea' id='block_1_97' title="bbox 2517 3982 3511 4050">
    <p class='ocr_par' dir='ltr' id='par_1_97' title="bbox 2517 3982 3511 4050">
     <span class='ocr_line' id='line_1_99' title="bbox 2517 3982 3511 4050; baseline 0.026 -28"><span class='ocrx_word' id='word_1_711' title='bbox 2517 3982 2857 4029; x_wconf 75' lang='lat' dir='ltr'><strong>EVANGELIUII</strong></span> <span class='ocrx_word' id='word_1_712' title='bbox 2896 3994 3175 4050; x_wconf 63' lang='grc' dir='ltr'><strong>ΗΑΤἸἫΔΕΙ,</strong></span> <span class='ocrx_word' id='word_1_713' title='bbox 3221 4000 3340 4044; x_wconf 63' lang='lat' dir='ltr'><strong>CAP.</strong></span> <span class='ocrx_word' id='word_1_714' title='bbox 3383 4006 3511 4048; x_wconf 75' lang='lat' dir='ltr'><strong>XXV.</strong></span> 
     </span>
    </p>
   </div>
   <div class='ocr_carea' id='block_1_98' title="bbox 2309 4097 3817 4203">
    <p class='ocr_par' dir='ltr' id='par_1_98' title="bbox 2309 4097 3817 4203">
     <span class='ocr_line' id='line_1_100' title="bbox 2309 4097 3817 4203; baseline 0.025 -51"><span class='ocrx_word' id='word_1_715' title='bbox 2309 4116 2330 4150; x_wconf 69' lang='grc' dir='ltr'><strong>ε</strong></span> <span class='ocrx_word' id='word_1_716' title='bbox 2355 4097 2547 4159; x_wconf 77' lang='lat' dir='ltr'><strong>Simile</strong></span> <span class='ocrx_word' id='word_1_717' title='bbox 2569 4113 2652 4161; x_wconf 89' lang='lat' dir='ltr'><strong>est</strong></span> <span class='ocrx_word' id='word_1_718' title='bbox 2682 4124 2906 4180; x_wconf 86' lang='lat' dir='ltr'><strong>regnum</strong></span> <span class='ocrx_word' id='word_1_719' title='bbox 2945 4115 3208 4175; x_wconf 63' lang='lat' dir='ltr'><strong>caelorum</strong></span> <span class='ocrx_word' id='word_1_720' title='bbox 3257 4123 3445 4180; x_wconf 83' lang='lat' dir='ltr'><strong>decem</strong></span> <span class='ocrx_word' id='word_1_721' title='bbox 3494 4129 3817 4203; x_wconf 56' lang='lat' dir='ltr'><strong>virginibus,</strong></span> 
     </span>
    </p>
   </div>
   <div class='ocr_carea' id='block_1_99' title="bbox 2237 4197 3818 4281">
    <p class='ocr_par' dir='ltr' id='par_1_99' title="bbox 2237 4197 3818 4281">
     <span class='ocr_line' id='line_1_101' title="bbox 2237 4197 3818 4281; baseline 0.024 -38"><span class='ocrx_word' id='word_1_722' title='bbox 2237 4207 2258 4242; x_wconf 73' lang='grc' dir='ltr'><strong><em>ι</em></strong></span> <span class='ocrx_word' id='word_1_723' title='bbox 2282 4205 2403 4260; x_wconf 76' lang='lat' dir='ltr'><strong>quae</strong></span> <span class='ocrx_word' id='word_1_724' title='bbox 2435 4197 2760 4265; x_wconf 87' lang='lat' dir='ltr'><strong>accipientes</strong></span> <span class='ocrx_word' id='word_1_725' title='bbox 2797 4202 3076 4276; x_wconf 88' lang='lat' dir='ltr'><strong>lampades</strong></span> <span class='ocrx_word' id='word_1_726' title='bbox 3122 4225 3250 4267; x_wconf 83' lang='lat' dir='ltr'><strong>suas</strong></span> <span class='ocrx_word' id='word_1_727' title='bbox 3299 4216 3558 4275; x_wconf 77' lang='lat' dir='ltr'><strong>exierunt</strong></span> <span class='ocrx_word' id='word_1_728' title='bbox 3590 4197 3818 4281; x_wconf 40' lang='grc' dir='ltr'><strong>*οὺνὶιή</strong></span> 
     </span>
    </p>
   </div>
   <div class='ocr_carea' id='block_1_100' title="bbox 2236 4295 3818 4370">
    <p class='ocr_par' dir='ltr' id='par_1_100' title="bbox 2236 4295 3818 4370">
     <span class='ocr_line' id='line_1_102' title="bbox 2236 4295 3818 4370; baseline 0.025 -38"><span class='ocrx_word' id='word_1_729' title='bbox 2236 4296 2481 4351; x_wconf 72' lang='lat' dir='ltr'><strong>«sponso</strong></span> <span class='ocrx_word' id='word_1_730' title='bbox 2529 4296 2584 4341; x_wconf 89' lang='lat' dir='ltr'><strong>et</strong></span> <span class='ocrx_word' id='word_1_731' title='bbox 2639 4304 2869 4358; x_wconf 66' lang='lat' dir='ltr'><strong>sponsaa.</strong></span> <span class='ocrx_word' id='word_1_732' title='bbox 2914 4295 3163 4369; x_wconf 85' lang='lat' dir='ltr'><strong>Quinque</strong></span> <span class='ocrx_word' id='word_1_733' title='bbox 3211 4312 3391 4360; x_wconf 89' lang='lat' dir='ltr'><strong>autem</strong></span> <span class='ocrx_word' id='word_1_734' title='bbox 3438 4323 3508 4363; x_wconf 81' lang='lat' dir='ltr'><strong>ex</strong></span> <span class='ocrx_word' id='word_1_735' title='bbox 3562 4313 3645 4369; x_wconf 90' lang='lat' dir='ltr'><strong>eis</strong></span> <span class='ocrx_word' id='word_1_736' title='bbox 3669 4324 3818 4370; x_wconf 84' lang='lat' dir='ltr'><strong>erant</strong></span> 
     </span>
    </p>
   </div>
   <div class='ocr_carea' id='block_1_101' title="bbox 2233 4370 3813 4476">
    <p class='ocr_par' dir='ltr' id='par_1_101' title="bbox 2233 4370 3813 4476">
     <span class='ocr_line' id='line_1_103' title="bbox 2233 4370 3813 4476; baseline 0.026 -52"><span class='ocrx_word' id='word_1_737' title='bbox 2233 4388 2253 4422; x_wconf 74' lang='grc' dir='ltr'>ι</span> <span class='ocrx_word' id='word_1_738' title='bbox 2281 4370 2461 4443; x_wconf 69' lang='lat' dir='ltr'><strong>fatum,</strong></span> <span class='ocrx_word' id='word_1_739' title='bbox 2490 4386 2544 4432; x_wconf 88' lang='lat' dir='ltr'><strong>et</strong></span> <span class='ocrx_word' id='word_1_740' title='bbox 2573 4382 2812 4453; x_wconf 87' lang='lat' dir='ltr'><strong>quinque</strong></span> <span class='ocrx_word' id='word_1_741' title='bbox 2845 4389 3174 4456; x_wconf 89' lang='lat' dir='ltr'><strong>prudentes:</strong></span> <span class='ocrx_word' id='word_1_742' title='bbox 3205 4396 3300 4452; x_wconf 84' lang='lat' dir='ltr'><strong>sed</strong></span> <span class='ocrx_word' id='word_1_743' title='bbox 3349 4401 3599 4474; x_wconf 79' lang='lat' dir='ltr'><strong>quinque</strong></span> <span class='ocrx_word' id='word_1_744' title='bbox 3637 4407 3813 4476; x_wconf 64' lang='lat' dir='ltr'><strong>fatuae,</strong></span> 
     </span>
    </p>
   </div>
   <div class='ocr_carea' id='block_1_102' title="bbox 2235 4468 3810 4555">
    <p class='ocr_par' dir='ltr' id='par_1_102' title="bbox 2235 4468 3810 4555">
     <span class='ocr_line' id='line_1_104' title="bbox 2235 4468 3810 4555; baseline 0.025 -40"><span class='ocrx_word' id='word_1_745' title='bbox 2235 4479 2255 4512; x_wconf 72' lang='grc' dir='ltr'>ι</span> <span class='ocrx_word' id='word_1_746' title='bbox 2284 4468 2520 4536; x_wconf 90' lang='lat' dir='ltr'><strong>acceptis</strong></span> <span class='ocrx_word' id='word_1_747' title='bbox 2540 4470 2897 4541; x_wconf 89' lang='lat' dir='ltr'><strong>lampadibus,</strong></span> <span class='ocrx_word' id='word_1_748' title='bbox 2913 4494 3018 4534; x_wconf 92' lang='lat' dir='ltr'><strong>non</strong></span> <span class='ocrx_word' id='word_1_749' title='bbox 3041 4468 3390 4555; x_wconf 81' lang='lat' dir='ltr'><strong>sumpserunt</strong></span> <span class='ocrx_word' id='word_1_750' title='bbox 3409 4468 3595 4549; x_wconf 75' lang='lat' dir='ltr'><strong>oleum</strong></span> <span class='ocrx_word' id='word_1_751' title='bbox 3611 4512 3810 4555; x_wconf 80' lang='lat' dir='ltr'><strong>secum.</strong></span> 
     </span>
    </p>
   </div>
   <div class='ocr_carea' id='block_1_103' title="bbox 2231 4553 3811 4647">
    <p class='ocr_par' dir='ltr' id='par_1_103' title="bbox 2231 4553 3811 4647">
     <span class='ocr_line' id='line_1_105' title="bbox 2231 4553 3811 4647; baseline 0.025 -40"><span class='ocrx_word' id='word_1_752' title='bbox 2231 4571 2253 4606; x_wconf 73' lang='grc' dir='ltr'>ί</span> <span class='ocrx_word' id='word_1_753' title='bbox 2278 4553 2575 4616; x_wconf 86' lang='lat' dir='ltr'><strong>Prudentes</strong></span> <span class='ocrx_word' id='word_1_754' title='bbox 2604 4578 2735 4620; x_wconf 87' lang='lat' dir='ltr'><strong>vero</strong></span> <span class='ocrx_word' id='word_1_755' title='bbox 2764 4581 3090 4638; x_wconf 85' lang='lat' dir='ltr'><strong>acceperunt</strong></span> <span class='ocrx_word' id='word_1_756' title='bbox 3107 4553 3287 4631; x_wconf 68' lang='lat' dir='ltr'><strong>deum</strong></span> <span class='ocrx_word' id='word_1_757' title='bbox 3308 4578 3363 4633; x_wconf 90' lang='lat' dir='ltr'><strong>in</strong></span> <span class='ocrx_word' id='word_1_758' title='bbox 3387 4584 3541 4639; x_wconf 86' lang='lat' dir='ltr'><strong>vasis</strong></span> <span class='ocrx_word' id='word_1_759' title='bbox 3559 4588 3679 4641; x_wconf 84' lang='lat' dir='ltr'><strong>suis</strong></span> 
     </span>
    </p>
   </div>
   <div class='ocr_carea' id='block_1_104' title="bbox 2227 4646 3807 4743">
    <p class='ocr_par' dir='ltr' id='par_1_104' title="bbox 2227 4646 3807 4743">
     <span class='ocr_line' id='line_1_106' title="bbox 2227 4646 3807 4743; baseline 0.024 -42"><span class='ocrx_word' id='word_1_760' title='bbox 2227 4663 2251 4700; x_wconf 67' lang='grc' dir='ltr'>ι</span> <span class='ocrx_word' id='word_1_761' title='bbox 2274 4646 2630 4719; x_wconf 82' lang='lat' dir='ltr'><strong>lampadibus.</strong></span> <span class='ocrx_word' id='word_1_762' title='bbox 2654 4656 2865 4715; x_wconf 81' lang='lat' dir='ltr'><strong>Moram</strong></span> <span class='ocrx_word' id='word_1_763' title='bbox 2890 4672 3071 4718; x_wconf 85' lang='lat' dir='ltr'><strong>autem</strong></span> <span class='ocrx_word' id='word_1_764' title='bbox 3094 4664 3329 4726; x_wconf 74' lang='lat' dir='ltr'><strong>faciente</strong></span> <span class='ocrx_word' id='word_1_765' title='bbox 3354 4688 3585 4743; x_wconf 83' lang='lat' dir='ltr'><strong>sponso,</strong></span> <span class='ocrx_word' id='word_1_766' title='bbox 3607 4646 3807 4738; x_wconf 40' lang='lat' dir='ltr'><strong>dormis</strong></span> 
     </span>
    </p>
   </div>
   <div class='ocr_carea' id='block_1_105' title="bbox 2225 4748 3809 4832">
    <p class='ocr_par' dir='ltr' id='par_1_105' title="bbox 2225 4748 3809 4832">
     <span class='ocr_line' id='line_1_107' title="bbox 2225 4748 3809 4832; baseline 0.024 -38"><span class='ocrx_word' id='word_1_767' title='bbox 2225 4757 2249 4795; x_wconf 69' lang='grc' dir='ltr'><strong><em>ο</em></strong></span> <span class='ocrx_word' id='word_1_768' title='bbox 2274 4748 2522 4799; x_wconf 88' lang='lat' dir='ltr'><strong>taverunt</strong></span> <span class='ocrx_word' id='word_1_769' title='bbox 2539 4761 2729 4805; x_wconf 84' lang='lat' dir='ltr'><strong>omnes</strong></span> <span class='ocrx_word' id='word_1_770' title='bbox 2752 4760 2807 4807; x_wconf 88' lang='lat' dir='ltr'><strong>et</strong></span> <span class='ocrx_word' id='word_1_771' title='bbox 2837 4754 3195 4814; x_wconf 85' lang='lat' dir='ltr'><strong>dormierunt.</strong></span> <span class='ocrx_word' id='word_1_772' title='bbox 3229 4762 3405 4819; x_wconf 74' lang='lat' dir='ltr'><strong>Media</strong></span> <span class='ocrx_word' id='word_1_773' title='bbox 3438 4778 3628 4826; x_wconf 82' lang='lat' dir='ltr'><strong>autem</strong></span> <span class='ocrx_word' id='word_1_774' title='bbox 3658 4784 3809 4832; x_wconf 68' lang='lat' dir='ltr'><strong>noue</strong></span> 
     </span>
    </p>
   </div>
   <div class='ocr_carea' id='block_1_106' title="bbox 2222 4832 3804 4923">
    <p class='ocr_par' dir='ltr' id='par_1_106' title="bbox 2222 4832 3804 4923">
     <span class='ocr_line' id='line_1_108' title="bbox 2222 4832 3804 4923; baseline 0.024 -38"><span class='ocrx_word' id='word_1_775' title='bbox 2222 4848 2246 4885; x_wconf 72' lang='grc' dir='ltr'><strong><em>ι</em></strong></span> <span class='ocrx_word' id='word_1_776' title='bbox 2268 4832 2476 4889; x_wconf 86' lang='lat' dir='ltr'><strong>clamor</strong></span> <span class='ocrx_word' id='word_1_777' title='bbox 2494 4835 2669 4895; x_wconf 79' lang='lat' dir='ltr'><strong>factus</strong></span> <span class='ocrx_word' id='word_1_778' title='bbox 2688 4851 2803 4898; x_wconf 89' lang='lat' dir='ltr'><strong>est:</strong></span> <span class='ocrx_word' id='word_1_779' title='bbox 2820 4844 2962 4903; x_wconf 86' lang='lat' dir='ltr'><strong>Ecce</strong></span> <span class='ocrx_word' id='word_1_780' title='bbox 2984 4864 3216 4919; x_wconf 86' lang='lat' dir='ltr'><strong>sponsus</strong></span> <span class='ocrx_word' id='word_1_781' title='bbox 3235 4857 3402 4923; x_wconf 90' lang='lat' dir='ltr'><strong>venit,</strong></span> <span class='ocrx_word' id='word_1_782' title='bbox 3429 4861 3587 4917; x_wconf 78' lang='lat' dir='ltr'><strong>exite</strong></span> <span class='ocrx_word' id='word_1_783' title='bbox 3598 4865 3804 4922; x_wconf 72' lang='lat' dir='ltr'><strong>obviam</strong></span> 
     </span>
    </p>
   </div>
   <div class='ocr_carea' id='block_1_107' title="bbox 2219 4924 3802 5021">
    <p class='ocr_par' dir='ltr' id='par_1_107' title="bbox 2219 4924 3802 5021">
     <span class='ocr_line' id='line_1_109' title="bbox 2219 4924 3802 5021; baseline 0.027 -47"><span class='ocrx_word' id='word_1_784' title='bbox 2219 4940 2239 4974; x_wconf 72' lang='grc' dir='ltr'>ι</span> <span class='ocrx_word' id='word_1_785' title='bbox 2266 4924 2338 4979; x_wconf 90' lang='lat' dir='ltr'><strong>ei.</strong></span> <span class='ocrx_word' id='word_1_786' title='bbox 2370 4925 2523 4983; x_wconf 88' lang='lat' dir='ltr'><strong>Tunc</strong></span> <span class='ocrx_word' id='word_1_787' title='bbox 2548 4945 2903 4993; x_wconf 84' lang='lat' dir='ltr'><strong>surrexerunt</strong></span> <span class='ocrx_word' id='word_1_788' title='bbox 2932 4955 3120 4999; x_wconf 86' lang='lat' dir='ltr'><strong>omnes</strong></span> <span class='ocrx_word' id='word_1_789' title='bbox 3151 4946 3391 5018; x_wconf 87' lang='lat' dir='ltr'><strong>virgines</strong></span> <span class='ocrx_word' id='word_1_790' title='bbox 3412 4951 3545 5021; x_wconf 66' lang='lat' dir='ltr'><strong>illm,</strong></span> <span class='ocrx_word' id='word_1_791' title='bbox 3570 4965 3629 5012; x_wconf 88' lang='lat' dir='ltr'><strong>et</strong></span> <span class='ocrx_word' id='word_1_792' title='bbox 3651 4974 3802 5014; x_wconf 82' lang='lat' dir='ltr'><strong>orna-</strong></span> 
     </span>
    </p>
   </div>
   <div class='ocr_carea' id='block_1_108' title="bbox 2223 5022 3804 5121">
    <p class='ocr_par' dir='ltr' id='par_1_108' title="bbox 2223 5022 3804 5121">
     <span class='ocr_line' id='line_1_110' title="bbox 2223 5022 3804 5121; baseline 0.026 -50"><span class='ocrx_word' id='word_1_793' title='bbox 2223 5034 2243 5069; x_wconf 77' lang='lat' dir='ltr'><strong>t</strong></span> <span class='ocrx_word' id='word_1_794' title='bbox 2267 5030 2462 5076; x_wconf 82' lang='lat' dir='ltr'><strong>verunt</strong></span> <span class='ocrx_word' id='word_1_795' title='bbox 2508 5022 2787 5096; x_wconf 80' lang='lat' dir='ltr'><strong>lampades</strong></span> <span class='ocrx_word' id='word_1_796' title='bbox 2830 5046 2974 5087; x_wconf 78' lang='lat' dir='ltr'><strong>suas.</strong></span> <span class='ocrx_word' id='word_1_797' title='bbox 3013 5035 3195 5094; x_wconf 84' lang='lat' dir='ltr'><strong>Fatuae</strong></span> <span class='ocrx_word' id='word_1_798' title='bbox 3236 5051 3416 5099; x_wconf 88' lang='lat' dir='ltr'><strong>autem</strong></span> <span class='ocrx_word' id='word_1_799' title='bbox 3470 5052 3804 5121; x_wconf 85' lang='lat' dir='ltr'><strong>sapientibus</strong></span> 
     </span>
    </p>
   </div>
   <div class='ocr_carea' id='block_1_109' title="bbox 2223 5110 3802 5216">
    <p class='ocr_par' dir='ltr' id='par_1_109' title="bbox 2223 5110 3802 5216">
     <span class='ocr_line' id='line_1_111' title="bbox 2223 5110 3802 5216; baseline 0.026 -53"><span class='ocrx_word' id='word_1_800' title='bbox 2223 5127 2242 5162; x_wconf 76' lang='grc' dir='ltr'>ι</span> <span class='ocrx_word' id='word_1_801' title='bbox 2269 5110 2523 5169; x_wconf 77' lang='lat' dir='ltr'><strong>dixerunt</strong></span> <span class='ocrx_word' id='word_1_802' title='bbox 2553 5136 2566 5171; x_wconf 92' lang='lat'>:</span> <span class='ocrx_word' id='word_1_803' title='bbox 2597 5118 2731 5175; x_wconf 89' lang='lat' dir='ltr'><strong>Date</strong></span> <span class='ocrx_word' id='word_1_804' title='bbox 2751 5125 2908 5179; x_wconf 89' lang='lat' dir='ltr'><strong>nobis</strong></span> <span class='ocrx_word' id='word_1_805' title='bbox 2925 5127 2993 5182; x_wconf 92' lang='lat' dir='ltr'><strong>de</strong></span> <span class='ocrx_word' id='word_1_806' title='bbox 3016 5128 3136 5186; x_wconf 92' lang='lat' dir='ltr'><strong>oleo</strong></span> <span class='ocrx_word' id='word_1_807' title='bbox 3154 5142 3357 5203; x_wconf 82' lang='lat' dir='ltr'><strong>vestro,</strong></span> <span class='ocrx_word' id='word_1_808' title='bbox 3375 5140 3506 5207; x_wconf 89' lang='lat' dir='ltr'><strong>quia</strong></span> <span class='ocrx_word' id='word_1_809' title='bbox 3528 5110 3802 5216; x_wconf 75' lang='lat' dir='ltr'><strong>lampades</strong></span> 
     </span>
    </p>
   </div>
   <div class='ocr_carea' id='block_1_110' title="bbox 2220 5210 3800 5303">
    <p class='ocr_par' dir='ltr' id='par_1_110' title="bbox 2220 5210 3800 5303">
     <span class='ocr_line' id='line_1_112' title="bbox 2220 5210 3800 5303; baseline 0.025 -47"><span class='ocrx_word' id='word_1_810' title='bbox 2220 5221 2241 5255; x_wconf 75' lang='grc' dir='ltr'><strong><em>ι</em></strong></span> <span class='ocrx_word' id='word_1_811' title='bbox 2266 5213 2465 5261; x_wconf 61' lang='lat' dir='ltr'><strong>nostra:</strong></span> <span class='ocrx_word' id='word_1_812' title='bbox 2483 5210 2889 5282; x_wconf 76' lang='lat' dir='ltr'><strong>extinguuntur.</strong></span> <span class='ocrx_word' id='word_1_813' title='bbox 2927 5217 3339 5290; x_wconf 84' lang='lat' dir='ltr'><strong>Responderunt</strong></span> <span class='ocrx_word' id='word_1_814' title='bbox 3370 5210 3695 5303; x_wconf 69' lang='lat' dir='ltr'><strong>prudentes,</strong></span> <span class='ocrx_word' id='word_1_815' title='bbox 3720 5239 3800 5293; x_wconf 84' lang='lat' dir='ltr'><strong>di-</strong></span> 
     </span>
    </p>
   </div>
   <div class='ocr_carea' id='block_1_111' title="bbox 2216 5301 3798 5398">
    <p class='ocr_par' dir='ltr' id='par_1_111' title="bbox 2216 5301 3798 5398">
     <span class='ocr_line' id='line_1_113' title="bbox 2216 5301 3798 5398; baseline 0.025 -48"><span class='ocrx_word' id='word_1_816' title='bbox 2216 5315 2239 5348; x_wconf 72' lang='lat' dir='ltr'><strong>c</strong></span> <span class='ocrx_word' id='word_1_817' title='bbox 2264 5309 2449 5356; x_wconf 86' lang='lat' dir='ltr'><strong>centes</strong></span> <span class='ocrx_word' id='word_1_818' title='bbox 2474 5320 2485 5355; x_wconf 91' lang='lat'>:</span> <span class='ocrx_word' id='word_1_819' title='bbox 2509 5301 2587 5357; x_wconf 85' lang='lat' dir='ltr'><strong>Ne</strong></span> <span class='ocrx_word' id='word_1_820' title='bbox 2625 5302 2765 5359; x_wconf 84' lang='lat' dir='ltr'><strong>forte</strong></span> <span class='ocrx_word' id='word_1_821' title='bbox 2805 5325 2911 5363; x_wconf 87' lang='lat' dir='ltr'><strong>non</strong></span> <span class='ocrx_word' id='word_1_822' title='bbox 2954 5312 3186 5371; x_wconf 83' lang='lat' dir='ltr'><strong>sutliciat</strong></span> <span class='ocrx_word' id='word_1_823' title='bbox 3220 5321 3378 5377; x_wconf 88' lang='lat' dir='ltr'><strong>nobis</strong></span> <span class='ocrx_word' id='word_1_824' title='bbox 3422 5333 3481 5380; x_wconf 86' lang='lat' dir='ltr'><strong>et</strong></span> <span class='ocrx_word' id='word_1_825' title='bbox 3518 5301 3698 5398; x_wconf 77' lang='lat' dir='ltr'><strong>vobis,</strong></span> <span class='ocrx_word' id='word_1_826' title='bbox 3727 5332 3798 5387; x_wconf 82' lang='lat' dir='ltr'><strong>ite</strong></span> 
     </span>
    </p>
   </div>
   <div class='ocr_carea' id='block_1_112' title="bbox 2216 5391 3795 5478">
    <p class='ocr_par' dir='ltr' id='par_1_112' title="bbox 2216 5391 3795 5478">
     <span class='ocr_line' id='line_1_114' title="bbox 2216 5391 3795 5478; baseline 0.025 -38"><span class='ocrx_word' id='word_1_827' title='bbox 2216 5406 2234 5440; x_wconf 73' lang='grc' dir='ltr'>ι</span> <span class='ocrx_word' id='word_1_828' title='bbox 2260 5391 2437 5458; x_wconf 87' lang='lat' dir='ltr'><strong>potius</strong></span> <span class='ocrx_word' id='word_1_829' title='bbox 2468 5394 2536 5447; x_wconf 87' lang='lat' dir='ltr'><strong>ad</strong></span> <span class='ocrx_word' id='word_1_830' title='bbox 2563 5396 2857 5453; x_wconf 88' lang='lat' dir='ltr'><strong>vcndentes</strong></span> <span class='ocrx_word' id='word_1_831' title='bbox 2898 5409 2953 5457; x_wconf 86' lang='lat' dir='ltr'><strong>et</strong></span> <span class='ocrx_word' id='word_1_832' title='bbox 3000 5408 3162 5463; x_wconf 90' lang='lat' dir='ltr'><strong>emite</strong></span> <span class='ocrx_word' id='word_1_833' title='bbox 3206 5412 3380 5468; x_wconf 89' lang='lat' dir='ltr'><strong>vobis.</strong></span> <span class='ocrx_word' id='word_1_834' title='bbox 3428 5417 3569 5473; x_wconf 87' lang='lat' dir='ltr'><strong>Dum</strong></span> <span class='ocrx_word' id='word_1_835' title='bbox 3612 5391 3795 5478; x_wconf 67' lang='lat' dir='ltr'><strong>autem</strong></span> 
     </span>
    </p>
   </div>
   <div class='ocr_carea' id='block_1_113' title="bbox 2208 5480 3794 5575">
    <p class='ocr_par' dir='ltr' id='par_1_113' title="bbox 2208 5480 3794 5575">
     <span class='ocr_line' id='line_1_115' title="bbox 2208 5480 3794 5575; baseline 0.024 -43"><span class='ocrx_word' id='word_1_836' title='bbox 2208 5496 2229 5531; x_wconf 73' lang='grc' dir='ltr'><strong>ς</strong></span> <span class='ocrx_word' id='word_1_837' title='bbox 2256 5480 2395 5536; x_wconf 87' lang='lat' dir='ltr'><strong>irent</strong></span> <span class='ocrx_word' id='word_1_838' title='bbox 2421 5498 2622 5551; x_wconf 88' lang='lat' dir='ltr'><strong>emere,</strong></span> <span class='ocrx_word' id='word_1_839' title='bbox 2661 5489 2811 5543; x_wconf 87' lang='lat' dir='ltr'><strong>venit</strong></span> <span class='ocrx_word' id='word_1_840' title='bbox 2861 5508 3113 5564; x_wconf 86' lang='lat' dir='ltr'><strong>sponsus,</strong></span> <span class='ocrx_word' id='word_1_841' title='bbox 3141 5509 3197 5554; x_wconf 89' lang='lat' dir='ltr'><strong>et</strong></span> <span class='ocrx_word' id='word_1_842' title='bbox 3217 5517 3339 5571; x_wconf 67' lang='lat' dir='ltr'><strong>quae</strong></span> <span class='ocrx_word' id='word_1_843' title='bbox 3380 5518 3591 5575; x_wconf 67' lang='lat' dir='ltr'><strong>paratae</strong></span> <span class='ocrx_word' id='word_1_844' title='bbox 3635 5523 3794 5569; x_wconf 87' lang='lat' dir='ltr'><strong>erant</strong></span> 
     </span>
    </p>
   </div>
   <div class='ocr_carea' id='block_1_114' title="bbox 2204 5572 3790 5663">
    <p class='ocr_par' dir='ltr' id='par_1_114' title="bbox 2204 5572 3790 5663">
     <span class='ocr_line' id='line_1_116' title="bbox 2204 5572 3790 5663; baseline 0.026 -40"><span class='ocrx_word' id='word_1_845' title='bbox 2204 5572 2595 5633; x_wconf 68' lang='lat' dir='ltr'><strong>«intraverunt</strong></span> <span class='ocrx_word' id='word_1_846' title='bbox 2668 5596 2791 5637; x_wconf 90' lang='lat' dir='ltr'><strong>cum</strong></span> <span class='ocrx_word' id='word_1_847' title='bbox 2845 5600 2913 5641; x_wconf 91' lang='lat' dir='ltr'><strong>eo</strong></span> <span class='ocrx_word' id='word_1_848' title='bbox 2977 5590 3044 5644; x_wconf 90' lang='lat' dir='ltr'><strong>ad</strong></span> <span class='ocrx_word' id='word_1_849' title='bbox 3098 5594 3333 5662; x_wconf 86' lang='lat' dir='ltr'><strong>nuptias,</strong></span> <span class='ocrx_word' id='word_1_850' title='bbox 3380 5572 3437 5653; x_wconf 77' lang='lat' dir='ltr'><strong>et</strong></span> <span class='ocrx_word' id='word_1_851' title='bbox 3483 5602 3665 5659; x_wconf 82' lang='lat' dir='ltr'><strong>clausa</strong></span> <span class='ocrx_word' id='word_1_852' title='bbox 3704 5614 3790 5663; x_wconf 81' lang='lat' dir='ltr'><strong>est</strong></span> 
     </span>
    </p>
   </div>
   <div class='ocr_carea' id='block_1_115' title="bbox 2204 5664 3785 5767">
    <p class='ocr_par' dir='ltr' id='par_1_115' title="bbox 2204 5664 3785 5767">
     <span class='ocr_line' id='line_1_117' title="bbox 2204 5664 3785 5767; baseline 0.025 -51"><span class='ocrx_word' id='word_1_853' title='bbox 2204 5682 2223 5715; x_wconf 75' lang='grc' dir='ltr'>ι</span> <span class='ocrx_word' id='word_1_854' title='bbox 2243 5664 2431 5734; x_wconf 87' lang='lat' dir='ltr'><strong>janua.</strong></span> <span class='ocrx_word' id='word_1_855' title='bbox 2453 5669 2754 5729; x_wconf 88' lang='lat' dir='ltr'><strong>Novissime</strong></span> <span class='ocrx_word' id='word_1_856' title='bbox 2782 5694 2913 5733; x_wconf 88' lang='lat' dir='ltr'><strong>vero</strong></span> <span class='ocrx_word' id='word_1_857' title='bbox 2946 5683 3168 5738; x_wconf 87' lang='lat' dir='ltr'><strong>veniunt</strong></span> <span class='ocrx_word' id='word_1_858' title='bbox 3188 5696 3240 5742; x_wconf 91' lang='lat' dir='ltr'><strong>et</strong></span> <span class='ocrx_word' id='word_1_859' title='bbox 3262 5689 3486 5761; x_wconf 71' lang='lat' dir='ltr'><strong>reliqua:</strong></span> <span class='ocrx_word' id='word_1_860' title='bbox 3521 5697 3785 5767; x_wconf 82' lang='lat' dir='ltr'><strong>virgines,</strong></span> 
     </span>
    </p>
   </div>
   <div class='ocr_carea' id='block_1_116' title="bbox 2205 5759 3785 5859">
    <p class='ocr_par' dir='ltr' id='par_1_116' title="bbox 2205 5759 3785 5859">
     <span class='ocr_line' id='line_1_118' title="bbox 2205 5759 3785 5859; baseline 0.024 -49"><span class='ocrx_word' id='word_1_861' title='bbox 2205 5779 2223 5810; x_wconf 79' lang='grc' dir='ltr'>ι</span> <span class='ocrx_word' id='word_1_862' title='bbox 2248 5759 2494 5819; x_wconf 86' lang='lat' dir='ltr'><strong>dicentes</strong></span> <span class='ocrx_word' id='word_1_863' title='bbox 2529 5783 2542 5818; x_wconf 90' lang='lat'>:</span> <span class='ocrx_word' id='word_1_864' title='bbox 2579 5765 2827 5835; x_wconf 87' lang='lat' dir='ltr'><strong>Domine,</strong></span> <span class='ocrx_word' id='word_1_865' title='bbox 2868 5770 3117 5842; x_wconf 89' lang='lat' dir='ltr'><strong>Domine,</strong></span> <span class='ocrx_word' id='word_1_866' title='bbox 3160 5764 3310 5849; x_wconf 63' lang='grc' dir='ltr'><strong>ψειδί</strong></span> <span class='ocrx_word' id='word_1_867' title='bbox 3342 5759 3530 5859; x_wconf 74' lang='lat' dir='ltr'><strong>nobis.</strong></span> <span class='ocrx_word' id='word_1_868' title='bbox 3577 5759 3649 5842; x_wconf 55' lang='grc' dir='ltr'><strong>[ι</strong></span> <span class='ocrx_word' id='word_1_869' title='bbox 3691 5759 3785 5848; x_wconf 59' lang='lat' dir='ltr'><strong>sui</strong></span> 
     </span>
    </p>
   </div>
  </div>
