4026 6468
214 329 325 387 549
1058 321 1575 383 COLLECTIONES
1611 323 1681 380 IN
1717 320 2094 380 EPISTOLAS
2129 321 2219 380 ET
2255 321 2671 384 EVANGELIA.
3379 324 3488 384 550

220 463 243 499 ι
271 456 607 516 respondens
632 443 711 498 ait
731 460 747 498 :
766 438 941 498 Amen
964 441 1086 498 dico
1113 443 1285 509 vobis,
1313 442 1498 498 nescio
1541 456 1656 498 vos.
1706 436 1797 494 Vi-
1825 446 1880 508 Α
1974 433 2077 493 Sed
2103 437 2329 509 quinque
2354 438 2539 508 fatuae,
2578 439 2801 511 acceptis
2820 437 3169 512 lampaaibus,
3199 455 3306 496 non
3346 455 3491 497 sunt-

218 555 242 590 s
269 537 435 611 gilate
461 536 643 605 itaque
662 536 787 606 quia
813 535 1036 591 nescitis
1062 532 1205 591 diem
1232 549 1405 605 neque
1429 536 1641 590 horam.
1672 553 1691 587 ι

292 626 476 685 Simile
496 637 573 683 est
608 625 820 698 regnum
866 626 1112 682 caelorum
1157 627 1335 683 decem
1368 626 1672 699 virginibus.
1701 622 1805 699 (Ex

212 719 424 793 Greg.)
454 721 593 776 Dum
613 721 758 777 enim
780 736 1004 791 regnum
1033 731 1269 786 constat,
1296 721 1424 793 quia
1451 721 1805 791 reproborum

212 816 403 871 nullus
435 815 752 888 ingreditur,
778 815 1045 885 quaeritur
1073 831 1172 871 cur
1207 814 1371 870 fatuis
1404 812 1703 886 virginibus
1739 813 1807 869 si-

213 906 349 963 mile
380 920 501 963 esse
522 907 859 978 prohibetur,
884 906 980 963 sed
1002 906 1280 963 sciendum
1318 913 1423 973 est,
1471 903 1616 977 quod
1664 916 1808 976 saepe

215 999 278 1056 in
305 1016 461 1058 sacro
485 1000 698 1072 eloquio
728 1014 956 1070 regnum
994 1000 1254 1057 calorum
1284 1010 1524 1073 praesens
1561 994 1808 1054 Ecclesia

215 1092 436 1159 dicitur,
462 1092 530 1149 de
563 1108 670 1164 quo
712 1102 769 1150 et
813 1093 920 1150 alio
965 1093 1084 1150 loco
1133 1094 1392 1151 Dominus
1446 1093 1610 1150 dicit:
1637 1092 1807 1148 Mittet

214 1182 364 1256 ﬁlius
385 1184 610 1241 hominis
635 1186 846 1258 angelos
869 1203 1014 1255 suos,
1044 1194 1093 1241 et
1119 1186 1360 1260 colligent
1389 1187 1452 1241 de
1476 1203 1632 1259 regno
1670 1186 1806 1257 ejus,

212 1274 279 1333 id
303 1285 407 1344 est,
430 1279 496 1334 de
518 1280 772 1350 prtesenti
794 1278 1037 1335 Ecclesia
1069 1279 1249 1334 omnia
1284 1279 1553 1335 scandala.
1578 1279 1731 1335 Unde
1754 1285 1810 1334 et

216 1364 351 1424 alibi
376 1364 545 1425 dicit:
574 1369 679 1437 Qui
721 1370 935 1425 solverit
964 1387 1125 1425 unum
1167 1370 1231 1425 de
1269 1370 1534 1425 mandatis
1578 1371 1716 1435 istis,
1760 1379 1810 1425 et

217 1464 461 1518 docuerit
504 1464 579 1518 sic
620 1462 876 1531 homines,
935 1466 1182 1520 minimus
1232 1465 1501 1520 vocabitur
1547 1465 1603 1519 in
1652 1480 1809 1536 regno

217 1551 469 1608 caelorum
517 1546 735 1626 (Matth.
761 1555 908 1625 xm),
936 1552 989 1610 id
1035 1564 1143 1624 est,
1182 1557 1235 1611 in
1268 1554 1531 1612 Ecclesia.
1575 1554 1718 1628 Ergo
1756 1562 1812 1612 et

218 1638 315 1701 hic
335 1646 391 1701 in
421 1646 606 1702 decem
639 1644 940 1718 virginibus
978 1658 1215 1718 prze'sens
1258 1648 1505 1720 signatur
1538 1645 1806 1702 Ecclesia.

217 1732 281 1792 in
306 1734 544 1808 quinque
567 1745 746 1794 autem
777 1739 1020 1810 corporis
1048 1740 1316 1805 sensibus,
1333 1739 1673 1810 unusquique
1689 1736 1812 1796 sub-

1904 539 2115 601 pserunt
2138 528 2308 584 oleum
2329 546 2524 585 secum.
2551 529 2651 602 (Ex
2678 528 2927 604 August.)
2948 530 3095 586 Multi
3117 531 3284 599 enim,
3298 546 3490 604 quam-

1904 624 1987 678 vis
2031 622 2098 678 de
2138 622 2340 679 Christi
2378 623 2622 679 bonitate
2647 623 2941 694 plurimum
2965 630 3202 695 sperent,
3234 623 3492 697 gaudium

1906 722 2089 770 tamen
2115 730 2221 769 non
2248 714 2469 783 habent,
2503 716 2628 771 dum
2662 717 3004 772 continenter
3039 716 3249 781 vivunt,
3291 714 3397 771 nisi
3436 714 3493 771 in

1906 811 2156 867 laudibus
2182 809 2489 876 hominum;
2518 825 2625 866 non
2650 825 2779 883 ergo
2819 810 3023 866 habent
3058 808 3235 865 oleum
3284 822 3488 865 secum.

1906 898 2044 956 Nam
2072 901 2251 970 ipsam
2296 899 2535 955 laetitiam
2572 898 2690 954 oleo
2727 898 3018 971 signiﬁcari
3060 900 3295 969 arbitror
3319 916 3332 953 :
3357 895 3494 953 Pro-

1905 1002 2054 1067 ptera
2082 993 2237 1048 unxit
2253 1001 2320 1059 te,
2344 993 2540 1063 inquit,
2564 991 2706 1046 Deus
2732 988 2874 1045 Deus
2898 998 3017 1045 tuus
3041 989 3153 1045 oleo
3177 990 3494 1060 lwtitiw,qui

1909 1095 2090 1143 autem
2104 1099 2210 1141 non
2229 1093 2513 1155 propterea
2533 1082 2747 1156 gaudet,
2760 1083 2889 1153 quia
2907 1082 3017 1139 Deo
3039 1082 3363 1140 intrinsecus
3381 1082 3498 1154 pla-a

1909 1183 2018 1244 cet,
2049 1192 2157 1232 non
2185 1177 2350 1232 habet
2374 1175 2553 1231 oleum
2582 1186 2788 1230 secum.

1977 1268 2083 1324 Per
2110 1267 2289 1324 oleum
2318 1267 2535 1337 quippe,
2554 1266 2700 1320 nitor
2718 1262 2903 1336 gloriae
2913 1261 3246 1332 designatur.
3261 1261 3497 1319 Vascula

1911 1365 2112 1425 autem,
2138 1365 2323 1413 nostra
2343 1365 2470 1413 sunt
2495 1356 2680 1422 corda,
2708 1354 2762 1410 in
2804 1354 3001 1425 quibus
3038 1350 3262 1408 ferimus
3300 1360 3496 1408 cuncta

1911 1460 2031 1520 quae
2057 1449 2376 1520 cogitamus.
2408 1446 2599 1502 Fatua:
2624 1453 2805 1501 autem
2835 1444 3072 1516 virgines
3095 1442 3272 1499 oleum
3312 1456 3496 1498 secum

1910 1554 2021 1598 non
2064 1547 2300 1605 sumunt,
2337 1538 2464 1609 quia
2501 1537 2725 1609 gloriam
2772 1534 2916 1590 intra
2956 1533 3344 1590 conscientiam
3390 1544 3501 1589 non

1910 1632 2133 1696 habent,
2161 1632 2287 1703 quia
2334 1616 2650 1701 plerumque
2674 1627 2816 1684 bona
2839 1624 2894 1680 in
2924 1638 2983 1681 se
3008 1637 3193 1697 opera,
3223 1637 3347 1679 cum
3383 1621 3497 1680 ele-

1912 1726 2014 1782 ctis
2040 1732 2094 1780 et
2128 1724 2373 1795 reprobis
2395 1721 2706 1787 ostendunt,
2739 1717 2834 1775 sed
2860 1716 2959 1775 soli
2999 1715 3070 1774 ad
3109 1730 3365 1789 sponsum
3403 1726 3503 1774 ve-

219 1830 383 1886 sistit.
415 1824 732 1886 Gemi'natus
762 1839 942 1887 autem
965 1831 1246 1901 quinarius
1272 1830 1551 1887 denarium
1574 1829 1817 1901 perﬁcit.

1928 1821 2069 1875 aiunt
2101 1833 2226 1874 eum
2262 1817 2401 1883 oleo,
2427 1817 2518 1887 qui
2547 1816 2613 1871 de
2641 1813 2728 1870 his
2761 1827 2880 1885 quae
2919 1812 3053 1868 foris
3102 1811 3315 1883 egerint
3353 1811 3502 1869 intus

219 1912 293 1974 Et
312 1918 436 1990 quia
459 1935 524 1974 ex
546 1924 777 1991 utroque
797 1933 927 1975 sexu
950 1918 1187 1976 fidelium
1202 1920 1491 1977 multitudo
1513 1922 1805 1993 colligitur,

219 2021 410 2069 sancta
443 2010 685 2069 Ecclesia
707 2014 892 2069 decem
908 2012 1207 2086 virginibus
1222 2014 1416 2069 similis
1437 2014 1806 2081 denuntiatur,

219 2106 277 2161 in
302 2121 407 2178 qua
434 2107 560 2177 quia
580 2100 706 2161 mali
728 2122 852 2162 cum
887 2104 1065 2172 bonis,
1103 2116 1159 2162 et
1203 2107 1417 2177 reprobi
1457 2122 1581 2162 cum
1622 2106 1811 2162 electis

221 2196 449 2253 admixti
472 2206 619 2264 sunt,
652 2205 799 2253 recte
824 2194 1016 2252 similis
1050 2195 1348 2257 virginibus
1382 2196 1737 2267 prudentibus
1756 2202 1813 2251 et

218 2286 386 2344 fatuis
412 2304 531 2345 esse
552 2286 887 2360 perhibetur.

295 2376 537 2449 Quinque
564 2385 738 2432 autem
762 2393 826 2432 ex
847 2393 921 2432 ets
944 2380 1093 2432 erant
1124 2374 1308 2445 fatuae,
1334 2382 1383 2430 et
1420 2375 1650 2448 quinque
1685 2388 1813 2447 prn-

218 2469 423 2525 dcntes.
456 2468 722 2524 Videntur
742 2470 925 2541 itaque
982 2469 1117 2523 mihi
1184 2468 1423 2539 quinque
1456 2467 1694 2538 virgines
1740 2467 1815 2523 si-

218 2560 506 2634 gniﬁcare,
531 2562 770 2632 quinque
797 2558 1054 2631 partitam
1092 2558 1483 2615 continentiam
1528 2559 1710 2616 carnis
1753 2554 1816 2614 il-

217 2650 474 2712 lecebris.
524 2653 895 2711 Continendus
943 2663 1027 2711 est
1078 2654 1222 2710 enim
1267 2644 1435 2709 animi
1489 2658 1815 2725 appetitusa

216 2742 497 2816 voluptate
524 2742 828 2812 oculorum,
858 2760 890 2799 a
912 2744 1185 2815 voluptate
1213 2742 1449 2809 aurium,
1484 2759 1515 2797 a
1541 2744 1817 2813 voluptate

220 2836 535 2904 olfaciendi,
558 2836 828 2910 gustandi,
882 2837 1157 2909 tangendi,
1213 2837 1307 2892 sed
1349 2832 1473 2907 quia
1522 2836 1625 2892 ista
1680 2852 1814 2891 con-

222 2931 450 2986 tinentia
468 2932 665 3001 partim
690 2945 871 2985 coram
901 2928 1013 2983 Deo
1042 2926 1125 2995 ﬁt,
1177 2936 1238 2983 ut
1289 2928 1370 2983 illi
1405 2928 1683 2999 placentur
1730 2929 1815 2983 in—

223 3020 415 3076 teriori
452 3020 648 3090 gaudio
693 3018 1059 3084 continentiae,
1104 3018 1305 3090 partim
1355 3033 1542 3074 coram
1587 3018 1818 3073 homini-

220 3110 330 3169 bus
352 3121 582 3178 tantum,
612 3120 672 3166 ut
696 3110 864 3183 gloria
893 3110 1128 3167 humana
1160 3110 1422 3182 capiatur.
1455 3109 1703 3182 Quinque
1737 3111 1820 3165 di—

1911 1910 2137 1986 gloriam
2164 1909 2470 1980 requirunt,
2492 1908 2633 1963 unde
2668 1918 2768 1978 per
2801 1903 3147 1961 Psalmistam
3186 1916 3401 1974 quoque
3435 1901 3503 1959 de

1909 2012 2096 2060 sancla
2116 2003 2412 2058 electorum
2440 1998 2683 2055 Ecclesia
2706 1996 2906 2054 dicitur
2934 2014 2948 2052 :
2973 1993 3159 2052 Omnis
3195 1992 3366 2064 gloria
3385 1993 3502 2065 ejus

1908 2093 2037 2165 ﬁlia:
2076 2094 2211 2165 regis
2240 2094 2381 2146 intus
2412 2088 2638 2164 (Psalm.
2657 2086 2828 2162 xuv).

1983 2182 2273 2239 Prudentes
2294 2200 2411 2239 vero
2437 2189 2746 2253 acceperunt
2776 2175 2948 2233 oleum
2967 2177 3023 2231 in
3048 2175 3184 2232 vasis
3229 2174 3340 2232 tuis
3381 2189 3503 2230 cum

1911 2276 2262 2347 lampadibus.
2308 2270 2520 2329 chtitia
2562 2272 2827 2327 bonorum
2863 2280 3087 2341 cperunt
3123 2267 3179 2323 in
3228 2265 3391 2323 corde
3422 2272 3506 2321 at-

1914 2387 2020 2442 que
2054 2368 2384 2426 conscientia
2417 2373 2732 2438 posuerunt.
2757 2362 2849 2419 Sic
2876 2370 2931 2418 et
2964 2359 3255 2432 Apostolus
3279 2366 3500 2415 monet:

1916 2461 2108 2517 Probet
2137 2468 2309 2513 autem
2335 2475 2389 2513 se
2428 2458 2604 2521 homo,
2649 2455 2848 2526 inquit,
2874 2461 2930 2510 et
2959 2460 3088 2507 tunc
3126 2452 3181 2507 in
3209 2451 3505 2521 semetipso

1914 2552 2138 2608 habebit
2174 2550 2418 2621 gloriam,
2449 2554 2503 2603 et
2522 2560 2631 2602 non
2662 2547 2717 2601 in
2746 2543 2939 2600 altero.

1990 2640 2097 2715 (Ea:
2119 2639 2273 2712 Greg.
2297 2640 2316 2711 )
2338 2636 2640 2694 Prudentes
2659 2635 2839 2692 oleum
2866 2635 2918 2691 in
2939 2633 3084 2689 vasis
3128 2630 3352 2698 habent,
3380 2628 3508 2702 quia

1917 2734 2148 2789 nitorem
2181 2731 2365 2804 gloriae
2406 2731 2550 2785 intra
2597 2726 2988 2784 conscientiam
3042 2723 3296 2789 retinent,
3334 2720 3502 2778 Paulo

1919 2830 2233 2891 attestante,
2260 2822 2352 2895 qui
2387 2824 2463 2877 ait
2493 2840 2507 2876 :
2533 2818 2716 2876 Gloria
2756 2829 2961 2885 nostra,
3002 2817 3114 2873 lucc
3162 2824 3239 2872 est
3277 2817 3511 2872 testimo-

1919 2920 2066 2973 nium
2096 2913 2423 2970 conscientiae
2460 2922 2671 2968 nostrae.

1992 3008 2200 3063 Moram
2233 3014 2406 3060 autem
2449 3003 2671 3074 faciente
2713 3013 2901 3073 sponso
2954 2999 3369 3054 darmitaverunt
3401 3013 3513 3052 om-

1922 3121 2033 3170 nes,
2064 3112 2111 3157 et
2135 3100 2481 3155 dormierunt.
2515 3096 2617 3167 (Ex
2656 3091 2925 3166 August.)
2961 3090 3161 3147 Omnes
3200 3088 3327 3145 dicit
3352 3088 3508 3158 :quia

223 3212 425 3259 cuntur
450 3205 743 3275 sapientes,
769 3210 825 3258 et
849 3204 1087 3273 quinque
1131 3203 1334 3268 stultae,
1365 3211 1609 3275 utrmque
1639 3212 1820 3261 tamen
1848 3198 1893 3263 C
1924 3213 1992 3254 ex
2016 3205 2244 3265 utroque
2266 3207 2462 3264 genere
2491 3188 2881 3245 continentium
2916 3186 3215 3247 hominum,
3259 3185 3373 3239 sive
3416 3197 3510 3239 eo-

225 3295 487 3367 virgines,
517 3296 643 3366 quia
682 3305 911 3365 utraque
940 3293 1271 3349 continentia
1306 3300 1411 3362 est,
1444 3295 1691 3365 quamvis
1736 3294 1820 3351 di-

224 3404 387 3444 verso
411 3388 596 3443 fomite
619 3388 865 3459 gaudeat.

300 3481 455 3538 Hanc
491 3478 806 3553 parabolam
863 3480 1050 3537 decem
1102 3479 1373 3553 virginum
1420 3478 1694 3536 fatuarum
1743 3487 1822 3535 at.

228 3590 339 3645 que
389 3576 757 3645 prudentium,
801 3574 1019 3644 quidam
1061 3572 1379 3644 simpliciter
1421 3573 1476 3627 in
1524 3572 1821 3643 virginibus

229 3667 678 3738 interpretantur.
739 3666 979 3734 Quarum
1039 3667 1158 3721 aliae
1193 3663 1352 3736 juxta
1400 3664 1739 3735 Apostoium,
1769 3673 1823 3721 et

230 3772 462 3829 corpore
493 3768 549 3813 et
585 3766 764 3813 mente
809 3766 933 3814 sunt
970 3758 1209 3830 virgines
1239 3776 1251 3812 :
1280 3758 1401 3813 alia:
1456 3757 1822 3830 virginitatem

233 3859 442 3907 tantum
510 3867 799 3923 corporum
856 3860 1221 3920 reservantes,
1263 3851 1348 3908 vel
1403 3860 1599 3907 caetera
1658 3867 1822 3922 opera

228 3956 343 3997 non
370 3940 571 3997 habent
607 3941 883 4013 pr0posito
910 3956 1009 3996 suo
1032 3937 1251 4006 similia,
1287 3940 1375 3995 vel
1411 3952 1698 4012 parentum
1733 3957 1825 3996 cu-

231 4038 413 4095 stodia
438 4045 773 4105 reservante,
798 4037 1150 4094 nihilominus
1168 4044 1350 4093 mente
1365 4046 1663 4108 nupserunt
1688 4057 1700 4091 :
1727 4036 1823 4093 sed

229 4132 369 4189 mihi
415 4131 647 4198 videtur,
698 4147 806 4187 non
850 4131 919 4185 ad
974 4128 1257 4200 virginalia
1319 4145 1567 4200 corpora,
1611 4129 1709 4185 sed
1757 4130 1824 4184 ad

230 4236 397 4282 omne
426 4222 706 4279 hominum
730 4237 901 4294 genus
921 4237 1019 4293 per
1046 4222 1509 4293 comparationem
1526 4220 1821 4291 pertinere,

231 4319 349 4372 tam
379 4313 779 4370 ecclesiasticos
822 4328 985 4384 quam
1025 4310 1239 4369 Judaaos
1297 4320 1462 4384 atque
1512 4312 1821 4377 haereticos,

232 4404 330 4477 qui
356 4404 562 4461 idcirco
582 4404 823 4477 virgines
865 4403 1224 4477 appellantur,
1266 4404 1394 4476 quia
1435 4404 1490 4459 in
1530 4403 1691 4458 unius
1729 4402 1824 4458 Dei

232 4497 429 4555 notitia
455 4496 771 4571 gloriantur.

309 4585 444 4654 Qun:
466 4586 774 4661 accipientes
794 4584 1063 4657 lampades
1102 4602 1248 4641 suas.
1303 4582 1606 4654 Lampades
1642 4592 1825 4640 autem
1848 4579 1904 4640 D

234 4690 386 4749 sunt,
408 4681 537 4751 quia
561 4681 809 4736 manibus
831 4687 1103 4735 testantur
1141 4694 1325 4749 opera,
1361 4693 1480 4750 quae
1527 4677 1825 4734 secundum

234 4773 402 4830 istam
423 4771 812 4828 continentiam
841 4770 976 4826 ﬁunt
1005 4790 1016 4825 :
1046 4768 1249 4826 dictum
1274 4777 1363 4826 est
1401 4776 1604 4837 autem,
1640 4779 1697 4826 ut
1744 4769 1827 4824 lu-

236 4873 393 4920 ceant
422 4878 580 4935 opera
603 4872 773 4918 vestra
800 4879 977 4917 coram
997 4861 1314 4917 hominibus.

309 4950 572 5010 Exierunt
602 4953 805 5009 obviam
833 4972 1021 5027 sponso
1041 4965 1090 5009 et
1119 4972 1343 5027 sponsor.
1374 4956 1434 5013 In
1463 4971 1662 5028 sponso
1682 4956 1828 5013 enim

234 5049 485 5115 nomine,
513 5044 761 5103 Christus
789 5042 1131 5117 intelligitur,
1152 5047 1220 5104 de
1248 5063 1357 5119 quo
1384 5047 1735 5121 Evangelium
1751 5047 1833 5104 di-

237 5142 319 5199 cit
352 5160 365 5195 :
394 5139 519 5196 Non
538 5140 857 5212 jejunabunt
884 5140 985 5211 ﬁlii
1021 5143 1214 5213 sponsi,
1239 5142 1474 5212 quandiu
1487 5160 1604 5197 cum
1635 5142 1740 5198 illis
1758 5152 1833 5198 est

238 5249 485 5304 sponsus.
514 5231 679 5304 Ergo,
712 5248 818 5286 non
849 5243 1077 5303 possunt
1096 5236 1187 5304 qui
1214 5231 1512 5290 Christiani
1540 5251 1647 5290 non
1681 5243 1827 5300 sunt,

240 5341 448 5397 sponso
473 5323 692 5381 Christo
719 5325 905 5379 venire
926 5325 1160 5381 obviam.
1210 5326 1387 5383 Unum
1434 5342 1631 5397 corpus
1670 5328 1829 5395 dixit,

241 5417 532 5488 utriusque
562 5432 747 5483 sexus,
780 5417 963 5487 sponsi
995 5425 1051 5472 et
1090 5425 1322 5487 sponsae;
1357 5418 1450 5473 sed
1475 5416 1604 5489 quid
1641 5418 1693 5472 in
1726 5419 1831 5474 Do-

242 5510 484 5576 minum,
511 5511 639 5579 quid
670 5511 724 5564 in
750 5508 1050 5563 Ecclesium
1088 5509 1395 5564 conveniat.
1436 5509 1700 5564 rationem
1740 5526 1830 5565 co«

244 5603 584 5677 gnoscimus,
614 5604 755 5658 sicut
788 5602 947 5658 alibi:
989 5601 1138 5657 Sicut
1185 5620 1372 5673 sponso
1414 5605 1657 5675 imposuit
1704 5605 1832 5660 mihi

243 5696 483 5763 mitram,
536 5705 585 5751 et
639 5698 775 5753 sicut
819 5713 1061 5768 sponsam
1114 5698 1314 5750 ornavit
1376 5713 1457 5751 me
1504 5707 1830 5753 ornamento.

251 5783 436 5847 Unum
466 5803 662 5861 corpus
690 5789 847 5858 dixit,
878 5788 933 5845 id
954 5795 1059 5856 est,
1099 5785 1377 5845 Christum
1420 5798 1476 5846 et
1514 5788 1831 5847 Ecclesiam.

1918 3308 2041 3347 rum
2080 3292 2172 3362 qui
2203 3290 2270 3345 de
2308 3290 2452 3343 bono
2483 3300 2583 3341 suo
2621 3299 2787 3353 opere
2832 3278 2943 3337 Deo
2977 3282 3223 3336 tribuunt
3254 3278 3506 3351 gloriam,

1921 3383 2036 3441 sive
2062 3396 2250 3438 eorum
2276 3380 2370 3449 qui
2424 3379 2479 3433 in
2518 3374 2768 3431 laudibus
2815 3372 3096 3428 hominum
3128 3371 3508 3442 adquiescunt,

1920 3472 2229 3529 moriuntur
2254 3470 2360 3524 hoc
2392 3464 2679 3522 intervallo
2721 3462 3001 3533 temporis,
3053 3461 3227 3517 donec
3269 3461 3369 3519 sub
3415 3459 3511 3518 ad-

1920 3572 2085 3620 ventu
2114 3559 2350 3624 Domini,
2372 3557 2466 3613 fiat
2491 3555 2815 3613 resurrectio
2834 3561 3189 3610 mortuorum.

1995 3675 2103 3748 (Ea:
2134 3670 2327 3744 (ἔτερ.)
2348 3672 2489 3726 Dum
2514 3668 2700 3725 venire
2722 3666 2896 3724 Index
2921 3666 2988 3722 ad
3026 3674 3332 3737 extremum
3367 3663 3515 3736 judi-

1924 3770 2067 3826 cium
2101 3765 2306 3830 diﬂ‘ert,
2335 3763 2497 3820 electi
2541 3771 2598 3821 et
2624 3760 2844 3832 reprobi
2884 3759 2943 3815 in
2974 3759 3170 3815 mortis
3207 3772 3399 3815 somno
3426 3772 3515 3817 ss—

1922 3859 2168 3929 piuntur.
2221 3858 2474 3915 Dormire
2519 3856 2723 3913 etenim
2768 3853 2911 3910 mori
2956 3856 3065 3919 est,
3112 3860 3238 3907 ante
3261 3865 3514 3911 somnum

1923 3966 2056 4006 vero
2095 3951 2413 4016 dormitare,
2457 3956 2546 4004 est
2590 3954 2719 4002 ante
2753 3952 2983 4001 mortem
3014 3959 3047 3999 a
3071 3942 3246 4001 salute
3273 3943 3517 4016 langues-

1924 4060 2071 4110 cere,
2120 4044 2245 4112 quia
2297 4056 2396 4112 per
2440 4042 2654 4110 pondus
2691 4036 3048 4109 aegritudinis,
3096 4037 3412 4106 pervcnitur
3445 4036 3514 4098 ad

1925 4148 2175 4191 sonituum
2230 4132 2441 4188 mortis.
2498 4128 2907 4199 Comequenter
2944 4135 3129 4187 autem
3164 4127 3367 4184 dicitur
3388 4126 3516 4183 dor-

1925 4226 2183 4289 mierunt,
2210 4223 2338 4292 quia
2362 4228 2551 4291 postea
2579 4220 2877 4278 suscitandi
2901 4225 3052 4279 sunt.

1998 4315 2177 4369 Media
2210 4323 2385 4368 autem
2433 4322 2604 4377 nocte,
2644 4317 2755 4371 etc-
2800 4310 2902 4383 (Ει
2931 4308 3133 4381 Cres.)
3166 4309 3247 4365 De
3282 4308 3516 4369 adva

1927 4409 2109 4479 sponsi
2138 4408 2341 4463 clamor
2372 4406 2428 4461 in
2452 4403 2652 4463 lmedia
2696 4410 2858 4459 nocte
2904 4401 2987 4468 iit,
3024 4401 3152 4473 quia
3172 4401 3255 4458 sic
3288 4400 3406 4463 dics
3432 4402 3520 4474 ju-

1927 4502 2054 4559 dicii
2092 4500 2357 4570 subrepit,
2391 4506 2453 4555 ut
2476 4497 2761 4570 praevideri
2782 4512 2893 4561 non
2933 4495 3135 4562 valeat,
3167 4496 3383 4567 quando
3426 4513 3521 4559 ve-

1929 4594 2031 4659 nit,
2054 4592 2251 4663 quippe
2284 4606 2408 4647 cum
2434 4591 2550 4663 ipse
2596 4590 2856 4649 Dominus
2892 4587 3178 4646 dicatzlle
3207 4589 3293 4645 die
3338 4598 3516 4647 autem
3570 4586 3573 4587 ⁷

1931 4685 2025 4741 illa
2054 4694 2103 4740 et
2124 4685 2255 4739 hora
2276 4700 2425 4738 nemo
2459 4684 2552 4738 scit
2577 4681 2656 4753 ()1
2660 4682 2793 4736 attlt.
2813 4679 2982 4754 ων).
3007 4681 3078 4738 Et
3100 4681 3393 4757 Apostolus
3411 4683 3517 4743 ait:

1930 4776 2057 4832 Dies
2084 4786 2258 4829 autem
2290 4775 2504 4829 Domini
2544 4784 2799 4845 tanquam
2823 4773 2911 4844 fur
2934 4774 2992 4829 in
3040 4784 3187 4831 nocte
3230 4776 3305 4830 ita
3353 4777 3519 4833 vestiet

1935 4868 1986 4940 (Ι
2030 4866 2209 4922 Thess.
2232 4864 2317 4937 v).
2344 4865 2447 4921 Per
2480 4866 2794 4937 angelorum
2821 4868 3112 4923 clamorem
3133 4876 3189 4922 et
3204 4869 3363 4925 tubas
3384 4883 3521 4938 prat-

1936 4961 2242 5018 cedentium
2269 4959 2663 5027 fortitudinem,
2692 4959 2892 5016 Christi
2928 4960 3204 5016 resonavit
3232 4960 3523 5028 adventus,

1936 5055 2158 5111 traditio
2185 5051 2495 5110 Judatorum
2520 5060 2605 5110 est
2630 5052 2909 5113 Christum
2932 5054 3111 5123 media
3132 5059 3292 5110 nocte
3333 5059 3521 5110 ventu-

1934 5162 2058 5201 rum
2107 5145 2164 5201 in
2226 5145 2634 5203 similitudinem
2702 5144 2944 5217 Egyptii
3000 5134 3261 5215 temporis
3306 5145 3506 5214 quand:

1935 5236 2144 5294 Pascha
2173 5236 2503 5292 celebratum
2552 5246 2656 5304 est,
2683 5246 2740 5295 et
2768 5237 3031 5309 sanguine
3059 5238 3182 5309 agni
3207 5245 3504 5309 postesnos

1935 5337 2147 5383 trorum
2194 5325 2455 5383 frontium
2505 5330 2807 5387 consecrati
2857 5336 3025 5384 sunt:
3062 5327 3215 5385 Unde
3252 5342 3376 5383 reor
3414 5337 3524 5384 tra-

1936 5419 2199 5475 ditionem
2228 5420 2579 5490 apostolicam
2600 5420 2984 5489 permansisse,
3009 5425 3068 5474 ut
3095 5418 3149 5474 in
3192 5418 3280 5475 die
3314 5420 3524 5491 vigilia-

1935 5527 2057 5568 rum
2079 5510 2323 5577 Paschaa,
2352 5521 2477 5567 ante
2504 5511 2679 5567 noctis
2705 5510 2964 5575 medium,
2995 5508 3224 5578 populos
3247 5508 3525 5569 dimittere

1936 5620 2044 5660 non
2066 5603 2247 5669 liceat,
2280 5603 2374 5660 sed
2395 5611 2777 5674 exspectantes
2817 5601 3107 5657 adventum
3138 5600 3341 5659 Christi
3380 5610 3525 5661 stent

1938 5698 1994 5755 in
2019 5698 2286 5755 Ecclesia.

2015 5792 2159 5855 Tunc
2206 5800 2568 5869 surrexerunt,
2613 5797 2722 5848 etc.
2754 5788 2863 5862 (Ex
2899 5789 3100 5867 (ἦνθε.)
3132 5792 3285 5852 Tunc
3330 5806 3524 5851 omnes
