  <div class='ocr_page' id='page_1' title='image "/cluster/home/n/w/nwhite01/storage/ocr_20150623/102/hvd.32044015466808/281.png"; bbox 0 0 4026 6548; ppageno 0'>
   <div class='ocr_carea' id='block_1_1' title="bbox 503 381 605 442">
    <p class='ocr_par' dir='ltr' id='par_1_1' title="bbox 503 381 605 442">
     <span class='ocr_line' id='line_1_1' title="bbox 503 381 605 442; baseline -0.059 0"><span class='ocrx_word' id='word_1_1' title='bbox 503 381 605 442; x_wconf 76' lang='grc'><strong>551</strong></span> 
     </span>
    </p>
   </div>
   <div class='ocr_carea' id='block_1_2' title="bbox 1720 370 2393 429">
    <p class='ocr_par' dir='ltr' id='par_1_2' title="bbox 1720 370 2393 429">
     <span class='ocr_line' id='line_1_2' title="bbox 1720 370 2393 429; baseline -0.001 -1"><span class='ocrx_word' id='word_1_2' title='bbox 1720 371 1994 429; x_wconf 78' lang='lat' dir='ltr'><strong>SMARAG</strong></span> <span class='ocrx_word' id='word_1_3' title='bbox 2003 372 2068 428; x_wconf 90' lang='lat' dir='ltr'><strong>Dl</strong></span> <span class='ocrx_word' id='word_1_4' title='bbox 2104 370 2393 428; x_wconf 81' lang='lat' dir='ltr'><strong>ABBATIS</strong></span> 
     </span>
    </p>
   </div>
   <div class='ocr_carea' id='block_1_3' title="bbox 3674 371 3789 427">
    <p class='ocr_par' dir='ltr' id='par_1_3' title="bbox 3674 371 3789 427">
     <span class='ocr_line' id='line_1_3' title="bbox 3674 371 3789 427; baseline 0.009 -1"><span class='ocrx_word' id='word_1_5' title='bbox 3674 371 3789 427; x_wconf 71' lang='lat'><strong>553</strong></span> 
     </span>
    </p>
   </div>
   <div class='ocr_carea' id='block_1_4' title="bbox 500 480 3786 564">
    <p class='ocr_par' dir='ltr' id='par_1_4' title="bbox 500 480 3786 564">
     <span class='ocr_line' id='line_1_4' title="bbox 500 480 3786 564; baseline -0.003 -18"><span class='ocrx_word' id='word_1_6' title='bbox 500 491 738 564; x_wconf 80' lang='lat' dir='ltr'><strong>virgines</strong></span> <span class='ocrx_word' id='word_1_7' title='bbox 765 494 1011 560; x_wconf 89' lang='lat' dir='ltr'><strong>surgunt,</strong></span> <span class='ocrx_word' id='word_1_8' title='bbox 1039 484 1164 554; x_wconf 84' lang='lat' dir='ltr'><strong>quia</strong></span> <span class='ocrx_word' id='word_1_9' title='bbox 1188 483 1343 540; x_wconf 83' lang='lat' dir='ltr'><strong>electi</strong></span> <span class='ocrx_word' id='word_1_10' title='bbox 1371 492 1426 538; x_wconf 91' lang='lat' dir='ltr'><strong>et</strong></span> <span class='ocrx_word' id='word_1_11' title='bbox 1454 483 1670 552; x_wconf 81' lang='lat' dir='ltr'><strong>reprobi</strong></span> <span class='ocrx_word' id='word_1_12' title='bbox 1698 498 1732 536; x_wconf 89' lang='lat' dir='ltr'><strong>a.</strong></span> <span class='ocrx_word' id='word_1_13' title='bbox 1758 498 1946 537; x_wconf 87' lang='lat' dir='ltr'><strong>somno</strong></span> <span class='ocrx_word' id='word_1_14' title='bbox 1961 499 2072 538; x_wconf 72' lang='lat' dir='ltr'><strong>sum</strong></span> <span class='ocrx_word' id='word_1_15' title='bbox 2099 489 2152 546; x_wconf 81' lang='grc' dir='ltr'><strong>Α</strong></span> <span class='ocrx_word' id='word_1_16' title='bbox 2176 487 2406 553; x_wconf 80' lang='lat' dir='ltr'><strong>receptis</strong></span> <span class='ocrx_word' id='word_1_17' title='bbox 2449 482 2554 538; x_wconf 89' lang='lat' dir='ltr'><strong>illis</strong></span> <span class='ocrx_word' id='word_1_18' title='bbox 2575 524 2590 547; x_wconf 91' lang='lat'><strong>,</strong></span> <span class='ocrx_word' id='word_1_19' title='bbox 2621 482 2714 553; x_wconf 87' lang='lat' dir='ltr'><strong>qui</strong></span> <span class='ocrx_word' id='word_1_20' title='bbox 2752 491 2877 538; x_wconf 91' lang='lat' dir='ltr'><strong>sunt</strong></span> <span class='ocrx_word' id='word_1_21' title='bbox 2905 483 2958 536; x_wconf 91' lang='lat' dir='ltr'><strong>in</strong></span> <span class='ocrx_word' id='word_1_22' title='bbox 3002 480 3305 552; x_wconf 72' lang='lat' dir='ltr'><strong>angelicam</strong></span> <span class='ocrx_word' id='word_1_23' title='bbox 3344 481 3512 537; x_wconf 88' lang='lat' dir='ltr'><strong>vitam</strong></span> <span class='ocrx_word' id='word_1_24' title='bbox 3546 482 3786 536; x_wconf 90' lang='lat' dir='ltr'><strong>mutati.</strong></span> 
     </span>
    </p>
   </div>
   <div class='ocr_carea' id='block_1_5' title="bbox 501 574 3792 647">
    <p class='ocr_par' dir='ltr' id='par_1_5' title="bbox 501 574 3792 647">
     <span class='ocr_line' id='line_1_5' title="bbox 501 574 3792 647; baseline -0.004 -8"><span class='ocrx_word' id='word_1_25' title='bbox 501 583 693 639; x_wconf 88' lang='lat' dir='ltr'><strong>mortis</strong></span> <span class='ocrx_word' id='word_1_26' title='bbox 719 581 1042 643; x_wconf 75' lang='lat' dir='ltr'><strong>excitantur,</strong></span> <span class='ocrx_word' id='word_1_27' title='bbox 1069 576 1341 646; x_wconf 73' lang='lat' dir='ltr'><strong>lampades</strong></span> <span class='ocrx_word' id='word_1_28' title='bbox 1373 585 1590 639; x_wconf 88' lang='lat' dir='ltr'><strong>ornant,</strong></span> <span class='ocrx_word' id='word_1_29' title='bbox 1622 574 1748 643; x_wconf 86' lang='lat' dir='ltr'><strong>quia</strong></span> <span class='ocrx_word' id='word_1_30' title='bbox 1775 589 1869 627; x_wconf 89' lang='lat' dir='ltr'><strong>sua</strong></span> <span class='ocrx_word' id='word_1_31' title='bbox 1895 589 2078 628; x_wconf 85' lang='lat' dir='ltr'><strong>secum</strong></span> <span class='ocrx_word' id='word_1_32' title='bbox 2186 575 2376 631; x_wconf 90' lang='lat' dir='ltr'><strong>Omnes</strong></span> <span class='ocrx_word' id='word_1_33' title='bbox 2400 578 2537 631; x_wconf 87' lang='lat' dir='ltr'><strong>enim</strong></span> <span class='ocrx_word' id='word_1_34' title='bbox 2570 594 2922 647; x_wconf 84' lang='lat' dir='ltr'><strong>resurgemus,</strong></span> <span class='ocrx_word' id='word_1_35' title='bbox 2964 576 3131 644; x_wconf 86' lang='lat' dir='ltr'><strong>inquit</strong></span> <span class='ocrx_word' id='word_1_36' title='bbox 3153 617 3167 641; x_wconf 94' lang='lat'><strong>,</strong></span> <span class='ocrx_word' id='word_1_37' title='bbox 3214 575 3305 629; x_wconf 85' lang='lat' dir='ltr'><strong>sed</strong></span> <span class='ocrx_word' id='word_1_38' title='bbox 3332 592 3436 629; x_wconf 90' lang='lat' dir='ltr'><strong>non</strong></span> <span class='ocrx_word' id='word_1_39' title='bbox 3461 591 3656 628; x_wconf 79' lang='lat' dir='ltr'><strong>omnes</strong></span> <span class='ocrx_word' id='word_1_40' title='bbox 3689 576 3792 626; x_wconf 69' lang='lat' dir='ltr'><strong>im.</strong></span> 
     </span>
    </p>
   </div>
   <div class='ocr_carea' id='block_1_6' title="bbox 501 664 2081 746">
    <p class='ocr_par' dir='ltr' id='par_1_6' title="bbox 501 664 2081 746">
     <span class='ocr_line' id='line_1_6' title="bbox 501 664 2081 746; baseline -0.007 -16"><span class='ocrx_word' id='word_1_41' title='bbox 501 687 666 746; x_wconf 84' lang='lat' dir='ltr'><strong>Opera</strong></span> <span class='ocrx_word' id='word_1_42' title='bbox 701 679 1008 734; x_wconf 74' lang='lat' dir='ltr'><strong>numerant.</strong></span> <span class='ocrx_word' id='word_1_43' title='bbox 1046 685 1142 740; x_wconf 91' lang='lat' dir='ltr'><strong>pro</strong></span> <span class='ocrx_word' id='word_1_44' title='bbox 1179 667 1371 737; x_wconf 89' lang='lat' dir='ltr'><strong>quibus</strong></span> <span class='ocrx_word' id='word_1_45' title='bbox 1412 675 1668 720; x_wconf 68' lang='lat' dir='ltr'><strong>teternam</strong></span> <span class='ocrx_word' id='word_1_46' title='bbox 1692 665 1932 734; x_wconf 82' lang='lat' dir='ltr'><strong>recipere</strong></span> <span class='ocrx_word' id='word_1_47' title='bbox 1953 664 2081 719; x_wconf 85' lang='lat' dir='ltr'><strong>bea-</strong></span> 
     </span>
    </p>
   </div>
   <div class='ocr_carea' id='block_1_7' title="bbox 501 767 1159 833">
    <p class='ocr_par' dir='ltr' id='par_1_7' title="bbox 501 767 1159 833">
     <span class='ocr_line' id='line_1_7' title="bbox 501 767 1159 833; baseline -0.012 -11"><span class='ocrx_word' id='word_1_48' title='bbox 501 767 786 822; x_wconf 88' lang='lat' dir='ltr'><strong>titudinem</strong></span> <span class='ocrx_word' id='word_1_49' title='bbox 825 767 1159 833; x_wconf 71' lang='lat' dir='ltr'><strong>exspectant.</strong></span> 
     </span>
    </p>
   </div>
   <div class='ocr_carea' id='block_1_8' title="bbox 575 847 2079 928">
    <p class='ocr_par' dir='ltr' id='par_1_8' title="bbox 575 847 2079 928">
     <span class='ocr_line' id='line_1_8' title="bbox 575 847 2079 928; baseline -0.005 -18"><span class='ocrx_word' id='word_1_50' title='bbox 575 857 683 924; x_wconf 77' lang='lat' dir='ltr'><strong>(Ea:</strong></span> <span class='ocrx_word' id='word_1_51' title='bbox 709 855 928 924; x_wconf 84' lang='lat' dir='ltr'><strong>August.</strong></span> <span class='ocrx_word' id='word_1_52' title='bbox 961 851 1336 924; x_wconf 83' lang='lat' dir='ltr'><strong>)Aptaverunt</strong></span> <span class='ocrx_word' id='word_1_53' title='bbox 1375 849 1650 919; x_wconf 88' lang='lat' dir='ltr'><strong>lampades</strong></span> <span class='ocrx_word' id='word_1_54' title='bbox 1680 862 1826 913; x_wconf 84' lang='lat' dir='ltr'><strong>suas,</strong></span> <span class='ocrx_word' id='word_1_55' title='bbox 1881 847 1935 902; x_wconf 87' lang='lat' dir='ltr'><strong>id</strong></span> <span class='ocrx_word' id='word_1_56' title='bbox 1974 856 2079 928; x_wconf 61' lang='lat' dir='ltr'><strong>est,</strong></span> 
     </span>
    </p>
   </div>
   <div class='ocr_carea' id='block_1_9' title="bbox 501 938 2082 1012">
    <p class='ocr_par' dir='ltr' id='par_1_9' title="bbox 501 938 2082 1012">
     <span class='ocr_line' id='line_1_9' title="bbox 501 938 2082 1012; baseline -0.006 -9"><span class='ocrx_word' id='word_1_57' title='bbox 501 948 739 1004; x_wconf 85' lang='lat' dir='ltr'><strong>rationes</strong></span> <span class='ocrx_word' id='word_1_58' title='bbox 776 943 1077 1000; x_wconf 86' lang='lat' dir='ltr'><strong>reddendas</strong></span> <span class='ocrx_word' id='word_1_59' title='bbox 1112 957 1336 1012; x_wconf 92' lang='lat' dir='ltr'><strong>operum</strong></span> <span class='ocrx_word' id='word_1_60' title='bbox 1381 955 1617 996; x_wconf 91' lang='lat' dir='ltr'><strong>suorum.</strong></span> <span class='ocrx_word' id='word_1_61' title='bbox 1671 938 1896 1008; x_wconf 83' lang='lat' dir='ltr'><strong>Oportet</strong></span> <span class='ocrx_word' id='word_1_62' title='bbox 1936 940 2082 994; x_wconf 88' lang='lat' dir='ltr'><strong>enim</strong></span> 
     </span>
    </p>
   </div>
   <div class='ocr_carea' id='block_1_10' title="bbox 501 1031 2084 1100">
    <p class='ocr_par' dir='ltr' id='par_1_10' title="bbox 501 1031 2084 1100">
     <span class='ocr_line' id='line_1_10' title="bbox 501 1031 2084 1100; baseline -0.007 -5"><span class='ocrx_word' id='word_1_63' title='bbox 501 1056 600 1096; x_wconf 88' lang='lat' dir='ltr'><strong>nos</strong></span> <span class='ocrx_word' id='word_1_64' title='bbox 625 1037 871 1095; x_wconf 84' lang='lat' dir='ltr'><strong>exhiberi</strong></span> <span class='ocrx_word' id='word_1_65' title='bbox 891 1045 1018 1091; x_wconf 90' lang='lat' dir='ltr'><strong>ante</strong></span> <span class='ocrx_word' id='word_1_66' title='bbox 1069 1035 1300 1090; x_wconf 86' lang='lat' dir='ltr'><strong>tribunal</strong></span> <span class='ocrx_word' id='word_1_67' title='bbox 1344 1034 1564 1091; x_wconf 87' lang='lat' dir='ltr'><strong>Christi.</strong></span> <span class='ocrx_word' id='word_1_68' title='bbox 1596 1040 1657 1086; x_wconf 91' lang='lat' dir='ltr'><strong>ut</strong></span> <span class='ocrx_word' id='word_1_69' title='bbox 1698 1031 1810 1086; x_wconf 91' lang='lat' dir='ltr'><strong>illic</strong></span> <span class='ocrx_word' id='word_1_70' title='bbox 1856 1031 2084 1100; x_wconf 87' lang='lat' dir='ltr'><strong>recipiat</strong></span> 
     </span>
    </p>
   </div>
   <div class='ocr_carea' id='block_1_11' title="bbox 500 1123 2082 1198">
    <p class='ocr_par' dir='ltr' id='par_1_11' title="bbox 500 1123 2082 1198">
     <span class='ocr_line' id='line_1_11' title="bbox 500 1123 2082 1198; baseline -0.006 -14"><span class='ocrx_word' id='word_1_71' title='bbox 500 1129 892 1198; x_wconf 90' lang='lat' dir='ltr'><strong>unusquisque,</strong></span> <span class='ocrx_word' id='word_1_72' title='bbox 917 1127 1062 1198; x_wconf 93' lang='lat' dir='ltr'><strong>quod</strong></span> <span class='ocrx_word' id='word_1_73' title='bbox 1107 1127 1276 1198; x_wconf 82' lang='lat' dir='ltr'><strong>gessit</strong></span> <span class='ocrx_word' id='word_1_74' title='bbox 1320 1126 1375 1179; x_wconf 92' lang='lat' dir='ltr'><strong>in</strong></span> <span class='ocrx_word' id='word_1_75' title='bbox 1420 1139 1669 1194; x_wconf 89' lang='lat' dir='ltr'><strong>corpore,</strong></span> <span class='ocrx_word' id='word_1_76' title='bbox 1717 1123 1831 1178; x_wconf 89' lang='lat' dir='ltr'><strong>sive</strong></span> <span class='ocrx_word' id='word_1_77' title='bbox 1858 1123 2082 1189; x_wconf 89' lang='lat' dir='ltr'><strong>bonum,</strong></span> 
     </span>
    </p>
   </div>
   <div class='ocr_carea' id='block_1_12' title="bbox 500 1220 870 1277">
    <p class='ocr_par' dir='ltr' id='par_1_12' title="bbox 500 1220 870 1277">
     <span class='ocr_line' id='line_1_12' title="bbox 500 1220 870 1277; baseline -0.008 -1"><span class='ocrx_word' id='word_1_78' title='bbox 500 1223 615 1277; x_wconf 86' lang='lat' dir='ltr'><strong>sive</strong></span> <span class='ocrx_word' id='word_1_79' title='bbox 650 1220 870 1274; x_wconf 90' lang='lat' dir='ltr'><strong>malum.</strong></span> 
     </span>
    </p>
   </div>
   <div class='ocr_carea' id='block_1_13' title="bbox 573 1304 2084 1378">
    <p class='ocr_par' dir='ltr' id='par_1_13' title="bbox 573 1304 2084 1378">
     <span class='ocr_line' id='line_1_13' title="bbox 573 1304 2084 1378; baseline -0.003 -14"><span class='ocrx_word' id='word_1_80' title='bbox 573 1310 768 1364; x_wconf 74' lang='lat' dir='ltr'><strong>Fatua:</strong></span> <span class='ocrx_word' id='word_1_81' title='bbox 797 1318 970 1364; x_wconf 88' lang='lat' dir='ltr'><strong>autem</strong></span> <span class='ocrx_word' id='word_1_82' title='bbox 1009 1308 1327 1378; x_wconf 77' lang='lat' dir='ltr'><strong>sapientibus</strong></span> <span class='ocrx_word' id='word_1_83' title='bbox 1363 1306 1609 1359; x_wconf 67' lang='lat' dir='ltr'><strong>dixerunt</strong></span> <span class='ocrx_word' id='word_1_84' title='bbox 1634 1318 1651 1357; x_wconf 91' lang='lat'><strong><em>:</em></strong></span> <span class='ocrx_word' id='word_1_85' title='bbox 1678 1304 1813 1358; x_wconf 87' lang='lat' dir='ltr'><strong>Date</strong></span> <span class='ocrx_word' id='word_1_86' title='bbox 1844 1305 1990 1358; x_wconf 86' lang='lat' dir='ltr'><strong>nobis</strong></span> <span class='ocrx_word' id='word_1_87' title='bbox 2019 1304 2084 1359; x_wconf 84' lang='lat' dir='ltr'><strong>de</strong></span> 
     </span>
    </p>
   </div>
   <div class='ocr_carea' id='block_1_14' title="bbox 503 1396 2082 1469">
    <p class='ocr_par' dir='ltr' id='par_1_14' title="bbox 503 1396 2082 1469">
     <span class='ocr_line' id='line_1_14' title="bbox 503 1396 2082 1469; baseline -0.003 -13"><span class='ocrx_word' id='word_1_88' title='bbox 503 1401 616 1456; x_wconf 83' lang='lat' dir='ltr'><strong>oleo</strong></span> <span class='ocrx_word' id='word_1_89' title='bbox 652 1410 837 1464; x_wconf 88' lang='lat' dir='ltr'><strong>vestro,</strong></span> <span class='ocrx_word' id='word_1_90' title='bbox 867 1400 989 1469; x_wconf 92' lang='lat' dir='ltr'><strong>quia</strong></span> <span class='ocrx_word' id='word_1_91' title='bbox 1024 1398 1289 1468; x_wconf 85' lang='lat' dir='ltr'><strong>lampades</strong></span> <span class='ocrx_word' id='word_1_92' title='bbox 1321 1407 1512 1451; x_wconf 81' lang='lat' dir='ltr'><strong>nostra:</strong></span> <span class='ocrx_word' id='word_1_93' title='bbox 1534 1398 1961 1467; x_wconf 77' lang='lat' dir='ltr'><strong>exstinguuntur.</strong></span> <span class='ocrx_word' id='word_1_94' title='bbox 1983 1396 2082 1468; x_wconf 85' lang='lat' dir='ltr'><strong>(Ex</strong></span> 
     </span>
    </p>
   </div>
   <div class='ocr_carea' id='block_1_15' title="bbox 506 1489 2084 1564">
    <p class='ocr_par' dir='ltr' id='par_1_15' title="bbox 506 1489 2084 1564">
     <span class='ocr_line' id='line_1_15' title="bbox 506 1489 2084 1564; baseline -0.001 -18"><span class='ocrx_word' id='word_1_95' title='bbox 506 1492 714 1564; x_wconf 88' lang='lat' dir='ltr'><strong>Greg.)</strong></span> <span class='ocrx_word' id='word_1_96' title='bbox 762 1491 896 1558; x_wconf 88' lang='lat' dir='ltr'><strong>Quid</strong></span> <span class='ocrx_word' id='word_1_97' title='bbox 947 1500 1032 1545; x_wconf 86' lang='lat' dir='ltr'><strong>est</strong></span> <span class='ocrx_word' id='word_1_98' title='bbox 1073 1498 1252 1544; x_wconf 87' lang='lat' dir='ltr'><strong>autem</strong></span> <span class='ocrx_word' id='word_1_99' title='bbox 1294 1491 1437 1559; x_wconf 92' lang='lat' dir='ltr'><strong>quod</strong></span> <span class='ocrx_word' id='word_1_100' title='bbox 1481 1500 1603 1544; x_wconf 91' lang='lat' dir='ltr'><strong>tunc</strong></span> <span class='ocrx_word' id='word_1_101' title='bbox 1657 1505 1688 1542; x_wconf 90' lang='lat' dir='ltr'><strong>a</strong></span> <span class='ocrx_word' id='word_1_102' title='bbox 1732 1489 2084 1558; x_wconf 87' lang='lat' dir='ltr'><strong>prudentibus</strong></span> 
     </span>
    </p>
   </div>
   <div class='ocr_carea' id='block_1_16' title="bbox 503 1582 2089 1652">
    <p class='ocr_par' dir='ltr' id='par_1_16' title="bbox 503 1582 2089 1652">
     <span class='ocr_line' id='line_1_16' title="bbox 503 1582 2089 1652; baseline 0.001 -14"><span class='ocrx_word' id='word_1_103' title='bbox 503 1583 680 1639; x_wconf 91' lang='lat' dir='ltr'><strong>oleum</strong></span> <span class='ocrx_word' id='word_1_104' title='bbox 725 1592 915 1652; x_wconf 88' lang='lat' dir='ltr'><strong>petunt</strong></span> <span class='ocrx_word' id='word_1_105' title='bbox 956 1583 1060 1637; x_wconf 85' lang='lat' dir='ltr'><strong>nisi</strong></span> <span class='ocrx_word' id='word_1_106' title='bbox 1108 1582 1250 1651; x_wconf 91' lang='lat' dir='ltr'><strong>quod</strong></span> <span class='ocrx_word' id='word_1_107' title='bbox 1285 1583 1335 1635; x_wconf 91' lang='lat' dir='ltr'><strong>in</strong></span> <span class='ocrx_word' id='word_1_108' title='bbox 1366 1583 1599 1636; x_wconf 89' lang='lat' dir='ltr'><strong>adventu</strong></span> <span class='ocrx_word' id='word_1_109' title='bbox 1623 1583 1845 1652; x_wconf 89' lang='lat' dir='ltr'><strong>judicis,</strong></span> <span class='ocrx_word' id='word_1_110' title='bbox 1876 1599 1996 1639; x_wconf 92' lang='lat' dir='ltr'><strong>cum</strong></span> <span class='ocrx_word' id='word_1_111' title='bbox 2028 1599 2089 1640; x_wconf 90' lang='lat' dir='ltr'><strong>se</strong></span> 
     </span>
    </p>
   </div>
   <div class='ocr_carea' id='block_1_17' title="bbox 503 1674 2084 1744">
    <p class='ocr_par' dir='ltr' id='par_1_17' title="bbox 503 1674 2084 1744">
     <span class='ocr_line' id='line_1_17' title="bbox 503 1674 2084 1744; baseline -0.001 -13"><span class='ocrx_word' id='word_1_112' title='bbox 503 1677 648 1731; x_wconf 88' lang='lat' dir='ltr'><strong>intus</strong></span> <span class='ocrx_word' id='word_1_113' title='bbox 671 1691 867 1730; x_wconf 87' lang='lat' dir='ltr'><strong>vacuas</strong></span> <span class='ocrx_word' id='word_1_114' title='bbox 893 1676 1218 1739; x_wconf 88' lang='lat' dir='ltr'><strong>invenerint,</strong></span> <span class='ocrx_word' id='word_1_115' title='bbox 1249 1675 1616 1730; x_wconf 88' lang='lat' dir='ltr'><strong>testimonium</strong></span> <span class='ocrx_word' id='word_1_116' title='bbox 1651 1674 1783 1730; x_wconf 83' lang='lat' dir='ltr'><strong>foris</strong></span> <span class='ocrx_word' id='word_1_117' title='bbox 1818 1682 2084 1744; x_wconf 74' lang='lat' dir='ltr'><strong>quaerunt.</strong></span> 
     </span>
    </p>
   </div>
   <div class='ocr_carea' id='block_1_18' title="bbox 500 1765 2088 1835">
    <p class='ocr_par' dir='ltr' id='par_1_18' title="bbox 500 1765 2088 1835">
     <span class='ocr_line' id='line_1_18' title="bbox 500 1765 2088 1835; baseline -0.003 -12"><span class='ocrx_word' id='word_1_118' title='bbox 500 1767 580 1824; x_wconf 85' lang='lat' dir='ltr'><strong>Ac</strong></span> <span class='ocrx_word' id='word_1_119' title='bbox 608 1769 653 1823; x_wconf 88' lang='lat' dir='ltr'><strong>si</strong></span> <span class='ocrx_word' id='word_1_120' title='bbox 682 1782 713 1821; x_wconf 88' lang='lat' dir='ltr'><strong>a</strong></span> <span class='ocrx_word' id='word_1_121' title='bbox 739 1783 837 1822; x_wconf 88' lang='lat' dir='ltr'><strong>sua</strong></span> <span class='ocrx_word' id='word_1_122' title='bbox 879 1765 1075 1820; x_wconf 90' lang='lat' dir='ltr'><strong>ﬁducia</strong></span> <span class='ocrx_word' id='word_1_123' title='bbox 1112 1766 1350 1835; x_wconf 73' lang='lat' dir='ltr'><strong>decepta:</strong></span> <span class='ocrx_word' id='word_1_124' title='bbox 1370 1805 1384 1829; x_wconf 92' lang='lat'><strong>,</strong></span> <span class='ocrx_word' id='word_1_125' title='bbox 1419 1765 1682 1834; x_wconf 76' lang='lat' dir='ltr'><strong>proximis</strong></span> <span class='ocrx_word' id='word_1_126' title='bbox 1708 1765 1919 1828; x_wconf 88' lang='lat' dir='ltr'><strong>dicant,</strong></span> <span class='ocrx_word' id='word_1_127' title='bbox 1961 1765 2088 1833; x_wconf 87' lang='lat' dir='ltr'><strong>quia</strong></span> 
     </span>
    </p>
   </div>
   <div class='ocr_carea' id='block_1_19' title="bbox 500 1854 2088 1930">
    <p class='ocr_par' dir='ltr' id='par_1_19' title="bbox 500 1854 2088 1930">
     <span class='ocr_line' id='line_1_19' title="bbox 500 1854 2088 1930; baseline -0.004 -16"><span class='ocrx_word' id='word_1_128' title='bbox 500 1874 600 1914; x_wconf 89' lang='lat' dir='ltr'><strong>nos</strong></span> <span class='ocrx_word' id='word_1_129' title='bbox 625 1857 782 1930; x_wconf 86' lang='lat' dir='ltr'><strong>quasi</strong></span> <span class='ocrx_word' id='word_1_130' title='bbox 806 1857 923 1911; x_wconf 90' lang='lat' dir='ltr'><strong>sine</strong></span> <span class='ocrx_word' id='word_1_131' title='bbox 945 1870 1107 1926; x_wconf 89' lang='lat' dir='ltr'><strong>opere</strong></span> <span class='ocrx_word' id='word_1_132' title='bbox 1137 1854 1320 1924; x_wconf 87' lang='lat' dir='ltr'><strong>repelli</strong></span> <span class='ocrx_word' id='word_1_133' title='bbox 1349 1854 1685 1923; x_wconf 83' lang='lat' dir='ltr'><strong>conspicitis,</strong></span> <span class='ocrx_word' id='word_1_134' title='bbox 1710 1855 1872 1908; x_wconf 83' lang='lat' dir='ltr'><strong>dicite</strong></span> <span class='ocrx_word' id='word_1_135' title='bbox 1901 1854 1966 1907; x_wconf 91' lang='lat' dir='ltr'><strong>de</strong></span> <span class='ocrx_word' id='word_1_136' title='bbox 1991 1868 2088 1908; x_wconf 90' lang='lat' dir='ltr'><strong>no-</strong></span> 
     </span>
    </p>
   </div>
   <div class='ocr_carea' id='block_1_20' title="bbox 501 1943 2089 2020">
    <p class='ocr_par' dir='ltr' id='par_1_20' title="bbox 501 1943 2089 2020">
     <span class='ocr_line' id='line_1_20' title="bbox 501 1943 2089 2020; baseline -0.004 -15"><span class='ocrx_word' id='word_1_137' title='bbox 501 1951 631 2006; x_wconf 88' lang='lat' dir='ltr'><strong>stris</strong></span> <span class='ocrx_word' id='word_1_138' title='bbox 651 1948 929 2020; x_wconf 85' lang='lat' dir='ltr'><strong>operibus,</strong></span> <span class='ocrx_word' id='word_1_139' title='bbox 962 1946 1090 2016; x_wconf 91' lang='lat' dir='ltr'><strong>quid</strong></span> <span class='ocrx_word' id='word_1_140' title='bbox 1114 1945 1362 1999; x_wconf 88' lang='lat' dir='ltr'><strong>vidistis?</strong></span> <span class='ocrx_word' id='word_1_141' title='bbox 1393 1944 1497 1998; x_wconf 87' lang='lat' dir='ltr'><strong>Sed</strong></span> <span class='ocrx_word' id='word_1_142' title='bbox 1519 1944 1796 2013; x_wconf 88' lang='lat' dir='ltr'><strong>lampades</strong></span> <span class='ocrx_word' id='word_1_143' title='bbox 1817 1943 2089 1998; x_wconf 88' lang='lat' dir='ltr'><strong>fatuarum</strong></span> 
     </span>
    </p>
   </div>
   <div class='ocr_carea' id='block_1_21' title="bbox 503 2035 2090 2113">
    <p class='ocr_par' dir='ltr' id='par_1_21' title="bbox 503 2035 2090 2113">
     <span class='ocr_line' id='line_1_21' title="bbox 503 2035 2090 2113; baseline -0.004 -16"><span class='ocrx_word' id='word_1_144' title='bbox 503 2042 775 2113; x_wconf 85' lang='lat' dir='ltr'><strong>virginum</strong></span> <span class='ocrx_word' id='word_1_145' title='bbox 792 2039 1236 2109; x_wconf 83' lang='lat' dir='ltr'><strong>exstinguuntur,</strong></span> <span class='ocrx_word' id='word_1_146' title='bbox 1261 2037 1388 2108; x_wconf 91' lang='lat' dir='ltr'><strong>quia</strong></span> <span class='ocrx_word' id='word_1_147' title='bbox 1405 2053 1591 2091; x_wconf 86' lang='lat' dir='ltr'><strong>earum</strong></span> <span class='ocrx_word' id='word_1_148' title='bbox 1613 2052 1773 2106; x_wconf 84' lang='lat' dir='ltr'><strong>Opera</strong></span> <span class='ocrx_word' id='word_1_149' title='bbox 1804 2053 1924 2105; x_wconf 74' lang='lat' dir='ltr'><strong>qum</strong></span> <span class='ocrx_word' id='word_1_150' title='bbox 1944 2035 2090 2090; x_wconf 89' lang='lat' dir='ltr'><strong>clara</strong></span> 
     </span>
    </p>
   </div>
   <div class='ocr_carea' id='block_1_22' title="bbox 506 2127 2091 2201">
    <p class='ocr_par' dir='ltr' id='par_1_22' title="bbox 506 2127 2091 2201">
     <span class='ocr_line' id='line_1_22' title="bbox 506 2127 2091 2201; baseline -0.008 -9"><span class='ocrx_word' id='word_1_151' title='bbox 506 2134 817 2192; x_wconf 87' lang='lat' dir='ltr'><strong>hominibus</strong></span> <span class='ocrx_word' id='word_1_152' title='bbox 841 2131 989 2186; x_wconf 90' lang='lat' dir='ltr'><strong>foras</strong></span> <span class='ocrx_word' id='word_1_153' title='bbox 1018 2137 1418 2201; x_wconf 88' lang='lat' dir='ltr'><strong>apparuerunt,</strong></span> <span class='ocrx_word' id='word_1_154' title='bbox 1453 2130 1504 2182; x_wconf 91' lang='lat' dir='ltr'><strong>in</strong></span> <span class='ocrx_word' id='word_1_155' title='bbox 1531 2129 1762 2182; x_wconf 88' lang='lat' dir='ltr'><strong>adventu</strong></span> <span class='ocrx_word' id='word_1_156' title='bbox 1787 2127 1987 2198; x_wconf 80' lang='lat' dir='ltr'><strong>judicis</strong></span> <span class='ocrx_word' id='word_1_157' title='bbox 2009 2128 2091 2180; x_wconf 89' lang='lat' dir='ltr'><strong>in-</strong></span> 
     </span>
    </p>
   </div>
   <div class='ocr_carea' id='block_1_23' title="bbox 506 2218 2086 2287">
    <p class='ocr_par' dir='ltr' id='par_1_23' title="bbox 506 2218 2086 2287">
     <span class='ocr_line' id='line_1_23' title="bbox 506 2218 2086 2287; baseline -0.004 -8"><span class='ocrx_word' id='word_1_158' title='bbox 506 2233 591 2280; x_wconf 88' lang='lat' dir='ltr'><strong>tus</strong></span> <span class='ocrx_word' id='word_1_159' title='bbox 626 2225 1012 2287; x_wconf 86' lang='lat' dir='ltr'><strong>obscurantur,</strong></span> <span class='ocrx_word' id='word_1_160' title='bbox 1047 2230 1103 2276; x_wconf 92' lang='lat' dir='ltr'><strong>et</strong></span> <span class='ocrx_word' id='word_1_161' title='bbox 1142 2221 1212 2276; x_wconf 89' lang='lat' dir='ltr'><strong>ad</strong></span> <span class='ocrx_word' id='word_1_162' title='bbox 1236 2219 1652 2274; x_wconf 88' lang='lat' dir='ltr'><strong>retributionem</strong></span> <span class='ocrx_word' id='word_1_163' title='bbox 1694 2234 1801 2272; x_wconf 89' lang='lat' dir='ltr'><strong>non</strong></span> <span class='ocrx_word' id='word_1_164' title='bbox 1843 2218 2086 2284; x_wconf 90' lang='lat' dir='ltr'><strong>veniunt,</strong></span> 
     </span>
    </p>
   </div>
   <div class='ocr_carea' id='block_1_24' title="bbox 501 2309 2091 2385">
    <p class='ocr_par' dir='ltr' id='par_1_24' title="bbox 501 2309 2091 2385">
     <span class='ocr_line' id='line_1_24' title="bbox 501 2309 2091 2385; baseline -0.003 -16"><span class='ocrx_word' id='word_1_165' title='bbox 501 2315 630 2385; x_wconf 91' lang='lat' dir='ltr'><strong>quia</strong></span> <span class='ocrx_word' id='word_1_166' title='bbox 659 2328 768 2384; x_wconf 79' lang='lat' dir='ltr'><strong>,pro</strong></span> <span class='ocrx_word' id='word_1_167' title='bbox 797 2313 877 2369; x_wconf 91' lang='lat' dir='ltr'><strong>eis</strong></span> <span class='ocrx_word' id='word_1_168' title='bbox 914 2319 1236 2382; x_wconf 89' lang='lat' dir='ltr'><strong>receperunt</strong></span> <span class='ocrx_word' id='word_1_169' title='bbox 1279 2311 1348 2365; x_wconf 92' lang='lat' dir='ltr'><strong>ab</strong></span> <span class='ocrx_word' id='word_1_170' title='bbox 1374 2309 1681 2364; x_wconf 88' lang='lat' dir='ltr'><strong>hominibus</strong></span> <span class='ocrx_word' id='word_1_171' title='bbox 1705 2309 1892 2364; x_wconf 87' lang='lat' dir='ltr'><strong>laudes</strong></span> <span class='ocrx_word' id='word_1_172' title='bbox 1912 2349 1927 2376; x_wconf 91' lang='lat'><strong>,</strong></span> <span class='ocrx_word' id='word_1_173' title='bbox 1955 2324 2091 2379; x_wconf 89' lang='lat' dir='ltr'><strong>quas</strong></span> 
     </span>
    </p>
   </div>
   <div class='ocr_carea' id='block_1_25' title="bbox 502 2415 846 2463">
    <p class='ocr_par' dir='ltr' id='par_1_25' title="bbox 502 2415 846 2463">
     <span class='ocr_line' id='line_1_25' title="bbox 502 2415 846 2463; baseline -0.006 0"><span class='ocrx_word' id='word_1_174' title='bbox 502 2415 846 2463; x_wconf 85' lang='lat' dir='ltr'><strong>amaverunt.</strong></span> 
     </span>
    </p>
   </div>
   <div class='ocr_carea' id='block_1_26' title="bbox 573 2496 2090 2574">
    <p class='ocr_par' dir='ltr' id='par_1_26' title="bbox 573 2496 2090 2574">
     <span class='ocr_line' id='line_1_26' title="bbox 573 2496 2090 2574; baseline -0.003 -18"><span class='ocrx_word' id='word_1_175' title='bbox 573 2500 684 2574; x_wconf 74' lang='lat' dir='ltr'><strong>(Ea:</strong></span> <span class='ocrx_word' id='word_1_176' title='bbox 710 2498 954 2570; x_wconf 81' lang='lat' dir='ltr'><strong>Hieron.)</strong></span> <span class='ocrx_word' id='word_1_177' title='bbox 976 2498 1106 2567; x_wconf 72' lang='lat' dir='ltr'><strong>Quae</strong></span> <span class='ocrx_word' id='word_1_178' title='bbox 1126 2497 1401 2567; x_wconf 90' lang='lat' dir='ltr'><strong>lampades</strong></span> <span class='ocrx_word' id='word_1_179' title='bbox 1423 2511 1550 2552; x_wconf 90' lang='lat' dir='ltr'><strong>suas</strong></span> <span class='ocrx_word' id='word_1_180' title='bbox 1574 2505 1891 2566; x_wconf 56' lang='lat' dir='ltr'><strong>quaeruntur</strong></span> <span class='ocrx_word' id='word_1_181' title='bbox 1916 2496 2090 2551; x_wconf 82' lang='lat' dir='ltr'><strong>extin-</strong></span> 
     </span>
    </p>
   </div>
   <div class='ocr_carea' id='block_1_27' title="bbox 501 2591 2092 2667">
    <p class='ocr_par' dir='ltr' id='par_1_27' title="bbox 501 2591 2092 2667">
     <span class='ocr_line' id='line_1_27' title="bbox 501 2591 2092 2667; baseline -0.005 -16"><span class='ocrx_word' id='word_1_182' title='bbox 501 2596 613 2667; x_wconf 87' lang='lat' dir='ltr'><strong>gui,</strong></span> <span class='ocrx_word' id='word_1_183' title='bbox 644 2597 1001 2652; x_wconf 89' lang='lat' dir='ltr'><strong>ostenderunt</strong></span> <span class='ocrx_word' id='word_1_184' title='bbox 1033 2608 1127 2647; x_wconf 89' lang='lat' dir='ltr'><strong>eas</strong></span> <span class='ocrx_word' id='word_1_185' title='bbox 1157 2608 1224 2647; x_wconf 80' lang='lat' dir='ltr'><strong>ex</strong></span> <span class='ocrx_word' id='word_1_186' title='bbox 1250 2600 1407 2661; x_wconf 91' lang='lat' dir='ltr'><strong>parte</strong></span> <span class='ocrx_word' id='word_1_187' title='bbox 1441 2591 1642 2655; x_wconf 88' lang='lat' dir='ltr'><strong>lucere,</strong></span> <span class='ocrx_word' id='word_1_188' title='bbox 1675 2597 1730 2643; x_wconf 90' lang='lat' dir='ltr'><strong>et</strong></span> <span class='ocrx_word' id='word_1_189' title='bbox 1759 2599 1940 2644; x_wconf 85' lang='lat' dir='ltr'><strong>tamen</strong></span> <span class='ocrx_word' id='word_1_190' title='bbox 1981 2605 2092 2644; x_wconf 88' lang='lat' dir='ltr'><strong>non</strong></span> 
     </span>
    </p>
   </div>
   <div class='ocr_carea' id='block_1_28' title="bbox 501 2678 2091 2751">
    <p class='ocr_par' dir='ltr' id='par_1_28' title="bbox 501 2678 2091 2751">
     <span class='ocr_line' id='line_1_28' title="bbox 501 2678 2091 2751; baseline -0.006 -8"><span class='ocrx_word' id='word_1_191' title='bbox 501 2688 708 2743; x_wconf 85' lang='lat' dir='ltr'><strong>habere</strong></span> <span class='ocrx_word' id='word_1_192' title='bbox 754 2685 934 2739; x_wconf 89' lang='lat' dir='ltr'><strong>lumen</strong></span> <span class='ocrx_word' id='word_1_193' title='bbox 977 2682 1324 2748; x_wconf 89' lang='lat' dir='ltr'><strong>indeﬁciens,</strong></span> <span class='ocrx_word' id='word_1_194' title='bbox 1371 2697 1472 2737; x_wconf 90' lang='lat' dir='ltr'><strong>nec</strong></span> <span class='ocrx_word' id='word_1_195' title='bbox 1505 2695 1670 2751; x_wconf 89' lang='lat' dir='ltr'><strong>opera</strong></span> <span class='ocrx_word' id='word_1_196' title='bbox 1708 2692 1986 2750; x_wconf 87' lang='lat' dir='ltr'><strong>perpetua.</strong></span> <span class='ocrx_word' id='word_1_197' title='bbox 2034 2678 2091 2734; x_wconf 90' lang='lat' dir='ltr'><strong>Si</strong></span> 
     </span>
    </p>
   </div>
   <div class='ocr_carea' id='block_1_29' title="bbox 503 2769 2093 2845">
    <p class='ocr_par' dir='ltr' id='par_1_29' title="bbox 503 2769 2093 2845">
     <span class='ocr_line' id='line_1_29' title="bbox 503 2769 2093 2845; baseline -0.005 -15"><span class='ocrx_word' id='word_1_198' title='bbox 503 2775 626 2845; x_wconf 88' lang='lat' dir='ltr'><strong>quis</strong></span> <span class='ocrx_word' id='word_1_199' title='bbox 655 2775 821 2845; x_wconf 90' lang='lat' dir='ltr'><strong>igitur</strong></span> <span class='ocrx_word' id='word_1_200' title='bbox 872 2773 1035 2827; x_wconf 83' lang='lat' dir='ltr'><strong>habet</strong></span> <span class='ocrx_word' id='word_1_201' title='bbox 1070 2771 1309 2826; x_wconf 87' lang='lat' dir='ltr'><strong>animam</strong></span> <span class='ocrx_word' id='word_1_202' title='bbox 1339 2769 1664 2840; x_wconf 81' lang='lat' dir='ltr'><strong>virginalem</strong></span> <span class='ocrx_word' id='word_1_203' title='bbox 1709 2777 1764 2823; x_wconf 91' lang='lat' dir='ltr'><strong>et</strong></span> <span class='ocrx_word' id='word_1_204' title='bbox 1791 2775 2093 2823; x_wconf 86' lang='lat' dir='ltr'><strong>amatorem</strong></span> 
     </span>
    </p>
   </div>
   <div class='ocr_carea' id='block_1_30' title="bbox 505 2859 2094 2933">
    <p class='ocr_par' dir='ltr' id='par_1_30' title="bbox 505 2859 2094 2933">
     <span class='ocr_line' id='line_1_30' title="bbox 505 2859 2094 2933; baseline -0.002 -17"><span class='ocrx_word' id='word_1_205' title='bbox 505 2861 802 2933; x_wconf 75' lang='lat' dir='ltr'><strong>pudicitiae,</strong></span> <span class='ocrx_word' id='word_1_206' title='bbox 822 2877 927 2915; x_wconf 91' lang='lat' dir='ltr'><strong>non</strong></span> <span class='ocrx_word' id='word_1_207' title='bbox 948 2861 1104 2916; x_wconf 77' lang='lat' dir='ltr'><strong>debet</strong></span> <span class='ocrx_word' id='word_1_208' title='bbox 1125 2859 1488 2914; x_wconf 90' lang='lat' dir='ltr'><strong>mediocribus</strong></span> <span class='ocrx_word' id='word_1_209' title='bbox 1508 2874 1627 2913; x_wconf 88' lang='lat' dir='ltr'><strong>esse</strong></span> <span class='ocrx_word' id='word_1_210' title='bbox 1644 2868 1948 2925; x_wconf 88' lang='lat' dir='ltr'><strong>contentus,</strong></span> <span class='ocrx_word' id='word_1_211' title='bbox 1974 2873 2094 2928; x_wconf 62' lang='lat' dir='ltr'><strong>quae</strong></span> 
     </span>
    </p>
   </div>
   <div class='ocr_carea' id='block_1_31' title="bbox 507 2949 2096 3020">
    <p class='ocr_par' dir='ltr' id='par_1_31' title="bbox 507 2949 2096 3020">
     <span class='ocr_line' id='line_1_31' title="bbox 507 2949 2096 3020; baseline -0.002 -13"><span class='ocrx_word' id='word_1_212' title='bbox 507 2952 616 3008; x_wconf 90' lang='lat' dir='ltr'><strong>cito</strong></span> <span class='ocrx_word' id='word_1_213' title='bbox 629 2951 962 3017; x_wconf 79' lang='lat' dir='ltr'><strong>exolescunt,</strong></span> <span class='ocrx_word' id='word_1_214' title='bbox 991 2960 1047 3006; x_wconf 91' lang='lat' dir='ltr'><strong>et</strong></span> <span class='ocrx_word' id='word_1_215' title='bbox 1067 2958 1256 3007; x_wconf 78' lang='lat' dir='ltr'><strong>exorto</strong></span> <span class='ocrx_word' id='word_1_216' title='bbox 1283 2960 1530 3006; x_wconf 84' lang='lat' dir='ltr'><strong>caumate</strong></span> <span class='ocrx_word' id='word_1_217' title='bbox 1558 2949 1814 3015; x_wconf 87' lang='lat' dir='ltr'><strong>areliunt,</strong></span> <span class='ocrx_word' id='word_1_218' title='bbox 1837 2950 1932 3004; x_wconf 91' lang='lat' dir='ltr'><strong>sed</strong></span> <span class='ocrx_word' id='word_1_219' title='bbox 1971 2964 2096 3020; x_wconf 91' lang='lat' dir='ltr'><strong>per-</strong></span> 
     </span>
    </p>
   </div>
   <div class='ocr_carea' id='block_1_32' title="bbox 499 3040 2091 3114">
    <p class='ocr_par' dir='ltr' id='par_1_32' title="bbox 499 3040 2091 3114">
     <span class='ocr_line' id='line_1_32' title="bbox 499 3040 2091 3114; baseline -0.004 -14"><span class='ocrx_word' id='word_1_220' title='bbox 499 3041 676 3114; x_wconf 86' lang='lat' dir='ltr'><strong>jectas</strong></span> <span class='ocrx_word' id='word_1_221' title='bbox 687 3043 916 3098; x_wconf 87' lang='lat' dir='ltr'><strong>virtutes</strong></span> <span class='ocrx_word' id='word_1_222' title='bbox 927 3049 1272 3112; x_wconf 90' lang='lat' dir='ltr'><strong>sequatur,ut</strong></span> <span class='ocrx_word' id='word_1_223' title='bbox 1285 3040 1463 3094; x_wconf 89' lang='lat' dir='ltr'><strong>lumen</strong></span> <span class='ocrx_word' id='word_1_224' title='bbox 1478 3040 1672 3095; x_wconf 89' lang='lat' dir='ltr'><strong>habeat</strong></span> <span class='ocrx_word' id='word_1_225' title='bbox 1686 3042 2091 3110; x_wconf 89' lang='lat' dir='ltr'><strong>sempiternum.</strong></span> 
     </span>
    </p>
   </div>
   <div class='ocr_carea' id='block_1_33' title="bbox 578 3130 2094 3204">
    <p class='ocr_par' dir='ltr' id='par_1_33' title="bbox 578 3130 2094 3204">
     <span class='ocr_line' id='line_1_33' title="bbox 578 3130 2094 3204; baseline -0.002 -15"><span class='ocrx_word' id='word_1_226' title='bbox 578 3132 972 3204; x_wconf 75' lang='lat' dir='ltr'><strong>Responderunt</strong></span> <span class='ocrx_word' id='word_1_227' title='bbox 995 3133 1294 3204; x_wconf 85' lang='lat' dir='ltr'><strong>prudentes,</strong></span> <span class='ocrx_word' id='word_1_228' title='bbox 1313 3132 1539 3185; x_wconf 77' lang='lat' dir='ltr'><strong>dicentes</strong></span> <span class='ocrx_word' id='word_1_229' title='bbox 1561 3145 1579 3182; x_wconf 83' lang='lat'><strong>.&#39;</strong></span> <span class='ocrx_word' id='word_1_230' title='bbox 1597 3130 1680 3185; x_wconf 87' lang='lat' dir='ltr'><strong>Ne</strong></span> <span class='ocrx_word' id='word_1_231' title='bbox 1703 3131 1836 3201; x_wconf 79' lang='lat' dir='ltr'><strong>forte</strong></span> <span class='ocrx_word' id='word_1_232' title='bbox 1857 3148 1959 3186; x_wconf 85' lang='lat' dir='ltr'><strong>non</strong></span> <span class='ocrx_word' id='word_1_233' title='bbox 1979 3131 2094 3201; x_wconf 77' lang='lat' dir='ltr'><strong>suf-</strong></span> 
     </span>
    </p>
   </div>
   <div class='ocr_carea' id='block_1_34' title="bbox 2114 1839 2160 1896">
    <p class='ocr_par' dir='ltr' id='par_1_34' title="bbox 2114 1839 2160 1896">
     <span class='ocr_line' id='line_1_34' title="bbox 2114 1839 2160 1896; baseline 0 0"><span class='ocrx_word' id='word_1_234' title='bbox 2114 1839 2160 1896; x_wconf 94' lang='lat' dir='ltr'><strong>B</strong></span> 
     </span>
    </p>
   </div>
   <div class='ocr_carea' id='block_1_35' title="bbox 2182 665 3792 739">
    <p class='ocr_par' dir='ltr' id='par_1_35' title="bbox 2182 665 3792 739">
     <span class='ocr_line' id='line_1_35' title="bbox 2182 665 3792 739; baseline 0.001 -19"><span class='ocrx_word' id='word_1_235' title='bbox 2182 669 2501 721; x_wconf 88' lang='lat' dir='ltr'><strong>mutabimur</strong></span> <span class='ocrx_word' id='word_1_236' title='bbox 2536 667 2586 739; x_wconf 91' lang='grc' dir='ltr'><strong>(Ι</strong></span> <span class='ocrx_word' id='word_1_237' title='bbox 2623 665 2746 722; x_wconf 86' lang='lat' dir='ltr'><strong>Cor.</strong></span> <span class='ocrx_word' id='word_1_238' title='bbox 2776 669 2888 738; x_wconf 87' lang='lat' dir='ltr'><strong>xv).</strong></span> <span class='ocrx_word' id='word_1_239' title='bbox 2927 667 3156 722; x_wconf 83' lang='lat' dir='ltr'><strong>Clausus</strong></span> <span class='ocrx_word' id='word_1_240' title='bbox 3189 667 3368 722; x_wconf 89' lang='lat' dir='ltr'><strong>aditus</strong></span> <span class='ocrx_word' id='word_1_241' title='bbox 3400 682 3644 738; x_wconf 85' lang='lat' dir='ltr'><strong>regnum</strong></span> <span class='ocrx_word' id='word_1_242' title='bbox 3673 681 3792 721; x_wconf 67' lang='lat' dir='ltr'><strong>etn-</strong></span> 
     </span>
    </p>
   </div>
   <div class='ocr_carea' id='block_1_36' title="bbox 2180 756 3794 828">
    <p class='ocr_par' dir='ltr' id='par_1_36' title="bbox 2180 756 3794 828">
     <span class='ocr_line' id='line_1_36' title="bbox 2180 756 3794 828; baseline -0.001 -17"><span class='ocrx_word' id='word_1_243' title='bbox 2180 756 2357 812; x_wconf 90' lang='lat' dir='ltr'><strong>lorum</strong></span> <span class='ocrx_word' id='word_1_244' title='bbox 2389 777 2402 812; x_wconf 95' lang='lat'>:</span> <span class='ocrx_word' id='word_1_245' title='bbox 2432 758 2547 813; x_wconf 80' lang='lat' dir='ltr'><strong>Non</strong></span> <span class='ocrx_word' id='word_1_246' title='bbox 2583 759 2724 813; x_wconf 84' lang='lat' dir='ltr'><strong>enim</strong></span> <span class='ocrx_word' id='word_1_247' title='bbox 2752 767 2874 828; x_wconf 88' lang='lat' dir='ltr'><strong>post</strong></span> <span class='ocrx_word' id='word_1_248' title='bbox 2903 756 3172 826; x_wconf 86' lang='lat' dir='ltr'><strong>judicium</strong></span> <span class='ocrx_word' id='word_1_249' title='bbox 3200 765 3348 826; x_wconf 86' lang='lat' dir='ltr'><strong>patet</strong></span> <span class='ocrx_word' id='word_1_250' title='bbox 3375 772 3604 826; x_wconf 86' lang='lat' dir='ltr'><strong>precum</strong></span> <span class='ocrx_word' id='word_1_251' title='bbox 3628 796 3650 820; x_wconf 89' lang='lat'><strong>,</strong></span> <span class='ocrx_word' id='word_1_252' title='bbox 3696 765 3794 810; x_wconf 81' lang='lat' dir='ltr'><strong>aut</strong></span> 
     </span>
    </p>
   </div>
   <div class='ocr_carea' id='block_1_37' title="bbox 2183 843 3789 916">
    <p class='ocr_par' dir='ltr' id='par_1_37' title="bbox 2183 843 3789 916">
     <span class='ocr_line' id='line_1_37' title="bbox 2183 843 3789 916; baseline -0.004 -14"><span class='ocrx_word' id='word_1_253' title='bbox 2183 848 2498 902; x_wconf 88' lang='lat' dir='ltr'><strong>meritorum</strong></span> <span class='ocrx_word' id='word_1_254' title='bbox 2518 845 2669 901; x_wconf 90' lang='lat' dir='ltr'><strong>locus</strong></span> <span class='ocrx_word' id='word_1_255' title='bbox 2692 863 2704 898; x_wconf 94' lang='lat'>:</span> <span class='ocrx_word' id='word_1_256' title='bbox 2727 843 2770 899; x_wconf 92' lang='lat'><strong>0</strong></span> <span class='ocrx_word' id='word_1_257' title='bbox 2799 847 2844 900; x_wconf 90' lang='lat' dir='ltr'><strong>si</strong></span> <span class='ocrx_word' id='word_1_258' title='bbox 2869 860 3059 916; x_wconf 89' lang='lat' dir='ltr'><strong>sapere</strong></span> <span class='ocrx_word' id='word_1_259' title='bbox 3083 845 3136 899; x_wconf 91' lang='lat' dir='ltr'><strong>in</strong></span> <span class='ocrx_word' id='word_1_260' title='bbox 3160 844 3340 899; x_wconf 87' lang='lat' dir='ltr'><strong>cordis</strong></span> <span class='ocrx_word' id='word_1_261' title='bbox 3359 843 3547 915; x_wconf 89' lang='lat' dir='ltr'><strong>palato</strong></span> <span class='ocrx_word' id='word_1_262' title='bbox 3569 845 3789 913; x_wconf 83' lang='lat' dir='ltr'><strong>possit,</strong></span> 
     </span>
    </p>
   </div>
   <div class='ocr_carea' id='block_1_38' title="bbox 2183 936 3794 1006">
    <p class='ocr_par' dir='ltr' id='par_1_38' title="bbox 2183 936 3794 1006">
     <span class='ocr_line' id='line_1_38' title="bbox 2183 936 3794 1006; baseline -0.002 -15"><span class='ocrx_word' id='word_1_263' title='bbox 2183 940 2310 1006; x_wconf 90' lang='lat' dir='ltr'><strong>quid</strong></span> <span class='ocrx_word' id='word_1_264' title='bbox 2336 937 2709 993; x_wconf 88' lang='lat' dir='ltr'><strong>admirationis</strong></span> <span class='ocrx_word' id='word_1_265' title='bbox 2722 937 2885 991; x_wconf 87' lang='lat' dir='ltr'><strong>habet</strong></span> <span class='ocrx_word' id='word_1_266' title='bbox 2900 978 2915 1001; x_wconf 95' lang='lat'><strong>,</strong></span> <span class='ocrx_word' id='word_1_267' title='bbox 2936 936 3080 1006; x_wconf 94' lang='lat' dir='ltr'><strong>quod</strong></span> <span class='ocrx_word' id='word_1_268' title='bbox 3093 937 3313 1002; x_wconf 88' lang='lat' dir='ltr'><strong>dicitur,</strong></span> <span class='ocrx_word' id='word_1_269' title='bbox 3338 936 3487 991; x_wconf 89' lang='lat' dir='ltr'><strong>venit</strong></span> <span class='ocrx_word' id='word_1_270' title='bbox 3508 936 3794 1006; x_wconf 77' lang='lat' dir='ltr'><strong>sponsus?</strong></span> 
     </span>
    </p>
   </div>
   <div class='ocr_carea' id='block_1_39' title="bbox 2184 1027 3792 1100">
    <p class='ocr_par' dir='ltr' id='par_1_39' title="bbox 2184 1027 3792 1100">
     <span class='ocr_line' id='line_1_39' title="bbox 2184 1027 3792 1100; baseline -0.001 -17"><span class='ocrx_word' id='word_1_271' title='bbox 2184 1031 2313 1100; x_wconf 93' lang='lat' dir='ltr'><strong>quid</strong></span> <span class='ocrx_word' id='word_1_272' title='bbox 2334 1030 2667 1084; x_wconf 89' lang='lat' dir='ltr'><strong>dulcedinis?</strong></span> <span class='ocrx_word' id='word_1_273' title='bbox 2688 1029 3028 1084; x_wconf 87' lang='lat' dir='ltr'><strong>Intraverunt</strong></span> <span class='ocrx_word' id='word_1_274' title='bbox 3047 1045 3170 1084; x_wconf 91' lang='lat' dir='ltr'><strong>cum</strong></span> <span class='ocrx_word' id='word_1_275' title='bbox 3192 1043 3258 1084; x_wconf 89' lang='lat' dir='ltr'><strong>eo</strong></span> <span class='ocrx_word' id='word_1_276' title='bbox 3287 1030 3353 1084; x_wconf 89' lang='lat' dir='ltr'><strong>ad</strong></span> <span class='ocrx_word' id='word_1_277' title='bbox 3381 1030 3625 1097; x_wconf 87' lang='lat' dir='ltr'><strong>nuptias,</strong></span> <span class='ocrx_word' id='word_1_278' title='bbox 3652 1027 3792 1097; x_wconf 87' lang='lat' dir='ltr'><strong>quid</strong></span> 
     </span>
    </p>
   </div>
   <div class='ocr_carea' id='block_1_40' title="bbox 2184 1122 3792 1193">
    <p class='ocr_par' dir='ltr' id='par_1_40' title="bbox 2184 1122 3792 1193">
     <span class='ocr_line' id='line_1_40' title="bbox 2184 1122 3792 1193; baseline -0.001 -18"><span class='ocrx_word' id='word_1_279' title='bbox 2184 1123 2599 1178; x_wconf 89' lang='lat' dir='ltr'><strong>amaritudinis?</strong></span> <span class='ocrx_word' id='word_1_280' title='bbox 2624 1122 2692 1176; x_wconf 84' lang='lat' dir='ltr'><strong>Et</strong></span> <span class='ocrx_word' id='word_1_281' title='bbox 2722 1122 2904 1177; x_wconf 84' lang='lat' dir='ltr'><strong>clausa</strong></span> <span class='ocrx_word' id='word_1_282' title='bbox 2933 1133 3007 1176; x_wconf 87' lang='lat' dir='ltr'><strong>est</strong></span> <span class='ocrx_word' id='word_1_283' title='bbox 3022 1123 3218 1193; x_wconf 88' lang='lat' dir='ltr'><strong>janua.</strong></span> <span class='ocrx_word' id='word_1_284' title='bbox 3249 1122 3461 1190; x_wconf 85' lang='lat' dir='ltr'><strong>Quanta</strong></span> <span class='ocrx_word' id='word_1_285' title='bbox 3485 1135 3623 1176; x_wconf 87' lang='lat' dir='ltr'><strong>vero</strong></span> <span class='ocrx_word' id='word_1_286' title='bbox 3653 1130 3792 1174; x_wconf 83' lang='lat' dir='ltr'><strong>tunc</strong></span> 
     </span>
    </p>
   </div>
   <div class='ocr_carea' id='block_1_41' title="bbox 2183 1215 3790 1286">
    <p class='ocr_par' dir='ltr' id='par_1_41' title="bbox 2183 1215 3790 1286">
     <span class='ocr_line' id='line_1_41' title="bbox 2183 1215 3790 1286; baseline 0.001 -18"><span class='ocrx_word' id='word_1_287' title='bbox 2183 1215 2292 1269; x_wconf 92' lang='lat' dir='ltr'><strong>erit</strong></span> <span class='ocrx_word' id='word_1_288' title='bbox 2315 1217 2608 1271; x_wconf 90' lang='lat' dir='ltr'><strong>electorum</strong></span> <span class='ocrx_word' id='word_1_289' title='bbox 2637 1217 2846 1280; x_wconf 72' lang='lat' dir='ltr'><strong>laetitia,</strong></span> <span class='ocrx_word' id='word_1_290' title='bbox 2885 1218 2976 1286; x_wconf 91' lang='lat' dir='ltr'><strong>qui</strong></span> <span class='ocrx_word' id='word_1_291' title='bbox 3007 1217 3075 1271; x_wconf 92' lang='lat' dir='ltr'><strong>de</strong></span> <span class='ocrx_word' id='word_1_292' title='bbox 3111 1216 3230 1285; x_wconf 89' lang='lat' dir='ltr'><strong>ejus</strong></span> <span class='ocrx_word' id='word_1_293' title='bbox 3255 1225 3541 1271; x_wconf 84' lang='lat' dir='ltr'><strong>merentur</strong></span> <span class='ocrx_word' id='word_1_294' title='bbox 3569 1215 3790 1270; x_wconf 80' lang='lat' dir='ltr'><strong>visione</strong></span> 
     </span>
    </p>
   </div>
   <div class='ocr_carea' id='block_1_42' title="bbox 2185 1305 3790 1377">
    <p class='ocr_par' dir='ltr' id='par_1_42' title="bbox 2185 1305 3790 1377">
     <span class='ocr_line' id='line_1_42' title="bbox 2185 1305 3790 1377; baseline -0.001 -18"><span class='ocrx_word' id='word_1_295' title='bbox 2185 1306 2441 1377; x_wconf 88' lang='lat' dir='ltr'><strong>gaudere,</strong></span> <span class='ocrx_word' id='word_1_296' title='bbox 2478 1322 2601 1360; x_wconf 91' lang='lat' dir='ltr'><strong>cum</strong></span> <span class='ocrx_word' id='word_1_297' title='bbox 2633 1322 2697 1360; x_wconf 92' lang='lat' dir='ltr'><strong>eo</strong></span> <span class='ocrx_word' id='word_1_298' title='bbox 2723 1308 2882 1361; x_wconf 86' lang='lat' dir='ltr'><strong>simul</strong></span> <span class='ocrx_word' id='word_1_299' title='bbox 2916 1309 2982 1361; x_wconf 90' lang='lat' dir='ltr'><strong>ad</strong></span> <span class='ocrx_word' id='word_1_300' title='bbox 3006 1308 3225 1376; x_wconf 89' lang='lat' dir='ltr'><strong>nuptias</strong></span> <span class='ocrx_word' id='word_1_301' title='bbox 3259 1307 3483 1369; x_wconf 90' lang='lat' dir='ltr'><strong>intrare,</strong></span> <span class='ocrx_word' id='word_1_302' title='bbox 3513 1306 3612 1375; x_wconf 86' lang='lat' dir='ltr'><strong>qui</strong></span> <span class='ocrx_word' id='word_1_303' title='bbox 3641 1315 3705 1359; x_wconf 85' lang='lat' dir='ltr'><strong>et</strong></span> <span class='ocrx_word' id='word_1_304' title='bbox 3735 1305 3790 1359; x_wconf 87' lang='lat' dir='ltr'><strong>in</strong></span> 
     </span>
    </p>
   </div>
   <div class='ocr_carea' id='block_1_43' title="bbox 2187 1388 3787 1469">
    <p class='ocr_par' dir='ltr' id='par_1_43' title="bbox 2187 1388 3787 1469">
     <span class='ocr_line' id='line_1_43' title="bbox 2187 1388 3787 1469; baseline -0.001 -19"><span class='ocrx_word' id='word_1_305' title='bbox 2187 1397 2369 1462; x_wconf 85' lang='lat' dir='ltr'><strong>sponsi</strong></span> <span class='ocrx_word' id='word_1_306' title='bbox 2407 1399 2622 1467; x_wconf 90' lang='lat' dir='ltr'><strong>nuptias</strong></span> <span class='ocrx_word' id='word_1_307' title='bbox 2651 1388 2920 1469; x_wconf 85' lang='lat' dir='ltr'><strong>gaudent,</strong></span> <span class='ocrx_word' id='word_1_308' title='bbox 2959 1409 3014 1454; x_wconf 93' lang='lat' dir='ltr'><strong>et</strong></span> <span class='ocrx_word' id='word_1_309' title='bbox 3043 1408 3222 1452; x_wconf 90' lang='lat' dir='ltr'><strong>tamen</strong></span> <span class='ocrx_word' id='word_1_310' title='bbox 3255 1397 3356 1467; x_wconf 87' lang='lat' dir='ltr'><strong>ipsi</strong></span> <span class='ocrx_word' id='word_1_311' title='bbox 3387 1407 3515 1450; x_wconf 91' lang='lat' dir='ltr'><strong>sunt</strong></span> <span class='ocrx_word' id='word_1_312' title='bbox 3556 1409 3787 1465; x_wconf 80' lang='lat' dir='ltr'><strong>sponsa,</strong></span> 
     </span>
    </p>
   </div>
   <div class='ocr_carea' id='block_1_44' title="bbox 2186 1488 3790 1562">
    <p class='ocr_par' dir='ltr' id='par_1_44' title="bbox 2186 1488 3790 1562">
     <span class='ocr_line' id='line_1_44' title="bbox 2186 1488 3790 1562; baseline 0.001 -20"><span class='ocrx_word' id='word_1_313' title='bbox 2186 1489 2313 1558; x_wconf 91' lang='lat' dir='ltr'><strong>quia</strong></span> <span class='ocrx_word' id='word_1_314' title='bbox 2345 1489 2396 1542; x_wconf 91' lang='lat' dir='ltr'><strong>in</strong></span> <span class='ocrx_word' id='word_1_315' title='bbox 2428 1489 2518 1543; x_wconf 91' lang='lat' dir='ltr'><strong>illo</strong></span> <span class='ocrx_word' id='word_1_316' title='bbox 2563 1499 2766 1544; x_wconf 65' lang='lat' dir='ltr'><strong>aeterno</strong></span> <span class='ocrx_word' id='word_1_317' title='bbox 2809 1491 2960 1562; x_wconf 90' lang='lat' dir='ltr'><strong>regni</strong></span> <span class='ocrx_word' id='word_1_318' title='bbox 3008 1491 3278 1553; x_wconf 85' lang='lat' dir='ltr'><strong>thalamo,</strong></span> <span class='ocrx_word' id='word_1_319' title='bbox 3325 1488 3526 1542; x_wconf 85' lang='lat' dir='ltr'><strong>visioui</strong></span> <span class='ocrx_word' id='word_1_320' title='bbox 3580 1499 3790 1543; x_wconf 68' lang='lat' dir='ltr'><strong>nostra</strong></span> 
     </span>
    </p>
   </div>
   <div class='ocr_carea' id='block_1_45' title="bbox 2188 1580 3789 1653">
    <p class='ocr_par' dir='ltr' id='par_1_45' title="bbox 2188 1580 3789 1653">
     <span class='ocr_line' id='line_1_45' title="bbox 2188 1580 3789 1653; baseline -0.002 -16"><span class='ocrx_word' id='word_1_321' title='bbox 2188 1583 2330 1638; x_wconf 91' lang='lat' dir='ltr'><strong>Deus</strong></span> <span class='ocrx_word' id='word_1_322' title='bbox 2351 1583 2717 1653; x_wconf 87' lang='lat' dir='ltr'><strong>conjungitur,</strong></span> <span class='ocrx_word' id='word_1_323' title='bbox 2744 1583 2836 1653; x_wconf 90' lang='lat' dir='ltr'><strong>qui</strong></span> <span class='ocrx_word' id='word_1_324' title='bbox 2861 1583 3072 1638; x_wconf 88' lang='lat' dir='ltr'><strong>scilicet</strong></span> <span class='ocrx_word' id='word_1_325' title='bbox 3103 1581 3239 1636; x_wconf 88' lang='lat' dir='ltr'><strong>visio</strong></span> <span class='ocrx_word' id='word_1_326' title='bbox 3266 1595 3546 1649; x_wconf 86' lang='lat' dir='ltr'><strong>nunquam</strong></span> <span class='ocrx_word' id='word_1_327' title='bbox 3576 1580 3633 1633; x_wconf 90' lang='lat' dir='ltr'><strong>in</strong></span> <span class='ocrx_word' id='word_1_328' title='bbox 3661 1594 3789 1649; x_wconf 79' lang='lat' dir='ltr'><strong>per-</strong></span> 
     </span>
    </p>
   </div>
   <div class='ocr_carea' id='block_1_46' title="bbox 2188 1674 3791 1748">
    <p class='ocr_par' dir='ltr' id='par_1_46' title="bbox 2188 1674 3791 1748">
     <span class='ocr_line' id='line_1_46' title="bbox 2188 1674 3791 1748; baseline -0.002 -16"><span class='ocrx_word' id='word_1_329' title='bbox 2188 1687 2410 1748; x_wconf 90' lang='lat' dir='ltr'><strong>petuum</strong></span> <span class='ocrx_word' id='word_1_330' title='bbox 2435 1677 2636 1732; x_wconf 87' lang='lat' dir='ltr'><strong>amoris</strong></span> <span class='ocrx_word' id='word_1_331' title='bbox 2667 1678 2747 1732; x_wconf 91' lang='lat' dir='ltr'><strong>sui</strong></span> <span class='ocrx_word' id='word_1_332' title='bbox 2773 1677 3113 1746; x_wconf 81' lang='lat' dir='ltr'><strong>amplexibus</strong></span> <span class='ocrx_word' id='word_1_333' title='bbox 3134 1674 3415 1730; x_wconf 88' lang='lat' dir='ltr'><strong>evellatur.</strong></span> <span class='ocrx_word' id='word_1_334' title='bbox 3444 1674 3605 1728; x_wconf 88' lang='lat' dir='ltr'><strong>Tunc</strong></span> <span class='ocrx_word' id='word_1_335' title='bbox 3635 1675 3791 1745; x_wconf 83' lang='lat' dir='ltr'><strong>regni</strong></span> 
     </span>
    </p>
   </div>
   <div class='ocr_carea' id='block_1_47' title="bbox 2184 1767 3790 1840">
    <p class='ocr_par' dir='ltr' id='par_1_47' title="bbox 2184 1767 3790 1840">
     <span class='ocr_line' id='line_1_47' title="bbox 2184 1767 3790 1840; baseline -0.001 -16"><span class='ocrx_word' id='word_1_336' title='bbox 2184 1768 2350 1838; x_wconf 91' lang='lat' dir='ltr'><strong>janna</strong></span> <span class='ocrx_word' id='word_1_337' title='bbox 2382 1770 2686 1840; x_wconf 87' lang='lat' dir='ltr'><strong>lugentibus</strong></span> <span class='ocrx_word' id='word_1_338' title='bbox 2713 1769 3012 1833; x_wconf 88' lang='lat' dir='ltr'><strong>clauditur,</strong></span> <span class='ocrx_word' id='word_1_339' title='bbox 3044 1784 3167 1838; x_wconf 65' lang='lat' dir='ltr'><strong>quae</strong></span> <span class='ocrx_word' id='word_1_340' title='bbox 3195 1768 3354 1823; x_wconf 90' lang='lat' dir='ltr'><strong>modo</strong></span> <span class='ocrx_word' id='word_1_341' title='bbox 3387 1767 3790 1837; x_wconf 69' lang='lat' dir='ltr'><strong>paenitentibus</strong></span> 
     </span>
    </p>
   </div>
   <div class='ocr_carea' id='block_1_48' title="bbox 2189 1847 3791 1929">
    <p class='ocr_par' dir='ltr' id='par_1_48' title="bbox 2189 1847 3791 1929">
     <span class='ocr_line' id='line_1_48' title="bbox 2189 1847 3791 1929; baseline -0.001 -15"><span class='ocrx_word' id='word_1_342' title='bbox 2189 1847 2428 1929; x_wconf 79' lang='lat' dir='ltr'><strong>quotidie</strong></span> <span class='ocrx_word' id='word_1_343' title='bbox 2459 1860 2716 1928; x_wconf 89' lang='lat' dir='ltr'><strong>aperitur.</strong></span> <span class='ocrx_word' id='word_1_344' title='bbox 2752 1859 2870 1912; x_wconf 85' lang='lat' dir='ltr'><strong>Erit</strong></span> <span class='ocrx_word' id='word_1_345' title='bbox 2895 1874 3130 1928; x_wconf 88' lang='lat' dir='ltr'><strong>namque</strong></span> <span class='ocrx_word' id='word_1_346' title='bbox 3159 1867 3286 1912; x_wconf 91' lang='lat' dir='ltr'><strong>tunc</strong></span> <span class='ocrx_word' id='word_1_347' title='bbox 3313 1857 3667 1928; x_wconf 64' lang='lat' dir='ltr'><strong>paenitentia,</strong></span> <span class='ocrx_word' id='word_1_348' title='bbox 3696 1857 3791 1912; x_wconf 75' lang='lat' dir='ltr'><strong>sed</strong></span> 
     </span>
    </p>
   </div>
   <div class='ocr_carea' id='block_1_49' title="bbox 2190 1946 3787 2016">
    <p class='ocr_par' dir='ltr' id='par_1_49' title="bbox 2190 1946 3787 2016">
     <span class='ocr_line' id='line_1_49' title="bbox 2190 1946 3787 2016; baseline -0.003 -13"><span class='ocrx_word' id='word_1_349' title='bbox 2190 1948 2465 2003; x_wconf 76' lang='lat' dir='ltr'><strong>fructuosa</strong></span> <span class='ocrx_word' id='word_1_350' title='bbox 2482 1946 2593 2015; x_wconf 87' lang='lat' dir='ltr'><strong>jam</strong></span> <span class='ocrx_word' id='word_1_351' title='bbox 2617 1963 2722 2001; x_wconf 92' lang='lat' dir='ltr'><strong>non</strong></span> <span class='ocrx_word' id='word_1_352' title='bbox 2745 1947 2872 2011; x_wconf 89' lang='lat' dir='ltr'><strong>erit,</strong></span> <span class='ocrx_word' id='word_1_353' title='bbox 2892 1947 3018 2016; x_wconf 89' lang='lat' dir='ltr'><strong>quia</strong></span> <span class='ocrx_word' id='word_1_354' title='bbox 3045 1961 3384 2016; x_wconf 80' lang='lat' dir='ltr'><strong>nequaquam</strong></span> <span class='ocrx_word' id='word_1_355' title='bbox 3408 1955 3540 1999; x_wconf 88' lang='lat' dir='ltr'><strong>tunc</strong></span> <span class='ocrx_word' id='word_1_356' title='bbox 3567 1946 3787 1999; x_wconf 81' lang='lat' dir='ltr'><strong>veniam</strong></span> 
     </span>
    </p>
   </div>
   <div class='ocr_carea' id='block_1_50' title="bbox 2191 2034 3661 2107">
    <p class='ocr_par' dir='ltr' id='par_1_50' title="bbox 2191 2034 3661 2107">
     <span class='ocr_line' id='line_1_50' title="bbox 2191 2034 3661 2107; baseline -0.005 -13"><span class='ocrx_word' id='word_1_357' title='bbox 2191 2041 2416 2104; x_wconf 88' lang='lat' dir='ltr'><strong>invenit,</strong></span> <span class='ocrx_word' id='word_1_358' title='bbox 2446 2039 2538 2107; x_wconf 91' lang='lat' dir='ltr'><strong>qui</strong></span> <span class='ocrx_word' id='word_1_359' title='bbox 2565 2039 2724 2092; x_wconf 89' lang='lat' dir='ltr'><strong>modo</strong></span> <span class='ocrx_word' id='word_1_360' title='bbox 2749 2047 2931 2105; x_wconf 89' lang='lat' dir='ltr'><strong>aptum</strong></span> <span class='ocrx_word' id='word_1_361' title='bbox 2953 2038 3177 2092; x_wconf 91' lang='lat' dir='ltr'><strong>veniens</strong></span> <span class='ocrx_word' id='word_1_362' title='bbox 3209 2046 3421 2107; x_wconf 88' lang='lat' dir='ltr'><strong>tempus</strong></span> <span class='ocrx_word' id='word_1_363' title='bbox 3449 2034 3661 2105; x_wconf 85' lang='lat' dir='ltr'><strong>perdit.</strong></span> 
     </span>
    </p>
   </div>
   <div class='ocr_carea' id='block_1_51' title="bbox 2265 2125 3789 2198">
    <p class='ocr_par' dir='ltr' id='par_1_51' title="bbox 2265 2125 3789 2198">
     <span class='ocr_line' id='line_1_51' title="bbox 2265 2125 3789 2198; baseline -0.004 -15"><span class='ocrx_word' id='word_1_364' title='bbox 2265 2130 2559 2184; x_wconf 85' lang='lat' dir='ltr'><strong>Novissime</strong></span> <span class='ocrx_word' id='word_1_365' title='bbox 2589 2145 2709 2182; x_wconf 87' lang='lat' dir='ltr'><strong>vero</strong></span> <span class='ocrx_word' id='word_1_366' title='bbox 2740 2129 2950 2182; x_wconf 87' lang='lat' dir='ltr'><strong>veniunt</strong></span> <span class='ocrx_word' id='word_1_367' title='bbox 2989 2139 3037 2182; x_wconf 86' lang='lat' dir='ltr'><strong>et</strong></span> <span class='ocrx_word' id='word_1_368' title='bbox 3072 2129 3285 2198; x_wconf 74' lang='lat' dir='ltr'><strong>reliqua!</strong></span> <span class='ocrx_word' id='word_1_369' title='bbox 3312 2128 3570 2196; x_wconf 80' lang='lat' dir='ltr'><strong>virgines,</strong></span> <span class='ocrx_word' id='word_1_370' title='bbox 3615 2125 3789 2177; x_wconf 73' lang='lat' dir='ltr'><strong>dicen-</strong></span> 
     </span>
    </p>
   </div>
   <div class='ocr_carea' id='block_1_52' title="bbox 2191 2216 3787 2289">
    <p class='ocr_par' dir='ltr' id='par_1_52' title="bbox 2191 2216 3787 2289">
     <span class='ocr_line' id='line_1_52' title="bbox 2191 2216 3787 2289; baseline -0.004 -12"><span class='ocrx_word' id='word_1_371' title='bbox 2191 2233 2266 2277; x_wconf 85' lang='lat' dir='ltr'><strong>tes</strong></span> <span class='ocrx_word' id='word_1_372' title='bbox 2291 2238 2307 2276; x_wconf 91' lang='lat'><strong><em>:</em></strong></span> <span class='ocrx_word' id='word_1_373' title='bbox 2339 2221 2579 2282; x_wconf 87' lang='lat' dir='ltr'><strong>Domine,</strong></span> <span class='ocrx_word' id='word_1_374' title='bbox 2605 2219 2850 2285; x_wconf 88' lang='lat' dir='ltr'><strong>Domine,</strong></span> <span class='ocrx_word' id='word_1_375' title='bbox 2877 2220 3021 2289; x_wconf 85' lang='lat' dir='ltr'><strong>aperi</strong></span> <span class='ocrx_word' id='word_1_376' title='bbox 3045 2219 3212 2273; x_wconf 86' lang='lat' dir='ltr'><strong>nobis.</strong></span> <span class='ocrx_word' id='word_1_377' title='bbox 3247 2218 3347 2288; x_wconf 78' lang='lat' dir='ltr'><strong>(Ex</strong></span> <span class='ocrx_word' id='word_1_378' title='bbox 3378 2217 3599 2285; x_wconf 79' lang='lat' dir='ltr'><strong>Hiero.)</strong></span> <span class='ocrx_word' id='word_1_379' title='bbox 3619 2216 3787 2286; x_wconf 82' lang='lat' dir='ltr'><strong>Egre-</strong></span> 
     </span>
    </p>
   </div>
   <div class='ocr_carea' id='block_1_53' title="bbox 2192 2306 3779 2384">
    <p class='ocr_par' dir='ltr' id='par_1_53' title="bbox 2192 2306 3779 2384">
     <span class='ocr_line' id='line_1_53' title="bbox 2192 2306 3779 2384; baseline -0.004 -18"><span class='ocrx_word' id='word_1_380' title='bbox 2192 2313 2280 2384; x_wconf 90' lang='lat' dir='ltr'><strong>gia</strong></span> <span class='ocrx_word' id='word_1_381' title='bbox 2309 2311 2526 2380; x_wconf 92' lang='lat' dir='ltr'><strong>quidem</strong></span> <span class='ocrx_word' id='word_1_382' title='bbox 2557 2309 2613 2362; x_wconf 89' lang='lat' dir='ltr'><strong>in</strong></span> <span class='ocrx_word' id='word_1_383' title='bbox 2639 2309 2855 2362; x_wconf 90' lang='lat' dir='ltr'><strong>Domini</strong></span> <span class='ocrx_word' id='word_1_384' title='bbox 2879 2308 3240 2379; x_wconf 89' lang='lat' dir='ltr'><strong>appellatione</strong></span> <span class='ocrx_word' id='word_1_385' title='bbox 3265 2306 3539 2362; x_wconf 87' lang='lat' dir='ltr'><strong>confessio</strong></span> <span class='ocrx_word' id='word_1_386' title='bbox 3557 2346 3575 2370; x_wconf 90' lang='lat'><strong>,</strong></span> <span class='ocrx_word' id='word_1_387' title='bbox 3623 2307 3779 2360; x_wconf 75' lang='lat' dir='ltr'><strong>idem</strong></span> 
     </span>
    </p>
   </div>
   <div class='ocr_carea' id='block_1_54' title="bbox 2191 2398 3787 2472">
    <p class='ocr_par' dir='ltr' id='par_1_54' title="bbox 2191 2398 3787 2472">
     <span class='ocr_line' id='line_1_54' title="bbox 2191 2398 3787 2472; baseline -0.004 -15"><span class='ocrx_word' id='word_1_388' title='bbox 2191 2417 2298 2472; x_wconf 90' lang='lat' dir='ltr'><strong>que</strong></span> <span class='ocrx_word' id='word_1_389' title='bbox 2337 2404 2622 2472; x_wconf 90' lang='lat' dir='ltr'><strong>repetitum</strong></span> <span class='ocrx_word' id='word_1_390' title='bbox 2663 2401 2922 2456; x_wconf 89' lang='lat' dir='ltr'><strong>indicium</strong></span> <span class='ocrx_word' id='word_1_391' title='bbox 2957 2400 3081 2455; x_wconf 88' lang='lat' dir='ltr'><strong>ﬁdei</strong></span> <span class='ocrx_word' id='word_1_392' title='bbox 3123 2407 3235 2464; x_wconf 87' lang='lat' dir='ltr'><strong>est,</strong></span> <span class='ocrx_word' id='word_1_393' title='bbox 3279 2398 3375 2454; x_wconf 91' lang='lat' dir='ltr'><strong>sed</strong></span> <span class='ocrx_word' id='word_1_394' title='bbox 3403 2398 3534 2468; x_wconf 90' lang='lat' dir='ltr'><strong>quid</strong></span> <span class='ocrx_word' id='word_1_395' title='bbox 3562 2398 3787 2467; x_wconf 57' lang='lat' dir='ltr'><strong>prodes</strong></span> 
     </span>
    </p>
   </div>
   <div class='ocr_carea' id='block_1_55' title="bbox 2191 2493 3315 2563">
    <p class='ocr_par' dir='ltr' id='par_1_55' title="bbox 2191 2493 3315 2563">
     <span class='ocr_line' id='line_1_55' title="bbox 2191 2493 3315 2563; baseline -0.002 -16"><span class='ocrx_word' id='word_1_396' title='bbox 2191 2508 2324 2548; x_wconf 90' lang='lat' dir='ltr'><strong>voce</strong></span> <span class='ocrx_word' id='word_1_397' title='bbox 2347 2494 2630 2558; x_wconf 89' lang='lat' dir='ltr'><strong>invocare,</strong></span> <span class='ocrx_word' id='word_1_398' title='bbox 2664 2508 2827 2562; x_wconf 90' lang='lat' dir='ltr'><strong>quem</strong></span> <span class='ocrx_word' id='word_1_399' title='bbox 2846 2493 3102 2562; x_wconf 89' lang='lat' dir='ltr'><strong>operibus</strong></span> <span class='ocrx_word' id='word_1_400' title='bbox 3132 2507 3315 2563; x_wconf 89' lang='lat' dir='ltr'><strong>neges.</strong></span> 
     </span>
    </p>
   </div>
   <div class='ocr_carea' id='block_1_56' title="bbox 2267 2580 3790 2658">
    <p class='ocr_par' dir='ltr' id='par_1_56' title="bbox 2267 2580 3790 2658">
     <span class='ocr_line' id='line_1_56' title="bbox 2267 2580 3790 2658; baseline -0.003 -19"><span class='ocrx_word' id='word_1_401' title='bbox 2267 2585 2374 2658; x_wconf 77' lang='lat' dir='ltr'><strong>(Ea:</strong></span> <span class='ocrx_word' id='word_1_402' title='bbox 2405 2585 2585 2656; x_wconf 87' lang='lat' dir='ltr'><strong>Greg.)</strong></span> <span class='ocrx_word' id='word_1_403' title='bbox 2617 2585 2693 2639; x_wconf 91' lang='lat' dir='ltr'><strong>lbi</strong></span> <span class='ocrx_word' id='word_1_404' title='bbox 2716 2583 2827 2652; x_wconf 90' lang='lat' dir='ltr'><strong>jam</strong></span> <span class='ocrx_word' id='word_1_405' title='bbox 2861 2599 2894 2638; x_wconf 89' lang='lat' dir='ltr'><strong>a</strong></span> <span class='ocrx_word' id='word_1_406' title='bbox 2919 2585 3030 2637; x_wconf 91' lang='lat' dir='ltr'><strong>Deo</strong></span> <span class='ocrx_word' id='word_1_407' title='bbox 3058 2598 3165 2637; x_wconf 91' lang='lat' dir='ltr'><strong>non</strong></span> <span class='ocrx_word' id='word_1_408' title='bbox 3196 2589 3374 2651; x_wconf 86' lang='lat' dir='ltr'><strong>potest</strong></span> <span class='ocrx_word' id='word_1_409' title='bbox 3410 2581 3620 2636; x_wconf 86' lang='lat' dir='ltr'><strong>mereri</strong></span> <span class='ocrx_word' id='word_1_410' title='bbox 3651 2580 3790 2648; x_wconf 82' lang='lat' dir='ltr'><strong>quod</strong></span> 
     </span>
    </p>
   </div>
   <div class='ocr_carea' id='block_1_57' title="bbox 2193 2671 3789 2748">
    <p class='ocr_par' dir='ltr' id='par_1_57' title="bbox 2193 2671 3789 2748">
     <span class='ocr_line' id='line_1_57' title="bbox 2193 2671 3789 2748; baseline -0.006 -16"><span class='ocrx_word' id='word_1_411' title='bbox 2193 2677 2349 2748; x_wconf 86' lang='lat' dir='ltr'><strong>petit,</strong></span> <span class='ocrx_word' id='word_1_412' title='bbox 2374 2677 2466 2746; x_wconf 89' lang='lat' dir='ltr'><strong>qui</strong></span> <span class='ocrx_word' id='word_1_413' title='bbox 2494 2677 2582 2730; x_wconf 91' lang='lat' dir='ltr'><strong>hic</strong></span> <span class='ocrx_word' id='word_1_414' title='bbox 2605 2676 2781 2731; x_wconf 87' lang='lat' dir='ltr'><strong>noluit</strong></span> <span class='ocrx_word' id='word_1_415' title='bbox 2803 2673 2992 2730; x_wconf 89' lang='lat' dir='ltr'><strong>audire</strong></span> <span class='ocrx_word' id='word_1_416' title='bbox 3011 2714 3026 2739; x_wconf 94' lang='lat'><strong>,</strong></span> <span class='ocrx_word' id='word_1_417' title='bbox 3053 2673 3197 2744; x_wconf 91' lang='lat' dir='ltr'><strong>quod</strong></span> <span class='ocrx_word' id='word_1_418' title='bbox 3223 2672 3408 2742; x_wconf 86' lang='lat' dir='ltr'><strong>jussit.</strong></span> <span class='ocrx_word' id='word_1_419' title='bbox 3440 2671 3545 2738; x_wconf 88' lang='lat' dir='ltr'><strong>Qui</strong></span> <span class='ocrx_word' id='word_1_420' title='bbox 3572 2679 3789 2740; x_wconf 71' lang='lat' dir='ltr'><strong>tempus</strong></span> 
     </span>
    </p>
   </div>
   <div class='ocr_carea' id='block_1_58' title="bbox 2195 2762 3790 2840">
    <p class='ocr_par' dir='ltr' id='par_1_58' title="bbox 2195 2762 3790 2840">
     <span class='ocr_line' id='line_1_58' title="bbox 2195 2762 3790 2840; baseline -0.005 -14"><span class='ocrx_word' id='word_1_421' title='bbox 2195 2784 2497 2840; x_wconf 82' lang='lat' dir='ltr'><strong>congruum</strong></span> <span class='ocrx_word' id='word_1_422' title='bbox 2530 2767 2865 2838; x_wconf 70' lang='lat' dir='ltr'><strong>ptenitentiae</strong></span> <span class='ocrx_word' id='word_1_423' title='bbox 2901 2767 3176 2838; x_wconf 87' lang='lat' dir='ltr'><strong>perdidit,</strong></span> <span class='ocrx_word' id='word_1_424' title='bbox 3222 2765 3426 2820; x_wconf 81' lang='lat' dir='ltr'><strong>frustra</strong></span> <span class='ocrx_word' id='word_1_425' title='bbox 3463 2775 3593 2819; x_wconf 82' lang='lat' dir='ltr'><strong>ante</strong></span> <span class='ocrx_word' id='word_1_426' title='bbox 3641 2762 3790 2834; x_wconf 80' lang='lat' dir='ltr'><strong>regni</strong></span> 
     </span>
    </p>
   </div>
   <div class='ocr_carea' id='block_1_59' title="bbox 2189 2859 3050 2930">
    <p class='ocr_par' dir='ltr' id='par_1_59' title="bbox 2189 2859 3050 2930">
     <span class='ocr_line' id='line_1_59' title="bbox 2189 2859 3050 2930; baseline -0.005 -14"><span class='ocrx_word' id='word_1_427' title='bbox 2189 2860 2413 2930; x_wconf 90' lang='lat' dir='ltr'><strong>januam</strong></span> <span class='ocrx_word' id='word_1_428' title='bbox 2447 2876 2570 2916; x_wconf 91' lang='lat' dir='ltr'><strong>cum</strong></span> <span class='ocrx_word' id='word_1_429' title='bbox 2600 2861 2852 2930; x_wconf 88' lang='lat' dir='ltr'><strong>precibus</strong></span> <span class='ocrx_word' id='word_1_430' title='bbox 2876 2859 3050 2914; x_wconf 90' lang='lat' dir='ltr'><strong>venit.</strong></span> 
     </span>
    </p>
   </div>
   <div class='ocr_carea' id='block_1_60' title="bbox 2267 2947 3790 3024">
    <p class='ocr_par' dir='ltr' id='par_1_60' title="bbox 2267 2947 3790 3024">
     <span class='ocr_line' id='line_1_60' title="bbox 2267 2947 3790 3024; baseline -0.003 -18"><span class='ocrx_word' id='word_1_431' title='bbox 2267 2952 2376 3024; x_wconf 71' lang='lat' dir='ltr'><strong>(Ea:</strong></span> <span class='ocrx_word' id='word_1_432' title='bbox 2416 2951 2575 3023; x_wconf 85' lang='lat' dir='ltr'><strong>Aug.)</strong></span> <span class='ocrx_word' id='word_1_433' title='bbox 2607 2951 2724 3006; x_wconf 85' lang='lat' dir='ltr'><strong>Non</strong></span> <span class='ocrx_word' id='word_1_434' title='bbox 2753 2952 2956 3006; x_wconf 92' lang='lat' dir='ltr'><strong>dictum</strong></span> <span class='ocrx_word' id='word_1_435' title='bbox 2989 2958 3105 3015; x_wconf 90' lang='lat' dir='ltr'><strong>est,</strong></span> <span class='ocrx_word' id='word_1_436' title='bbox 3132 2950 3278 3019; x_wconf 91' lang='lat' dir='ltr'><strong>quod</strong></span> <span class='ocrx_word' id='word_1_437' title='bbox 3314 2947 3550 3002; x_wconf 89' lang='lat' dir='ltr'><strong>emerint</strong></span> <span class='ocrx_word' id='word_1_438' title='bbox 3575 2947 3790 3009; x_wconf 73' lang='lat' dir='ltr'><strong>olettm.</strong></span> 
     </span>
    </p>
   </div>
   <div class='ocr_carea' id='block_1_61' title="bbox 2197 3037 3792 3114">
    <p class='ocr_par' dir='ltr' id='par_1_61' title="bbox 2197 3037 3792 3114">
     <span class='ocr_line' id='line_1_61' title="bbox 2197 3037 3792 3114; baseline -0.006 -14"><span class='ocrx_word' id='word_1_439' title='bbox 2197 3053 2252 3101; x_wconf 87' lang='lat' dir='ltr'><strong>et</strong></span> <span class='ocrx_word' id='word_1_440' title='bbox 2287 3045 2408 3099; x_wconf 88' lang='lat' dir='ltr'><strong>ideo</strong></span> <span class='ocrx_word' id='word_1_441' title='bbox 2454 3043 2815 3114; x_wconf 59' lang='lat' dir='ltr'><strong>intelligendas</strong></span> <span class='ocrx_word' id='word_1_442' title='bbox 2850 3051 2977 3097; x_wconf 87' lang='lat' dir='ltr'><strong>sunt</strong></span> <span class='ocrx_word' id='word_1_443' title='bbox 3014 3040 3164 3097; x_wconf 92' lang='lat' dir='ltr'><strong>nullo</strong></span> <span class='ocrx_word' id='word_1_444' title='bbox 3207 3038 3322 3108; x_wconf 90' lang='lat' dir='ltr'><strong>jam</strong></span> <span class='ocrx_word' id='word_1_445' title='bbox 3353 3048 3684 3093; x_wconf 84' lang='lat' dir='ltr'><strong>remanente</strong></span> <span class='ocrx_word' id='word_1_446' title='bbox 3727 3037 3792 3091; x_wconf 79' lang='lat' dir='ltr'><strong>de</strong></span> 
     </span>
    </p>
   </div>
   <div class='ocr_carea' id='block_1_62' title="bbox 2199 3128 3790 3205">
    <p class='ocr_par' dir='ltr' id='par_1_62' title="bbox 2199 3128 3790 3205">
     <span class='ocr_line' id='line_1_62' title="bbox 2199 3128 3790 3205; baseline -0.005 -15"><span class='ocrx_word' id='word_1_447' title='bbox 2199 3135 2388 3191; x_wconf 90' lang='lat' dir='ltr'><strong>alienis</strong></span> <span class='ocrx_word' id='word_1_448' title='bbox 2427 3136 2674 3190; x_wconf 87' lang='lat' dir='ltr'><strong>laudibus</strong></span> <span class='ocrx_word' id='word_1_449' title='bbox 2718 3135 2943 3205; x_wconf 88' lang='lat' dir='ltr'><strong>gaudio,</strong></span> <span class='ocrx_word' id='word_1_450' title='bbox 3000 3134 3052 3188; x_wconf 90' lang='lat' dir='ltr'><strong>in</strong></span> <span class='ocrx_word' id='word_1_451' title='bbox 3081 3132 3343 3204; x_wconf 90' lang='lat' dir='ltr'><strong>angustiis</strong></span> <span class='ocrx_word' id='word_1_452' title='bbox 3376 3140 3431 3185; x_wconf 93' lang='lat' dir='ltr'><strong>et</strong></span> <span class='ocrx_word' id='word_1_453' title='bbox 3461 3130 3687 3200; x_wconf 85' lang='lat' dir='ltr'><strong>magnis</strong></span> <span class='ocrx_word' id='word_1_454' title='bbox 3715 3128 3790 3184; x_wconf 82' lang='lat' dir='ltr'><strong>af-</strong></span> 
     </span>
    </p>
   </div>
   <div class='ocr_carea' id='block_1_63' title="bbox 504 3217 3791 3298">
    <p class='ocr_par' dir='ltr' id='par_1_63' title="bbox 504 3217 3791 3298">
     <span class='ocr_line' id='line_1_63' title="bbox 504 3217 3791 3298; baseline -0.002 -17"><span class='ocrx_word' id='word_1_455' title='bbox 504 3227 653 3298; x_wconf 75' lang='lat' dir='ltr'><strong>ﬁciat</strong></span> <span class='ocrx_word' id='word_1_456' title='bbox 680 3225 826 3280; x_wconf 85' lang='lat' dir='ltr'><strong>nobis</strong></span> <span class='ocrx_word' id='word_1_457' title='bbox 854 3236 903 3280; x_wconf 86' lang='lat' dir='ltr'><strong>et</strong></span> <span class='ocrx_word' id='word_1_458' title='bbox 936 3226 1096 3280; x_wconf 84' lang='lat' dir='ltr'><strong>vobis.</strong></span> <span class='ocrx_word' id='word_1_459' title='bbox 1127 3225 1228 3294; x_wconf 83' lang='lat' dir='ltr'><strong>(Ex</strong></span> <span class='ocrx_word' id='word_1_460' title='bbox 1256 3221 1508 3295; x_wconf 80' lang='lat' dir='ltr'><strong>August.)</strong></span> <span class='ocrx_word' id='word_1_461' title='bbox 1540 3221 1919 3292; x_wconf 85' lang='lat' dir='ltr'><strong>Unusquisque</strong></span> <span class='ocrx_word' id='word_1_462' title='bbox 1941 3225 2086 3278; x_wconf 89' lang='lat' dir='ltr'><strong>enim</strong></span> <span class='ocrx_word' id='word_1_463' title='bbox 2115 3217 2159 3280; x_wconf 89' lang='lat' dir='ltr'>C</span> <span class='ocrx_word' id='word_1_464' title='bbox 2191 3227 2516 3282; x_wconf 86' lang='lat' dir='ltr'><strong>ﬁictionibus</strong></span> <span class='ocrx_word' id='word_1_465' title='bbox 2545 3226 2722 3282; x_wconf 89' lang='lat' dir='ltr'><strong>redire</strong></span> <span class='ocrx_word' id='word_1_466' title='bbox 2749 3225 2817 3281; x_wconf 91' lang='lat' dir='ltr'><strong>ad</strong></span> <span class='ocrx_word' id='word_1_467' title='bbox 2853 3223 3288 3294; x_wconf 89' lang='lat' dir='ltr'><strong>implorationem</strong></span> <span class='ocrx_word' id='word_1_468' title='bbox 3316 3221 3432 3285; x_wconf 90' lang='lat' dir='ltr'><strong>Dei,</strong></span> <span class='ocrx_word' id='word_1_469' title='bbox 3463 3219 3561 3275; x_wconf 89' lang='lat' dir='ltr'><strong>sed</strong></span> <span class='ocrx_word' id='word_1_470' title='bbox 3586 3236 3791 3293; x_wconf 79' lang='lat' dir='ltr'><strong>magna</strong></span> 
     </span>
    </p>
   </div>
   <div class='ocr_carea' id='block_1_64' title="bbox 502 3312 2091 3386">
    <p class='ocr_par' dir='ltr' id='par_1_64' title="bbox 502 3312 2091 3386">
     <span class='ocr_line' id='line_1_64' title="bbox 502 3312 2091 3386; baseline 0 -16"><span class='ocrx_word' id='word_1_471' title='bbox 502 3329 604 3386; x_wconf 89' lang='lat' dir='ltr'><strong>pro</strong></span> <span class='ocrx_word' id='word_1_472' title='bbox 630 3331 688 3371; x_wconf 91' lang='lat' dir='ltr'><strong>se</strong></span> <span class='ocrx_word' id='word_1_473' title='bbox 719 3316 983 3370; x_wconf 87' lang='lat' dir='ltr'><strong>rationem</strong></span> <span class='ocrx_word' id='word_1_474' title='bbox 1019 3315 1227 3380; x_wconf 89' lang='lat' dir='ltr'><strong>reddet,</strong></span> <span class='ocrx_word' id='word_1_475' title='bbox 1262 3329 1363 3367; x_wconf 91' lang='lat' dir='ltr'><strong>nec</strong></span> <span class='ocrx_word' id='word_1_476' title='bbox 1395 3313 1502 3367; x_wconf 89' lang='lat' dir='ltr'><strong>alio</strong></span> <span class='ocrx_word' id='word_1_477' title='bbox 1528 3312 1836 3367; x_wconf 88' lang='lat' dir='ltr'><strong>testirnouio</strong></span> <span class='ocrx_word' id='word_1_478' title='bbox 1861 3314 2091 3384; x_wconf 91' lang='lat' dir='ltr'><strong>quisque</strong></span> 
     </span>
    </p>
   </div>
   <div class='ocr_carea' id='block_1_65' title="bbox 501 3401 2088 3476">
    <p class='ocr_par' dir='ltr' id='par_1_65' title="bbox 501 3401 2088 3476">
     <span class='ocr_line' id='line_1_65' title="bbox 501 3401 2088 3476; baseline -0.002 -15"><span class='ocrx_word' id='word_1_479' title='bbox 501 3404 788 3476; x_wconf 83' lang='lat' dir='ltr'><strong>adjuvatus</strong></span> <span class='ocrx_word' id='word_1_480' title='bbox 823 3406 966 3476; x_wconf 90' lang='lat' dir='ltr'><strong>apud</strong></span> <span class='ocrx_word' id='word_1_481' title='bbox 995 3403 1195 3468; x_wconf 90' lang='lat' dir='ltr'><strong>Deum,</strong></span> <span class='ocrx_word' id='word_1_482' title='bbox 1231 3404 1317 3458; x_wconf 92' lang='lat' dir='ltr'><strong>cui</strong></span> <span class='ocrx_word' id='word_1_483' title='bbox 1349 3411 1559 3458; x_wconf 85' lang='lat' dir='ltr'><strong>secreta</strong></span> <span class='ocrx_word' id='word_1_484' title='bbox 1593 3401 1772 3456; x_wconf 90' lang='lat' dir='ltr'><strong>cordis</strong></span> <span class='ocrx_word' id='word_1_485' title='bbox 1803 3411 2088 3473; x_wconf 87' lang='lat' dir='ltr'><strong>apparent.</strong></span> 
     </span>
    </p>
   </div>
   <div class='ocr_carea' id='block_1_66' title="bbox 503 3482 2089 3566">
    <p class='ocr_par' dir='ltr' id='par_1_66' title="bbox 503 3482 2089 3566">
     <span class='ocr_line' id='line_1_66' title="bbox 503 3482 2089 3566; baseline 0 -16"><span class='ocrx_word' id='word_1_486' title='bbox 503 3495 573 3550; x_wconf 87' lang='lat' dir='ltr'><strong>Et</strong></span> <span class='ocrx_word' id='word_1_487' title='bbox 602 3497 692 3550; x_wconf 83' lang='lat' dir='ltr'><strong>vix</strong></span> <span class='ocrx_word' id='word_1_488' title='bbox 720 3497 818 3550; x_wconf 88' lang='lat' dir='ltr'><strong>sibi</strong></span> <span class='ocrx_word' id='word_1_489' title='bbox 849 3496 1078 3566; x_wconf 87' lang='lat' dir='ltr'><strong>quisque</strong></span> <span class='ocrx_word' id='word_1_490' title='bbox 1104 3482 1326 3561; x_wconf 84' lang='lat' dir='ltr'><strong>suﬁicit,</strong></span> <span class='ocrx_word' id='word_1_491' title='bbox 1354 3503 1412 3548; x_wconf 90' lang='lat' dir='ltr'><strong>ut</strong></span> <span class='ocrx_word' id='word_1_492' title='bbox 1433 3495 1482 3548; x_wconf 91' lang='lat' dir='ltr'><strong>ei</strong></span> <span class='ocrx_word' id='word_1_493' title='bbox 1512 3494 1884 3549; x_wconf 86' lang='lat' dir='ltr'><strong>testimonium</strong></span> <span class='ocrx_word' id='word_1_494' title='bbox 1908 3495 2089 3566; x_wconf 88' lang='lat' dir='ltr'><strong>perbi-</strong></span> 
     </span>
    </p>
   </div>
   <div class='ocr_carea' id='block_1_67' title="bbox 507 3587 1137 3643">
    <p class='ocr_par' dir='ltr' id='par_1_67' title="bbox 507 3587 1137 3643">
     <span class='ocr_line' id='line_1_67' title="bbox 507 3587 1137 3643; baseline -0.008 0"><span class='ocrx_word' id='word_1_495' title='bbox 507 3587 636 3643; x_wconf 86' lang='lat' dir='ltr'><strong>beat</strong></span> <span class='ocrx_word' id='word_1_496' title='bbox 660 3588 989 3642; x_wconf 85' lang='lat' dir='ltr'><strong>conscientia</strong></span> <span class='ocrx_word' id='word_1_497' title='bbox 1020 3604 1137 3642; x_wconf 89' lang='lat' dir='ltr'><strong>sua.</strong></span> 
     </span>
    </p>
   </div>
   <div class='ocr_carea' id='block_1_68' title="bbox 575 3675 2090 3751">
    <p class='ocr_par' dir='ltr' id='par_1_68' title="bbox 575 3675 2090 3751">
     <span class='ocr_line' id='line_1_68' title="bbox 575 3675 2090 3751; baseline -0.001 -19"><span class='ocrx_word' id='word_1_498' title='bbox 575 3677 684 3751; x_wconf 73' lang='lat' dir='ltr'><strong>(Ea:</strong></span> <span class='ocrx_word' id='word_1_499' title='bbox 713 3676 892 3749; x_wconf 85' lang='lat' dir='ltr'><strong>Greg.)</strong></span> <span class='ocrx_word' id='word_1_500' title='bbox 921 3678 979 3730; x_wconf 91' lang='lat' dir='ltr'><strong>lu</strong></span> <span class='ocrx_word' id='word_1_501' title='bbox 1014 3678 1104 3732; x_wconf 92' lang='lat' dir='ltr'><strong>illo</strong></span> <span class='ocrx_word' id='word_1_502' title='bbox 1137 3678 1282 3732; x_wconf 92' lang='lat' dir='ltr'><strong>enim</strong></span> <span class='ocrx_word' id='word_1_503' title='bbox 1313 3677 1428 3739; x_wconf 91' lang='lat' dir='ltr'><strong>die,</strong></span> <span class='ocrx_word' id='word_1_504' title='bbox 1473 3675 1615 3746; x_wconf 87' lang='lat' dir='ltr'><strong>quod</strong></span> <span class='ocrx_word' id='word_1_505' title='bbox 1653 3686 1833 3730; x_wconf 87' lang='lat' dir='ltr'><strong>tamen</strong></span> <span class='ocrx_word' id='word_1_506' title='bbox 1873 3677 1938 3731; x_wconf 93' lang='lat' dir='ltr'><strong>de</strong></span> <span class='ocrx_word' id='word_1_507' title='bbox 1967 3678 2090 3745; x_wconf 93' lang='lat' dir='ltr'><strong>qui-</strong></span> 
     </span>
    </p>
   </div>
   <div class='ocr_carea' id='block_1_69' title="bbox 503 3765 2090 3835">
    <p class='ocr_par' dir='ltr' id='par_1_69' title="bbox 503 3765 2090 3835">
     <span class='ocr_line' id='line_1_69' title="bbox 503 3765 2090 3835; baseline -0.002 -11"><span class='ocrx_word' id='word_1_508' title='bbox 503 3769 732 3825; x_wconf 83' lang='lat' dir='ltr'><strong>busdam</strong></span> <span class='ocrx_word' id='word_1_509' title='bbox 761 3767 815 3821; x_wconf 90' lang='lat' dir='ltr'><strong>in</strong></span> <span class='ocrx_word' id='word_1_510' title='bbox 844 3781 977 3835; x_wconf 88' lang='lat' dir='ltr'><strong>pace</strong></span> <span class='ocrx_word' id='word_1_511' title='bbox 997 3765 1250 3820; x_wconf 69' lang='lat' dir='ltr'><strong>Ecclesiae</strong></span> <span class='ocrx_word' id='word_1_512' title='bbox 1278 3766 1683 3834; x_wconf 88' lang='lat' dir='ltr'><strong>quiescentibus</strong></span> <span class='ocrx_word' id='word_1_513' title='bbox 1710 3765 1923 3835; x_wconf 79' lang='lat' dir='ltr'><strong>loquor,</strong></span> <span class='ocrx_word' id='word_1_514' title='bbox 1960 3767 2090 3821; x_wconf 90' lang='lat' dir='ltr'><strong>sibi-</strong></span> 
     </span>
    </p>
   </div>
   <div class='ocr_carea' id='block_1_70' title="bbox 510 3856 2086 3932">
    <p class='ocr_par' dir='ltr' id='par_1_70' title="bbox 510 3856 2086 3932">
     <span class='ocr_line' id='line_1_70' title="bbox 510 3856 2086 3932; baseline -0.002 -16"><span class='ocrx_word' id='word_1_515' title='bbox 510 3869 623 3917; x_wconf 88' lang='lat' dir='ltr'><strong>met</strong></span> <span class='ocrx_word' id='word_1_516' title='bbox 658 3861 792 3932; x_wconf 87' lang='lat' dir='ltr'><strong>ipsis</strong></span> <span class='ocrx_word' id='word_1_517' title='bbox 836 3858 1207 3913; x_wconf 87' lang='lat' dir='ltr'><strong>testimonium</strong></span> <span class='ocrx_word' id='word_1_518' title='bbox 1261 3856 1683 3926; x_wconf 88' lang='lat' dir='ltr'><strong>uniuscujusque</strong></span> <span class='ocrx_word' id='word_1_519' title='bbox 1729 3859 1819 3911; x_wconf 87' lang='lat' dir='ltr'><strong>vix</strong></span> <span class='ocrx_word' id='word_1_520' title='bbox 1872 3857 2086 3924; x_wconf 82' lang='lat' dir='ltr'><strong>sullicit,</strong></span> 
     </span>
    </p>
   </div>
   <div class='ocr_carea' id='block_1_71' title="bbox 507 3947 2090 4023">
    <p class='ocr_par' dir='ltr' id='par_1_71' title="bbox 507 3947 2090 4023">
     <span class='ocr_line' id='line_1_71' title="bbox 507 3947 2090 4023; baseline 0 -18"><span class='ocrx_word' id='word_1_521' title='bbox 507 3958 712 4023; x_wconf 84' lang='lat' dir='ltr'><strong>quanto</strong></span> <span class='ocrx_word' id='word_1_522' title='bbox 736 3949 915 4005; x_wconf 89' lang='lat' dir='ltr'><strong>minus</strong></span> <span class='ocrx_word' id='word_1_523' title='bbox 941 3956 997 4005; x_wconf 90' lang='lat' dir='ltr'><strong>et</strong></span> <span class='ocrx_word' id='word_1_524' title='bbox 1017 3949 1121 4003; x_wconf 88' lang='lat' dir='ltr'><strong>sibi</strong></span> <span class='ocrx_word' id='word_1_525' title='bbox 1143 3956 1198 4002; x_wconf 91' lang='lat' dir='ltr'><strong>et</strong></span> <span class='ocrx_word' id='word_1_526' title='bbox 1223 3947 1506 4018; x_wconf 85' lang='lat' dir='ltr'><strong>proximo?</strong></span> <span class='ocrx_word' id='word_1_527' title='bbox 1534 3949 1621 4002; x_wconf 91' lang='lat' dir='ltr'><strong>ubi</strong></span> <span class='ocrx_word' id='word_1_528' title='bbox 1651 3958 1703 4002; x_wconf 91' lang='lat' dir='ltr'><strong>et</strong></span> <span class='ocrx_word' id='word_1_529' title='bbox 1727 3951 1973 4017; x_wconf 88' lang='lat' dir='ltr'><strong>protinus</strong></span> <span class='ocrx_word' id='word_1_530' title='bbox 1993 3965 2090 4020; x_wconf 90' lang='lat' dir='ltr'><strong>per</strong></span> 
     </span>
    </p>
   </div>
   <div class='ocr_carea' id='block_1_72' title="bbox 506 4038 1226 4113">
    <p class='ocr_par' dir='ltr' id='par_1_72' title="bbox 506 4038 1226 4113">
     <span class='ocr_line' id='line_1_72' title="bbox 506 4038 1226 4113; baseline -0.01 -17"><span class='ocrx_word' id='word_1_531' title='bbox 506 4039 932 4113; x_wconf 89' lang='lat' dir='ltr'><strong>increpationem</strong></span> <span class='ocrx_word' id='word_1_532' title='bbox 969 4038 1226 4095; x_wconf 90' lang='lat' dir='ltr'><strong>subdunt.</strong></span> 
     </span>
    </p>
   </div>
   <div class='ocr_carea' id='block_1_73' title="bbox 575 4129 2087 4205">
    <p class='ocr_par' dir='ltr' id='par_1_73' title="bbox 575 4129 2087 4205">
     <span class='ocr_line' id='line_1_73' title="bbox 575 4129 2087 4205; baseline 0 -19"><span class='ocrx_word' id='word_1_533' title='bbox 575 4131 658 4187; x_wconf 82' lang='lat' dir='ltr'><strong>Ite</strong></span> <span class='ocrx_word' id='word_1_534' title='bbox 705 4131 879 4204; x_wconf 79' lang='lat' dir='ltr'><strong>potius</strong></span> <span class='ocrx_word' id='word_1_535' title='bbox 921 4131 990 4186; x_wconf 87' lang='lat' dir='ltr'><strong>ad</strong></span> <span class='ocrx_word' id='word_1_536' title='bbox 1025 4129 1299 4185; x_wconf 83' lang='lat' dir='ltr'><strong>vendentes</strong></span> <span class='ocrx_word' id='word_1_537' title='bbox 1340 4138 1388 4182; x_wconf 87' lang='lat' dir='ltr'><strong>et</strong></span> <span class='ocrx_word' id='word_1_538' title='bbox 1431 4129 1583 4182; x_wconf 85' lang='lat' dir='ltr'><strong>emite</strong></span> <span class='ocrx_word' id='word_1_539' title='bbox 1617 4129 1776 4184; x_wconf 81' lang='lat' dir='ltr'><strong>vobis.</strong></span> <span class='ocrx_word' id='word_1_540' title='bbox 1801 4130 1902 4200; x_wconf 84' lang='lat' dir='ltr'><strong>(Ex</strong></span> <span class='ocrx_word' id='word_1_541' title='bbox 1923 4132 2087 4205; x_wconf 82' lang='lat' dir='ltr'><strong>Aug.)</strong></span> 
     </span>
    </p>
   </div>
   <div class='ocr_carea' id='block_1_74' title="bbox 504 4221 2088 4291">
    <p class='ocr_par' dir='ltr' id='par_1_74' title="bbox 504 4221 2088 4291">
     <span class='ocr_line' id='line_1_74' title="bbox 504 4221 2088 4291; baseline 0.001 -13"><span class='ocrx_word' id='word_1_542' title='bbox 504 4223 625 4278; x_wconf 85' lang='lat' dir='ltr'><strong>Non</strong></span> <span class='ocrx_word' id='word_1_543' title='bbox 654 4221 942 4278; x_wconf 89' lang='lat' dir='ltr'><strong>consilium</strong></span> <span class='ocrx_word' id='word_1_544' title='bbox 984 4221 1197 4276; x_wconf 89' lang='lat' dir='ltr'><strong>dedisse</strong></span> <span class='ocrx_word' id='word_1_545' title='bbox 1231 4221 1484 4291; x_wconf 69' lang='lat' dir='ltr'><strong>putandae</strong></span> <span class='ocrx_word' id='word_1_546' title='bbox 1530 4229 1688 4287; x_wconf 86' lang='lat' dir='ltr'><strong>sunt;</strong></span> <span class='ocrx_word' id='word_1_547' title='bbox 1736 4225 1830 4278; x_wconf 87' lang='lat' dir='ltr'><strong>sed</strong></span> <span class='ocrx_word' id='word_1_548' title='bbox 1859 4226 2088 4280; x_wconf 86' lang='lat' dir='ltr'><strong>crimina</strong></span> 
     </span>
    </p>
   </div>
   <div class='ocr_carea' id='block_1_75' title="bbox 505 4313 1526 4382">
    <p class='ocr_par' dir='ltr' id='par_1_75' title="bbox 505 4313 1526 4382">
     <span class='ocr_line' id='line_1_75' title="bbox 505 4313 1526 4382; baseline -0.005 -12"><span class='ocrx_word' id='word_1_549' title='bbox 505 4328 696 4370; x_wconf 88' lang='lat' dir='ltr'><strong>eorum</strong></span> <span class='ocrx_word' id='word_1_550' title='bbox 718 4329 787 4367; x_wconf 83' lang='lat' dir='ltr'><strong>ex</strong></span> <span class='ocrx_word' id='word_1_551' title='bbox 812 4313 1030 4382; x_wconf 89' lang='lat' dir='ltr'><strong>obliquo</strong></span> <span class='ocrx_word' id='word_1_552' title='bbox 1051 4327 1526 4367; x_wconf 86' lang='lat' dir='ltr'><strong>commemorasse.</strong></span> 
     </span>
    </p>
   </div>
   <div class='ocr_carea' id='block_1_76' title="bbox 585 4403 2089 4477">
    <p class='ocr_par' dir='ltr' id='par_1_76' title="bbox 585 4403 2089 4477">
     <span class='ocr_line' id='line_1_76' title="bbox 585 4403 2089 4477; baseline 0.003 -17"><span class='ocrx_word' id='word_1_553' title='bbox 585 4403 709 4477; x_wconf 78' lang='lat' dir='ltr'><strong>(Ex</strong></span> <span class='ocrx_word' id='word_1_554' title='bbox 743 4403 905 4475; x_wconf 84' lang='lat' dir='ltr'><strong>Greg.</strong></span> <span class='ocrx_word' id='word_1_555' title='bbox 934 4403 952 4460; x_wconf 60' lang='grc' dir='ltr'>δ</span> <span class='ocrx_word' id='word_1_556' title='bbox 987 4406 1307 4460; x_wconf 80' lang='lat' dir='ltr'><strong>Venditores</strong></span> <span class='ocrx_word' id='word_1_557' title='bbox 1349 4407 1547 4474; x_wconf 87' lang='lat' dir='ltr'><strong>quippe</strong></span> <span class='ocrx_word' id='word_1_558' title='bbox 1593 4407 1727 4473; x_wconf 91' lang='lat' dir='ltr'><strong>olei,</strong></span> <span class='ocrx_word' id='word_1_559' title='bbox 1779 4406 2089 4464; x_wconf 88' lang='lat' dir='ltr'><strong>adulatores</strong></span> 
     </span>
    </p>
   </div>
   <div class='ocr_carea' id='block_1_77' title="bbox 509 4499 2091 4575">
    <p class='ocr_par' dir='ltr' id='par_1_77' title="bbox 509 4499 2091 4575">
     <span class='ocr_line' id='line_1_77' title="bbox 509 4499 2091 4575; baseline 0.003 -19"><span class='ocrx_word' id='word_1_560' title='bbox 509 4507 657 4565; x_wconf 87' lang='lat' dir='ltr'><strong>sunt,</strong></span> <span class='ocrx_word' id='word_1_561' title='bbox 689 4499 782 4568; x_wconf 91' lang='lat' dir='ltr'><strong>qui</strong></span> <span class='ocrx_word' id='word_1_562' title='bbox 811 4499 953 4554; x_wconf 89' lang='lat' dir='ltr'><strong>enim</strong></span> <span class='ocrx_word' id='word_1_563' title='bbox 984 4509 1202 4568; x_wconf 86' lang='lat' dir='ltr'><strong>accepta</strong></span> <span class='ocrx_word' id='word_1_564' title='bbox 1233 4503 1476 4568; x_wconf 90' lang='lat' dir='ltr'><strong>qualibet</strong></span> <span class='ocrx_word' id='word_1_565' title='bbox 1521 4506 1696 4575; x_wconf 86' lang='lat' dir='ltr'><strong>gratia</strong></span> <span class='ocrx_word' id='word_1_566' title='bbox 1721 4546 1736 4570; x_wconf 91' lang='lat'><strong>,</strong></span> <span class='ocrx_word' id='word_1_567' title='bbox 1782 4509 1939 4560; x_wconf 85' lang='lat' dir='ltr'><strong>vanis</strong></span> <span class='ocrx_word' id='word_1_568' title='bbox 1977 4506 2091 4560; x_wconf 89' lang='lat' dir='ltr'><strong>suis</strong></span> 
     </span>
    </p>
   </div>
   <div class='ocr_carea' id='block_1_78' title="bbox 510 4574 2167 4664">
    <p class='ocr_par' dir='ltr' id='par_1_78' title="bbox 510 4574 2167 4664">
     <span class='ocr_line' id='line_1_78' title="bbox 510 4574 2167 4664; baseline 0.004 -20"><span class='ocrx_word' id='word_1_569' title='bbox 510 4589 758 4645; x_wconf 87' lang='lat' dir='ltr'><strong>laudibus</strong></span> <span class='ocrx_word' id='word_1_570' title='bbox 788 4590 1018 4644; x_wconf 90' lang='lat' dir='ltr'><strong>nitorem</strong></span> <span class='ocrx_word' id='word_1_571' title='bbox 1057 4590 1241 4661; x_wconf 65' lang='lat' dir='ltr'><strong>gloriae</strong></span> <span class='ocrx_word' id='word_1_572' title='bbox 1268 4574 1540 4659; x_wconf 85' lang='lat' dir='ltr'><strong>otl&#39;erunt,</strong></span> <span class='ocrx_word' id='word_1_573' title='bbox 1569 4596 1723 4664; x_wconf 85' lang='lat' dir='ltr'><strong>quasi</strong></span> <span class='ocrx_word' id='word_1_574' title='bbox 1755 4596 1932 4650; x_wconf 88' lang='lat' dir='ltr'><strong>oleum</strong></span> <span class='ocrx_word' id='word_1_575' title='bbox 1962 4613 2090 4651; x_wconf 81' lang='lat' dir='ltr'><strong>vcn-</strong></span> <span class='ocrx_word' id='word_1_576' title='bbox 2115 4574 2167 4633; x_wconf 83' lang='lat' dir='ltr'><strong>D</strong></span> 
     </span>
    </p>
   </div>
   <div class='ocr_carea' id='block_1_79' title="bbox 512 4681 2090 4752">
    <p class='ocr_par' dir='ltr' id='par_1_79' title="bbox 512 4681 2090 4752">
     <span class='ocr_line' id='line_1_79' title="bbox 512 4681 2090 4752; baseline 0.004 -15"><span class='ocrx_word' id='word_1_577' title='bbox 512 4681 680 4749; x_wconf 87' lang='lat' dir='ltr'><strong>dunt,</strong></span> <span class='ocrx_word' id='word_1_578' title='bbox 712 4683 780 4737; x_wconf 91' lang='lat' dir='ltr'><strong>de</strong></span> <span class='ocrx_word' id='word_1_579' title='bbox 804 4697 912 4752; x_wconf 90' lang='lat' dir='ltr'><strong>quo</strong></span> <span class='ocrx_word' id='word_1_580' title='bbox 949 4681 1189 4752; x_wconf 86' lang='lat' dir='ltr'><strong>profecto</strong></span> <span class='ocrx_word' id='word_1_581' title='bbox 1219 4683 1339 4738; x_wconf 87' lang='lat' dir='ltr'><strong>oleo</strong></span> <span class='ocrx_word' id='word_1_582' title='bbox 1365 4683 1655 4741; x_wconf 86' lang='lat' dir='ltr'><strong>Psalmista</strong></span> <span class='ocrx_word' id='word_1_583' title='bbox 1694 4688 1824 4742; x_wconf 87' lang='lat' dir='ltr'><strong>dicit</strong></span> <span class='ocrx_word' id='word_1_584' title='bbox 1857 4705 1870 4740; x_wconf 91' lang='lat'><strong>:</strong></span> <span class='ocrx_word' id='word_1_585' title='bbox 1903 4686 2090 4743; x_wconf 86' lang='lat' dir='ltr'><strong>Oleum</strong></span> 
     </span>
    </p>
   </div>
   <div class='ocr_carea' id='block_1_80' title="bbox 514 4773 2088 4854">
    <p class='ocr_par' dir='ltr' id='par_1_80' title="bbox 514 4773 2088 4854">
     <span class='ocr_line' id='line_1_80' title="bbox 514 4773 2088 4854; baseline 0.005 -26"><span class='ocrx_word' id='word_1_586' title='bbox 514 4783 688 4828; x_wconf 81' lang='lat' dir='ltr'><strong>autem</strong></span> <span class='ocrx_word' id='word_1_587' title='bbox 714 4775 1025 4845; x_wconf 82' lang='lat' dir='ltr'><strong>peccatoris,</strong></span> <span class='ocrx_word' id='word_1_588' title='bbox 1047 4791 1151 4828; x_wconf 86' lang='lat' dir='ltr'><strong>non</strong></span> <span class='ocrx_word' id='word_1_589' title='bbox 1187 4773 1471 4846; x_wconf 82' lang='lat' dir='ltr'><strong>impinguet</strong></span> <span class='ocrx_word' id='word_1_590' title='bbox 1517 4788 1669 4850; x_wconf 87' lang='lat' dir='ltr'><strong>caput</strong></span> <span class='ocrx_word' id='word_1_591' title='bbox 1721 4796 1890 4834; x_wconf 80' lang='lat' dir='ltr'><strong>nteant</strong></span> <span class='ocrx_word' id='word_1_592' title='bbox 1917 4780 2088 4854; x_wconf 83' lang='lat' dir='ltr'><strong>(Psal.</strong></span> 
     </span>
    </p>
   </div>
   <div class='ocr_carea' id='block_1_81' title="bbox 513 4868 658 4942">
    <p class='ocr_par' dir='ltr' id='par_1_81' title="bbox 513 4868 658 4942">
     <span class='ocr_line' id='line_1_81' title="bbox 513 4868 658 4942; baseline -0.021 -16"><span class='ocrx_word' id='word_1_593' title='bbox 513 4868 658 4942; x_wconf 76' lang='lat' dir='ltr'><strong>cst).</strong></span> 
     </span>
    </p>
   </div>
   <div class='ocr_carea' id='block_1_82' title="bbox 584 4959 2093 5037">
    <p class='ocr_par' dir='ltr' id='par_1_82' title="bbox 584 4959 2093 5037">
     <span class='ocr_line' id='line_1_82' title="bbox 584 4959 2093 5037; baseline 0.005 -23"><span class='ocrx_word' id='word_1_594' title='bbox 584 4960 723 5014; x_wconf 87' lang='lat' dir='ltr'><strong>Dum</strong></span> <span class='ocrx_word' id='word_1_595' title='bbox 755 4969 929 5014; x_wconf 85' lang='lat' dir='ltr'><strong>autem</strong></span> <span class='ocrx_word' id='word_1_596' title='bbox 954 4959 1087 5013; x_wconf 87' lang='lat' dir='ltr'><strong>irent</strong></span> <span class='ocrx_word' id='word_1_597' title='bbox 1113 4976 1296 5022; x_wconf 83' lang='lat' dir='ltr'><strong>emere,</strong></span> <span class='ocrx_word' id='word_1_598' title='bbox 1338 4963 1471 5017; x_wconf 84' lang='lat' dir='ltr'><strong>venit</strong></span> <span class='ocrx_word' id='word_1_599' title='bbox 1496 4980 1736 5033; x_wconf 87' lang='lat' dir='ltr'><strong>sponsus,</strong></span> <span class='ocrx_word' id='word_1_600' title='bbox 1775 4974 1825 5018; x_wconf 87' lang='lat' dir='ltr'><strong>et</strong></span> <span class='ocrx_word' id='word_1_601' title='bbox 1859 4982 1975 5037; x_wconf 76' lang='lat' dir='ltr'><strong>qua:</strong></span> <span class='ocrx_word' id='word_1_602' title='bbox 1996 4983 2093 5036; x_wconf 83' lang='lat' dir='ltr'><strong>pa-</strong></span> 
     </span>
    </p>
   </div>
   <div class='ocr_carea' id='block_1_83' title="bbox 511 5052 2088 5124">
    <p class='ocr_par' dir='ltr' id='par_1_83' title="bbox 511 5052 2088 5124">
     <span class='ocr_line' id='line_1_83' title="bbox 511 5052 2088 5124; baseline 0.004 -17"><span class='ocrx_word' id='word_1_603' title='bbox 511 5062 644 5108; x_wconf 64' lang='lat' dir='ltr'><strong>rata?</strong></span> <span class='ocrx_word' id='word_1_604' title='bbox 670 5062 820 5107; x_wconf 85' lang='lat' dir='ltr'><strong>erant</strong></span> <span class='ocrx_word' id='word_1_605' title='bbox 847 5052 1170 5106; x_wconf 85' lang='lat' dir='ltr'><strong>intraverunt</strong></span> <span class='ocrx_word' id='word_1_606' title='bbox 1199 5069 1316 5106; x_wconf 88' lang='lat' dir='ltr'><strong>cum</strong></span> <span class='ocrx_word' id='word_1_607' title='bbox 1339 5070 1400 5107; x_wconf 86' lang='lat' dir='ltr'><strong>eo</strong></span> <span class='ocrx_word' id='word_1_608' title='bbox 1435 5054 1503 5107; x_wconf 70' lang='lat' dir='ltr'><strong>ad</strong></span> <span class='ocrx_word' id='word_1_609' title='bbox 1539 5056 1748 5124; x_wconf 87' lang='lat' dir='ltr'><strong>nuptias</strong></span> <span class='ocrx_word' id='word_1_610' title='bbox 1768 5097 1782 5119; x_wconf 93' lang='lat'><strong>,</strong></span> <span class='ocrx_word' id='word_1_611' title='bbox 1821 5067 1867 5110; x_wconf 86' lang='lat' dir='ltr'><strong>et</strong></span> <span class='ocrx_word' id='word_1_612' title='bbox 1906 5058 2088 5113; x_wconf 87' lang='lat' dir='ltr'><strong>clausa</strong></span> 
     </span>
    </p>
   </div>
   <div class='ocr_carea' id='block_1_84' title="bbox 512 5141 2099 5215">
    <p class='ocr_par' dir='ltr' id='par_1_84' title="bbox 512 5141 2099 5215">
     <span class='ocr_line' id='line_1_84' title="bbox 512 5141 2099 5215; baseline 0.004 -17"><span class='ocrx_word' id='word_1_613' title='bbox 512 5152 590 5200; x_wconf 79' lang='lat' dir='ltr'><strong>est</strong></span> <span class='ocrx_word' id='word_1_614' title='bbox 623 5143 822 5214; x_wconf 86' lang='lat' dir='ltr'><strong>janua.</strong></span> <span class='ocrx_word' id='word_1_615' title='bbox 877 5143 977 5214; x_wconf 83' lang='lat' dir='ltr'><strong>(Ex</strong></span> <span class='ocrx_word' id='word_1_616' title='bbox 1019 5141 1180 5215; x_wconf 83' lang='lat' dir='ltr'><strong>Aug.)</strong></span> <span class='ocrx_word' id='word_1_617' title='bbox 1213 5143 1480 5199; x_wconf 87' lang='lat' dir='ltr'><strong>Euntibus</strong></span> <span class='ocrx_word' id='word_1_618' title='bbox 1527 5156 1706 5200; x_wconf 91' lang='lat' dir='ltr'><strong>autem</strong></span> <span class='ocrx_word' id='word_1_619' title='bbox 1752 5147 1889 5213; x_wconf 92' lang='lat' dir='ltr'><strong>illis,</strong></span> <span class='ocrx_word' id='word_1_620' title='bbox 1944 5151 2099 5204; x_wconf 71' lang='lat' dir='ltr'><strong>veni‘s</strong></span> 
     </span>
    </p>
   </div>
   <div class='ocr_carea' id='block_1_85' title="bbox 2193 3311 3794 3387">
    <p class='ocr_par' dir='ltr' id='par_1_85' title="bbox 2193 3311 3794 3387">
     <span class='ocr_line' id='line_1_85' title="bbox 2193 3311 3794 3387; baseline -0.002 -15"><span class='ocrx_word' id='word_1_621' title='bbox 2193 3325 2272 3372; x_wconf 74' lang='lat' dir='ltr'><strong>es&#39;</strong></span> <span class='ocrx_word' id='word_1_622' title='bbox 2296 3317 2410 3387; x_wconf 83' lang='lat' dir='ltr'><strong>ejus</strong></span> <span class='ocrx_word' id='word_1_623' title='bbox 2430 3320 2712 3381; x_wconf 85' lang='lat' dir='ltr'><strong>severitas,</strong></span> <span class='ocrx_word' id='word_1_624' title='bbox 2733 3324 2857 3385; x_wconf 89' lang='lat' dir='ltr'><strong>post</strong></span> <span class='ocrx_word' id='word_1_625' title='bbox 2879 3314 3167 3384; x_wconf 90' lang='lat' dir='ltr'><strong>judicium,</strong></span> <span class='ocrx_word' id='word_1_626' title='bbox 3193 3315 3347 3386; x_wconf 90' lang='lat' dir='ltr'><strong>cujus</strong></span> <span class='ocrx_word' id='word_1_627' title='bbox 3371 3321 3498 3367; x_wconf 82' lang='lat' dir='ltr'><strong>ante</strong></span> <span class='ocrx_word' id='word_1_628' title='bbox 3516 3311 3794 3379; x_wconf 76' lang='lat' dir='ltr'><strong>judicium</strong></span> 
     </span>
    </p>
   </div>
   <div class='ocr_carea' id='block_1_86' title="bbox 2194 3408 3353 3478">
    <p class='ocr_par' dir='ltr' id='par_1_86' title="bbox 2194 3408 3353 3478">
     <span class='ocr_line' id='line_1_86' title="bbox 2194 3408 3353 3478; baseline -0.003 -15"><span class='ocrx_word' id='word_1_629' title='bbox 2194 3409 2481 3465; x_wconf 87' lang='lat' dir='ltr'><strong>ineﬁ&#39;abilis</strong></span> <span class='ocrx_word' id='word_1_630' title='bbox 2514 3408 2884 3463; x_wconf 87' lang='lat' dir='ltr'><strong>misericordia</strong></span> <span class='ocrx_word' id='word_1_631' title='bbox 2913 3415 3211 3478; x_wconf 81' lang='lat' dir='ltr'><strong>praerogata</strong></span> <span class='ocrx_word' id='word_1_632' title='bbox 3250 3415 3353 3460; x_wconf 92' lang='lat' dir='ltr'><strong>est.</strong></span> 
     </span>
    </p>
   </div>
   <div class='ocr_carea' id='block_1_87' title="bbox 2266 3492 3790 3569">
    <p class='ocr_par' dir='ltr' id='par_1_87' title="bbox 2266 3492 3790 3569">
     <span class='ocr_line' id='line_1_87' title="bbox 2266 3492 3790 3569; baseline -0.005 -16"><span class='ocrx_word' id='word_1_633' title='bbox 2266 3501 2329 3554; x_wconf 86' lang='lat' dir='ltr'><strong>At</strong></span> <span class='ocrx_word' id='word_1_634' title='bbox 2377 3499 2464 3553; x_wconf 87' lang='lat' dir='ltr'><strong>ille</strong></span> <span class='ocrx_word' id='word_1_635' title='bbox 2494 3499 2811 3569; x_wconf 82' lang='lat' dir='ltr'><strong>respondens</strong></span> <span class='ocrx_word' id='word_1_636' title='bbox 2860 3498 2932 3550; x_wconf 88' lang='lat' dir='ltr'><strong>ait</strong></span> <span class='ocrx_word' id='word_1_637' title='bbox 2963 3513 2980 3550; x_wconf 92' lang='lat'><strong><em>:</em></strong></span> <span class='ocrx_word' id='word_1_638' title='bbox 3007 3498 3174 3550; x_wconf 88' lang='lat' dir='ltr'><strong>Amen</strong></span> <span class='ocrx_word' id='word_1_639' title='bbox 3222 3495 3340 3546; x_wconf 87' lang='lat' dir='ltr'><strong>dico</strong></span> <span class='ocrx_word' id='word_1_640' title='bbox 3387 3492 3554 3557; x_wconf 84' lang='lat' dir='ltr'><strong>vobis,</strong></span> <span class='ocrx_word' id='word_1_641' title='bbox 3586 3494 3790 3547; x_wconf 74' lang='lat' dir='ltr'><strong>uestio.</strong></span> 
     </span>
    </p>
   </div>
   <div class='ocr_carea' id='block_1_88' title="bbox 2197 3582 3890 3666">
    <p class='ocr_par' dir='ltr' id='par_1_88' title="bbox 2197 3582 3890 3666">
     <span class='ocr_line' id='line_1_88' title="bbox 2197 3582 3890 3666; baseline -0.011 -18"><span class='ocrx_word' id='word_1_642' title='bbox 2197 3593 2295 3666; x_wconf 80' lang='lat' dir='ltr'><strong>(Ex</strong></span> <span class='ocrx_word' id='word_1_643' title='bbox 2342 3591 2594 3664; x_wconf 84' lang='lat' dir='ltr'><strong>Hieron.)</strong></span> <span class='ocrx_word' id='word_1_644' title='bbox 2628 3590 2789 3645; x_wconf 81' lang='lat' dir='ltr'><strong>Novit</strong></span> <span class='ocrx_word' id='word_1_645' title='bbox 2825 3591 3088 3644; x_wconf 90' lang='lat' dir='ltr'><strong>Dominus</strong></span> <span class='ocrx_word' id='word_1_646' title='bbox 3116 3586 3209 3657; x_wconf 85' lang='lat' dir='ltr'><strong>qui</strong></span> <span class='ocrx_word' id='word_1_647' title='bbox 3241 3587 3359 3656; x_wconf 89' lang='lat' dir='ltr'><strong>ejus</strong></span> <span class='ocrx_word' id='word_1_648' title='bbox 3392 3592 3520 3638; x_wconf 91' lang='lat' dir='ltr'><strong>sunt</strong></span> <span class='ocrx_word' id='word_1_649' title='bbox 3565 3582 3657 3655; x_wconf 83' lang='lat' dir='ltr'><strong>(II</strong></span> <span class='ocrx_word' id='word_1_650' title='bbox 3706 3583 3795 3637; x_wconf 82' lang='lat' dir='ltr'><strong>Ti-</strong></span> <span class='ocrx_word' id='word_1_651' title='bbox 3879 3619 3890 3630; x_wconf 86' lang='lat'><strong>.</strong></span> 
     </span>
    </p>
   </div>
   <div class='ocr_carea' id='block_1_89' title="bbox 2194 3675 3788 3758">
    <p class='ocr_par' dir='ltr' id='par_1_89' title="bbox 2194 3675 3788 3758">
     <span class='ocr_line' id='line_1_89' title="bbox 2194 3675 3788 3758; baseline -0.008 -19"><span class='ocrx_word' id='word_1_652' title='bbox 2194 3686 2354 3754; x_wconf 76' lang='lat' dir='ltr'><strong>math.</strong></span> <span class='ocrx_word' id='word_1_653' title='bbox 2391 3684 2490 3758; x_wconf 87' lang='grc' dir='ltr'><strong>ιι),</strong></span> <span class='ocrx_word' id='word_1_654' title='bbox 2535 3695 2593 3739; x_wconf 91' lang='lat' dir='ltr'><strong>et</strong></span> <span class='ocrx_word' id='word_1_655' title='bbox 2639 3685 2728 3753; x_wconf 92' lang='lat' dir='ltr'><strong>qui</strong></span> <span class='ocrx_word' id='word_1_656' title='bbox 2763 3684 2976 3755; x_wconf 76' lang='lat' dir='ltr'><strong>ignorat</strong></span> <span class='ocrx_word' id='word_1_657' title='bbox 3013 3679 3352 3751; x_wconf 86' lang='lat' dir='ltr'><strong>ignorabitur</strong></span> <span class='ocrx_word' id='word_1_658' title='bbox 3379 3676 3431 3749; x_wconf 85' lang='grc' dir='ltr'><strong>(Ι</strong></span> <span class='ocrx_word' id='word_1_659' title='bbox 3471 3675 3598 3731; x_wconf 83' lang='lat' dir='ltr'><strong>Cor.</strong></span> <span class='ocrx_word' id='word_1_660' title='bbox 3649 3675 3788 3744; x_wconf 70' lang='grc' dir='ltr'><strong>ιη).</strong></span> 
     </span>
    </p>
   </div>
   <div class='ocr_carea' id='block_1_90' title="bbox 2194 3773 3334 3846">
    <p class='ocr_par' dir='ltr' id='par_1_90' title="bbox 2194 3773 3334 3846">
     <span class='ocr_line' id='line_1_90' title="bbox 2194 3773 3334 3846; baseline -0.004 -16"><span class='ocrx_word' id='word_1_661' title='bbox 2194 3777 2378 3832; x_wconf 83' lang='lat' dir='ltr'><strong>Nescit</strong></span> <span class='ocrx_word' id='word_1_662' title='bbox 2407 3778 2665 3831; x_wconf 90' lang='lat' dir='ltr'><strong>Dominus</strong></span> <span class='ocrx_word' id='word_1_663' title='bbox 2689 3777 2971 3846; x_wconf 84' lang='lat' dir='ltr'><strong>operarios</strong></span> <span class='ocrx_word' id='word_1_664' title='bbox 3002 3773 3334 3844; x_wconf 89' lang='lat' dir='ltr'><strong>iniquitatis.</strong></span> 
     </span>
    </p>
   </div>
   <div class='ocr_carea' id='block_1_91' title="bbox 2267 3866 3789 3945">
    <p class='ocr_par' dir='ltr' id='par_1_91' title="bbox 2267 3866 3789 3945">
     <span class='ocr_line' id='line_1_91' title="bbox 2267 3866 3789 3945; baseline -0.003 -19"><span class='ocrx_word' id='word_1_665' title='bbox 2267 3872 2388 3945; x_wconf 74' lang='lat' dir='ltr'><strong>(Ea:</strong></span> <span class='ocrx_word' id='word_1_666' title='bbox 2418 3870 2458 3925; x_wconf 77' lang='grc' dir='ltr'><em>ϐ</em></span> <span class='ocrx_word' id='word_1_667' title='bbox 2469 3871 2612 3943; x_wconf 88' lang='lat' dir='ltr'><strong>reg.)</strong></span> <span class='ocrx_word' id='word_1_668' title='bbox 2643 3871 2838 3926; x_wconf 86' lang='lat' dir='ltr'><strong>Preces</strong></span> <span class='ocrx_word' id='word_1_669' title='bbox 2865 3869 3128 3935; x_wconf 78' lang='lat' dir='ltr'><strong>oﬁ‘erunt,</strong></span> <span class='ocrx_word' id='word_1_670' title='bbox 3163 3870 3255 3926; x_wconf 90' lang='lat' dir='ltr'><strong>sed</strong></span> <span class='ocrx_word' id='word_1_671' title='bbox 3285 3869 3622 3930; x_wconf 86' lang='lat' dir='ltr'><strong>ncsciuntur,</strong></span> <span class='ocrx_word' id='word_1_672' title='bbox 3659 3866 3789 3937; x_wconf 74' lang='lat' dir='ltr'><strong>quia</strong></span> 
     </span>
    </p>
   </div>
   <div class='ocr_carea' id='block_1_92' title="bbox 2195 3959 3791 4035">
    <p class='ocr_par' dir='ltr' id='par_1_92' title="bbox 2195 3959 3791 4035">
     <span class='ocr_line' id='line_1_92' title="bbox 2195 3959 3791 4035; baseline -0.003 -14"><span class='ocrx_word' id='word_1_673' title='bbox 2195 3975 2324 4021; x_wconf 90' lang='lat' dir='ltr'><strong>tunc</strong></span> <span class='ocrx_word' id='word_1_674' title='bbox 2358 3965 2502 4020; x_wconf 84' lang='lat' dir='ltr'><strong>velut</strong></span> <span class='ocrx_word' id='word_1_675' title='bbox 2528 3965 2829 4035; x_wconf 88' lang='lat' dir='ltr'><strong>incognitos</strong></span> <span class='ocrx_word' id='word_1_676' title='bbox 2859 3963 3000 4018; x_wconf 92' lang='lat' dir='ltr'><strong>Deus</strong></span> <span class='ocrx_word' id='word_1_677' title='bbox 3025 3963 3258 4027; x_wconf 89' lang='lat' dir='ltr'><strong>deserit,</strong></span> <span class='ocrx_word' id='word_1_678' title='bbox 3293 3975 3430 4032; x_wconf 89' lang='lat' dir='ltr'><strong>quos</strong></span> <span class='ocrx_word' id='word_1_679' title='bbox 3468 3959 3633 4015; x_wconf 88' lang='lat' dir='ltr'><strong>modo</strong></span> <span class='ocrx_word' id='word_1_680' title='bbox 3659 3974 3791 4016; x_wconf 78' lang='lat' dir='ltr'><strong>suos</strong></span> 
     </span>
    </p>
   </div>
   <div class='ocr_carea' id='block_1_93' title="bbox 2191 4056 3151 4125">
    <p class='ocr_par' dir='ltr' id='par_1_93' title="bbox 2191 4056 3151 4125">
     <span class='ocr_line' id='line_1_93' title="bbox 2191 4056 3151 4125; baseline -0.004 -15"><span class='ocrx_word' id='word_1_681' title='bbox 2191 4071 2290 4125; x_wconf 91' lang='lat' dir='ltr'><strong>per</strong></span> <span class='ocrx_word' id='word_1_682' title='bbox 2316 4056 2438 4109; x_wconf 69' lang='lat' dir='ltr'><strong>vita:</strong></span> <span class='ocrx_word' id='word_1_683' title='bbox 2468 4056 2720 4109; x_wconf 87' lang='lat' dir='ltr'><strong>meritum</strong></span> <span class='ocrx_word' id='word_1_684' title='bbox 2748 4069 2854 4108; x_wconf 92' lang='lat' dir='ltr'><strong>non</strong></span> <span class='ocrx_word' id='word_1_685' title='bbox 2877 4062 3151 4124; x_wconf 89' lang='lat' dir='ltr'><strong>agnoscat.</strong></span> 
     </span>
    </p>
   </div>
   <div class='ocr_carea' id='block_1_94' title="bbox 2275 4140 3786 4216">
    <p class='ocr_par' dir='ltr' id='par_1_94' title="bbox 2275 4140 3786 4216">
     <span class='ocr_line' id='line_1_94' title="bbox 2275 4140 3786 4216; baseline -0.002 -18"><span class='ocrx_word' id='word_1_686' title='bbox 2275 4144 2500 4216; x_wconf 84' lang='lat' dir='ltr'><strong>Vigilate</strong></span> <span class='ocrx_word' id='word_1_687' title='bbox 2525 4147 2701 4216; x_wconf 87' lang='lat' dir='ltr'><strong>itaque</strong></span> <span class='ocrx_word' id='word_1_688' title='bbox 2725 4146 2850 4216; x_wconf 85' lang='lat' dir='ltr'><strong>quia</strong></span> <span class='ocrx_word' id='word_1_689' title='bbox 2886 4145 3094 4198; x_wconf 84' lang='lat' dir='ltr'><strong>nescitis</strong></span> <span class='ocrx_word' id='word_1_690' title='bbox 3126 4144 3264 4198; x_wconf 84' lang='lat' dir='ltr'><strong>diem</strong></span> <span class='ocrx_word' id='word_1_691' title='bbox 3296 4159 3459 4214; x_wconf 83' lang='lat' dir='ltr'><strong>neque</strong></span> <span class='ocrx_word' id='word_1_692' title='bbox 3485 4144 3698 4196; x_wconf 77' lang='lat' dir='ltr'><strong>horam.</strong></span> <span class='ocrx_word' id='word_1_693' title='bbox 3729 4140 3786 4196; x_wconf 85' lang='lat' dir='ltr'><strong>Si</strong></span> 
     </span>
    </p>
   </div>
   <div class='ocr_carea' id='block_1_95' title="bbox 2193 4235 3789 4306">
    <p class='ocr_par' dir='ltr' id='par_1_95' title="bbox 2193 4235 3789 4306">
     <span class='ocr_line' id='line_1_95' title="bbox 2193 4235 3789 4306; baseline -0.002 -15"><span class='ocrx_word' id='word_1_694' title='bbox 2193 4237 2359 4291; x_wconf 87' lang='lat' dir='ltr'><strong>sciret</strong></span> <span class='ocrx_word' id='word_1_695' title='bbox 2391 4237 2619 4306; x_wconf 88' lang='lat' dir='ltr'><strong>quisque</strong></span> <span class='ocrx_word' id='word_1_696' title='bbox 2650 4237 2715 4291; x_wconf 92' lang='lat' dir='ltr'><strong>de</strong></span> <span class='ocrx_word' id='word_1_697' title='bbox 2751 4236 3005 4306; x_wconf 76' lang='lat' dir='ltr'><strong>praesenti</strong></span> <span class='ocrx_word' id='word_1_698' title='bbox 3037 4235 3256 4300; x_wconf 64' lang='lat' dir='ltr'><strong>saeculo,</strong></span> <span class='ocrx_word' id='word_1_699' title='bbox 3287 4250 3393 4304; x_wconf 91' lang='lat' dir='ltr'><strong>quo</strong></span> <span class='ocrx_word' id='word_1_700' title='bbox 3416 4243 3663 4304; x_wconf 88' lang='lat' dir='ltr'><strong>tempore</strong></span> <span class='ocrx_word' id='word_1_701' title='bbox 3693 4250 3789 4288; x_wconf 77' lang='lat' dir='ltr'><strong>ex-</strong></span> 
     </span>
    </p>
   </div>
   <div class='ocr_carea' id='block_1_96' title="bbox 2193 4325 3786 4397">
    <p class='ocr_par' dir='ltr' id='par_1_96' title="bbox 2193 4325 3786 4397">
     <span class='ocr_line' id='line_1_96' title="bbox 2193 4325 3786 4397; baseline -0.001 -15"><span class='ocrx_word' id='word_1_702' title='bbox 2193 4329 2315 4392; x_wconf 88' lang='lat' dir='ltr'><strong>iret,</strong></span> <span class='ocrx_word' id='word_1_703' title='bbox 2347 4328 2488 4381; x_wconf 90' lang='lat' dir='ltr'><strong>aliud</strong></span> <span class='ocrx_word' id='word_1_704' title='bbox 2524 4337 2736 4397; x_wconf 89' lang='lat' dir='ltr'><strong>tempus</strong></span> <span class='ocrx_word' id='word_1_705' title='bbox 2763 4326 3130 4396; x_wconf 86' lang='lat' dir='ltr'><strong>voluptatibus</strong></span> <span class='ocrx_word' id='word_1_706' title='bbox 3153 4334 3316 4396; x_wconf 92' lang='lat' dir='ltr'><strong>atque</strong></span> <span class='ocrx_word' id='word_1_707' title='bbox 3344 4325 3491 4380; x_wconf 90' lang='lat' dir='ltr'><strong>aliud</strong></span> <span class='ocrx_word' id='word_1_708' title='bbox 3512 4327 3786 4395; x_wconf 76' lang='lat' dir='ltr'><strong>pteniten-</strong></span> 
     </span>
    </p>
   </div>
   <div class='ocr_carea' id='block_1_97' title="bbox 2193 4417 3786 4488">
    <p class='ocr_par' dir='ltr' id='par_1_97' title="bbox 2193 4417 3786 4488">
     <span class='ocr_line' id='line_1_97' title="bbox 2193 4417 3786 4488; baseline -0.003 -14"><span class='ocrx_word' id='word_1_709' title='bbox 2193 4420 2281 4474; x_wconf 70' lang='lat' dir='ltr'><strong>liae</strong></span> <span class='ocrx_word' id='word_1_710' title='bbox 2307 4428 2491 4488; x_wconf 84' lang='lat' dir='ltr'><strong>aptare</strong></span> <span class='ocrx_word' id='word_1_711' title='bbox 2526 4420 2808 4488; x_wconf 86' lang='lat' dir='ltr'><strong>potuisset,</strong></span> <span class='ocrx_word' id='word_1_712' title='bbox 2850 4421 2943 4474; x_wconf 84' lang='lat' dir='ltr'><strong>sed</strong></span> <span class='ocrx_word' id='word_1_713' title='bbox 2969 4418 3060 4488; x_wconf 90' lang='lat' dir='ltr'><strong>qui</strong></span> <span class='ocrx_word' id='word_1_714' title='bbox 3098 4418 3432 4487; x_wconf 69' lang='lat' dir='ltr'><strong>ptenitentite</strong></span> <span class='ocrx_word' id='word_1_715' title='bbox 3462 4417 3630 4471; x_wconf 85' lang='lat' dir='ltr'><strong>vitam</strong></span> <span class='ocrx_word' id='word_1_716' title='bbox 3662 4433 3786 4488; x_wconf 82' lang='lat' dir='ltr'><strong>spo-</strong></span> 
     </span>
    </p>
   </div>
   <div class='ocr_carea' id='block_1_98' title="bbox 2194 4509 3779 4579">
    <p class='ocr_par' dir='ltr' id='par_1_98' title="bbox 2194 4509 3779 4579">
     <span class='ocr_line' id='line_1_98' title="bbox 2194 4509 3779 4579; baseline 0.001 -15"><span class='ocrx_word' id='word_1_717' title='bbox 2194 4512 2380 4579; x_wconf 87' lang='lat' dir='ltr'><strong>pondit</strong></span> <span class='ocrx_word' id='word_1_718' title='bbox 2439 4511 2720 4579; x_wconf 82' lang='lat' dir='ltr'><strong>peccanti,</strong></span> <span class='ocrx_word' id='word_1_719' title='bbox 2770 4509 2910 4565; x_wconf 88' lang='lat' dir='ltr'><strong>diem</strong></span> <span class='ocrx_word' id='word_1_720' title='bbox 2968 4510 3266 4566; x_wconf 87' lang='lat' dir='ltr'><strong>crastinum</strong></span> <span class='ocrx_word' id='word_1_721' title='bbox 3340 4523 3449 4563; x_wconf 91' lang='lat' dir='ltr'><strong>non</strong></span> <span class='ocrx_word' id='word_1_722' title='bbox 3505 4509 3779 4579; x_wconf 86' lang='lat' dir='ltr'><strong>promisit.</strong></span> 
     </span>
    </p>
   </div>
   <div class='ocr_carea' id='block_1_99' title="bbox 2195 4601 3782 4673">
    <p class='ocr_par' dir='ltr' id='par_1_99' title="bbox 2195 4601 3782 4673">
     <span class='ocr_line' id='line_1_99' title="bbox 2195 4601 3782 4673; baseline 0 -15"><span class='ocrx_word' id='word_1_723' title='bbox 2195 4603 2422 4672; x_wconf 86' lang='lat' dir='ltr'><strong>Semper</strong></span> <span class='ocrx_word' id='word_1_724' title='bbox 2433 4617 2561 4671; x_wconf 79' lang='lat' dir='ltr'><strong>ergo</strong></span> <span class='ocrx_word' id='word_1_725' title='bbox 2575 4611 2875 4656; x_wconf 84' lang='lat' dir='ltr'><strong>extremum</strong></span> <span class='ocrx_word' id='word_1_726' title='bbox 2899 4602 3040 4656; x_wconf 86' lang='lat' dir='ltr'><strong>diem</strong></span> <span class='ocrx_word' id='word_1_727' title='bbox 3064 4601 3324 4656; x_wconf 88' lang='lat' dir='ltr'><strong>debemus</strong></span> <span class='ocrx_word' id='word_1_728' title='bbox 3338 4609 3608 4667; x_wconf 88' lang='lat' dir='ltr'><strong>metuere,</strong></span> <span class='ocrx_word' id='word_1_729' title='bbox 3624 4618 3782 4673; x_wconf 86' lang='lat' dir='ltr'><strong>quem</strong></span> 
     </span>
    </p>
   </div>
   <div class='ocr_carea' id='block_1_100' title="bbox 2194 4693 3126 4763">
    <p class='ocr_par' dir='ltr' id='par_1_100' title="bbox 2194 4693 3126 4763">
     <span class='ocr_line' id='line_1_100' title="bbox 2194 4693 3126 4763; baseline -0.001 -15"><span class='ocrx_word' id='word_1_730' title='bbox 2194 4709 2470 4762; x_wconf 90' lang='lat' dir='ltr'><strong>nunquam</strong></span> <span class='ocrx_word' id='word_1_731' title='bbox 2498 4708 2782 4762; x_wconf 88' lang='lat' dir='ltr'><strong>possumus</strong></span> <span class='ocrx_word' id='word_1_732' title='bbox 2809 4693 3126 4763; x_wconf 70' lang='lat' dir='ltr'><strong>prtevidere.</strong></span> 
     </span>
    </p>
   </div>
   <div class='ocr_carea' id='block_1_101' title="bbox 2266 4784 3780 4860">
    <p class='ocr_par' dir='ltr' id='par_1_101' title="bbox 2266 4784 3780 4860">
     <span class='ocr_line' id='line_1_101' title="bbox 2266 4784 3780 4860; baseline 0.006 -23"><span class='ocrx_word' id='word_1_733' title='bbox 2266 4785 2375 4858; x_wconf 75' lang='lat' dir='ltr'><strong>(Ex</strong></span> <span class='ocrx_word' id='word_1_734' title='bbox 2413 4785 2575 4856; x_wconf 86' lang='lat' dir='ltr'><strong>Aug.)</strong></span> <span class='ocrx_word' id='word_1_735' title='bbox 2616 4784 2735 4840; x_wconf 86' lang='lat' dir='ltr'><strong>Non</strong></span> <span class='ocrx_word' id='word_1_736' title='bbox 2777 4787 2938 4841; x_wconf 91' lang='lat' dir='ltr'><strong>modo</strong></span> <span class='ocrx_word' id='word_1_737' title='bbox 2977 4785 3119 4841; x_wconf 93' lang='lat' dir='ltr'><strong>illius</strong></span> <span class='ocrx_word' id='word_1_738' title='bbox 3142 4786 3320 4842; x_wconf 90' lang='lat' dir='ltr'><strong>ultimi</strong></span> <span class='ocrx_word' id='word_1_739' title='bbox 3363 4790 3631 4858; x_wconf 89' lang='lat' dir='ltr'><strong>temporis</strong></span> <span class='ocrx_word' id='word_1_740' title='bbox 3676 4804 3780 4860; x_wconf 87' lang='lat' dir='ltr'><strong>quo</strong></span> 
     </span>
    </p>
   </div>
   <div class='ocr_carea' id='block_1_102' title="bbox 2198 4881 3786 4951">
    <p class='ocr_par' dir='ltr' id='par_1_102' title="bbox 2198 4881 3786 4951">
     <span class='ocr_line' id='line_1_102' title="bbox 2198 4881 3786 4951; baseline 0.006 -21"><span class='ocrx_word' id='word_1_741' title='bbox 2198 4887 2459 4933; x_wconf 88' lang='lat' dir='ltr'><strong>venturus</strong></span> <span class='ocrx_word' id='word_1_742' title='bbox 2488 4887 2574 4934; x_wconf 90' lang='lat' dir='ltr'><strong>est</strong></span> <span class='ocrx_word' id='word_1_743' title='bbox 2609 4895 2866 4951; x_wconf 90' lang='lat' dir='ltr'><strong>sponsus,</strong></span> <span class='ocrx_word' id='word_1_744' title='bbox 2907 4881 2999 4936; x_wconf 89' lang='lat' dir='ltr'><strong>sed</strong></span> <span class='ocrx_word' id='word_1_745' title='bbox 3034 4897 3144 4934; x_wconf 63' lang='lat' dir='ltr'><strong>suae</strong></span> <span class='ocrx_word' id='word_1_746' title='bbox 3176 4882 3408 4951; x_wconf 91' lang='lat' dir='ltr'><strong>quisque</strong></span> <span class='ocrx_word' id='word_1_747' title='bbox 3437 4884 3786 4941; x_wconf 74' lang='lat' dir='ltr'><strong>dormitionis</strong></span> 
     </span>
    </p>
   </div>
   <div class='ocr_carea' id='block_1_103' title="bbox 2196 4970 3776 5044">
    <p class='ocr_par' dir='ltr' id='par_1_103' title="bbox 2196 4970 3776 5044">
     <span class='ocr_line' id='line_1_103' title="bbox 2196 4970 3776 5044; baseline 0.004 -20"><span class='ocrx_word' id='word_1_748' title='bbox 2196 4970 2337 5024; x_wconf 90' lang='lat' dir='ltr'><strong>diem</strong></span> <span class='ocrx_word' id='word_1_749' title='bbox 2373 4977 2428 5024; x_wconf 91' lang='lat' dir='ltr'><strong>et</strong></span> <span class='ocrx_word' id='word_1_750' title='bbox 2459 4971 2649 5025; x_wconf 83' lang='lat' dir='ltr'><strong>horam</strong></span> <span class='ocrx_word' id='word_1_751' title='bbox 2691 4971 2885 5026; x_wconf 85' lang='lat' dir='ltr'><strong>nescit.</strong></span> <span class='ocrx_word' id='word_1_752' title='bbox 2923 4971 3179 5040; x_wconf 86' lang='lat' dir='ltr'><strong>Quisquis</strong></span> <span class='ocrx_word' id='word_1_753' title='bbox 3209 4981 3390 5027; x_wconf 89' lang='lat' dir='ltr'><strong>autem</strong></span> <span class='ocrx_word' id='word_1_754' title='bbox 3418 4987 3648 5044; x_wconf 88' lang='lat' dir='ltr'><strong>paratus</strong></span> <span class='ocrx_word' id='word_1_755' title='bbox 3679 4985 3776 5041; x_wconf 82' lang='lat' dir='ltr'><strong>est,</strong></span> 
     </span>
    </p>
   </div>
   <div class='ocr_carea' id='block_1_104' title="bbox 2196 5061 3777 5135">
    <p class='ocr_par' dir='ltr' id='par_1_104' title="bbox 2196 5061 3777 5135">
     <span class='ocr_line' id='line_1_104' title="bbox 2196 5061 3777 5135; baseline 0.003 -21"><span class='ocrx_word' id='word_1_756' title='bbox 2196 5075 2364 5130; x_wconf 86' lang='lat' dir='ltr'><strong>usque</strong></span> <span class='ocrx_word' id='word_1_757' title='bbox 2410 5061 2475 5114; x_wconf 85' lang='lat' dir='ltr'><strong>ad</strong></span> <span class='ocrx_word' id='word_1_758' title='bbox 2515 5076 2787 5126; x_wconf 91' lang='lat' dir='ltr'><strong>somnum,</strong></span> <span class='ocrx_word' id='word_1_759' title='bbox 2817 5061 2871 5115; x_wconf 91' lang='lat' dir='ltr'><strong>id</strong></span> <span class='ocrx_word' id='word_1_760' title='bbox 2917 5069 3016 5124; x_wconf 89' lang='lat' dir='ltr'><strong>est,</strong></span> <span class='ocrx_word' id='word_1_761' title='bbox 3051 5077 3220 5130; x_wconf 83' lang='lat' dir='ltr'><strong>usque</strong></span> <span class='ocrx_word' id='word_1_762' title='bbox 3265 5063 3332 5116; x_wconf 93' lang='lat' dir='ltr'><strong>ad</strong></span> <span class='ocrx_word' id='word_1_763' title='bbox 3364 5074 3623 5129; x_wconf 90' lang='lat' dir='ltr'><strong>mortem,</strong></span> <span class='ocrx_word' id='word_1_764' title='bbox 3664 5079 3777 5135; x_wconf 63' lang='lat' dir='ltr'><strong>quae</strong></span> 
     </span>
    </p>
   </div>
   <div class='ocr_carea' id='block_1_105' title="bbox 2196 5153 3774 5223">
    <p class='ocr_par' dir='ltr' id='par_1_105' title="bbox 2196 5153 3774 5223">
     <span class='ocr_line' id='line_1_105' title="bbox 2196 5153 3774 5223; baseline 0.001 -15"><span class='ocrx_word' id='word_1_765' title='bbox 2196 5154 2449 5208; x_wconf 88' lang='lat' dir='ltr'><strong>omnibus</strong></span> <span class='ocrx_word' id='word_1_766' title='bbox 2476 5153 2721 5217; x_wconf 89' lang='lat' dir='ltr'><strong>debetur,</strong></span> <span class='ocrx_word' id='word_1_767' title='bbox 2744 5161 2965 5223; x_wconf 91' lang='lat' dir='ltr'><strong>paratus</strong></span> <span class='ocrx_word' id='word_1_768' title='bbox 2997 5153 3318 5217; x_wconf 90' lang='lat' dir='ltr'><strong>invenietur,</strong></span> <span class='ocrx_word' id='word_1_769' title='bbox 3342 5155 3508 5208; x_wconf 84' lang='lat' dir='ltr'><strong>etiam</strong></span> <span class='ocrx_word' id='word_1_770' title='bbox 3545 5171 3668 5211; x_wconf 90' lang='lat' dir='ltr'><strong>cum</strong></span> <span class='ocrx_word' id='word_1_771' title='bbox 3693 5156 3774 5210; x_wconf 80' lang='lat' dir='ltr'><strong>illa</strong></span> 
     </span>
    </p>
   </div>
   <div class='ocr_carea' id='block_1_106' title="bbox 485 5219 3773 5330">
    <p class='ocr_par' dir='ltr' id='par_1_106' title="bbox 485 5219 3773 5330">
     <span class='ocr_line' id='line_1_106' title="bbox 485 5219 3773 5330; baseline 0.002 -38"><span class='ocrx_word' id='word_1_772' title='bbox 485 5219 766 5330; x_wconf 62' lang='lat' dir='ltr'><strong>:sponsus,</strong></span> <span class='ocrx_word' id='word_1_773' title='bbox 797 5236 850 5290; x_wconf 93' lang='lat' dir='ltr'><strong>id</strong></span> <span class='ocrx_word' id='word_1_774' title='bbox 879 5244 981 5300; x_wconf 90' lang='lat' dir='ltr'><strong>cst,</strong></span> <span class='ocrx_word' id='word_1_775' title='bbox 1019 5235 1405 5290; x_wconf 79' lang='lat' dir='ltr'><strong>inclinantibus</strong></span> <span class='ocrx_word' id='word_1_776' title='bbox 1431 5253 1488 5292; x_wconf 87' lang='lat' dir='ltr'><strong>se</strong></span> <span class='ocrx_word' id='word_1_777' title='bbox 1517 5237 1621 5293; x_wconf 90' lang='lat' dir='ltr'><strong>illis</strong></span> <span class='ocrx_word' id='word_1_778' title='bbox 1649 5239 1701 5293; x_wconf 93' lang='lat' dir='ltr'><strong>in</strong></span> <span class='ocrx_word' id='word_1_779' title='bbox 1722 5255 1785 5294; x_wconf 90' lang='lat' dir='ltr'><strong>ea</strong></span> <span class='ocrx_word' id='word_1_780' title='bbox 1813 5257 1930 5310; x_wconf 64' lang='lat' dir='ltr'><strong>quae</strong></span> <span class='ocrx_word' id='word_1_781' title='bbox 1959 5241 2094 5298; x_wconf 85' lang='lat' dir='ltr'><strong>foris</strong></span> <span class='ocrx_word' id='word_1_782' title='bbox 2196 5257 2297 5301; x_wconf 85' lang='lat' dir='ltr'><strong>.vox</strong></span> <span class='ocrx_word' id='word_1_783' title='bbox 2348 5242 2523 5296; x_wconf 88' lang='lat' dir='ltr'><strong>media</strong></span> <span class='ocrx_word' id='word_1_784' title='bbox 2566 5251 2722 5296; x_wconf 89' lang='lat' dir='ltr'><strong>nocte</strong></span> <span class='ocrx_word' id='word_1_785' title='bbox 2765 5244 3036 5307; x_wconf 78' lang='lat' dir='ltr'><strong>senuerit,</strong></span> <span class='ocrx_word' id='word_1_786' title='bbox 3075 5259 3179 5312; x_wconf 89' lang='lat' dir='ltr'><strong>qua</strong></span> <span class='ocrx_word' id='word_1_787' title='bbox 3232 5260 3424 5299; x_wconf 90' lang='lat' dir='ltr'><strong>omnes</strong></span> <span class='ocrx_word' id='word_1_788' title='bbox 3471 5245 3773 5316; x_wconf 86' lang='lat' dir='ltr'><strong>evigilaturi</strong></span> 
     </span>
    </p>
   </div>
   <div class='ocr_carea' id='block_1_107' title="bbox 448 5327 3777 5412">
    <p class='ocr_par' dir='ltr' id='par_1_107' title="bbox 448 5327 3777 5412">
     <span class='ocr_line' id='line_1_107' title="bbox 448 5327 3777 5412; baseline 0.002 -30"><span class='ocrx_word' id='word_1_789' title='bbox 448 5327 495 5412; x_wconf 41' lang='grc' dir='ltr'><strong>’ζ</strong></span> <span class='ocrx_word' id='word_1_790' title='bbox 515 5335 666 5392; x_wconf 86' lang='lat' dir='ltr'><strong>sunt,</strong></span> <span class='ocrx_word' id='word_1_791' title='bbox 693 5327 950 5381; x_wconf 90' lang='lat' dir='ltr'><strong>etsolidis</strong></span> <span class='ocrx_word' id='word_1_792' title='bbox 980 5327 1213 5398; x_wconf 85' lang='lat' dir='ltr'><strong>gaudere</strong></span> <span class='ocrx_word' id='word_1_793' title='bbox 1235 5330 1620 5396; x_wconf 73' lang='lat' dir='ltr'><strong>qumrenttbus,</strong></span> <span class='ocrx_word' id='word_1_794' title='bbox 1643 5332 1766 5400; x_wconf 84' lang='lat' dir='ltr'><strong>quia</strong></span> <span class='ocrx_word' id='word_1_795' title='bbox 1799 5335 1986 5403; x_wconf 86' lang='lat' dir='ltr'><strong>gaudia</strong></span> <span class='ocrx_word' id='word_1_796' title='bbox 2011 5335 2094 5389; x_wconf 91' lang='lat' dir='ltr'><strong>in-</strong></span> <span class='ocrx_word' id='word_1_797' title='bbox 2189 5343 2341 5390; x_wconf 84' lang='lat' dir='ltr'><strong>sunt.</strong></span> <span class='ocrx_word' id='word_1_798' title='bbox 2389 5333 2543 5402; x_wconf 90' lang='lat' dir='ltr'><strong>Quod</strong></span> <span class='ocrx_word' id='word_1_799' title='bbox 2570 5350 2700 5389; x_wconf 89' lang='lat' dir='ltr'><strong>vero</strong></span> <span class='ocrx_word' id='word_1_800' title='bbox 2731 5350 2927 5404; x_wconf 89' lang='lat' dir='ltr'><strong>sponso</strong></span> <span class='ocrx_word' id='word_1_801' title='bbox 2957 5345 3011 5389; x_wconf 90' lang='lat' dir='ltr'><strong>et</strong></span> <span class='ocrx_word' id='word_1_802' title='bbox 3041 5351 3252 5404; x_wconf 70' lang='lat' dir='ltr'><strong>sponsa:</strong></span> <span class='ocrx_word' id='word_1_803' title='bbox 3273 5336 3411 5390; x_wconf 87' lang='lat' dir='ltr'><strong>dixit</strong></span> <span class='ocrx_word' id='word_1_804' title='bbox 3443 5338 3662 5391; x_wconf 87' lang='lat' dir='ltr'><strong>obviam</strong></span> <span class='ocrx_word' id='word_1_805' title='bbox 3691 5353 3777 5390; x_wconf 77' lang='lat' dir='ltr'><strong>ve-</strong></span> 
     </span>
    </p>
   </div>
   <div class='ocr_carea' id='block_1_108' title="bbox 512 5419 2090 5494">
    <p class='ocr_par' dir='ltr' id='par_1_108' title="bbox 512 5419 2090 5494">
     <span class='ocr_line' id='line_1_108' title="bbox 512 5419 2090 5494; baseline 0.003 -18"><span class='ocrx_word' id='word_1_806' title='bbox 512 5427 668 5476; x_wconf 81' lang='lat' dir='ltr'><strong>terna</strong></span> <span class='ocrx_word' id='word_1_807' title='bbox 700 5434 806 5474; x_wconf 91' lang='lat' dir='ltr'><strong>non</strong></span> <span class='ocrx_word' id='word_1_808' title='bbox 848 5428 1131 5472; x_wconf 84' lang='lat' dir='ltr'><strong>noverunt.</strong></span> <span class='ocrx_word' id='word_1_809' title='bbox 1169 5419 1324 5473; x_wconf 82' lang='lat' dir='ltr'><strong>Venit</strong></span> <span class='ocrx_word' id='word_1_810' title='bbox 1366 5419 1456 5474; x_wconf 90' lang='lat' dir='ltr'><strong>ille</strong></span> <span class='ocrx_word' id='word_1_811' title='bbox 1499 5421 1588 5490; x_wconf 89' lang='lat' dir='ltr'><strong>qui</strong></span> <span class='ocrx_word' id='word_1_812' title='bbox 1617 5420 1855 5488; x_wconf 89' lang='lat' dir='ltr'><strong>judicat.</strong></span> <span class='ocrx_word' id='word_1_813' title='bbox 1888 5433 1944 5478; x_wconf 90' lang='lat' dir='ltr'><strong>et</strong></span> <span class='ocrx_word' id='word_1_814' title='bbox 1969 5441 2090 5494; x_wconf 64' lang='lat' dir='ltr'><strong>quae</strong></span> 
     </span>
    </p>
   </div>
   <div class='ocr_carea' id='block_1_109' title="bbox 512 5512 2091 5584">
    <p class='ocr_par' dir='ltr' id='par_1_109' title="bbox 512 5512 2091 5584">
     <span class='ocr_line' id='line_1_109' title="bbox 512 5512 2091 5584; baseline 0.006 -20"><span class='ocrx_word' id='word_1_815' title='bbox 512 5520 718 5584; x_wconf 59' lang='lat' dir='ltr'><strong>parate</strong></span> <span class='ocrx_word' id='word_1_816' title='bbox 743 5519 919 5576; x_wconf 90' lang='lat' dir='ltr'><strong>erant,</strong></span> <span class='ocrx_word' id='word_1_817' title='bbox 953 5512 1001 5564; x_wconf 82' lang='lat' dir='ltr'><strong>id</strong></span> <span class='ocrx_word' id='word_1_818' title='bbox 1028 5523 1133 5574; x_wconf 90' lang='lat' dir='ltr'><strong>est,</strong></span> <span class='ocrx_word' id='word_1_819' title='bbox 1155 5513 1352 5580; x_wconf 87' lang='lat' dir='ltr'><strong>quibus</strong></span> <span class='ocrx_word' id='word_1_820' title='bbox 1370 5515 1568 5568; x_wconf 90' lang='lat' dir='ltr'><strong>bonum</strong></span> <span class='ocrx_word' id='word_1_821' title='bbox 1597 5531 1780 5570; x_wconf 83' lang='lat' dir='ltr'><strong>coram</strong></span> <span class='ocrx_word' id='word_1_822' title='bbox 1805 5517 1915 5572; x_wconf 91' lang='lat' dir='ltr'><strong>Deo</strong></span> <span class='ocrx_word' id='word_1_823' title='bbox 1937 5520 2091 5574; x_wconf 87' lang='lat' dir='ltr'><strong>testi-</strong></span> 
     </span>
    </p>
   </div>
   <div class='ocr_carea' id='block_1_110' title="bbox 517 5600 2090 5670">
    <p class='ocr_par' dir='ltr' id='par_1_110' title="bbox 517 5600 2090 5670">
     <span class='ocr_line' id='line_1_110' title="bbox 517 5600 2090 5670; baseline 0.006 -15"><span class='ocrx_word' id='word_1_824' title='bbox 517 5601 757 5655; x_wconf 87' lang='lat' dir='ltr'><strong>monium</strong></span> <span class='ocrx_word' id='word_1_825' title='bbox 783 5600 1109 5655; x_wconf 89' lang='lat' dir='ltr'><strong>conscientia</strong></span> <span class='ocrx_word' id='word_1_826' title='bbox 1135 5603 1470 5670; x_wconf 86' lang='lat' dir='ltr'><strong>perhibebat.</strong></span> <span class='ocrx_word' id='word_1_827' title='bbox 1505 5603 1844 5659; x_wconf 87' lang='lat' dir='ltr'><strong>Intraverunt</strong></span> <span class='ocrx_word' id='word_1_828' title='bbox 1871 5622 1991 5661; x_wconf 91' lang='lat' dir='ltr'><strong>cum</strong></span> <span class='ocrx_word' id='word_1_829' title='bbox 2025 5623 2090 5664; x_wconf 90' lang='lat' dir='ltr'><strong>eo</strong></span> 
     </span>
    </p>
   </div>
   <div class='ocr_carea' id='block_1_111' title="bbox 519 5677 2092 5764">
    <p class='ocr_par' dir='ltr' id='par_1_111' title="bbox 519 5677 2092 5764">
     <span class='ocr_line' id='line_1_111' title="bbox 519 5677 2092 5764; baseline 0.005 -19"><span class='ocrx_word' id='word_1_830' title='bbox 519 5677 589 5747; x_wconf 83' lang='lat' dir='ltr'><strong>ad</strong></span> <span class='ocrx_word' id='word_1_831' title='bbox 621 5691 851 5760; x_wconf 88' lang='lat' dir='ltr'><strong>nuptias,</strong></span> <span class='ocrx_word' id='word_1_832' title='bbox 884 5689 938 5744; x_wconf 92' lang='lat' dir='ltr'><strong>id</strong></span> <span class='ocrx_word' id='word_1_833' title='bbox 964 5698 1068 5755; x_wconf 89' lang='lat' dir='ltr'><strong>est,</strong></span> <span class='ocrx_word' id='word_1_834' title='bbox 1091 5691 1179 5744; x_wconf 91' lang='lat' dir='ltr'><strong>ubi</strong></span> <span class='ocrx_word' id='word_1_835' title='bbox 1213 5693 1409 5748; x_wconf 90' lang='lat' dir='ltr'><strong>munda</strong></span> <span class='ocrx_word' id='word_1_836' title='bbox 1440 5692 1615 5746; x_wconf 88' lang='lat' dir='ltr'><strong>anima</strong></span> <span class='ocrx_word' id='word_1_837' title='bbox 1642 5695 1971 5764; x_wconf 89' lang='lat' dir='ltr'><strong>sempiterno</strong></span> <span class='ocrx_word' id='word_1_838' title='bbox 1998 5698 2092 5753; x_wconf 90' lang='lat' dir='ltr'><strong>Dei</strong></span> 
     </span>
    </p>
   </div>
   <div class='ocr_carea' id='block_1_112' title="bbox 518 5780 2089 5857">
    <p class='ocr_par' dir='ltr' id='par_1_112' title="bbox 518 5780 2089 5857">
     <span class='ocr_line' id='line_1_112' title="bbox 518 5780 2089 5857; baseline 0.006 -22"><span class='ocrx_word' id='word_1_839' title='bbox 518 5782 684 5845; x_wconf 80' lang='lat' dir='ltr'><strong>verbo</strong></span> <span class='ocrx_word' id='word_1_840' title='bbox 718 5780 945 5851; x_wconf 76' lang='lat' dir='ltr'><strong>fecunda</strong></span> <span class='ocrx_word' id='word_1_841' title='bbox 985 5781 1284 5850; x_wconf 85' lang='lat' dir='ltr'><strong>copuletur.</strong></span> <span class='ocrx_word' id='word_1_842' title='bbox 1317 5782 1514 5841; x_wconf 84' lang='lat' dir='ltr'><strong>Clausa</strong></span> <span class='ocrx_word' id='word_1_843' title='bbox 1546 5793 1622 5839; x_wconf 84' lang='lat' dir='ltr'><strong>est</strong></span> <span class='ocrx_word' id='word_1_844' title='bbox 1652 5785 1828 5856; x_wconf 85' lang='lat' dir='ltr'><strong>janua</strong></span> <span class='ocrx_word' id='word_1_845' title='bbox 1852 5827 1866 5853; x_wconf 90' lang='lat'><strong>,</strong></span> <span class='ocrx_word' id='word_1_846' title='bbox 1909 5789 1961 5843; x_wconf 91' lang='lat' dir='ltr'><strong>id</strong></span> <span class='ocrx_word' id='word_1_847' title='bbox 1985 5799 2089 5857; x_wconf 91' lang='lat' dir='ltr'><strong>est,</strong></span> 
     </span>
    </p>
   </div>
   <div class='ocr_carea' id='block_1_113' title="bbox 2192 5427 3775 5501">
    <p class='ocr_par' dir='ltr' id='par_1_113' title="bbox 2192 5427 3775 5501">
     <span class='ocr_line' id='line_1_113' title="bbox 2192 5427 3775 5501; baseline 0.002 -19"><span class='ocrx_word' id='word_1_848' title='bbox 2192 5429 2338 5484; x_wconf 89' lang='lat' dir='ltr'><strong>nisse</strong></span> <span class='ocrx_word' id='word_1_849' title='bbox 2369 5427 2639 5497; x_wconf 84' lang='lat' dir='ltr'><strong>virgines,</strong></span> <span class='ocrx_word' id='word_1_850' title='bbox 2672 5428 2752 5482; x_wconf 89' lang='lat' dir='ltr'><strong>sic</strong></span> <span class='ocrx_word' id='word_1_851' title='bbox 2798 5428 3198 5499; x_wconf 84' lang='lat' dir='ltr'><strong>intelligendum</strong></span> <span class='ocrx_word' id='word_1_852' title='bbox 3240 5437 3394 5499; x_wconf 91' lang='lat' dir='ltr'><strong>puto,</strong></span> <span class='ocrx_word' id='word_1_853' title='bbox 3431 5438 3491 5483; x_wconf 92' lang='lat' dir='ltr'><strong>ut</strong></span> <span class='ocrx_word' id='word_1_854' title='bbox 3541 5446 3608 5485; x_wconf 76' lang='lat' dir='ltr'><strong>ex</strong></span> <span class='ocrx_word' id='word_1_855' title='bbox 3650 5430 3775 5501; x_wconf 81' lang='lat' dir='ltr'><strong>ipsis</strong></span> 
     </span>
    </p>
   </div>
   <div class='ocr_carea' id='block_1_114' title="bbox 2191 5518 3774 5589">
    <p class='ocr_par' dir='ltr' id='par_1_114' title="bbox 2191 5518 3774 5589">
     <span class='ocr_line' id='line_1_114' title="bbox 2191 5518 3774 5589; baseline 0.002 -18"><span class='ocrx_word' id='word_1_856' title='bbox 2191 5518 2510 5587; x_wconf 84' lang='lat' dir='ltr'><strong>virginibus,</strong></span> <span class='ocrx_word' id='word_1_857' title='bbox 2526 5518 2832 5582; x_wconf 87' lang='lat' dir='ltr'><strong>conﬁtetur,</strong></span> <span class='ocrx_word' id='word_1_858' title='bbox 2858 5533 2920 5571; x_wconf 81' lang='lat' dir='ltr'><strong>ea</strong></span> <span class='ocrx_word' id='word_1_859' title='bbox 2932 5534 3051 5588; x_wconf 73' lang='lat' dir='ltr'><strong>qua:</strong></span> <span class='ocrx_word' id='word_1_860' title='bbox 3068 5519 3267 5574; x_wconf 73' lang='lat' dir='ltr'><strong>dlCiiUI&#39;</strong></span> <span class='ocrx_word' id='word_1_861' title='bbox 3281 5535 3500 5588; x_wconf 87' lang='lat' dir='ltr'><strong>sponsa,</strong></span> <span class='ocrx_word' id='word_1_862' title='bbox 3519 5529 3774 5589; x_wconf 81' lang='lat' dir='ltr'><strong>tanquam</strong></span> 
     </span>
    </p>
   </div>
   <div class='ocr_carea' id='block_1_115' title="bbox 2195 5610 3774 5671">
    <p class='ocr_par' dir='ltr' id='par_1_115' title="bbox 2195 5610 3774 5671">
     <span class='ocr_line' id='line_1_115' title="bbox 2195 5610 3774 5671; baseline 0.004 -9"><span class='ocrx_word' id='word_1_863' title='bbox 2195 5610 2242 5663; x_wconf 85' lang='lat' dir='ltr'><strong>si</strong></span> <span class='ocrx_word' id='word_1_864' title='bbox 2272 5610 2520 5664; x_wconf 90' lang='lat' dir='ltr'><strong>omnibus</strong></span> <span class='ocrx_word' id='word_1_865' title='bbox 2554 5610 2874 5665; x_wconf 86' lang='lat' dir='ltr'><strong>Christianis</strong></span> <span class='ocrx_word' id='word_1_866' title='bbox 2909 5611 2961 5664; x_wconf 89' lang='lat' dir='ltr'><strong>in</strong></span> <span class='ocrx_word' id='word_1_867' title='bbox 2999 5610 3294 5666; x_wconf 84' lang='lat' dir='ltr'><strong>Ecciesiam</strong></span> <span class='ocrx_word' id='word_1_868' title='bbox 3326 5615 3774 5671; x_wconf 81' lang='lat' dir='ltr'><strong>concurrentibus</strong></span> 
     </span>
    </p>
   </div>
   <div class='ocr_carea' id='block_1_116' title="bbox 2197 5702 3772 5778">
    <p class='ocr_par' dir='ltr' id='par_1_116' title="bbox 2197 5702 3772 5778">
     <span class='ocr_line' id='line_1_116' title="bbox 2197 5702 3772 5778; baseline 0.004 -23"><span class='ocrx_word' id='word_1_869' title='bbox 2197 5702 2291 5756; x_wconf 92' lang='lat' dir='ltr'><strong>ﬁlii</strong></span> <span class='ocrx_word' id='word_1_870' title='bbox 2329 5703 2396 5757; x_wconf 92' lang='lat' dir='ltr'><strong>ad</strong></span> <span class='ocrx_word' id='word_1_871' title='bbox 2422 5711 2649 5758; x_wconf 90' lang='lat' dir='ltr'><strong>matrem</strong></span> <span class='ocrx_word' id='word_1_872' title='bbox 2679 5719 3003 5759; x_wconf 89' lang='lat' dir='ltr'><strong>concurrere</strong></span> <span class='ocrx_word' id='word_1_873' title='bbox 3024 5705 3300 5768; x_wconf 88' lang='lat' dir='ltr'><strong>dicantur,</strong></span> <span class='ocrx_word' id='word_1_874' title='bbox 3329 5723 3454 5762; x_wconf 89' lang='lat' dir='ltr'><strong>cum</strong></span> <span class='ocrx_word' id='word_1_875' title='bbox 3491 5709 3626 5778; x_wconf 86' lang='lat' dir='ltr'><strong>ipsis</strong></span> <span class='ocrx_word' id='word_1_876' title='bbox 3650 5707 3772 5762; x_wconf 81' lang='lat' dir='ltr'><strong>ﬁliis</strong></span> 
     </span>
    </p>
   </div>
   <div class='ocr_carea' id='block_1_117' title="bbox 2198 5797 3481 5868">
    <p class='ocr_par' dir='ltr' id='par_1_117' title="bbox 2198 5797 3481 5868">
     <span class='ocr_line' id='line_1_117' title="bbox 2198 5797 3481 5868; baseline 0.004 -19"><span class='ocrx_word' id='word_1_877' title='bbox 2198 5797 2556 5866; x_wconf 82' lang='lat' dir='ltr'><strong>congregatis,</strong></span> <span class='ocrx_word' id='word_1_878' title='bbox 2586 5806 2797 5852; x_wconf 84' lang='lat' dir='ltr'><strong>constet</strong></span> <span class='ocrx_word' id='word_1_879' title='bbox 2826 5813 2888 5851; x_wconf 88' lang='lat' dir='ltr'><strong>ea</strong></span> <span class='ocrx_word' id='word_1_880' title='bbox 2919 5813 3038 5868; x_wconf 73' lang='lat' dir='ltr'><strong>quae</strong></span> <span class='ocrx_word' id='word_1_881' title='bbox 3059 5798 3260 5853; x_wconf 89' lang='lat' dir='ltr'><strong>dicitur</strong></span> <span class='ocrx_word' id='word_1_882' title='bbox 3287 5809 3481 5854; x_wconf 86' lang='lat' dir='ltr'><strong>mater.</strong></span> 
     </span>
    </p>
   </div>
  </div>
