4020 6464
281 389 386 450 577

1540 386 1914 448 suanacoo
1945 350 2279 445 Αυυιτιιιι.

3439 388 3543 449 578

279 508 423 573 rich,
456 505 702 571 Gothart,
732 505 967 578 Gotlieb,
997 513 1101 563 etc.
1132 506 1372 563 Joannes
1400 521 1597 562 nomen
1632 510 1739 561 non
1766 520 1861 578 ge-
1889 512 1944 575 Α
1966 505 2055 578 lis,
2082 502 2562 578 Isaize,_Je‘remiae_)
2594 512 2706 578 tam
2752 476 3038 578 diligenter
3064 505 3342 578 describit,
3387 516 3448 565 ut
3489 520 3546 568 et

275 579 455 649 neris,
486 579 578 633 sed
605 577 792 648 gratia:
817 586 921 644 est,
936 588 991 634 et
1008 578 1362 635 conveniebat
1380 593 1685 649 praeconem
1711 577 1863 633 novae

274 648 423 721 legis
446 651 589 721 (quae
617 656 861 721 veterum
888 649 1205 706 traditiones
1232 648 1541 720 abrogaret,
1578 658 1632 721 e_t
1661 664 1859 704 carna-

276 718 389 776 lem
436 718 643 802 cultum
687 720 743 774 in
783 721 1013 791 gratiam
1045 721 1269 793 spiritus
1299 718 1555 794 verteret)
1597 718 1862 776 Joannem

275 806 464 847 VOCEII'I
473 830 487 844 .

350 864 405 918 5.
443 860 704 933 Auspicia
734 863 1154 921 concionatoriae
1191 863 1507 930 functionis,
1537 878 1732 919 manus
1756 860 1862 933 D9-

277 932 417 988 mini
469 932 590 1007 erat
644 948 769 1007 cum
817 933 1025 991 Joanne
1086 949 1421 1007 praecursore
1465 934 1735 1007 veritatis.
1795 932 1863 985 Et

275 1019 491 1077 summa
508 1005 780 1077 doctrinae
808 1006 1049 1077 pietatis,
1076 1005 1173 1076 per
1197 1006 1481 1076 impletum
1505 1006 1708 1076 Spiritu
1722 1018 1862 1077 san-

275 1083 377 1147 ctoﬁ
394 1076 740 1142 Zachariam,
766 1076 1111 1147 paucissimis
1137 1078 1384 1147 exposita
1404 1118 1419 1144 ,
1451 1078 1693 1132 visitavit
1721 1076 1863 1130 Deus

274 1145 491 1218 plebem
507 1162 700 1220 suam,
748 1145 903 1217 quasi
932 1149 1090 1220 longa
1125 1145 1862 1220 inlirmitateetabescentem

274 1217 333 1272 et
352 1217 519 1291 quasi
545 1218 824 1291 venditam
852 1220 951 1275 sub
978 1217 1223 1291 peccato,
1255 1220 1404 1275 unici
1439 1218 1562 1274 Filii
1611 1218 1697 1273 sui
1730 1230 1861 1272 san-

273 1287 437 1369 guine
463 1288 754 1344 redimens.

561 1378 630 1433 ΙΝ
669 1378 922 1435 VIGILIA
956 1378 1162 1436 PETRI
1198 1379 1560 1437 APOSTOLI.

273 1468 482 1528 LECTIO
536 1470 678 1528 Acr.
716 1471 941 1539 Arosr.,
980 1489 1099 1529 car.
1140 1488 1202 1529 ιιι
1242 1488 1258 1528 :
1308 1473 1499 1529 Petrus
1535 1481 1585 1527 et
1626 1470 1861 1527 Joannes

874 1544 1241 1598 ascenderunt.

348 1633 398 1689 I.
413 1633 584 1690 Amor
608 1644 906 1692 conventus
928 1646 984 1692 et
1004 1636 1440 1708 congregationis
1466 1636 1524 1691 in
1540 1634 1859 1702 Ecclesiam,

273 1707 523 1790 exempl?
553 1708 924 1790 apostolorum
942 1708 1043 1790 hie
1074 1707 1415 1790 proponitur,
1464 1717 1523 1761 ut
1555 1722 1775 1790 ore-[nus
1797 1715 1861 1790 ‘et

273 1774 448 1849 legem
472 1776 567 1832 Dei
587 1774 905 1834 'audiamus.
940 1774 1091 1832 Multi
1117 1774 1308 1849 psalmi
1339 1787 1611 1834 testantur
1642 1778 1877 1832 Davidis‘

272 1846 605 1903 desiderium
648 1860 704 1904 et
746 1850 978 1904 aliorum
1028 1846 1341 1905 sanctorum
1393 1849 1580 1914 fuisse,
1644 1863 1766 1903 esse
1804 1849 1859 1902 in

272 1928 420 1972 cmtu
453 1927 509 1973 et
547 1935 669 1973 cum
714 1920 1064 1975 credentibus
1122 1920 1319 1976 festum
1362 1921 1658 1975 celebrare.
1711 1918 1856 1975 Psal.

272 2002 385 2043 xui
406 2004 420 2042 :
440 1988 895 2055 Quemadmodum
918 2007 1097 2046 cervus
1119 1991 1384 2046 desiderat
1414 1991 1483 2045 ad
1504 1991 1674 2062 fontes
1699 2007 1866 2063 aqua-

271 2073 411 2123 rum,
442 2070 548 2116 CIC.

345 2130 400 2183 2.
430 2130 722 2205 Humilitas
750 2143 806 2188 et
828 2132 1064 2205 tenuitas
1094 2133 1485 2205 apostolorum,
1524 2133 1641 2188 sine
1665 2148 1864 2204 pompa

270 2208 368 2254 aut
418 2202 675 2259 satellitio
719 2204 979 2273 templum
1038 2202 1478 2275 ingredientium,
1510 2219 1611 2258 nec
1666 2202 1863 2259 aurum

268 2286 393 2344 nee
425 2282 711 2344 argentum
752 2274 1186 2344 possidentium,
1229 2284 1420 2330 contra
1462 2290 1558 2328 eos
1596 2274 1691 2344 qui
1734 2290 1859 2329 cum

271 2340 881 2468 ttaittu(l:um'.mentiuhtur
923 2344 1281 2414 apostolicum
1332 2340 1686 2416 Sardanapali
1732 2352 1863 2400 sunt

414 2427 565 2468 rossn.

266 2420 332 2468 et
365 2414 565 2469 Croesi.

250 2492 254 2496 '
347 2484 402 2538 5.
445 2484 633 2542 Caecus
665 2497 887 2543 sanatus
914 2488 1187 2559 specimen
1225 2487 1431 2559 praebet
1467 2486 1817 2559 gratitudinis
1839 2527 1856 2554 ,

268 2568 400 2628 nam
440 2570 591 2628 cum,
618 2560 877 2628 apostolis
929 2557 1154 2614 intravit
1199 2557 1487 2628 templum’
1515 2557 1861 2614 inambulans

267 2624 475 2699 ealiens
502 2635 558 2682 et
582 2624 807 2683 laudans
832 2630 1020 2695 Deum,
1055 2645 1183 2684 usus
1206 2624 1529 2699 templorum
1563 2630 1616 2684 in
1643 2628 1859 2699 laudem

268 2695 397 2770 Diti,
429 2707 618 2770 contra
645 2714 760 2764 eos,
789 2700 883 2769 qui
916 2708 972 2755 et
1008 2701 1126 2755 haec
1147 2695 1361 2770 templa,
1382 2708 1656 2754 exstructa
1694 2698 1776 2770 (ut
1803 2701 1859 2754 in

265 2766 672 2840 illis‘doceatur
692 2766 940 2840 populus,
975 2766 1309 2825 unanimiter
1344 2769 1488 2825 Deus
1536 2766 1852 2840 invocetur,

266 2835 545 2912 laudetur,
594 2835 1161 2912 sacramentorumesit
1205 2839 1356 2912 usus)
1414 2839 1636 2895 ironicis
1684 2835 1857 2896 caue;

266 2909 471 2964 moniis
498 2918 554 2965 et
581 2912 914 2967 mercatibus
952 2910 1263 2983 profanant.

1966 576 2179 649 Domini
2206 574 2638 649 misericordiam
2666 574 3052 649 intelligamus,
3074 586 3143 649 et
3170 577 3545 638 fortitudinem

1964 646 2442 720 lupumvertentis
2464 646 2518 700 in
2550 661 2727 720 ovem,
2760 646 3245 720 sie'percutientis,
3279 658 3338 704 ut
3367 661 3542 719 sanet,

1965 716 2045 775 sic
2090 716 2409 787 dejicientis,
2446 725 2504 772 ut
2543 718 2741 787 erigat,
2792 716 3282 788 sic—‘exoculantis,
3314 730 3374 775 ut
3420 716 3544 776 illui-

1964 789 2155 844 minet.

2034 859 2090 933 2.
2128 858 2321 929 Magna
2349 858 2671 933 consolatio,
2700 860 2956 933 quoniam
2978 862 3385 931 persecutiones
3404 878 3542 933 quas

1964 931 2249 986 credentes
2278 932 2564 995 sustinent,
2595 930 2842 986 Christus
2870 930 2997 987 suas
3030 933 3177 988 facit.
3224 934 3371 989 Vivit
3396 930 3542 988 enim

1963 1000 2211 1056 Christus
2236 1003 2290 1057 in
2317 1004 2416 1068 eis,
2447 1010 2503 1057 et
2528 1002 2980 1070 quemadmodum
3006 1002 3209 1059 Christi
3242 1004 3423 1060 omnia
3451 1020 3549 1060 no-

1964 1079 2078 1126 stra
2105 1082 2252 1141 sunt,
2283 1074 2359 1128 ita
2392 1073 2631 1128 vicissim
2674 1080 2861 1127 nostra
2888 1073 3034 1128 illius
3066 1082 3210 1129 sunt.
3243 1073 3424 1141 Quare
3467 1076 3550 1130 di-

1963 1142 2039 1223 cit
2067 1160 2079 1195 :
2113 1140 2223 1197 Cur
2249 1160 2330 1225 me
2364 1144 2707 1215 persequeris,
2740 1158 2848 1198 non
2877 1158 3048 1210 meos,
3078 1151 3132 1200 et
3159 1140 3327 1201 terret
3368 1146 3548 1203 numi-

1964 1222 2051 1284 ms
2078 1222 2341 1284 potentia.

2031 1283 2086 1338 5.
2127 1284 2385 1357 Exempla
2417 1299 2546 1357 vere
2573 1283 2963 1357 obedientium,
2994 1284 3312 1357 inAnania,
3345 1286 3437 1357 qui
3462 1286 3549 1344 di-

1963 1353 2081 1425 cit:
2114 1353 2252 1408 Ecce
2297 1353 2411 1424 ego,
2447 1353 2684 1409 Domine.
2732 1356 2800 1410 Et
2830 1356 2886 1410 in
2933 1354 3121 1420 Paulo,
3154 1357 3249 1425 qui
3279 1353 3397 1411 ait}
3439 1357 3553 1414 Do-

1961 1424 2125 1507 mine,
2150 1425 2280 1507 quid
2304 1441 2385 1479 me
2408 1425 2485 1507 eis
2513 1426 2726 1506 facere?
2756 1424 3253 1507 Itemﬂeensta‘ntem
3282 1428 3589 1507 praedica-r‘

1962 1494 2169 1550 tionem
2194 1496 2383 1561 habes,
2414 1494 2693 1551 Christum
2723 1510 2844 1552 esse
2869 1495 3067 1551 Filium
3093 1496 3210 1551 Dei.
3282 1494 3300 1498 ’
3558 1494 3587 1559 ii

1961 1587 2313 1645 Evmasuuu
2349 1587 2645 1655 Murum,
2685 1604 2805 1645 car.
2841 1604 2958 1671 vix.
2990 1606 3004 1643 :
3037 1587 3175 1644 Ecce
3217 1605 3311 1644 nos
3341 1588 3554 1661 reliqui-

2582 1676 2697 1714 mus
2727 1676 2926 1714 omnia.
3424 1675 3428 1679 '
3556 1686 3571 1733 ρ

2034 1753 2086 1807 1.
2127 1752 2507 1823 Apostolorum
2530 1762 2616 1809 est
2644 1760 2805 1823 atque
2822 1754 3064 1809 omnium
3089 1752 3549 1821 Christianorum,
3591 1766 3601 1773 '

1962 1823 2273 1894 relinquere
2312 1825 2518 1891 omnia,
2553 1826 2657 1879 hoc
2685 1832 2788 1889 est,
2820 1824 3155 1879 voluntatem
3195 1825 3429 1880 habendi
3459 1825 3552 1879 de-

1965 1910 2172 1960 serere,
2199 1905 2255 1949 et
2295 1896 2479 1950 omnia
2524 1894 2878 1965 contemptim
2924 1910 3132 1961 amare,
3172 1904 3236 1949 ut
3267 1894 3553 1950 fructuarii

1964 1966 2121 2036 probi
2150 1966 2433 2046 solent‘uti
2464 1965 2645 2046 rebus,
2679 1974 2889 2046 non.ut_
2914 1966 3076 2046 plane
3105 1965 3310 2046 domini
3338 1974 3395 2046 et
3426 1981 3555 2046 pos-

1964 2035 2227 2092 Sessores.
2259 2037 2277 2090 I
2306 2037 2433 2091 Cor.
2458 2053 2556 2090 vn.
2589 2035 2840 2091 Praeterit
2876 2036 3096 2091 habitus
3127 2036 3313 2090 mundi
3351 2035 3514 2103 hujus
3534 2075 3551 2101 ,

1962 2107 2058 2176 qui
2087 2115 2315 2161 utuntur
2344 2106 2547 2161 mundo
2571 2107 2694 2169 hoc,
2725 2107 2836 2160 sint
2867 2114 3130 2175 tanquam
3157 2120 3268 2160 non
3296 2114 3545 2176 utantur.

2036 2176 2101 2257 2..
2266 2176 2700 2257 discimusquo-d
2720 2192 2845 2257 cum
2868 2174 3292 2257 suis’gliseipuli-s
3320 2191 3428 2231 una
3466 2174 3557 2257 le:

1964 2261 2059 2303 sus
2082 2246 2426 2318 iudicaturus
2468 2245 2589 2318 est.‘
2623 2247 2812 2301 Matth.
2852 2264 2953 2312 xu,
3000 2245 3115 2318 Ipsi
3147 2245 3358 2316 judices
3398 2247 3556 2302 vestri

1963 2316 2138 2372 erunt.
2175 2318 2197 2371 Ι
2224 2317 2351 2373 Cor.
2383 2334 2461 2383 vi,
2496 2316 2685 2371 Sancti
2709 2318 2968 2373 mundum
2994 2316 3337 2386 judicabunt.

2033 2389 2089 2443 5.
2132 2387 2323 2458 Magna
2374 2387 2679 2458 consolatio
2726 2395 2781 2441 et
2830 2389 3140 2458 promissio,
3189 2388 3281 2457 qui
3333 2395 3557 2458 propter

1962 2457 2318 2529 Evangelium
2354 2457 2557 2513 Christi
2604 2457 2843 2513 carnalia
2894 2458 3195 2527 reliquerit,
3249 2457 3556 2527 spiritualia

1961 2528 2105 2583 bona
2128 2528 2397 2599 ’recipiet,
2437 2544 2559 2599 quae
2606 2536 2863 2599 suntAut,
2883 2529 3228 2584 centenarius
3256 2544 3515 2585 numerus
3539 2569 3555 2594 ,

1959 2600 2160 2666 exiguo
2188 2596 2419 2654 numero
2448 2596 2697 2654 collatus.
2729 2596 2929 2653 Oculus
2967 2616 3071 2653 non
3097 2599 3245 2663 uidit,
3276 2616 3368 2653 nec
3411 2600 3558 2654 auris

1959 2669 2181 2741 audivit,
2207 2686 2347 2741 ,qua:
2370 2670 2688 2741 pra'paravit
2721 2668 2859 2741 Deus
2909 2668 3245 2741 diligentibus
3292 2686 3367 2724 se.
3395 2670 3554 2725 Rom.

1958 2755 2079 2794 vni.
2113 2740 2182 2794 Et
2209 2737 2593 2795 'momentanea
2642 2740 2833 2793 levitas
2874 2737 3184 2795 amic'tionis
3210 2747 3413 2797 nostra)
3458 2756 3553 2795 su-

1954 2824 2054 2880 pra
2078 2810 2299 2865 modum
2328 2811 2539 2879 pondus
2568 2810 2754 2880 gloria:
2784 2810 2957 2880 parit.
2982 2809 3027 2864 II
3052 2808 3178 2865 Cor.
3210 2827 3285 2866 ιν.

2130 2924 2460 2982 DOMINICA
2503 2925 2593 2981 VII
2630 2924 2808 2981 POST
2849 2923 3378 2982 PENTECOSTEN.

224 3014 227 3021 ’
266 2998 623 3060 ΕθΔΝϐειιυιί
662 3020 717 3087 13'
754 3004 936 3087 DIB_S-
967 3004 1182 3087 ,ξιᾷτζιιιν
1222 3003 1377 3061 JOAN-
1419 3020 1546 3087 υξτ·
1595 3023 1609 3059 ε
1665 3003 1854 3062 Simo"
1952 3014 2221 3073 EPISTOLA
2254 3016 2422 3072 PAULI
2454 3033 2522 3071 an
2561 3016 2732 3082 Rom,
2772 3032 2891 3087 esp.
2924 3032 2978 3070 vr
3010 3015 3371 3087 {Quicunque
3398 3016 3562 3087 bapti-

662 3073 913 3142 Joanm’s,
944 3075 1120 3148 diligis
1154 3093 1255 3143 me,
1302 3078 1471 3131 B'rc.?

438 3164 689 3250 Christus
716 3174 902 3250 pastor
927 3168 1121 3250 bonus,
1151 3167 1244 3238 qui
1264 3166 1524 3250 animum
1566 3183 1721 3250 suam
1751 3183 1852 3240 pro

2329 3087 2436 3141 sati
2468 3103 2650 3141 sumus
2673 3088 2730 3141 in
2764 3084 2973 3142 Christo
3008 3086 3155 3142 Jesu.

2032 3178 2084 3232 I.
2136 3178 2449 3248 Baptismus
2507 3156 3045 3248 sacramentumesi
3089 3177 3458 3248 poenitentiae;
3504 3186 3560 3233 et

264 3236 468 3319 0Vibu§
493 3238 671 3319 ροιιίι,
718 3236 831 3319 imo
859 3239 1112 3319 princeps
1157 3236 1460 3319 ρθειονιιιη,
1499 3239 1709 3319 quanti
1730 3236 1859 3319 dies
1885 3242 1931 3307 C
1960 3236 2289 3319 principium
2319 3249 2733 3314 christianismi,
2764 3257 2825 3302 ut
2856 3247 2984 3317 quia
3014 3236 3237 3317 propter
3262 3244 3364 3304 nos
3402 3236 3558 3305 Chri-

266 3324 402 3382 suas
430 3307 593 3382 faciat
618 3324 688 3382 ex
720 3310 825 3382 ista
851 3307 1065 3381 triplici
1077 3307 1501 3382 interrogatione
1517 3307 1858 3377 dilectionis,

264 3379 887 3451 abundeintelligimus.
925 3379 941 3381 ί
1004 3398 1007 3401 ·

346 3450 402 3504 2.
448 3449 709 3507 Christus“
723 3450 886 3507 Petro
909 3460 993 3507 ter
1019 3467 1260 3508 amorem
1288 3452 1535 3508 professo
1565 3466 1693 3507 suas
1730 3466 1863 3508 oves

263 3521 572 3587 commisit,
601 3531 662 3577 ut
689 3523 926 3579 sciamus
957 3525 1231 3579 neminem
1258 3521 1511 3579 idoneum
1537 3538 1658 3578 esse
1680 3538 1863 3579 sacer-

265 3592 446 3665 dotio,
473 3593 577 3648 nisi
602 3594 694 3663 qui
725 3594 986 3664 neglectis
1010 3594 1264 3651 omnibus
1301 3595 1439 3649 nihil
1483 3593 1667 3660 habet,
1698 3609 1864 3665 quam

263 3663 575 3734 Christum,
595 3666 701 3720 hoc
725 3663 830 3731 est,
850 3667 1158 3733 veritatem,
1174 3666 1563 3730 innocentiam,
1578 3663 1859 3734 picta—tem.

345 3732 405 3808 5.
415 3806 423 3808 _
442 3735 760 3805 Exemplum
792 3737 1198 3808 respicientium
1219 3738 1474 3808 alienam
1516 3732 1862 3792 vocationem

264 3811 333 3862 et
349 3805 531 3878 aliena
562 3823 748 3877 opera,
781 3808 855 3878 ibi
880 3805 1104 3878 oportet
1145 3807 1482 3863 voluntatem
1524 3816 1768 3862 nostram
1806 3809 1862 3861 in

265 3876 610 3951 voluntatem
640 3878 735 3934 Dei
771 3876 1042 3951 frangere,
1073 3880 1345 3951 eteaudire
1374 3880 1646 3951 dicentem
1673 3878 1860 3934 Domi-

266 3962 407 4022 num
435 3965 448 3999 :
485 3946 563 4022 Tu
592 3965 674 4003 me
701 3946 936 4022 sequere,
964 3951 1087 4005 vide
1115 3950 1405 4022 Augustini
1432 3949 1732 4019 Epistolam
1755 3965 1860 4005 va

269 4018 350 4073 ad
372 4017 657 4075 Paulinum
679 4029 734 4074 et
763 4017 1099 4077 Therasiam.

619 4112 687 4168 IN
726 4112 976 4168 VIGILIA
1016 4111 1263 4168 SANCTI
1298 4112 1525 4168 PAULI.

271 4202 549 4261 Ertsrout
583 4202 750 4259 PAULI
790 4220 859 4259 Αι)
906 4204 1137 4269 Camn,
1176 4219 1296 4259 cur.
1334 4220 1353 4259 ι
1397 4221 1411 4258 :
1472 4200 1672 4258 Notum
1724 4204 1864 4258 enim

635 4275 774 4330 vobis
809 4276 947 4345 facio
975 4275 1341 4346 Euangelium,
1374 4290 1497 4331 ETC.

354 4368 406 4423 I.
430 4368 817 4441 iEvangelium,
851 4383 959 4439 quo
989 4368 1343 4423 annuntiatur
1366 4368 1543 4441 nobis,
1583 4380 1870 4441 ptenarum

273 4440 557 4505 interitus,
605 4437 761 4494 venia
790 4437 1157 4508 peccatorum,
1207 4439 1587 4502 sanctificatio,
1614 4437 1827 4508 jnstitia
1851 4476 1867 4501 ,

275 4509 504 4581 adoptio
532 4511 765 4566 filiorum
792 4508 908 4575 Dei,
938 4512 1199 4567 caelorum
1227 4510 1536 4575 hair-editas,
1567 4524 1702 4581 cum
1733 4508 1870 4581 Filio

273 4578 750 4648 Dei—fraternitas,
780 4598 886 4636 non
917 4591 1001 4636 est
1023 4598 1122 4652 per
1146 4580 1443 4652 hominem,
1469 4596 1569 4652 nec
1594 4580 1663 4635 ab
1691 4578 1867 4634 homi-

1963 3327 2083 3375 stus
2110 3328 2359 3374 mortuus
2384 3329 2440 3374 et
2468 3319 2712 3389 sepultus
2735 3327 2840 3389 est,
2865 3327 2921 3372 et
2944 3320 3267 3389 resurrexit,
3298 3335 3397 3374 nos
3419 3336 3556 3388 quo-

1964 3406 2071 3461 que
2102 3390 2170 3461 ad
2196 3390 2466 3459 passionis
2515 3387 2627 3444 sua:
2674 3387 3106 3461 similitudinem,
3138 3387 3458 3461 voluntates
3500 3399 3557 3445 et

1967 3459 2297 3531 cupiditates
2346 3469 2564 3515 nostras
2607 3460 3011 3531 crucifigamus,
3045 3466 3101 3513 et
3136 3459 3191 3513 in
3233 3460 3560 3531 baptismate

1964 3529 2285 3605 misterium
2320 3531 2532 3597 mortis,
2558 3529 2851 3602 sepultura:
2878 3537 2933 3585 et
2962 3530 3382 3586 resurrectionis
3410 3529 3552 3605 ejus,

1966 3602 2263 3658 iniitemur.

2036 3673 2094 3727 2.
2130 3673 2468 3745 Praecipuum
2501 3688 2639 3745 opus
2668 3672 2793 3730 fidei
2821 3682 2904 3730 est
2948 3688 3129 3745 pugna
3158 3672 3383 3744 spiritus
3432 3688 3557 3729 cum

1965 3759 2152 3816 carne,
2178 3759 2246 3799 ne
2272 3746 2395 3815 quis
2416 3754 2568 3816 putet
2592 3746 2948 3801 christianam
2969 3746 3138 3799 vitam
3168 3745 3382 3799 mollem
3412 3758 3558 3811 esse,

1968 3824 2025 3869 et
2053 3815 2360 3882 delicatam,
2392 3815 2675 3872 destruere
2700 3832 2898 3886 corpus
2925 3817 3158 3886 peccati,
3190 3824 3245 3869 et
3276 3816 3418 3871 ultra
3449 3831 3559 3872 non

1968 3833 2025 3869 et
2053 3833 2360 3882 delicatam,
2392 3833 2675 3872 destruere
2700 3833 2796 3872 cor
2834 3833 2898 3872 us
2925 3833 3158 3886 peccati,
3190 3833 3198 3864 ι

1968 3887 2174 3957 servire
2199 3897 2442 3957 peccato,
2482 3888 2586 3944 hoc
2612 3902 2769 3957 opus,
2798 3833 2889 3942 hic
2913 3888 3069 3942 labor
3096 3894 3198 3943 est.

2039 3958 2093 4012 5.
2135 3956 2339 4014 ϐοιιοὶο
2363 3958 2431 4014 de
2457 3956 2674 4014 Christo
2701 3958 3027 4028 paraenetica
3065 3966 3125 4013 ut
3151 3974 3184 4012 a
3212 3957 3361 4013 vitiis
3387 3957 3556 4015 absti-

1968 4035 2155 4095 neant,
2188 4038 2378 4084 contra
2421 4046 2543 4098 quae
2577 4028 3011 4098 eilicacissimum
3044 4028 3344 4083 remedium
3374 4037 3457 4083 est
3500 4036 3561 4084 ut

1969 4092 2221 4170 homo'se
2253 4092 2454 4169 cogitet
2481 4092 2828 4165 moriturum,
2868 4107 2925 4154 et
2951 4098 3343 4170 consolatoria,
3375 4106 3435 4153 ut
3459 4114 3558 4170 per

1969 4168 2115 4224 hunc
2138 4168 2205 4223 de
2230 4168 2537 4225 aeternitate
2560 4171 2686 4225 vitae
2711 4170 2890 4224 securi
2912 4169 3106 4224 simus.

1970 4260 2321 4318 Evaucsuuu
2337 4261 2633 4329 Murum,
2649 4277 2769 4316 car.
2787 4276 2821 4315 v
2840 4281 2853 4314 :
2872 4259 3062 4328 Amen,
3077 4259 3242 4315 Amen
3257 4260 3377 4316 dico
3392 4262 3556 4319 vobis.

2046 4353 2093 4425 I.
2126 4352 2484 4425 AObservanda
2512 4354 2681 4425 probe
2706 4351 2915 4425 Christi
2941 4351 3283 4423 philosophia
3309 4354 3378 4408 ab
3402 4353 3560 4411 initio

1972 4423 2167 4494 capitis
2209 4425 2406 4495 quinti,
2462 4423 2530 4480 de
2579 4423 3026 4495 beatitudinibus,
3070 4431 3126 4495 et
3162 4433 3561 4494 consequenter

1971 4496 2066 4550 ubi
2094 4494 2335 4566 divinam
2379 4498 2552 4566 l'egem
2594 4494 2862 4565 explicat,
2905 4509 3015 4566 non
3055 4494 3368 4551 obtrectans
3410 4498 3559 4552 anti-

1974 4581 2095 4637 qua:
2128 4565 2255 4636 legi,
2289 4568 2382 4623 sed
2424 4564 2679 4622 veterem
2703 4564 3111 4636 comparatione
3153 4580 3307 4622 nova:
3354 4566 3557 4637 imper-

274 4634 462 4720 ilihtts,
470 4634 725 4723 “séu’iiéé
737 4634 750 4648 ⁷
769 4634 1179 4709 ιῐὲὶίέιειίιοῖιῶ
1194 4634 1331 4707 Jesu
1348 4634 1587 4714 Christi,
1639 4658 1700 4705 ut
1731 4665 1863 4723 con-

1983 4634 2180 4723 iecrtam‘
2189 4634 2511 4721 :ostendens:

278 4724 526 4780 scientiae
554 4721 755 4780 nostrae
799 4734 963 4780 certae
1015 4724 1147 4791 sint,
1189 4731 1245 4778 et
1271 4723 1448 4779 sciant
1486 4723 1574 4777 cui
1617 4721 1865 4788 credant,

279 4796 376 4866 qui
408 4805 602 4866 potens
627 4805 710 4851 est
737 4810 975 4851 servare.

355 4863 426 4920 ἓξ
451 4866 732 4922 Secretum
763 4867 957 4921 divime
987 4866 1340 4937 providentia:
1364 4865 1418 4920 in
1447 4864 1638 4937 Paulo,
1668 4863 1867 4937 quies

278 4935 601 5007 blasphemo
648 4933 1005 5009 persecutore
1037 4946 1092 5009 et
1130 4938 1366 4992 violento
1395 4937 1456 4991 ﬁt
1493 4936 1727 4991 electum
1772 4933 1870 4989 Dei

282 5024 574 5079 organum,
591 5007 814 5079 portans
836 5025 1031 5065 nomen
1056 5007 1256 5064 Christi
1273 5023 1455 5079 coram
1483 5008 1755 5077 gentibus,
1784 5020 1872 5059 re-

283 5078 539 5152 gibusac
566 5078 690 5136 filiis
721 5080 906 5152 Israel.
938 5080 1165 5144 Act.'tx,
1191 5079 1282 5145 2'2,
1322 5079 1339 5131 I
1372 5078 1611 5152 Timoth.
1638 5093 1676 5132 ι.

360 5150 413 5205 5.
454 5149 646 5207 Munus
675 5151 1031 5221 apostolicum
1062 5157 1233 5203 totum
1270 5157 1353 5204 est
1382 5148 1606 5221 caeleste
1636 5162 1740 5221 nec
1777 5146 1873 5221 ad-

285 5221 458 5276 mittit
490 5217 1023 5286 aIIectus'humanos,
1050 5221 1278 5290 proinde
1300 5234 1407 5274 non
1440 5218 1652 5290 confert
1673 5217 1875 5290 Paulus

289 5308 415 5347 cum
446 5309 611 5349 carne
638 5303 698 5373 et_
722 5294 1004 5373 sanguine,
1033 5287 1359 5373 margaritas
1381 5305 1489 5345 non
1511 5287 1726 5360 projicit
1746 5295 1875 5344 ante

287 5379 511 5435 porcos,
540 5380 640 5420 nec
668 5367 761 5419 dat
784 5362 1031 5420 sanctum
1060 5362 1305 5419 canibus.

612 5456 680 5512 IN
725 5455 986 5512 NATALI
1027 5454 1273 5512 SANCTI
1310 5453 1538 5511 PAULI.
1618 5486 1627 5491 -

289 5548 500 5607 LECTIO
535 5547 672 5605 Acr.
712 5547 936 5617 Arosr.,
969 5552 1087 5631 ear.
1119 5564 1213 5603 IX:
1255 5544 1456 5603 Saulus
1497 5555 1674 5602 autem
1700 5546 1875 5603 adhuc

966 5636 1191 5691 spirans.

2043 4707 2098 4761 2.
2141 4707 2443 4764 Discrimen
2492 4710 2636 4780 inter
2677 4706 2947 4778 justitiam
2995 4708 3393 4780 Pharisaeorum
3437 4725 3559 4780 qua:

1971 4786 2183 4833 tantum
2235 4780 2289 4833 in
2336 4779 2578 4834 externis
2623 4789 2895 4847 versatur,
2948 4789 3004 4835 et
3042 4778 3479 4836 Christianorum
3526 4796 3560 4836 a

1972 4849 2173 4919 quibus
2196 4864 2294 4904 cor
2323 4848 2638 4920 requiritur.

2039 4920 2093 4973 5.
2133 4922 2208 4974 De
2234 4919 2676 4975 reconciliatione
2715 4929 2772 4976 et
2812 4921 3167 4992 ignoscentia,
3212 4922 3280 4976 de
3311 4929 3556 4991 tempore

1971 4991 2090 5057 iraa,
2129 4998 2456 5065 opportuno,
2491 4991 2922 5065 importuno,’et
2952 5002 3157 5065 quanta
3181 4993 3326 5048 mala
3350 5009 3417 5049 ex
3447 4994 3555 5060 ira,

1977 5061 2441 5135 necessa_rii_luci,
2477 5061 2581 5116 ubi
2616 5063 2863 5120 videmus
2903 5061 3187 5135 charitatis
3228 5065 3558 5135 praecipuam

1973 5147 2161 5205 curam
2177 5130 2395 5205 Christo
2409 5148 2549 5197 esse,
2566 5142 2620 5205 et
2633 5135 3069 5205 acceptissimum
3085 5134 3197 5205 Deo
3209 5130 3558 5205 sacrificium,

1974 5203 2118 5273 quod
2142 5212 2197 5258 et
2227 5203 2348 5258 laici
2374 5204 2529 5275 juxta
2565 5203 3014 5276 Chrysostomum
3041 5204 3239 5261 oll‘erre
3267 5203 3484 5259 debent.

2143 5313 2471 5371 DOMINICA
2506 5316 2619 5373 VIII
2656 5316 2833 5374 POST
2870 5315 3391 5373 PENTECOSTEN.

1976 5405 2247 5463 EPISTOLA
2283 5408 2448 5464 Pwu
2484 5426 2554 5465 an
2593 5409 2758 5475 Rom,
2799 5425 2919 5465 CAP.
2961 5426 3014 5464 vi
3050 5426 3063 5463 :
3094 5406 3405 5465 Humanum
3443 5408 3562 5466 dico

2454 5490 2668 5554 propter
2702 5482 3081 5551 inﬁmitatem.

2143 5570 2383 5645 Benigna
2402 5574 2709 5629 exhortatio
2744 5571 2993 5645 apostoli,
3011 5580 3080 5645 _ut
3101 5569 3328 5642 justitim
3350 5584 3407 5631 et
3436 5586 3565 5632 san-

1981 5642 2303 5698 ctificationi
2321 5647 2656 5710 Studeamus,
2673 5642 2795 5714 quai
2820 5644 2914 5699 Dei
2940 5643 3188 5699 voluntas
3208 5654 3309 5709 est,
3340 5648 3566 5705 dimissa

371 5707 423 5767 1.
463 5710 693 5769 Vocatio
719 5711 1015 5787 admunus
1042 5708 1655 5787 apestolieummon‘est
1680 5710 1879 5787 virium
1980 5716 2129 5787 omni
2156 5715 2433 5771 voluntate
2467 5707 2729 5787 gentium,
2761 5730 2881 5787 quae
2908 5723 2992 5787 est
3026 5715 3081 5769 in
3113 5707 3488 5787 immunditiis.

296 5792 610 5839 nostrarum
639 5792 733 5839 aut
760 5783 915 5839 liberi
940 5781 1175 5847 arbitrii,
1215 5783 1310 5839 sed
1344 5783 1516 5839 solius
1544 5781 1639 5837 Dei
1666 5783 1882 5839 miseri-

2048 5786 2102 5841 2.
2125 5787 2386 5843 Pudorem
2414 5774 2701 5856 qdemdam
2717 5774 3251 5857 'ititulithpostolus,
3281 5795 3418 5843 teste
3438 5785 3566 5844 Ori-

294 5855 522 5928 cgrdize,
553 5855 682 5912 hinc
708 5856 974 5928 scriptura
1002 5854 1179 5910 sancti
1220 5853 1372 5928 Pauli
1416 5855 1753 5928 vocationem
1798 5855 1881 5926 (ut
1983 5873 2143 5928 gene,
2166 5868 2226 5913 ut
2245 5853 2767 5927 saltem—dependant
2788 5858 2890 5913 hoc
2916 5853 3142 5928 justitiae
3169 5853 3565 5916 etsanctillca-

295 5923 442 5988 alias
470 5941 790 5999 magnorum
817 5923 1064 5987 'virorum
1086 5926 1399 5985 vocationes
1444 5925 1627 5997 Mosis,
1656 5923 1882 5986 Samue-
1985 5923 2291 6002 iioni'quod
2312 5923 2838 6014 prius‘immunditiae
2861 5923 3211 6002 et'iniquitati
3231 5930 3563 5991 detulerunt.
