  <div class='ocr_page' id='page_1' title='image "/cluster/home/n/w/nwhite01/storage/ocr_20150623/102/hvd.32044015466808/296.png"; bbox 0 0 4020 6472; ppageno 0'>
   <div class='ocr_carea' id='block_1_1' title="bbox 243 355 345 425">
    <p class='ocr_par' dir='ltr' id='par_1_1' title="bbox 243 355 345 425">
     <span class='ocr_line' id='line_1_1' title="bbox 243 355 345 425; baseline -0.029 0"><span class='ocrx_word' id='word_1_1' title='bbox 243 355 345 425; x_wconf 72' lang='grc'><strong>581</strong></span> 
     </span>
    </p>
   </div>
   <div class='ocr_carea' id='block_1_2' title="bbox 244 470 1902 537">
    <p class='ocr_par' dir='ltr' id='par_1_2' title="bbox 244 470 1902 537">
     <span class='ocr_line' id='line_1_2' title="bbox 244 470 1902 537; baseline -0.007 0"><span class='ocrx_word' id='word_1_2' title='bbox 244 480 548 537; x_wconf 74' lang='lat' dir='ltr'><strong>debuerant</strong></span> <span class='ocrx_word' id='word_1_3' title='bbox 587 476 819 531; x_wconf 82' lang='lat' dir='ltr'><strong>intrasse</strong></span> <span class='ocrx_word' id='word_1_4' title='bbox 854 481 909 531; x_wconf 78' lang='lat' dir='ltr'><strong>et</strong></span> <span class='ocrx_word' id='word_1_5' title='bbox 932 485 1054 529; x_wconf 80' lang='lat' dir='ltr'><strong>eum</strong></span> <span class='ocrx_word' id='word_1_6' title='bbox 1096 471 1273 529; x_wconf 85' lang='lat' dir='ltr'><strong>turbis</strong></span> <span class='ocrx_word' id='word_1_7' title='bbox 1318 470 1567 527; x_wconf 73' lang='lat' dir='ltr'><strong>similiter</strong></span> <span class='ocrx_word' id='word_1_8' title='bbox 1611 470 1817 535; x_wconf 82' lang='lat' dir='ltr'><strong>audire,</strong></span> <span class='ocrx_word' id='word_1_9' title='bbox 1846 473 1902 533; x_wconf 78' lang='grc' dir='ltr'><strong>Α</strong></span> 
     </span>
    </p>
   </div>
   <div class='ocr_carea' id='block_1_3' title="bbox 242 541 1821 617">
    <p class='ocr_par' dir='ltr' id='par_1_3' title="bbox 242 541 1821 617">
     <span class='ocr_line' id='line_1_3' title="bbox 242 541 1821 617; baseline -0.006 -11"><span class='ocrx_word' id='word_1_10' title='bbox 242 560 338 607; x_wconf 88' lang='lat' dir='ltr'><strong>aut</strong></span> <span class='ocrx_word' id='word_1_11' title='bbox 368 549 501 604; x_wconf 82' lang='lat' dir='ltr'><strong>foris</strong></span> <span class='ocrx_word' id='word_1_12' title='bbox 543 556 858 617; x_wconf 77' lang='lat' dir='ltr'><strong>exspectare</strong></span> <span class='ocrx_word' id='word_1_13' title='bbox 890 546 1051 617; x_wconf 86' lang='lat' dir='ltr'><strong>tinem</strong></span> <span class='ocrx_word' id='word_1_14' title='bbox 1088 542 1379 610; x_wconf 77' lang='lat' dir='ltr'><strong>sermonis,</strong></span> <span class='ocrx_word' id='word_1_15' title='bbox 1413 556 1600 617; x_wconf 78' lang='lat' dir='ltr'><strong>verum</strong></span> <span class='ocrx_word' id='word_1_16' title='bbox 1629 541 1821 613; x_wconf 81' lang='lat' dir='ltr'><strong>(Chry-</strong></span> 
     </span>
    </p>
   </div>
   <div class='ocr_carea' id='block_1_4' title="bbox 243 612 1820 687">
    <p class='ocr_par' dir='ltr' id='par_1_4' title="bbox 243 612 1820 687">
     <span class='ocr_line' id='line_1_4' title="bbox 243 612 1820 687; baseline -0.007 -10"><span class='ocrx_word' id='word_1_17' title='bbox 243 629 488 679; x_wconf 84' lang='lat' dir='ltr'><strong>sostomo</strong></span> <span class='ocrx_word' id='word_1_18' title='bbox 555 612 722 683; x_wconf 80' lang='lat' dir='ltr'><strong>teste)</strong></span> <span class='ocrx_word' id='word_1_19' title='bbox 789 616 1083 671; x_wconf 86' lang='lat' dir='ltr'><strong>ambitione</strong></span> <span class='ocrx_word' id='word_1_20' title='bbox 1138 629 1201 669; x_wconf 90' lang='lat' dir='ltr'><strong>ac</strong></span> <span class='ocrx_word' id='word_1_21' title='bbox 1252 612 1820 687; x_wconf 46' lang='lat' dir='ltr'><strong>ostentationecomT</strong></span> 
     </span>
    </p>
   </div>
   <div class='ocr_carea' id='block_1_5' title="bbox 244 684 1814 753">
    <p class='ocr_par' dir='ltr' id='par_1_5' title="bbox 244 684 1814 753">
     <span class='ocr_line' id='line_1_5' title="bbox 244 684 1814 753; baseline -0.008 -5"><span class='ocrx_word' id='word_1_22' title='bbox 244 692 379 748; x_wconf 85' lang='lat' dir='ltr'><strong>moti</strong></span> <span class='ocrx_word' id='word_1_23' title='bbox 406 689 555 745; x_wconf 79' lang='lat' dir='ltr'><strong>foras</strong></span> <span class='ocrx_word' id='word_1_24' title='bbox 592 696 837 749; x_wconf 78' lang='lat' dir='ltr'><strong>evocant,</strong></span> <span class='ocrx_word' id='word_1_25' title='bbox 867 695 924 740; x_wconf 91' lang='lat' dir='ltr'><strong>ut</strong></span> <span class='ocrx_word' id='word_1_26' title='bbox 952 688 1239 742; x_wconf 64' lang='lat' dir='ltr'><strong>vi&#39;leantur</strong></span> <span class='ocrx_word' id='word_1_27' title='bbox 1274 684 1489 738; x_wconf 86' lang='lat' dir='ltr'><strong>Christo</strong></span> <span class='ocrx_word' id='word_1_28' title='bbox 1528 684 1814 753; x_wconf 78' lang='lat' dir='ltr'><strong>imperare.</strong></span> 
     </span>
    </p>
   </div>
   <div class='ocr_carea' id='block_1_6' title="bbox 314 754 1822 825">
    <p class='ocr_par' dir='ltr' id='par_1_6' title="bbox 314 754 1822 825">
     <span class='ocr_line' id='line_1_6' title="bbox 314 754 1822 825; baseline -0.006 -8"><span class='ocrx_word' id='word_1_29' title='bbox 314 763 371 818; x_wconf 79' lang='lat'><strong>3.</strong></span> <span class='ocrx_word' id='word_1_30' title='bbox 404 760 718 816; x_wconf 84' lang='lat' dir='ltr'><strong>Communis</strong></span> <span class='ocrx_word' id='word_1_31' title='bbox 736 758 975 814; x_wconf 92' lang='lat' dir='ltr'><strong>omnium</strong></span> <span class='ocrx_word' id='word_1_32' title='bbox 998 758 1228 825; x_wconf 79' lang='lat' dir='ltr'><strong>ingenue</strong></span> <span class='ocrx_word' id='word_1_33' title='bbox 1246 754 1822 825; x_wconf 77' lang='lat' dir='ltr'><strong>Cliristianorumcum</strong></span> 
     </span>
    </p>
   </div>
   <div class='ocr_carea' id='block_1_7' title="bbox 242 824 1821 898">
    <p class='ocr_par' dir='ltr' id='par_1_7' title="bbox 242 824 1821 898">
     <span class='ocr_line' id='line_1_7' title="bbox 242 824 1821 898; baseline -0.006 -9"><span class='ocrx_word' id='word_1_34' title='bbox 242 831 466 889; x_wconf 85' lang='lat' dir='ltr'><strong>Christo</strong></span> <span class='ocrx_word' id='word_1_35' title='bbox 491 831 766 898; x_wconf 81' lang='lat' dir='ltr'><strong>nobilitas,</strong></span> <span class='ocrx_word' id='word_1_36' title='bbox 796 824 1132 884; x_wconf 86' lang='lat' dir='ltr'><strong>voluntatem</strong></span> <span class='ocrx_word' id='word_1_37' title='bbox 1160 827 1254 881; x_wconf 95' lang='lat' dir='ltr'><strong>Dei</strong></span> <span class='ocrx_word' id='word_1_38' title='bbox 1284 824 1486 880; x_wconf 80' lang='lat' dir='ltr'><strong>facere.</strong></span> <span class='ocrx_word' id='word_1_39' title='bbox 1520 824 1618 881; x_wconf 85' lang='lat' dir='ltr'><strong>ilic</strong></span> <span class='ocrx_word' id='word_1_40' title='bbox 1649 824 1821 880; x_wconf 86' lang='lat' dir='ltr'><strong>simus</strong></span> 
     </span>
    </p>
   </div>
   <div class='ocr_carea' id='block_1_8' title="bbox 243 904 477 960">
    <p class='ocr_par' dir='ltr' id='par_1_8' title="bbox 243 904 477 960">
     <span class='ocr_line' id='line_1_8' title="bbox 243 904 477 960; baseline -0.021 0"><span class='ocrx_word' id='word_1_41' title='bbox 243 904 477 960; x_wconf 80' lang='lat' dir='ltr'><strong>strenui.</strong></span> 
     </span>
    </p>
   </div>
   <div class='ocr_carea' id='block_1_9' title="bbox 422 1008 1641 1070">
    <p class='ocr_par' dir='ltr' id='par_1_9' title="bbox 422 1008 1641 1070">
     <span class='ocr_line' id='line_1_9' title="bbox 422 1008 1641 1070; baseline -0.005 0"><span class='ocrx_word' id='word_1_42' title='bbox 422 1011 747 1070; x_wconf 81' lang='lat' dir='ltr'><strong>DOMINICA</strong></span> <span class='ocrx_word' id='word_1_43' title='bbox 784 1012 877 1068; x_wconf 78' lang='lat' dir='ltr'><strong>XII</strong></span> <span class='ocrx_word' id='word_1_44' title='bbox 909 1010 1084 1069; x_wconf 85' lang='lat' dir='ltr'><strong>POST</strong></span> <span class='ocrx_word' id='word_1_45' title='bbox 1123 1008 1641 1069; x_wconf 84' lang='lat' dir='ltr'><strong>PENTECOSTEN.</strong></span> 
     </span>
    </p>
   </div>
   <div class='ocr_carea' id='block_1_10' title="bbox 242 1123 1823 1189">
    <p class='ocr_par' dir='ltr' id='par_1_10' title="bbox 242 1123 1823 1189">
     <span class='ocr_line' id='line_1_10' title="bbox 242 1123 1823 1189; baseline -0.004 -4"><span class='ocrx_word' id='word_1_46' title='bbox 242 1128 453 1186; x_wconf 68' lang='lat' dir='ltr'><strong>Lscrto</strong></span> <span class='ocrx_word' id='word_1_47' title='bbox 476 1123 941 1185; x_wconf 63' lang='lat' dir='ltr'><strong>trtsrome&#39;Pwu</strong></span> <span class='ocrx_word' id='word_1_48' title='bbox 983 1142 1049 1182; x_wconf 76' lang='grc' dir='ltr'><strong>Αυ</strong></span> <span class='ocrx_word' id='word_1_49' title='bbox 1087 1126 1222 1181; x_wconf 78' lang='lat' dir='ltr'><strong>Con.</strong></span> <span class='ocrx_word' id='word_1_50' title='bbox 1256 1126 1297 1189; x_wconf 90' lang='lat' dir='ltr'><strong>l,</strong></span> <span class='ocrx_word' id='word_1_51' title='bbox 1332 1142 1448 1181; x_wconf 70' lang='lat' dir='ltr'><strong>cu.</strong></span> <span class='ocrx_word' id='word_1_52' title='bbox 1476 1141 1547 1181; x_wconf 78' lang='lat' dir='ltr'><strong>xv</strong></span> <span class='ocrx_word' id='word_1_53' title='bbox 1575 1143 1587 1179; x_wconf 92' lang='lat'>:</span> <span class='ocrx_word' id='word_1_54' title='bbox 1624 1124 1823 1180; x_wconf 83' lang='lat' dir='ltr'><strong>Notum</strong></span> 
     </span>
    </p>
   </div>
   <div class='ocr_carea' id='block_1_11' title="bbox 692 1197 1389 1269">
    <p class='ocr_par' dir='ltr' id='par_1_11' title="bbox 692 1197 1389 1269">
     <span class='ocr_line' id='line_1_11' title="bbox 692 1197 1389 1269; baseline -0.004 -15"><span class='ocrx_word' id='word_1_55' title='bbox 692 1199 834 1254; x_wconf 79' lang='lat' dir='ltr'><strong>vobis</strong></span> <span class='ocrx_word' id='word_1_56' title='bbox 860 1199 999 1268; x_wconf 77' lang='lat' dir='ltr'><strong>facio</strong></span> <span class='ocrx_word' id='word_1_57' title='bbox 1028 1197 1389 1269; x_wconf 81' lang='lat' dir='ltr'><strong>Evangelium.</strong></span> 
     </span>
    </p>
   </div>
   <div class='ocr_carea' id='block_1_12' title="bbox 317 1307 1851 1379">
    <p class='ocr_par' dir='ltr' id='par_1_12' title="bbox 317 1307 1851 1379">
     <span class='ocr_line' id='line_1_12' title="bbox 317 1307 1851 1379; baseline -0.006 -9"><span class='ocrx_word' id='word_1_58' title='bbox 317 1312 371 1370; x_wconf 81' lang='grc'><strong>1.</strong></span> <span class='ocrx_word' id='word_1_59' title='bbox 411 1311 570 1368; x_wconf 88' lang='lat' dir='ltr'><strong>Clara</strong></span> <span class='ocrx_word' id='word_1_60' title='bbox 620 1312 861 1367; x_wconf 82' lang='lat' dir='ltr'><strong>brevitas</strong></span> <span class='ocrx_word' id='word_1_61' title='bbox 908 1311 1074 1367; x_wconf 91' lang='lat' dir='ltr'><strong>totius</strong></span> <span class='ocrx_word' id='word_1_62' title='bbox 1113 1308 1394 1379; x_wconf 81' lang='lat' dir='ltr'><strong>Evangelii</strong></span> <span class='ocrx_word' id='word_1_63' title='bbox 1434 1307 1488 1361; x_wconf 93' lang='lat' dir='ltr'><strong>in</strong></span> <span class='ocrx_word' id='word_1_64' title='bbox 1539 1321 1646 1379; x_wconf 79' lang='lat' dir='ltr'><strong>quo</strong></span> <span class='ocrx_word' id='word_1_65' title='bbox 1680 1313 1851 1379; x_wconf 51' lang='lat' dir='ltr'><strong>stare,</strong></span> 
     </span>
    </p>
   </div>
   <div class='ocr_carea' id='block_1_13' title="bbox 242 1376 1825 1459">
    <p class='ocr_par' dir='ltr' id='par_1_13' title="bbox 242 1376 1825 1459">
     <span class='ocr_line' id='line_1_13' title="bbox 242 1376 1825 1459; baseline -0.004 -20"><span class='ocrx_word' id='word_1_66' title='bbox 242 1392 479 1453; x_wconf 87' lang='lat' dir='ltr'><strong>oportet,</strong></span> <span class='ocrx_word' id='word_1_67' title='bbox 522 1397 619 1453; x_wconf 87' lang='lat' dir='ltr'><strong>per</strong></span> <span class='ocrx_word' id='word_1_68' title='bbox 654 1383 797 1452; x_wconf 88' lang='lat' dir='ltr'><strong>quod</strong></span> <span class='ocrx_word' id='word_1_69' title='bbox 846 1380 1073 1459; x_wconf 82' lang='lat' dir='ltr'><strong>salutem</strong></span> <span class='ocrx_word' id='word_1_70' title='bbox 1118 1376 1522 1459; x_wconf 67' lang='lat' dir='ltr'><strong>consequimur,</strong></span> <span class='ocrx_word' id='word_1_71' title='bbox 1576 1376 1825 1459; x_wconf 68' lang='lat' dir='ltr'><strong>Christus</strong></span> 
     </span>
    </p>
   </div>
   <div class='ocr_carea' id='block_1_14' title="bbox 244 1448 1822 1522">
    <p class='ocr_par' dir='ltr' id='par_1_14' title="bbox 244 1448 1822 1522">
     <span class='ocr_line' id='line_1_14' title="bbox 244 1448 1822 1522; baseline -0.008 -9"><span class='ocrx_word' id='word_1_72' title='bbox 244 1448 495 1513; x_wconf 73' lang='lat' dir='ltr'><strong>niortuus</strong></span> <span class='ocrx_word' id='word_1_73' title='bbox 523 1448 623 1508; x_wconf 57' lang='lat' dir='ltr'><strong>&#39;est</strong></span> <span class='ocrx_word' id='word_1_74' title='bbox 665 1448 763 1522; x_wconf 79' lang='lat' dir='ltr'><strong>pro</strong></span> <span class='ocrx_word' id='word_1_75' title='bbox 811 1453 1050 1521; x_wconf 84' lang='lat' dir='ltr'><strong>peccatis</strong></span> <span class='ocrx_word' id='word_1_76' title='bbox 1079 1451 1279 1506; x_wconf 80' lang='lat' dir='ltr'><strong>nostris</strong></span> <span class='ocrx_word' id='word_1_77' title='bbox 1298 1448 1454 1518; x_wconf 80' lang='lat' dir='ltr'><strong>juxta</strong></span> <span class='ocrx_word' id='word_1_78' title='bbox 1486 1448 1822 1518; x_wconf 88' lang='lat' dir='ltr'><strong>Scripturam</strong></span> 
     </span>
    </p>
   </div>
   <div class='ocr_carea' id='block_1_15' title="bbox 242 1522 1174 1592">
    <p class='ocr_par' dir='ltr' id='par_1_15' title="bbox 242 1522 1174 1592">
     <span class='ocr_line' id='line_1_15' title="bbox 242 1522 1174 1592; baseline -0.005 -12"><span class='ocrx_word' id='word_1_79' title='bbox 242 1533 301 1580; x_wconf 87' lang='lat' dir='ltr'><strong>et</strong></span> <span class='ocrx_word' id='word_1_80' title='bbox 322 1524 621 1581; x_wconf 78' lang='lat' dir='ltr'><strong>resurrexit</strong></span> <span class='ocrx_word' id='word_1_81' title='bbox 641 1524 795 1590; x_wconf 80' lang='lat' dir='ltr'><strong>juxta</strong></span> <span class='ocrx_word' id='word_1_82' title='bbox 820 1522 1174 1592; x_wconf 86' lang='lat' dir='ltr'><strong>Scripturam.</strong></span> 
     </span>
    </p>
   </div>
   <div class='ocr_carea' id='block_1_16' title="bbox 316 1586 1824 1657">
    <p class='ocr_par' dir='ltr' id='par_1_16' title="bbox 316 1586 1824 1657">
     <span class='ocr_line' id='line_1_16' title="bbox 316 1586 1824 1657; baseline -0.005 -9"><span class='ocrx_word' id='word_1_83' title='bbox 316 1594 371 1648; x_wconf 74' lang='lat'><strong>2.</strong></span> <span class='ocrx_word' id='word_1_84' title='bbox 414 1586 662 1648; x_wconf 82' lang='lat' dir='ltr'><strong>Christus</strong></span> <span class='ocrx_word' id='word_1_85' title='bbox 693 1603 776 1648; x_wconf 89' lang='lat' dir='ltr'><strong>est</strong></span> <span class='ocrx_word' id='word_1_86' title='bbox 803 1586 1053 1646; x_wconf 76' lang='lat' dir='ltr'><strong>Salvator</strong></span> <span class='ocrx_word' id='word_1_87' title='bbox 1090 1592 1176 1645; x_wconf 89' lang='lat' dir='ltr'><strong>ille</strong></span> <span class='ocrx_word' id='word_1_88' title='bbox 1220 1586 1426 1653; x_wconf 90' lang='lat' dir='ltr'><strong>mundi,</strong></span> <span class='ocrx_word' id='word_1_89' title='bbox 1458 1603 1616 1657; x_wconf 82' lang='lat' dir='ltr'><strong>quem</strong></span> <span class='ocrx_word' id='word_1_90' title='bbox 1650 1586 1824 1641; x_wconf 81' lang='lat' dir='ltr'><strong>Moses</strong></span> 
     </span>
    </p>
   </div>
   <div class='ocr_carea' id='block_1_17' title="bbox 242 1657 1824 1737">
    <p class='ocr_par' dir='ltr' id='par_1_17' title="bbox 242 1657 1824 1737">
     <span class='ocr_line' id='line_1_17' title="bbox 242 1657 1824 1737; baseline -0.006 -17"><span class='ocrx_word' id='word_1_91' title='bbox 242 1673 301 1720; x_wconf 88' lang='lat' dir='ltr'><strong>et</strong></span> <span class='ocrx_word' id='word_1_92' title='bbox 319 1665 599 1737; x_wconf 82' lang='lat' dir='ltr'><strong>propheta:</strong></span> <span class='ocrx_word' id='word_1_93' title='bbox 624 1665 1034 1729; x_wconf 89' lang='lat' dir='ltr'><strong>annuntiarunt,</strong></span> <span class='ocrx_word' id='word_1_94' title='bbox 1071 1663 1190 1717; x_wconf 90' lang='lat' dir='ltr'><strong>ideo</strong></span> <span class='ocrx_word' id='word_1_95' title='bbox 1218 1662 1272 1721; x_wconf 89' lang='lat' dir='ltr'><strong>in</strong></span> <span class='ocrx_word' id='word_1_96' title='bbox 1308 1658 1603 1730; x_wconf 88' lang='lat' dir='ltr'><strong>Scripturis</strong></span> <span class='ocrx_word' id='word_1_97' title='bbox 1630 1657 1824 1728; x_wconf 64' lang='lat' dir='ltr'><strong>praedi-</strong></span> 
     </span>
    </p>
   </div>
   <div class='ocr_carea' id='block_1_18' title="bbox 241 1742 972 1789">
    <p class='ocr_par' dir='ltr' id='par_1_18' title="bbox 241 1742 972 1789">
     <span class='ocr_line' id='line_1_18' title="bbox 241 1742 972 1789; baseline -0.004 -1"><span class='ocrx_word' id='word_1_98' title='bbox 241 1742 333 1789; x_wconf 70' lang='lat' dir='ltr'><strong>CIU</strong></span> <span class='ocrx_word' id='word_1_99' title='bbox 343 1751 394 1789; x_wconf 80' lang='lat' dir='ltr'><strong>Ill</strong></span> <span class='ocrx_word' id='word_1_100' title='bbox 418 1749 537 1789; x_wconf 76' lang='lat' dir='ltr'><strong>CSSC</strong></span> <span class='ocrx_word' id='word_1_101' title='bbox 564 1743 972 1788; x_wconf 86' lang='lat' dir='ltr'><strong>commemorat.</strong></span> 
     </span>
    </p>
   </div>
   <div class='ocr_carea' id='block_1_19' title="bbox 317 1800 1821 1871">
    <p class='ocr_par' dir='ltr' id='par_1_19' title="bbox 317 1800 1821 1871">
     <span class='ocr_line' id='line_1_19' title="bbox 317 1800 1821 1871; baseline -0.005 -12"><span class='ocrx_word' id='word_1_102' title='bbox 317 1806 371 1860; x_wconf 81' lang='lat'><strong>5.</strong></span> <span class='ocrx_word' id='word_1_103' title='bbox 412 1804 469 1859; x_wconf 94' lang='lat' dir='ltr'><strong>In</strong></span> <span class='ocrx_word' id='word_1_104' title='bbox 496 1805 854 1858; x_wconf 88' lang='lat' dir='ltr'><strong>asseveranda</strong></span> <span class='ocrx_word' id='word_1_105' title='bbox 897 1801 1299 1858; x_wconf 86' lang='lat' dir='ltr'><strong>resurrectione</strong></span> <span class='ocrx_word' id='word_1_106' title='bbox 1334 1800 1561 1871; x_wconf 81' lang='lat' dir='ltr'><strong>diligens</strong></span> <span class='ocrx_word' id='word_1_107' title='bbox 1586 1807 1669 1871; x_wconf 90' lang='lat' dir='ltr'><strong>est</strong></span> <span class='ocrx_word' id='word_1_108' title='bbox 1693 1814 1821 1871; x_wconf 89' lang='lat' dir='ltr'><strong>apo-</strong></span> 
     </span>
    </p>
   </div>
   <div class='ocr_carea' id='block_1_20' title="bbox 243 1870 1825 1945">
    <p class='ocr_par' dir='ltr' id='par_1_20' title="bbox 243 1870 1825 1945">
     <span class='ocr_line' id='line_1_20' title="bbox 243 1870 1825 1945; baseline -0.005 -15"><span class='ocrx_word' id='word_1_109' title='bbox 243 1875 436 1945; x_wconf 85' lang='lat' dir='ltr'><strong>stolus.</strong></span> <span class='ocrx_word' id='word_1_110' title='bbox 489 1874 650 1929; x_wconf 85' lang='lat' dir='ltr'><strong>Visus</strong></span> <span class='ocrx_word' id='word_1_111' title='bbox 695 1883 777 1930; x_wconf 89' lang='lat' dir='ltr'><strong>est</strong></span> <span class='ocrx_word' id='word_1_112' title='bbox 817 1874 1032 1945; x_wconf 84' lang='lat' dir='ltr'><strong>Ceph-.e,</strong></span> <span class='ocrx_word' id='word_1_113' title='bbox 1064 1870 1599 1945; x_wconf 67' lang='lat' dir='ltr'><strong>ptvsthzecumzecim,</strong></span> <span class='ocrx_word' id='word_1_114' title='bbox 1628 1870 1825 1945; x_wconf 74' lang='lat' dir='ltr'><strong>deinde</strong></span> 
     </span>
    </p>
   </div>
   <div class='ocr_carea' id='block_1_21' title="bbox 242 1942 1830 2018">
    <p class='ocr_par' dir='ltr' id='par_1_21' title="bbox 242 1942 1830 2018">
     <span class='ocr_line' id='line_1_21' title="bbox 242 1942 1830 2018; baseline -0.004 -19"><span class='ocrx_word' id='word_1_115' title='bbox 242 1944 533 2018; x_wconf 82' lang='lat' dir='ltr'><strong>plusquam</strong></span> <span class='ocrx_word' id='word_1_116' title='bbox 552 1946 861 2018; x_wconf 80' lang='lat' dir='ltr'><strong>quingentis</strong></span> <span class='ocrx_word' id='word_1_117' title='bbox 878 1942 1156 2018; x_wconf 66' lang='lat' dir='ltr'><strong>fratribus,</strong></span> <span class='ocrx_word' id='word_1_118' title='bbox 1182 1942 1403 2018; x_wconf 79' lang='lat' dir='ltr'><strong>Iacobo,</strong></span> <span class='ocrx_word' id='word_1_119' title='bbox 1432 1942 1690 2018; x_wconf 81' lang='lat' dir='ltr'><strong>apostolis</strong></span> <span class='ocrx_word' id='word_1_120' title='bbox 1714 1955 1830 1994; x_wconf 91' lang='lat' dir='ltr'><strong>om-</strong></span> 
     </span>
    </p>
   </div>
   <div class='ocr_carea' id='block_1_22' title="bbox 242 2015 1833 2083">
    <p class='ocr_par' dir='ltr' id='par_1_22' title="bbox 242 2015 1833 2083">
     <span class='ocr_line' id='line_1_22' title="bbox 242 2015 1833 2083; baseline -0.005 -12"><span class='ocrx_word' id='word_1_121' title='bbox 242 2015 425 2081; x_wconf 74' lang='lat' dir='ltr'><strong>nibus,</strong></span> <span class='ocrx_word' id='word_1_122' title='bbox 451 2015 743 2071; x_wconf 67' lang='lat' dir='ltr'><strong>novissime</strong></span> <span class='ocrx_word' id='word_1_123' title='bbox 771 2016 955 2072; x_wconf 87' lang='lat' dir='ltr'><strong>Paulo.</strong></span> <span class='ocrx_word' id='word_1_124' title='bbox 992 2016 1126 2069; x_wconf 81' lang='lat' dir='ltr'><strong>Nam</strong></span> <span class='ocrx_word' id='word_1_125' title='bbox 1156 2016 1246 2083; x_wconf 89' lang='lat' dir='ltr'><strong>qui</strong></span> <span class='ocrx_word' id='word_1_126' title='bbox 1275 2015 1561 2067; x_wconf 90' lang='lat' dir='ltr'><strong>articulum</strong></span> <span class='ocrx_word' id='word_1_127' title='bbox 1589 2026 1833 2083; x_wconf 65' lang='lat' dir='ltr'><strong>resurre-</strong></span> 
     </span>
    </p>
   </div>
   <div class='ocr_carea' id='block_1_23' title="bbox 244 2082 1829 2157">
    <p class='ocr_par' dir='ltr' id='par_1_23' title="bbox 244 2082 1829 2157">
     <span class='ocr_line' id='line_1_23' title="bbox 244 2082 1829 2157; baseline -0.004 -17"><span class='ocrx_word' id='word_1_128' title='bbox 244 2086 443 2141; x_wconf 89' lang='lat' dir='ltr'><strong>ctionis</strong></span> <span class='ocrx_word' id='word_1_129' title='bbox 493 2096 674 2157; x_wconf 89' lang='lat' dir='ltr'><strong>negat,</strong></span> <span class='ocrx_word' id='word_1_130' title='bbox 721 2086 887 2140; x_wconf 88' lang='lat' dir='ltr'><strong>multa</strong></span> <span class='ocrx_word' id='word_1_131' title='bbox 925 2086 1143 2156; x_wconf 78' lang='lat' dir='ltr'><strong>negabit</strong></span> <span class='ocrx_word' id='word_1_132' title='bbox 1167 2082 1311 2154; x_wconf 86' lang='lat' dir='ltr'><strong>quod</strong></span> <span class='ocrx_word' id='word_1_133' title='bbox 1341 2092 1490 2157; x_wconf 85' lang='lat' dir='ltr'><strong>recte</strong></span> <span class='ocrx_word' id='word_1_134' title='bbox 1520 2082 1829 2157; x_wconf 78' lang='lat' dir='ltr'><strong>credamus,</strong></span> 
     </span>
    </p>
   </div>
   <div class='ocr_carea' id='block_1_24' title="bbox 284 2154 1831 2223">
    <p class='ocr_par' dir='ltr' id='par_1_24' title="bbox 284 2154 1831 2223">
     <span class='ocr_line' id='line_1_24' title="bbox 284 2154 1831 2223; baseline -0.003 -15"><span class='ocrx_word' id='word_1_135' title='bbox 284 2158 390 2211; x_wconf 89' lang='lat' dir='ltr'><strong>uod</strong></span> <span class='ocrx_word' id='word_1_136' title='bbox 416 2154 641 2213; x_wconf 78' lang='lat' dir='ltr'><strong>verbum</strong></span> <span class='ocrx_word' id='word_1_137' title='bbox 671 2157 914 2211; x_wconf 90' lang='lat' dir='ltr'><strong>auditum</strong></span> <span class='ocrx_word' id='word_1_138' title='bbox 940 2154 1145 2210; x_wconf 85' lang='lat' dir='ltr'><strong>rectum</strong></span> <span class='ocrx_word' id='word_1_139' title='bbox 1164 2158 1253 2218; x_wconf 89' lang='lat' dir='ltr'><strong>sit,</strong></span> <span class='ocrx_word' id='word_1_140' title='bbox 1274 2156 1416 2223; x_wconf 81' lang='lat' dir='ltr'><strong>quod</strong></span> <span class='ocrx_word' id='word_1_141' title='bbox 1434 2154 1665 2223; x_wconf 87' lang='lat' dir='ltr'><strong>apostoli</strong></span> <span class='ocrx_word' id='word_1_142' title='bbox 1683 2160 1831 2223; x_wconf 87' lang='lat' dir='ltr'><strong>recte</strong></span> 
     </span>
    </p>
   </div>
   <div class='ocr_carea' id='block_1_25' title="bbox 243 2170 1834 2352">
    <p class='ocr_par' dir='ltr' id='par_1_25' title="bbox 243 2170 1834 2352">
     <span class='ocr_line' id='line_1_25' title="bbox 284 2170 1831 2223; baseline -0.003 -15"><span class='ocrx_word' id='word_1_143' title='bbox 284 2170 390 2211; x_wconf 81' lang='grc' dir='ltr'>ιιοα</span> <span class='ocrx_word' id='word_1_144' title='bbox 416 2170 641 2213; x_wconf 87' lang='lat' dir='ltr'><strong>vernum</strong></span> <span class='ocrx_word' id='word_1_145' title='bbox 671 2170 914 2211; x_wconf 83' lang='lat' dir='ltr'><strong>auditum</strong></span> <span class='ocrx_word' id='word_1_146' title='bbox 940 2170 1145 2210; x_wconf 88' lang='lat' dir='ltr'><strong>rectum</strong></span> <span class='ocrx_word' id='word_1_147' title='bbox 1164 2170 1253 2218; x_wconf 81' lang='lat' dir='ltr'><strong>Sil,</strong></span> <span class='ocrx_word' id='word_1_148' title='bbox 1274 2170 1416 2223; x_wconf 73' lang='lat' dir='ltr'><strong>quoa</strong></span> <span class='ocrx_word' id='word_1_149' title='bbox 1434 2170 1665 2223; x_wconf 69' lang='lat' dir='ltr'><strong>aPOSIOIl</strong></span> <span class='ocrx_word' id='word_1_150' title='bbox 1683 2170 1831 2205; x_wconf 70' lang='grc' dir='ltr'><strong>τρειθ</strong></span> 
     </span>
     <span class='ocr_line' id='line_1_26' title="bbox 243 2170 1834 2352; baseline -0.004 -69"><span class='ocrx_word' id='word_1_151' title='bbox 243 2170 497 2352; x_wconf 50' lang='grc' dir='ltr'><strong>ἓῧαῧιὲεὲ</strong></span> <span class='ocrx_word' id='word_1_152' title='bbox 522 2236 576 2282; x_wconf 89' lang='lat' dir='ltr'><strong>et</strong></span> <span class='ocrx_word' id='word_1_153' title='bbox 597 2228 694 2283; x_wconf 86' lang='lat' dir='ltr'><strong>Dei</strong></span> <span class='ocrx_word' id='word_1_154' title='bbox 722 2227 952 2297; x_wconf 85' lang='lat' dir='ltr'><strong>apostoli</strong></span> <span class='ocrx_word' id='word_1_155' title='bbox 981 2228 1109 2292; x_wconf 89' lang='lat' dir='ltr'><strong>sint,</strong></span> <span class='ocrx_word' id='word_1_156' title='bbox 1140 2227 1284 2295; x_wconf 89' lang='lat' dir='ltr'><strong>quod</strong></span> <span class='ocrx_word' id='word_1_157' title='bbox 1307 2227 1449 2279; x_wconf 88' lang='lat' dir='ltr'><strong>Deus</strong></span> <span class='ocrx_word' id='word_1_158' title='bbox 1470 2238 1654 2289; x_wconf 77' lang='lat' dir='ltr'><strong>verax,</strong></span> <span class='ocrx_word' id='word_1_159' title='bbox 1685 2220 1834 2295; x_wconf 84' lang='lat' dir='ltr'><strong>quod</strong></span> 
     </span>
    </p>
   </div>
   <div class='ocr_carea' id='block_1_26' title="bbox 247 2304 514 2353">
    <p class='ocr_par' dir='ltr' id='par_1_26' title="bbox 247 2304 514 2353">
     <span class='ocr_line' id='line_1_27' title="bbox 247 2304 514 2353; baseline -0.004 -2"><span class='ocrx_word' id='word_1_160' title='bbox 247 2304 324 2352; x_wconf 80' lang='lat' dir='ltr'><strong>sit</strong></span> <span class='ocrx_word' id='word_1_161' title='bbox 352 2304 514 2353; x_wconf 86' lang='lat' dir='ltr'><strong>Deus.</strong></span> 
     </span>
    </p>
   </div>
   <div class='ocr_carea' id='block_1_27' title="bbox 242 2403 1833 2476">
    <p class='ocr_par' dir='ltr' id='par_1_27' title="bbox 242 2403 1833 2476">
     <span class='ocr_line' id='line_1_28' title="bbox 242 2403 1833 2476; baseline -0.004 -11"><span class='ocrx_word' id='word_1_162' title='bbox 242 2407 597 2467; x_wconf 73' lang='lat' dir='ltr'><strong>EVANGELIUII</strong></span> <span class='ocrx_word' id='word_1_163' title='bbox 623 2410 806 2476; x_wconf 58' lang='lat' dir='ltr'><strong>Luem,</strong></span> <span class='ocrx_word' id='word_1_164' title='bbox 843 2427 958 2466; x_wconf 57' lang='lat' dir='ltr'><strong>car.</strong></span> <span class='ocrx_word' id='word_1_165' title='bbox 987 2424 1119 2464; x_wconf 80' lang='lat' dir='ltr'><strong>xvtn</strong></span> <span class='ocrx_word' id='word_1_166' title='bbox 1140 2427 1154 2462; x_wconf 90' lang='lat'><strong>:</strong></span> <span class='ocrx_word' id='word_1_167' title='bbox 1174 2404 1293 2462; x_wconf 89' lang='lat' dir='ltr'><strong>Duo</strong></span> <span class='ocrx_word' id='word_1_168' title='bbox 1319 2407 1553 2461; x_wconf 80' lang='lat' dir='ltr'><strong>homines</strong></span> <span class='ocrx_word' id='word_1_169' title='bbox 1586 2403 1833 2460; x_wconf 79' lang='lat' dir='ltr'><strong>ascende-</strong></span> 
     </span>
    </p>
   </div>
   <div class='ocr_carea' id='block_1_28' title="bbox 780 2478 1294 2550">
    <p class='ocr_par' dir='ltr' id='par_1_28' title="bbox 780 2478 1294 2550">
     <span class='ocr_line' id='line_1_29' title="bbox 780 2478 1294 2550; baseline -0.004 -17"><span class='ocrx_word' id='word_1_170' title='bbox 780 2491 899 2536; x_wconf 80' lang='lat' dir='ltr'><strong>runt</strong></span> <span class='ocrx_word' id='word_1_171' title='bbox 931 2481 989 2535; x_wconf 80' lang='lat' dir='ltr'><strong>in</strong></span> <span class='ocrx_word' id='word_1_172' title='bbox 1026 2478 1294 2550; x_wconf 83' lang='lat' dir='ltr'><strong>templum.</strong></span> 
     </span>
    </p>
   </div>
   <div class='ocr_carea' id='block_1_29' title="bbox 323 2588 1826 2659">
    <p class='ocr_par' dir='ltr' id='par_1_29' title="bbox 323 2588 1826 2659">
     <span class='ocr_line' id='line_1_30' title="bbox 323 2588 1826 2659; baseline -0.001 -16"><span class='ocrx_word' id='word_1_173' title='bbox 323 2589 375 2643; x_wconf 91' lang='grc'><strong>1.</strong></span> <span class='ocrx_word' id='word_1_174' title='bbox 422 2589 685 2645; x_wconf 85' lang='lat' dir='ltr'><strong>Parabola</strong></span> <span class='ocrx_word' id='word_1_175' title='bbox 713 2599 797 2646; x_wconf 90' lang='lat' dir='ltr'><strong>est</strong></span> <span class='ocrx_word' id='word_1_176' title='bbox 825 2591 891 2645; x_wconf 86' lang='lat' dir='ltr'><strong>de</strong></span> <span class='ocrx_word' id='word_1_177' title='bbox 926 2591 1230 2645; x_wconf 87' lang='lat' dir='ltr'><strong>humilitate</strong></span> <span class='ocrx_word' id='word_1_178' title='bbox 1269 2598 1457 2644; x_wconf 88' lang='lat' dir='ltr'><strong>contra</strong></span> <span class='ocrx_word' id='word_1_179' title='bbox 1503 2588 1826 2659; x_wconf 89' lang='lat' dir='ltr'><strong>superbiam.</strong></span> 
     </span>
    </p>
   </div>
   <div class='ocr_carea' id='block_1_30' title="bbox 246 2660 1833 2731">
    <p class='ocr_par' dir='ltr' id='par_1_30' title="bbox 246 2660 1833 2731">
     <span class='ocr_line' id='line_1_31' title="bbox 246 2660 1833 2731; baseline -0.002 -16"><span class='ocrx_word' id='word_1_180' title='bbox 246 2660 516 2731; x_wconf 82' lang='lat' dir='ltr'><strong>Superbia</strong></span> <span class='ocrx_word' id='word_1_181' title='bbox 564 2660 660 2715; x_wconf 77' lang='lat' dir='ltr'><strong>Dei</strong></span> <span class='ocrx_word' id='word_1_182' title='bbox 707 2670 1053 2731; x_wconf 89' lang='lat' dir='ltr'><strong>contemptus</strong></span> <span class='ocrx_word' id='word_1_183' title='bbox 1100 2670 1197 2722; x_wconf 90' lang='lat' dir='ltr'><strong>est,</strong></span> <span class='ocrx_word' id='word_1_184' title='bbox 1252 2670 1443 2715; x_wconf 86' lang='lat' dir='ltr'><strong>contra</strong></span> <span class='ocrx_word' id='word_1_185' title='bbox 1492 2660 1631 2731; x_wconf 87' lang='lat' dir='ltr'><strong>hanc</strong></span> <span class='ocrx_word' id='word_1_186' title='bbox 1687 2674 1833 2731; x_wconf 68' lang='lat' dir='ltr'><strong>saepe</strong></span> 
     </span>
    </p>
   </div>
   <div class='ocr_carea' id='block_1_31' title="bbox 245 2729 1827 2854">
    <p class='ocr_par' dir='ltr' id='par_1_31' title="bbox 245 2729 1827 2854">
     <span class='ocr_line' id='line_1_32' title="bbox 245 2729 1827 2854; baseline -0.003 -69"><span class='ocrx_word' id='word_1_187' title='bbox 245 2729 512 2854; x_wconf 33' lang='lat' dir='ltr'><strong>intuitur,</strong></span> <span class='ocrx_word' id='word_1_188' title='bbox 555 2747 680 2785; x_wconf 86' lang='lat' dir='ltr'><strong>nam</strong></span> <span class='ocrx_word' id='word_1_189' title='bbox 710 2732 823 2785; x_wconf 69' lang='lat' dir='ltr'><strong>lucc</strong></span> <span class='ocrx_word' id='word_1_190' title='bbox 850 2729 1032 2800; x_wconf 82' lang='lat' dir='ltr'><strong>passio</strong></span> <span class='ocrx_word' id='word_1_191' title='bbox 1073 2732 1124 2784; x_wconf 93' lang='lat' dir='ltr'><strong>in</strong></span> <span class='ocrx_word' id='word_1_192' title='bbox 1154 2731 1344 2800; x_wconf 84' lang='lat' dir='ltr'><strong>primis</strong></span> <span class='ocrx_word' id='word_1_193' title='bbox 1371 2739 1532 2784; x_wconf 72' lang='lat' dir='ltr'><strong>vexat</strong></span> <span class='ocrx_word' id='word_1_194' title='bbox 1564 2729 1827 2783; x_wconf 88' lang='lat' dir='ltr'><strong>homines.</strong></span> 
     </span>
     <span class='ocr_line' id='line_1_33' title="bbox 363 2799 1827 2854; baseline -0.003 0"><span class='ocrx_word' id='word_1_195' title='bbox 363 2841 375 2853; x_wconf 95' lang='lat'><strong>.</strong></span> <span class='ocrx_word' id='word_1_196' title='bbox 429 2802 701 2854; x_wconf 76' lang='lat' dir='ltr'><strong>Quaeritur</strong></span> <span class='ocrx_word' id='word_1_197' title='bbox 746 2817 917 2854; x_wconf 79' lang='lat' dir='ltr'><strong>auare</strong></span> <span class='ocrx_word' id='word_1_198' title='bbox 969 2801 1275 2854; x_wconf 72' lang='lat' dir='ltr'><strong>Pharisaeus</strong></span> <span class='ocrx_word' id='word_1_199' title='bbox 1314 2816 1470 2854; x_wconf 89' lang='lat' dir='ltr'><strong>suum</strong></span> <span class='ocrx_word' id='word_1_200' title='bbox 1524 2799 1827 2854; x_wconf 90' lang='lat' dir='ltr'><strong>cncomium</strong></span> 
     </span>
    </p>
   </div>
   <div class='ocr_carea' id='block_1_32' title="bbox 363 2799 1830 2871">
    <p class='ocr_par' dir='ltr' id='par_1_32' title="bbox 363 2799 1830 2871">
     <span class='ocr_line' id='line_1_34' title="bbox 363 2799 1830 2871; baseline -0.002 -18"><span class='ocrx_word' id='word_1_201' title='bbox 363 2841 375 2853; x_wconf 94' lang='lat'><strong>.</strong></span> <span class='ocrx_word' id='word_1_202' title='bbox 429 2802 701 2869; x_wconf 74' lang='lat' dir='ltr'><strong>Quaeritur</strong></span> <span class='ocrx_word' id='word_1_203' title='bbox 746 2799 939 2871; x_wconf 18' lang='lat' dir='ltr'><strong>quare,</strong></span> <span class='ocrx_word' id='word_1_204' title='bbox 969 2799 1277 2871; x_wconf 57' lang='lat' dir='ltr'><strong>Pharisieus</strong></span> <span class='ocrx_word' id='word_1_205' title='bbox 1314 2816 1470 2854; x_wconf 89' lang='lat' dir='ltr'><strong>suum</strong></span> <span class='ocrx_word' id='word_1_206' title='bbox 1524 2799 1830 2871; x_wconf 83' lang='lat' dir='ltr'><strong>cncomium</strong></span> 
     </span>
    </p>
   </div>
   <div class='ocr_carea' id='block_1_33' title="bbox 287 2868 1830 2936">
    <p class='ocr_par' dir='ltr' id='par_1_33' title="bbox 287 2868 1830 2936">
     <span class='ocr_line' id='line_1_35' title="bbox 287 2868 1830 2936; baseline -0.003 -12"><span class='ocrx_word' id='word_1_207' title='bbox 287 2868 533 2925; x_wconf 78' lang='lat' dir='ltr'><strong>rol‘erens</strong></span> <span class='ocrx_word' id='word_1_208' title='bbox 564 2868 869 2936; x_wconf 78' lang='lat' dir='ltr'><strong>damnatur,</strong></span> <span class='ocrx_word' id='word_1_209' title='bbox 915 2870 1016 2925; x_wconf 82' lang='lat' dir='ltr'><strong>Job</strong></span> <span class='ocrx_word' id='word_1_210' title='bbox 1063 2872 1206 2925; x_wconf 86' lang='lat' dir='ltr'><strong>idem</strong></span> <span class='ocrx_word' id='word_1_211' title='bbox 1262 2870 1464 2925; x_wconf 80' lang='lat' dir='ltr'><strong>faciens</strong></span> <span class='ocrx_word' id='word_1_212' title='bbox 1498 2868 1830 2925; x_wconf 81' lang='lat' dir='ltr'><strong>coronatur?</strong></span> 
     </span>
    </p>
   </div>
   <div class='ocr_carea' id='block_1_34' title="bbox 300 2939 1826 3011">
    <p class='ocr_par' dir='ltr' id='par_1_34' title="bbox 300 2939 1826 3011">
     <span class='ocr_line' id='line_1_36' title="bbox 300 2939 1826 3011; baseline -0.003 -14"><span class='ocrx_word' id='word_1_213' title='bbox 300 2942 573 3011; x_wconf 90' lang='lat' dir='ltr'><strong>esponsio,</strong></span> <span class='ocrx_word' id='word_1_214' title='bbox 637 2940 940 2996; x_wconf 79' lang='lat' dir='ltr'><strong>Pharis-.eus</strong></span> <span class='ocrx_word' id='word_1_215' title='bbox 976 2941 1208 3011; x_wconf 77' lang='lat' dir='ltr'><strong>.dicebat</strong></span> <span class='ocrx_word' id='word_1_216' title='bbox 1261 2942 1603 2995; x_wconf 83' lang='lat' dir='ltr'><strong>criminando</strong></span> <span class='ocrx_word' id='word_1_217' title='bbox 1659 2939 1826 3005; x_wconf 88' lang='lat' dir='ltr'><strong>alios,</strong></span> 
     </span>
    </p>
   </div>
   <div class='ocr_carea' id='block_1_35' title="bbox 245 3010 1830 3083">
    <p class='ocr_par' dir='ltr' id='par_1_35' title="bbox 245 3010 1830 3083">
     <span class='ocr_line' id='line_1_37' title="bbox 245 3010 1830 3083; baseline -0.002 -16"><span class='ocrx_word' id='word_1_218' title='bbox 245 3010 411 3083; x_wconf 80' lang='lat' dir='ltr'><strong>nulla</strong></span> <span class='ocrx_word' id='word_1_219' title='bbox 450 3015 658 3067; x_wconf 87' lang='lat' dir='ltr'><strong>ratione</strong></span> <span class='ocrx_word' id='word_1_220' title='bbox 704 3021 948 3083; x_wconf 75' lang='lat' dir='ltr'><strong>cogente.</strong></span> <span class='ocrx_word' id='word_1_221' title='bbox 996 3010 1095 3065; x_wconf 86' lang='lat' dir='ltr'><strong>Job</strong></span> <span class='ocrx_word' id='word_1_222' title='bbox 1145 3019 1366 3066; x_wconf 88' lang='lat' dir='ltr'><strong>coactus</strong></span> <span class='ocrx_word' id='word_1_223' title='bbox 1399 3022 1480 3065; x_wconf 93' lang='lat' dir='ltr'><strong>cst</strong></span> <span class='ocrx_word' id='word_1_224' title='bbox 1508 3027 1603 3080; x_wconf 89' lang='lat' dir='ltr'><strong>per</strong></span> <span class='ocrx_word' id='word_1_225' title='bbox 1626 3011 1830 3065; x_wconf 90' lang='lat' dir='ltr'><strong>amicos</strong></span> 
     </span>
    </p>
   </div>
   <div class='ocr_carea' id='block_1_36' title="bbox 245 3082 1471 3140">
    <p class='ocr_par' dir='ltr' id='par_1_36' title="bbox 245 3082 1471 3140">
     <span class='ocr_line' id='line_1_38' title="bbox 245 3082 1471 3140; baseline -0.003 0"><span class='ocrx_word' id='word_1_226' title='bbox 245 3091 307 3140; x_wconf 83' lang='lat' dir='ltr'><strong>et</strong></span> <span class='ocrx_word' id='word_1_227' title='bbox 336 3082 677 3138; x_wconf 84' lang='lat' dir='ltr'><strong>calamitates</strong></span> <span class='ocrx_word' id='word_1_228' title='bbox 702 3084 882 3138; x_wconf 86' lang='lat' dir='ltr'><strong>dicere</strong></span> <span class='ocrx_word' id='word_1_229' title='bbox 910 3082 1276 3137; x_wconf 85' lang='lat' dir='ltr'><strong>innocentiam</strong></span> <span class='ocrx_word' id='word_1_230' title='bbox 1298 3098 1471 3136; x_wconf 87' lang='lat' dir='ltr'><strong>suam.</strong></span> 
     </span>
    </p>
   </div>
   <div class='ocr_carea' id='block_1_37' title="bbox 324 3151 1824 3223">
    <p class='ocr_par' dir='ltr' id='par_1_37' title="bbox 324 3151 1824 3223">
     <span class='ocr_line' id='line_1_39' title="bbox 324 3151 1824 3223; baseline -0.002 -16"><span class='ocrx_word' id='word_1_231' title='bbox 324 3154 376 3207; x_wconf 80' lang='lat'><strong>3.</strong></span> <span class='ocrx_word' id='word_1_232' title='bbox 417 3153 669 3208; x_wconf 84' lang='lat' dir='ltr'><strong>Doctrina</strong></span> <span class='ocrx_word' id='word_1_233' title='bbox 711 3154 888 3208; x_wconf 81' lang='lat' dir='ltr'><strong>omnis</strong></span> <span class='ocrx_word' id='word_1_234' title='bbox 934 3152 1024 3223; x_wconf 86' lang='lat' dir='ltr'><strong>qui</strong></span> <span class='ocrx_word' id='word_1_235' title='bbox 1075 3168 1133 3207; x_wconf 86' lang='lat' dir='ltr'><strong>se</strong></span> <span class='ocrx_word' id='word_1_236' title='bbox 1173 3153 1435 3216; x_wconf 81' lang='lat' dir='ltr'><strong>huiniliat,</strong></span> <span class='ocrx_word' id='word_1_237' title='bbox 1479 3151 1824 3223; x_wconf 72' lang='lat' dir='ltr'><strong>exaltabitur,</strong></span> 
     </span>
    </p>
   </div>
   <div class='ocr_carea' id='block_1_38' title="bbox 246 3221 1831 3295">
    <p class='ocr_par' dir='ltr' id='par_1_38' title="bbox 246 3221 1831 3295">
     <span class='ocr_line' id='line_1_40' title="bbox 246 3221 1831 3295; baseline -0.001 -16"><span class='ocrx_word' id='word_1_238' title='bbox 246 3239 420 3295; x_wconf 82' lang='lat' dir='ltr'><strong>quare</strong></span> <span class='ocrx_word' id='word_1_239' title='bbox 465 3225 735 3278; x_wconf 88' lang='lat' dir='ltr'><strong>discamus</strong></span> <span class='ocrx_word' id='word_1_240' title='bbox 763 3223 852 3279; x_wconf 89' lang='lat' dir='ltr'><strong>hic</strong></span> <span class='ocrx_word' id='word_1_241' title='bbox 904 3221 968 3278; x_wconf 73' lang='lat' dir='ltr'><strong>ut</strong></span> <span class='ocrx_word' id='word_1_242' title='bbox 997 3223 1226 3294; x_wconf 89' lang='lat' dir='ltr'><strong>quisque</strong></span> <span class='ocrx_word' id='word_1_243' title='bbox 1257 3224 1398 3295; x_wconf 86' lang='lat' dir='ltr'><strong>apud</strong></span> <span class='ocrx_word' id='word_1_244' title='bbox 1425 3238 1482 3278; x_wconf 89' lang='lat' dir='ltr'><strong>sc</strong></span> <span class='ocrx_word' id='word_1_245' title='bbox 1512 3221 1731 3295; x_wconf 79' lang='lat' dir='ltr'><strong>supplex</strong></span> <span class='ocrx_word' id='word_1_246' title='bbox 1766 3238 1831 3277; x_wconf 91' lang='lat' dir='ltr'><strong>ac</strong></span> 
     </span>
    </p>
   </div>
   <div class='ocr_carea' id='block_1_39' title="bbox 247 3290 1833 3376">
    <p class='ocr_par' dir='ltr' id='par_1_39' title="bbox 247 3290 1833 3376">
     <span class='ocr_line' id='line_1_41' title="bbox 247 3290 1833 3376; baseline -0.001 -26"><span class='ocrx_word' id='word_1_247' title='bbox 247 3290 557 3376; x_wconf 69' lang='lat' dir='ltr'><strong>submissus</strong></span> <span class='ocrx_word' id='word_1_248' title='bbox 584 3296 851 3360; x_wconf 81' lang='lat' dir='ltr'><strong>obsecret,</strong></span> <span class='ocrx_word' id='word_1_249' title='bbox 886 3290 1032 3350; x_wconf 74' lang='lat' dir='ltr'><strong>Deus</strong></span> <span class='ocrx_word' id='word_1_250' title='bbox 1064 3290 1183 3351; x_wconf 77' lang='lat' dir='ltr'><strong>esto</strong></span> <span class='ocrx_word' id='word_1_251' title='bbox 1218 3290 1353 3349; x_wconf 84' lang='lat' dir='ltr'><strong>mibi</strong></span> <span class='ocrx_word' id='word_1_252' title='bbox 1392 3290 1667 3366; x_wconf 68' lang='lat' dir='ltr'><strong>peccaturi</strong></span> <span class='ocrx_word' id='word_1_253' title='bbox 1705 3309 1833 3365; x_wconf 90' lang='lat' dir='ltr'><strong>pro-</strong></span> 
     </span>
    </p>
   </div>
   <div class='ocr_carea' id='block_1_40' title="bbox 246 3375 436 3436">
    <p class='ocr_par' dir='ltr' id='par_1_40' title="bbox 246 3375 436 3436">
     <span class='ocr_line' id='line_1_42' title="bbox 246 3375 436 3436; baseline -0.005 -16"><span class='ocrx_word' id='word_1_254' title='bbox 246 3375 436 3436; x_wconf 74' lang='lat' dir='ltr'><strong>pitius.</strong></span> 
     </span>
    </p>
   </div>
   <div class='ocr_carea' id='block_1_41' title="bbox 592 3476 1487 3535">
    <p class='ocr_par' dir='ltr' id='par_1_41' title="bbox 592 3476 1487 3535">
     <span class='ocr_line' id='line_1_43' title="bbox 592 3476 1487 3535; baseline 0.001 -3"><span class='ocrx_word' id='word_1_255' title='bbox 592 3476 658 3532; x_wconf 82' lang='lat' dir='ltr'><strong>IN</strong></span> <span class='ocrx_word' id='word_1_256' title='bbox 697 3477 948 3533; x_wconf 73' lang='lat' dir='ltr'><strong>NATALI</strong></span> <span class='ocrx_word' id='word_1_257' title='bbox 988 3478 1046 3534; x_wconf 90' lang='lat' dir='ltr'><strong>S.</strong></span> <span class='ocrx_word' id='word_1_258' title='bbox 1088 3477 1487 3535; x_wconf 79' lang='lat' dir='ltr'><strong>LAURENTII.</strong></span> 
     </span>
    </p>
   </div>
   <div class='ocr_carea' id='block_1_42' title="bbox 348 3586 1746 3718">
    <p class='ocr_par' dir='ltr' id='par_1_42' title="bbox 348 3586 1746 3718">
     <span class='ocr_line' id='line_1_44' title="bbox 348 3586 1746 3718; baseline -0.001 -71"><span class='ocrx_word' id='word_1_259' title='bbox 348 3586 611 3648; x_wconf 69' lang='grc' dir='ltr'>Ενιετοιλ</span> <span class='ocrx_word' id='word_1_260' title='bbox 639 3590 806 3648; x_wconf 74' lang='lat' dir='ltr'><strong>PAULI</strong></span> <span class='ocrx_word' id='word_1_261' title='bbox 833 3608 901 3649; x_wconf 75' lang='grc' dir='ltr'><strong>Αι)</strong></span> <span class='ocrx_word' id='word_1_262' title='bbox 933 3591 1063 3673; x_wconf 64' lang='lat' dir='ltr'><strong>Con.</strong></span> <span class='ocrx_word' id='word_1_263' title='bbox 1098 3591 1161 3718; x_wconf 59' lang='lat' dir='ltr'><strong>lI‘,</strong></span> <span class='ocrx_word' id='word_1_264' title='bbox 1187 3607 1304 3647; x_wconf 64' lang='lat' dir='ltr'><strong>car.</strong></span> <span class='ocrx_word' id='word_1_265' title='bbox 1332 3608 1387 3647; x_wconf 78' lang='lat' dir='ltr'><strong>ix</strong></span> <span class='ocrx_word' id='word_1_266' title='bbox 1414 3610 1429 3646; x_wconf 88' lang='lat'><strong>:</strong></span> <span class='ocrx_word' id='word_1_267' title='bbox 1460 3590 1565 3657; x_wconf 78' lang='lat' dir='ltr'><strong>Qui</strong></span> <span class='ocrx_word' id='word_1_268' title='bbox 1591 3607 1746 3663; x_wconf 82' lang='lat' dir='ltr'><strong>parce</strong></span> 
     </span>
     <span class='ocr_line' id='line_1_45' title="bbox 931 3680 1174 3717; baseline -0.004 0"><span class='ocrx_word' id='word_1_269' title='bbox 931 3680 1131 3717; x_wconf 87' lang='lat' dir='ltr'><strong>semma</strong></span> <span class='ocrx_word' id='word_1_270' title='bbox 1160 3702 1174 3716; x_wconf 93' lang='lat'><strong>.</strong></span> 
     </span>
    </p>
   </div>
   <div class='ocr_carea' id='block_1_43' title="bbox 931 3680 1174 3717">
    <p class='ocr_par' dir='ltr' id='par_1_43' title="bbox 931 3680 1174 3717">
     <span class='ocr_line' id='line_1_46' title="bbox 931 3680 1174 3717; baseline -0.004 0"><span class='ocrx_word' id='word_1_271' title='bbox 931 3680 1174 3717; x_wconf 77' lang='lat' dir='ltr'><strong>seminat.</strong></span> 
     </span>
    </p>
   </div>
   <div class='ocr_carea' id='block_1_44' title="bbox 334 3780 1838 3855">
    <p class='ocr_par' dir='ltr' id='par_1_44' title="bbox 334 3780 1838 3855">
     <span class='ocr_line' id='line_1_47' title="bbox 334 3780 1838 3855; baseline 0 -12"><span class='ocrx_word' id='word_1_272' title='bbox 334 3780 382 3843; x_wconf 77' lang='grc'><strong>1.</strong></span> <span class='ocrx_word' id='word_1_273' title='bbox 428 3784 791 3844; x_wconf 84' lang='lat' dir='ltr'><strong>Similitudine</strong></span> <span class='ocrx_word' id='word_1_274' title='bbox 814 3789 1134 3844; x_wconf 86' lang='lat' dir='ltr'><strong>seminantis</strong></span> <span class='ocrx_word' id='word_1_275' title='bbox 1164 3796 1220 3845; x_wconf 87' lang='lat' dir='ltr'><strong>ct</strong></span> <span class='ocrx_word' id='word_1_276' title='bbox 1247 3789 1520 3855; x_wconf 88' lang='lat' dir='ltr'><strong>metentis,</strong></span> <span class='ocrx_word' id='word_1_277' title='bbox 1554 3798 1613 3844; x_wconf 88' lang='lat' dir='ltr'><strong>ut</strong></span> <span class='ocrx_word' id='word_1_278' title='bbox 1640 3788 1838 3844; x_wconf 84' lang='lat' dir='ltr'><strong>libera-</strong></span> 
     </span>
    </p>
   </div>
   <div class='ocr_carea' id='block_1_45' title="bbox 252 3858 1838 3983">
    <p class='ocr_par' dir='ltr' id='par_1_45' title="bbox 252 3858 1838 3983">
     <span class='ocr_line' id='line_1_48' title="bbox 252 3858 1838 3983; baseline 0.001 -69"><span class='ocrx_word' id='word_1_279' title='bbox 252 3858 386 3983; x_wconf 47' lang='lat' dir='ltr'><strong>littelr</strong></span> <span class='ocrx_word' id='word_1_280' title='bbox 424 3861 592 3915; x_wconf 88' lang='lat' dir='ltr'><strong>simus</strong></span> <span class='ocrx_word' id='word_1_281' title='bbox 640 3860 866 3915; x_wconf 87' lang='lat' dir='ltr'><strong>beneﬁci</strong></span> <span class='ocrx_word' id='word_1_282' title='bbox 912 3867 968 3915; x_wconf 94' lang='lat' dir='ltr'><strong>et</strong></span> <span class='ocrx_word' id='word_1_283' title='bbox 1009 3860 1318 3933; x_wconf 90' lang='lat' dir='ltr'><strong>spontanei,</strong></span> <span class='ocrx_word' id='word_1_284' title='bbox 1355 3862 1672 3916; x_wconf 83' lang='lat' dir='ltr'><strong>adhortatur</strong></span> <span class='ocrx_word' id='word_1_285' title='bbox 1706 3876 1838 3931; x_wconf 86' lang='lat' dir='ltr'><strong>apo-</strong></span> 
     </span>
     <span class='ocr_line' id='line_1_49' title="bbox 252 3946 448 3983; baseline 0 0"><span class='ocrx_word' id='word_1_286' title='bbox 252 3946 448 3983; x_wconf 59' lang='lat' dir='ltr'><strong>sons</strong></span> 
     </span>
    </p>
   </div>
   <div class='ocr_carea' id='block_1_46' title="bbox 285 3939 448 3985">
    <p class='ocr_par' dir='ltr' id='par_1_46' title="bbox 285 3939 448 3985">
     <span class='ocr_line' id='line_1_50' title="bbox 285 3939 448 3985; baseline -0.018 0"><span class='ocrx_word' id='word_1_287' title='bbox 285 3939 448 3985; x_wconf 77' lang='grc' dir='ltr'><strong>ιοιυε.</strong></span> 
     </span>
    </p>
   </div>
   <div class='ocr_carea' id='block_1_47' title="bbox 252 3947 1838 4072">
    <p class='ocr_par' dir='ltr' id='par_1_47' title="bbox 252 3947 1838 4072">
     <span class='ocr_line' id='line_1_51' title="bbox 252 3947 1838 4072; baseline 0.003 -19"><span class='ocrx_word' id='word_1_288' title='bbox 252 3947 766 4072; x_wconf 52' lang='grc' dir='ltr'><strong>δι0ἑὶΙῇΒριιρῐίςῖῑιιιιι</strong></span> <span class='ocrx_word' id='word_1_289' title='bbox 820 3998 924 4055; x_wconf 89' lang='lat' dir='ltr'><strong>hoc</strong></span> <span class='ocrx_word' id='word_1_290' title='bbox 972 4018 1079 4072; x_wconf 85' lang='lat' dir='ltr'><strong>non</strong></span> <span class='ocrx_word' id='word_1_291' title='bbox 1127 4001 1343 4070; x_wconf 90' lang='lat' dir='ltr'><strong>peribit,</strong></span> <span class='ocrx_word' id='word_1_292' title='bbox 1406 4018 1528 4056; x_wconf 90' lang='lat' dir='ltr'><strong>nam</strong></span> <span class='ocrx_word' id='word_1_293' title='bbox 1578 4001 1838 4072; x_wconf 78' lang='lat' dir='ltr'><strong>quidquid</strong></span> 
     </span>
    </p>
   </div>
   <div class='ocr_carea' id='block_1_48' title="bbox 255 4069 1839 4138">
    <p class='ocr_par' dir='ltr' id='par_1_48' title="bbox 255 4069 1839 4138">
     <span class='ocr_line' id='line_1_52' title="bbox 255 4069 1839 4138; baseline 0 -11"><span class='ocrx_word' id='word_1_294' title='bbox 255 4071 357 4127; x_wconf 89' lang='lat' dir='ltr'><strong>Dei</strong></span> <span class='ocrx_word' id='word_1_295' title='bbox 405 4085 588 4125; x_wconf 89' lang='lat' dir='ltr'><strong>amore</strong></span> <span class='ocrx_word' id='word_1_296' title='bbox 620 4069 671 4123; x_wconf 92' lang='lat' dir='ltr'><strong>in</strong></span> <span class='ocrx_word' id='word_1_297' title='bbox 702 4078 920 4125; x_wconf 87' lang='lat' dir='ltr'><strong>sanctos</strong></span> <span class='ocrx_word' id='word_1_298' title='bbox 952 4069 1249 4138; x_wconf 76' lang='lat' dir='ltr'><strong>confertur,</strong></span> <span class='ocrx_word' id='word_1_299' title='bbox 1288 4072 1431 4128; x_wconf 91' lang='lat' dir='ltr'><strong>Deus</strong></span> <span class='ocrx_word' id='word_1_300' title='bbox 1458 4073 1560 4128; x_wconf 87' lang='lat' dir='ltr'><strong>sibi</strong></span> <span class='ocrx_word' id='word_1_301' title='bbox 1584 4069 1839 4128; x_wconf 80' lang='lat' dir='ltr'><strong>collatum</strong></span> 
     </span>
    </p>
   </div>
   <div class='ocr_carea' id='block_1_49' title="bbox 254 4140 1032 4204">
    <p class='ocr_par' dir='ltr' id='par_1_49' title="bbox 254 4140 1032 4204">
     <span class='ocr_line' id='line_1_53' title="bbox 254 4140 1032 4204; baseline -0.003 -7"><span class='ocrx_word' id='word_1_302' title='bbox 254 4142 513 4204; x_wconf 85' lang='lat' dir='ltr'><strong>imputat,</strong></span> <span class='ocrx_word' id='word_1_303' title='bbox 546 4140 733 4195; x_wconf 82' lang='lat' dir='ltr'><strong>Matth.</strong></span> <span class='ocrx_word' id='word_1_304' title='bbox 763 4156 796 4193; x_wconf 67' lang='grc' dir='ltr'>χ</span> <span class='ocrx_word' id='word_1_305' title='bbox 825 4151 880 4194; x_wconf 89' lang='lat' dir='ltr'><strong>et</strong></span> <span class='ocrx_word' id='word_1_306' title='bbox 906 4159 1032 4195; x_wconf 77' lang='lat' dir='ltr'><strong>xxv.</strong></span> 
     </span>
    </p>
   </div>
   <div class='ocr_carea' id='block_1_50' title="bbox 371 4212 1839 4283">
    <p class='ocr_par' dir='ltr' id='par_1_50' title="bbox 371 4212 1839 4283">
     <span class='ocr_line' id='line_1_54' title="bbox 371 4212 1839 4283; baseline 0.001 -18"><span class='ocrx_word' id='word_1_307' title='bbox 371 4252 385 4265; x_wconf 92' lang='lat'><strong>.</strong></span> <span class='ocrx_word' id='word_1_308' title='bbox 426 4212 572 4267; x_wconf 85' lang='lat' dir='ltr'><strong>Bona</strong></span> <span class='ocrx_word' id='word_1_309' title='bbox 604 4212 821 4283; x_wconf 86' lang='lat' dir='ltr'><strong>pietatis</strong></span> <span class='ocrx_word' id='word_1_310' title='bbox 872 4220 927 4265; x_wconf 90' lang='lat' dir='ltr'><strong>et</strong></span> <span class='ocrx_word' id='word_1_311' title='bbox 959 4213 1181 4283; x_wconf 74' lang='lat' dir='ltr'><strong>justitia:</strong></span> <span class='ocrx_word' id='word_1_312' title='bbox 1224 4228 1352 4281; x_wconf 87' lang='lat' dir='ltr'><strong>pars</strong></span> <span class='ocrx_word' id='word_1_313' title='bbox 1396 4219 1479 4266; x_wconf 90' lang='lat' dir='ltr'><strong>est</strong></span> <span class='ocrx_word' id='word_1_314' title='bbox 1523 4212 1839 4268; x_wconf 86' lang='lat' dir='ltr'><strong>muniﬁcen-</strong></span> 
     </span>
    </p>
   </div>
   <div class='ocr_carea' id='block_1_51' title="bbox 256 4283 1836 4409">
    <p class='ocr_par' dir='ltr' id='par_1_51' title="bbox 256 4283 1836 4409">
     <span class='ocr_line' id='line_1_55' title="bbox 256 4283 1836 4352; baseline -0.001 -13"><span class='ocrx_word' id='word_1_315' title='bbox 256 4283 384 4351; x_wconf 82' lang='lat' dir='ltr'><strong>tia,</strong></span> <span class='ocrx_word' id='word_1_316' title='bbox 484 4298 549 4336; x_wconf 85' lang='lat' dir='ltr'><strong>ua</strong></span> <span class='ocrx_word' id='word_1_317' title='bbox 617 4290 930 4336; x_wconf 85' lang='lat' dir='ltr'><strong>sanctorum</strong></span> <span class='ocrx_word' id='word_1_318' title='bbox 1002 4284 1193 4352; x_wconf 70' lang='lat' dir='ltr'><strong>inopia:</strong></span> <span class='ocrx_word' id='word_1_319' title='bbox 1271 4283 1628 4347; x_wconf 76' lang='lat' dir='ltr'><strong>subvenitur,</strong></span> <span class='ocrx_word' id='word_1_320' title='bbox 1692 4283 1836 4338; x_wconf 84' lang='lat' dir='ltr'><strong>Psal.</strong></span> 
     </span>
     <span class='ocr_line' id='line_1_56' title="bbox 256 4299 1836 4409; baseline 0 0"><span class='ocrx_word' id='word_1_321' title='bbox 256 4364 391 4409; x_wconf 79' lang='lat' dir='ltr'><strong>xci.</strong></span> <span class='ocrx_word' id='word_1_322' title='bbox 435 4299 716 4409; x_wconf 49' lang='lat' dir='ltr'><strong>Plisuersit.</strong></span> <span class='ocrx_word' id='word_1_323' title='bbox 747 4353 890 4408; x_wconf 80' lang='lat' dir='ltr'><strong>dedit</strong></span> <span class='ocrx_word' id='word_1_324' title='bbox 933 4353 1271 4409; x_wconf 71' lang='lat' dir='ltr'><strong>pauperibus.</strong></span> <span class='ocrx_word' id='word_1_325' title='bbox 1323 4354 1524 4409; x_wconf 80' lang='lat' dir='ltr'><strong>iustitia</strong></span> <span class='ocrx_word' id='word_1_326' title='bbox 1570 4353 1684 4409; x_wconf 85' lang='lat' dir='ltr'><strong>eius</strong></span> <span class='ocrx_word' id='word_1_327' title='bbox 1719 4371 1836 4409; x_wconf 84' lang='lat' dir='ltr'><strong>ma-</strong></span> 
     </span>
    </p>
   </div>
   <div class='ocr_carea' id='block_1_52' title="bbox 256 4353 1838 4426">
    <p class='ocr_par' dir='ltr' id='par_1_52' title="bbox 256 4353 1838 4426">
     <span class='ocr_line' id='line_1_57' title="bbox 256 4353 1838 4426; baseline 0 -17"><span class='ocrx_word' id='word_1_328' title='bbox 256 4364 391 4420; x_wconf 79' lang='lat' dir='ltr'><strong>xct,</strong></span> <span class='ocrx_word' id='word_1_329' title='bbox 435 4353 716 4424; x_wconf 82' lang='lat' dir='ltr'><strong>Dispersit,</strong></span> <span class='ocrx_word' id='word_1_330' title='bbox 747 4353 890 4408; x_wconf 87' lang='lat' dir='ltr'><strong>dedit</strong></span> <span class='ocrx_word' id='word_1_331' title='bbox 933 4353 1271 4426; x_wconf 82' lang='lat' dir='ltr'><strong>pauperibus,</strong></span> <span class='ocrx_word' id='word_1_332' title='bbox 1311 4354 1524 4424; x_wconf 80' lang='lat' dir='ltr'><strong>justitia</strong></span> <span class='ocrx_word' id='word_1_333' title='bbox 1570 4353 1684 4424; x_wconf 88' lang='lat' dir='ltr'><strong>ejus</strong></span> <span class='ocrx_word' id='word_1_334' title='bbox 1719 4371 1838 4409; x_wconf 83' lang='lat' dir='ltr'><strong>ma-</strong></span> 
     </span>
    </p>
   </div>
   <div class='ocr_carea' id='block_1_53' title="bbox 256 4433 369 4481">
    <p class='ocr_par' dir='ltr' id='par_1_53' title="bbox 256 4433 369 4481">
     <span class='ocr_line' id='line_1_58' title="bbox 256 4433 369 4481; baseline -0.027 0"><span class='ocrx_word' id='word_1_335' title='bbox 256 4433 369 4481; x_wconf 80' lang='lat' dir='ltr'><strong>net.</strong></span> 
     </span>
    </p>
   </div>
   <div class='ocr_carea' id='block_1_54' title="bbox 255 4535 1837 4607">
    <p class='ocr_par' dir='ltr' id='par_1_54' title="bbox 255 4535 1837 4607">
     <span class='ocr_line' id='line_1_59' title="bbox 255 4535 1837 4607; baseline -0.002 -13"><span class='ocrx_word' id='word_1_336' title='bbox 255 4536 610 4595; x_wconf 63' lang='lat' dir='ltr'><strong>Buxentum</strong></span> <span class='ocrx_word' id='word_1_337' title='bbox 638 4535 879 4601; x_wconf 70' lang='lat' dir='ltr'><strong>JOANNlS,</strong></span> <span class='ocrx_word' id='word_1_338' title='bbox 908 4554 1024 4592; x_wconf 61' lang='lat' dir='ltr'><strong>car.</strong></span> <span class='ocrx_word' id='word_1_339' title='bbox 1056 4553 1131 4592; x_wconf 80' lang='lat' dir='ltr'><strong>xu</strong></span> <span class='ocrx_word' id='word_1_340' title='bbox 1157 4555 1169 4590; x_wconf 90' lang='lat'><strong>:</strong></span> <span class='ocrx_word' id='word_1_341' title='bbox 1199 4537 1319 4591; x_wconf 84' lang='lat' dir='ltr'><strong>Nisi</strong></span> <span class='ocrx_word' id='word_1_342' title='bbox 1344 4552 1566 4607; x_wconf 82' lang='lat' dir='ltr'><strong>granum</strong></span> <span class='ocrx_word' id='word_1_343' title='bbox 1589 4536 1837 4605; x_wconf 79' lang='lat' dir='ltr'><strong>frumenti</strong></span> 
     </span>
    </p>
   </div>
   <div class='ocr_carea' id='block_1_55' title="bbox 797 4609 1303 4662">
    <p class='ocr_par' dir='ltr' id='par_1_55' title="bbox 797 4609 1303 4662">
     <span class='ocr_line' id='line_1_60' title="bbox 797 4609 1303 4662; baseline -0.002 -1"><span class='ocrx_word' id='word_1_344' title='bbox 797 4609 987 4662; x_wconf 84' lang='lat' dir='ltr'><strong>cadens</strong></span> <span class='ocrx_word' id='word_1_345' title='bbox 1012 4609 1065 4662; x_wconf 85' lang='lat' dir='ltr'><strong>in</strong></span> <span class='ocrx_word' id='word_1_346' title='bbox 1088 4619 1303 4662; x_wconf 82' lang='lat' dir='ltr'><strong>terram.</strong></span> 
     </span>
    </p>
   </div>
   <div class='ocr_carea' id='block_1_56' title="bbox 334 4716 1842 4792">
    <p class='ocr_par' dir='ltr' id='par_1_56' title="bbox 334 4716 1842 4792">
     <span class='ocr_line' id='line_1_61' title="bbox 334 4716 1842 4792; baseline -0.001 -17"><span class='ocrx_word' id='word_1_347' title='bbox 334 4720 387 4775; x_wconf 91' lang='grc'><strong>1.</strong></span> <span class='ocrx_word' id='word_1_348' title='bbox 422 4716 687 4792; x_wconf 81' lang='lat' dir='ltr'><strong>Parabola</strong></span> <span class='ocrx_word' id='word_1_349' title='bbox 735 4722 886 4792; x_wconf 86' lang='lat' dir='ltr'><strong>grani</strong></span> <span class='ocrx_word' id='word_1_350' title='bbox 944 4719 1166 4792; x_wconf 79' lang='lat' dir='ltr'><strong>projccti</strong></span> <span class='ocrx_word' id='word_1_351' title='bbox 1218 4721 1544 4792; x_wconf 77' lang='lat' dir='ltr'><strong>in_terram,</strong></span> <span class='ocrx_word' id='word_1_352' title='bbox 1599 4720 1842 4775; x_wconf 88' lang='lat' dir='ltr'><strong>ostendit</strong></span> 
     </span>
    </p>
   </div>
   <div class='ocr_carea' id='block_1_57' title="bbox 257 4790 1843 4850">
    <p class='ocr_par' dir='ltr' id='par_1_57' title="bbox 257 4790 1843 4850">
     <span class='ocr_line' id='line_1_62' title="bbox 257 4790 1843 4850; baseline -0.003 0"><span class='ocrx_word' id='word_1_353' title='bbox 257 4791 516 4850; x_wconf 86' lang='lat' dir='ltr'><strong>Christus</strong></span> <span class='ocrx_word' id='word_1_354' title='bbox 568 4790 854 4845; x_wconf 75' lang='lat' dir='ltr'><strong>utilitatem</strong></span> <span class='ocrx_word' id='word_1_355' title='bbox 902 4790 957 4845; x_wconf 81' lang='lat' dir='ltr'><strong>et</strong></span> <span class='ocrx_word' id='word_1_356' title='bbox 1016 4791 1241 4845; x_wconf 86' lang='lat' dir='ltr'><strong>multum</strong></span> <span class='ocrx_word' id='word_1_357' title='bbox 1284 4790 1517 4847; x_wconf 82' lang='lat' dir='ltr'><strong>fructum</strong></span> <span class='ocrx_word' id='word_1_358' title='bbox 1560 4793 1748 4846; x_wconf 88' lang='lat' dir='ltr'><strong>mortis</strong></span> <span class='ocrx_word' id='word_1_359' title='bbox 1787 4800 1843 4847; x_wconf 89' lang='lat' dir='ltr'><strong>et</strong></span> 
     </span>
    </p>
   </div>
   <div class='ocr_carea' id='block_1_58' title="bbox 255 4861 1837 4935">
    <p class='ocr_par' dir='ltr' id='par_1_58' title="bbox 255 4861 1837 4935">
     <span class='ocr_line' id='line_1_63' title="bbox 255 4861 1837 4935; baseline -0.002 -18"><span class='ocrx_word' id='word_1_360' title='bbox 255 4862 533 4935; x_wconf 71' lang='lat' dir='ltr'><strong>passionis</strong></span> <span class='ocrx_word' id='word_1_361' title='bbox 562 4866 693 4917; x_wconf 66' lang='lat' dir='ltr'><strong>sum.</strong></span> <span class='ocrx_word' id='word_1_362' title='bbox 724 4861 867 4917; x_wconf 69' lang='lat' dir='ltr'><strong>lors</strong></span> <span class='ocrx_word' id='word_1_363' title='bbox 891 4863 1034 4935; x_wconf 86' lang='lat' dir='ltr'><strong>enim</strong></span> <span class='ocrx_word' id='word_1_364' title='bbox 1061 4864 1264 4935; x_wconf 82' lang='lat' dir='ltr'><strong>Christi</strong></span> <span class='ocrx_word' id='word_1_365' title='bbox 1296 4865 1546 4918; x_wconf 84' lang='lat' dir='ltr'><strong>meritum</strong></span> <span class='ocrx_word' id='word_1_366' title='bbox 1572 4873 1837 4930; x_wconf 86' lang='lat' dir='ltr'><strong>nostrum,</strong></span> 
     </span>
    </p>
   </div>
   <div class='ocr_carea' id='block_1_59' title="bbox 259 4931 1836 5003">
    <p class='ocr_par' dir='ltr' id='par_1_59' title="bbox 259 4931 1836 5003">
     <span class='ocr_line' id='line_1_64' title="bbox 259 4931 1836 5003; baseline -0.002 -14"><span class='ocrx_word' id='word_1_367' title='bbox 259 4931 537 5003; x_wconf 73' lang='lat' dir='ltr'><strong>i&#39;el&#39;ugmm</strong></span> <span class='ocrx_word' id='word_1_368' title='bbox 559 4943 825 4997; x_wconf 89' lang='lat' dir='ltr'><strong>nostrum,</strong></span> <span class='ocrx_word' id='word_1_369' title='bbox 849 4933 1009 4993; x_wconf 83' lang='lat' dir='ltr'><strong>salus,</strong></span> <span class='ocrx_word' id='word_1_370' title='bbox 1035 4934 1167 4997; x_wconf 89' lang='lat' dir='ltr'><strong>vita,</strong></span> <span class='ocrx_word' id='word_1_371' title='bbox 1194 4943 1249 4988; x_wconf 79' lang='lat' dir='ltr'><strong>et</strong></span> <span class='ocrx_word' id='word_1_372' title='bbox 1273 4936 1600 4989; x_wconf 82' lang='lat' dir='ltr'><strong>resurrectio</strong></span> <span class='ocrx_word' id='word_1_373' title='bbox 1630 4943 1836 4989; x_wconf 85' lang='lat' dir='ltr'><strong>nostra.</strong></span> 
     </span>
    </p>
   </div>
   <div class='ocr_carea' id='block_1_60' title="bbox 334 5002 1841 5076">
    <p class='ocr_par' dir='ltr' id='par_1_60' title="bbox 334 5002 1841 5076">
     <span class='ocr_line' id='line_1_65' title="bbox 334 5002 1841 5076; baseline 0.003 -21"><span class='ocrx_word' id='word_1_374' title='bbox 334 5002 748 5076; x_wconf 78' lang='lat' dir='ltr'><strong>Exhortatio</strong></span> <span class='ocrx_word' id='word_1_375' title='bbox 796 5014 916 5076; x_wconf 82' lang='lat' dir='ltr'><strong>post</strong></span> <span class='ocrx_word' id='word_1_376' title='bbox 966 5006 1295 5075; x_wconf 86' lang='lat' dir='ltr'><strong>propositam</strong></span> <span class='ocrx_word' id='word_1_377' title='bbox 1344 5006 1687 5076; x_wconf 88' lang='lat' dir='ltr'><strong>parabolam,</strong></span> <span class='ocrx_word' id='word_1_378' title='bbox 1734 5019 1841 5073; x_wconf 82' lang='lat' dir='ltr'><strong>qua</strong></span> 
     </span>
    </p>
   </div>
   <div class='ocr_carea' id='block_1_61' title="bbox 252 5072 1838 5143">
    <p class='ocr_par' dir='ltr' id='par_1_61' title="bbox 252 5072 1838 5143">
     <span class='ocr_line' id='line_1_66' title="bbox 252 5072 1838 5143; baseline 0.002 -16"><span class='ocrx_word' id='word_1_379' title='bbox 252 5072 516 5142; x_wconf 86' lang='lat' dir='ltr'><strong>jubemur</strong></span> <span class='ocrx_word' id='word_1_380' title='bbox 546 5075 774 5143; x_wconf 86' lang='lat' dir='ltr'><strong>perdere</strong></span> <span class='ocrx_word' id='word_1_381' title='bbox 800 5072 1025 5129; x_wconf 77' lang='lat' dir='ltr'><strong>animas</strong></span> <span class='ocrx_word' id='word_1_382' title='bbox 1067 5072 1307 5139; x_wconf 79' lang='lat' dir='ltr'><strong>nostras,</strong></span> <span class='ocrx_word' id='word_1_383' title='bbox 1344 5072 1463 5129; x_wconf 56' lang='lat' dir='ltr'><strong>&#39;non</strong></span> <span class='ocrx_word' id='word_1_384' title='bbox 1503 5078 1569 5131; x_wconf 86' lang='lat' dir='ltr'><strong>ad</strong></span> <span class='ocrx_word' id='word_1_385' title='bbox 1598 5077 1649 5130; x_wconf 91' lang='lat' dir='ltr'><strong>id</strong></span> <span class='ocrx_word' id='word_1_386' title='bbox 1673 5072 1838 5141; x_wconf 84' lang='lat' dir='ltr'><strong>valet,</strong></span> 
     </span>
    </p>
   </div>
   <div class='ocr_carea' id='block_1_62' title="bbox 263 5144 1837 5216">
    <p class='ocr_par' dir='ltr' id='par_1_62' title="bbox 263 5144 1837 5216">
     <span class='ocr_line' id='line_1_67' title="bbox 263 5144 1837 5216; baseline 0 -17"><span class='ocrx_word' id='word_1_387' title='bbox 263 5152 331 5199; x_wconf 87' lang='lat' dir='ltr'><strong>ut</strong></span> <span class='ocrx_word' id='word_1_388' title='bbox 348 5158 416 5216; x_wconf 74' lang='lat' dir='ltr'><strong>se</strong></span> <span class='ocrx_word' id='word_1_389' title='bbox 441 5144 669 5216; x_wconf 80' lang='lat' dir='ltr'><strong>quisque</strong></span> <span class='ocrx_word' id='word_1_390' title='bbox 696 5145 992 5216; x_wconf 74' lang='lat' dir='ltr'><strong>interimat,</strong></span> <span class='ocrx_word' id='word_1_391' title='bbox 1021 5147 1163 5216; x_wconf 90' lang='lat' dir='ltr'><strong>quod</strong></span> <span class='ocrx_word' id='word_1_392' title='bbox 1193 5146 1515 5216; x_wconf 77' lang='lat' dir='ltr'><strong>inexpiabile</strong></span> <span class='ocrx_word' id='word_1_393' title='bbox 1560 5146 1713 5201; x_wconf 80' lang='lat' dir='ltr'><strong>nefas</strong></span> <span class='ocrx_word' id='word_1_394' title='bbox 1734 5156 1837 5211; x_wconf 88' lang='lat' dir='ltr'><strong>est,</strong></span> 
     </span>
    </p>
   </div>
   <div class='ocr_carea' id='block_1_63' title="bbox 261 5214 1841 5286">
    <p class='ocr_par' dir='ltr' id='par_1_63' title="bbox 261 5214 1841 5286">
     <span class='ocr_line' id='line_1_68' title="bbox 261 5214 1841 5286; baseline -0.001 -14"><span class='ocrx_word' id='word_1_395' title='bbox 261 5214 365 5272; x_wconf 72' lang='lat' dir='ltr'><strong>sed</strong></span> <span class='ocrx_word' id='word_1_396' title='bbox 386 5222 446 5286; x_wconf 78' lang='lat' dir='ltr'><strong>ut</strong></span> <span class='ocrx_word' id='word_1_397' title='bbox 467 5218 522 5269; x_wconf 89' lang='lat' dir='ltr'><strong>iu</strong></span> <span class='ocrx_word' id='word_1_398' title='bbox 545 5227 603 5269; x_wconf 87' lang='lat' dir='ltr'><strong>se</strong></span> <span class='ocrx_word' id='word_1_399' title='bbox 625 5214 900 5269; x_wconf 86' lang='lat' dir='ltr'><strong>interimat</strong></span> <span class='ocrx_word' id='word_1_400' title='bbox 924 5215 1195 5286; x_wconf 86' lang='lat' dir='ltr'><strong>carnalem</strong></span> <span class='ocrx_word' id='word_1_401' title='bbox 1221 5214 1471 5271; x_wconf 68' lang='lat' dir='ltr'><strong>allectum</strong></span> <span class='ocrx_word' id='word_1_402' title='bbox 1494 5217 1709 5281; x_wconf 60' lang='lat' dir='ltr'><strong>animat,</strong></span> <span class='ocrx_word' id='word_1_403' title='bbox 1733 5231 1841 5286; x_wconf 90' lang='lat' dir='ltr'><strong>quo</strong></span> 
     </span>
    </p>
   </div>
   <div class='ocr_carea' id='block_1_64' title="bbox 263 5283 1842 5357">
    <p class='ocr_par' dir='ltr' id='par_1_64' title="bbox 263 5283 1842 5357">
     <span class='ocr_line' id='line_1_69' title="bbox 263 5283 1842 5357; baseline 0.002 -18"><span class='ocrx_word' id='word_1_404' title='bbox 263 5299 395 5357; x_wconf 79' lang='lat' dir='ltr'><strong>cum</strong></span> <span class='ocrx_word' id='word_1_405' title='bbox 424 5283 811 5357; x_wconf 87' lang='lat' dir='ltr'><strong>impedimento</strong></span> <span class='ocrx_word' id='word_1_406' title='bbox 839 5287 964 5357; x_wconf 67' lang='lat' dir='ltr'><strong>vita:</strong></span> <span class='ocrx_word' id='word_1_407' title='bbox 993 5285 1187 5341; x_wconf 68' lang='lat' dir='ltr'><strong>futura:</strong></span> <span class='ocrx_word' id='word_1_408' title='bbox 1216 5301 1453 5357; x_wconf 64' lang='lat' dir='ltr'><strong>praesens</strong></span> <span class='ocrx_word' id='word_1_409' title='bbox 1482 5287 1732 5342; x_wconf 85' lang='lat' dir='ltr'><strong>delectat.</strong></span> <span class='ocrx_word' id='word_1_410' title='bbox 1751 5283 1842 5342; x_wconf 40' lang='lat' dir='ltr'><strong>‘lta</strong></span> 
     </span>
    </p>
   </div>
   <div class='ocr_carea' id='block_1_65' title="bbox 262 5354 1843 5426">
    <p class='ocr_par' dir='ltr' id='par_1_65' title="bbox 262 5354 1843 5426">
     <span class='ocr_line' id='line_1_70' title="bbox 262 5354 1843 5426; baseline 0.002 -17"><span class='ocrx_word' id='word_1_411' title='bbox 262 5354 336 5410; x_wconf 87' lang='lat' dir='ltr'><strong>de</strong></span> <span class='ocrx_word' id='word_1_412' title='bbox 382 5356 719 5426; x_wconf 87' lang='lat' dir='ltr'><strong>parentibus,</strong></span> <span class='ocrx_word' id='word_1_413' title='bbox 765 5365 825 5409; x_wconf 91' lang='lat' dir='ltr'><strong>ut</strong></span> <span class='ocrx_word' id='word_1_414' title='bbox 869 5356 1085 5424; x_wconf 89' lang='lat' dir='ltr'><strong>quieos</strong></span> <span class='ocrx_word' id='word_1_415' title='bbox 1134 5354 1281 5411; x_wconf 75' lang='lat' dir='ltr'><strong>amat</strong></span> <span class='ocrx_word' id='word_1_416' title='bbox 1318 5360 1527 5426; x_wconf 79' lang='lat' dir='ltr'><strong>perdet,</strong></span> <span class='ocrx_word' id='word_1_417' title='bbox 1559 5374 1663 5412; x_wconf 92' lang='lat' dir='ltr'><strong>non</strong></span> <span class='ocrx_word' id='word_1_418' title='bbox 1693 5373 1843 5412; x_wconf 88' lang='lat' dir='ltr'><strong>more</strong></span> 
     </span>
    </p>
   </div>
   <div class='ocr_carea' id='block_1_66' title="bbox 340 5425 1842 5498">
    <p class='ocr_par' dir='ltr' id='par_1_66' title="bbox 340 5425 1842 5498">
     <span class='ocr_line' id='line_1_71' title="bbox 340 5425 1842 5498; baseline 0.003 -19"><span class='ocrx_word' id='word_1_419' title='bbox 340 5425 663 5498; x_wconf 82' lang='lat' dir='ltr'><strong>rricidarum</strong></span> <span class='ocrx_word' id='word_1_420' title='bbox 703 5426 1011 5498; x_wconf 70' lang='lat' dir='ltr'><strong>interﬁciat,</strong></span> <span class='ocrx_word' id='word_1_421' title='bbox 1060 5428 1156 5481; x_wconf 90' lang='lat' dir='ltr'><strong>scd</strong></span> <span class='ocrx_word' id='word_1_422' title='bbox 1201 5425 1431 5497; x_wconf 79' lang='lat' dir='ltr'><strong>spiritali</strong></span> <span class='ocrx_word' id='word_1_423' title='bbox 1474 5429 1652 5498; x_wconf 86' lang='lat' dir='ltr'><strong>gladio</strong></span> <span class='ocrx_word' id='word_1_424' title='bbox 1692 5429 1842 5484; x_wconf 85' lang='lat' dir='ltr'><strong>verbi</strong></span> 
     </span>
    </p>
   </div>
   <div class='ocr_carea' id='block_1_67' title="bbox 352 5496 1429 5553">
    <p class='ocr_par' dir='ltr' id='par_1_67' title="bbox 352 5496 1429 5553">
     <span class='ocr_line' id='line_1_72' title="bbox 352 5496 1429 5553; baseline 0.002 -4"><span class='ocrx_word' id='word_1_425' title='bbox 352 5496 369 5550; x_wconf 94' lang='lat' dir='ltr'><strong>i</strong></span> <span class='ocrx_word' id='word_1_426' title='bbox 406 5496 675 5551; x_wconf 58' lang='lat' dir='ltr'><strong>carnalem</strong></span> <span class='ocrx_word' id='word_1_427' title='bbox 704 5496 953 5552; x_wconf 78' lang='lat' dir='ltr'><strong>aﬁ‘ectum</strong></span> <span class='ocrx_word' id='word_1_428' title='bbox 982 5512 1168 5551; x_wconf 90' lang='lat' dir='ltr'><strong>eorum</strong></span> <span class='ocrx_word' id='word_1_429' title='bbox 1198 5500 1429 5553; x_wconf 86' lang='lat' dir='ltr'><strong>occidat.</strong></span> 
     </span>
    </p>
   </div>
   <div class='ocr_carea' id='block_1_68' title="bbox 337 5566 1847 5638">
    <p class='ocr_par' dir='ltr' id='par_1_68' title="bbox 337 5566 1847 5638">
     <span class='ocr_line' id='line_1_73' title="bbox 337 5566 1847 5638; baseline 0.003 -18"><span class='ocrx_word' id='word_1_430' title='bbox 337 5567 395 5624; x_wconf 76' lang='grc' dir='ltr'><strong>ὅ.</strong></span> <span class='ocrx_word' id='word_1_431' title='bbox 449 5566 1120 5638; x_wconf 80' lang='lat' dir='ltr'><strong>Dulcissimapromissio,</strong></span> <span class='ocrx_word' id='word_1_432' title='bbox 1167 5576 1222 5622; x_wconf 90' lang='lat' dir='ltr'><strong>et</strong></span> <span class='ocrx_word' id='word_1_433' title='bbox 1263 5570 1495 5638; x_wconf 83' lang='lat' dir='ltr'><strong>dignitas</strong></span> <span class='ocrx_word' id='word_1_434' title='bbox 1533 5570 1847 5625; x_wconf 87' lang='lat' dir='ltr'><strong>ministran-</strong></span> 
     </span>
    </p>
   </div>
   <div class='ocr_carea' id='block_1_69' title="bbox 268 5634 1840 5706">
    <p class='ocr_par' dir='ltr' id='par_1_69' title="bbox 268 5634 1840 5706">
     <span class='ocr_line' id='line_1_74' title="bbox 268 5634 1840 5706; baseline 0.002 -15"><span class='ocrx_word' id='word_1_435' title='bbox 268 5634 409 5691; x_wconf 83' lang='lat' dir='ltr'><strong>tium</strong></span> <span class='ocrx_word' id='word_1_436' title='bbox 465 5636 710 5702; x_wconf 90' lang='lat' dir='ltr'><strong>Cbristo,</strong></span> <span class='ocrx_word' id='word_1_437' title='bbox 764 5634 1150 5706; x_wconf 75' lang='lat' dir='ltr'><strong>Honoriﬁcabit</strong></span> <span class='ocrx_word' id='word_1_438' title='bbox 1199 5654 1285 5692; x_wconf 88' lang='lat' dir='ltr'><strong>eos</strong></span> <span class='ocrx_word' id='word_1_439' title='bbox 1322 5634 1520 5704; x_wconf 60' lang='lat' dir='ltr'><strong>&#39;Pater,</strong></span> <span class='ocrx_word' id='word_1_440' title='bbox 1578 5641 1680 5695; x_wconf 89' lang='lat' dir='ltr'><strong>hoc</strong></span> <span class='ocrx_word' id='word_1_441' title='bbox 1736 5650 1840 5706; x_wconf 87' lang='lat' dir='ltr'><strong>est,</strong></span> 
     </span>
    </p>
   </div>
   <div class='ocr_carea' id='block_1_70' title="bbox 266 5708 1841 5777">
    <p class='ocr_par' dir='ltr' id='par_1_70' title="bbox 266 5708 1841 5777">
     <span class='ocr_line' id='line_1_75' title="bbox 266 5708 1841 5777; baseline 0.003 -15"><span class='ocrx_word' id='word_1_442' title='bbox 266 5714 433 5762; x_wconf 87' lang='lat' dir='ltr'><strong>erunt</strong></span> <span class='ocrx_word' id='word_1_443' title='bbox 460 5721 581 5762; x_wconf 90' lang='lat' dir='ltr'><strong>cum</strong></span> <span class='ocrx_word' id='word_1_444' title='bbox 615 5708 829 5764; x_wconf 89' lang='lat' dir='ltr'><strong>Christo</strong></span> <span class='ocrx_word' id='word_1_445' title='bbox 859 5708 969 5761; x_wconf 90' lang='lat' dir='ltr'><strong>ﬁlio</strong></span> <span class='ocrx_word' id='word_1_446' title='bbox 991 5709 1106 5773; x_wconf 88' lang='lat' dir='ltr'><strong>Dei,</strong></span> <span class='ocrx_word' id='word_1_447' title='bbox 1153 5708 1413 5777; x_wconf 86' lang='lat' dir='ltr'><strong>majorem</strong></span> <span class='ocrx_word' id='word_1_448' title='bbox 1454 5712 1715 5766; x_wconf 88' lang='lat' dir='ltr'><strong>honorem</strong></span> <span class='ocrx_word' id='word_1_449' title='bbox 1745 5729 1841 5767; x_wconf 89' lang='lat' dir='ltr'><strong>ac-</strong></span> 
     </span>
    </p>
   </div>
   <div class='ocr_carea' id='block_1_71' title="bbox 267 5777 1845 5858">
    <p class='ocr_par' dir='ltr' id='par_1_71' title="bbox 267 5777 1845 5858">
     <span class='ocr_line' id='line_1_76' title="bbox 267 5777 1845 5858; baseline 0.003 -26"><span class='ocrx_word' id='word_1_450' title='bbox 267 5777 454 5858; x_wconf 81' lang='lat' dir='ltr'><strong>cipere</strong></span> <span class='ocrx_word' id='word_1_451' title='bbox 486 5793 593 5834; x_wconf 89' lang='lat' dir='ltr'><strong>non</strong></span> <span class='ocrx_word' id='word_1_452' title='bbox 627 5788 805 5850; x_wconf 88' lang='lat' dir='ltr'><strong>potest</strong></span> <span class='ocrx_word' id='word_1_453' title='bbox 860 5778 1177 5850; x_wconf 85' lang='lat' dir='ltr'><strong>adoptatus,</strong></span> <span class='ocrx_word' id='word_1_454' title='bbox 1218 5796 1380 5851; x_wconf 87' lang='lat' dir='ltr'><strong>quam</strong></span> <span class='ocrx_word' id='word_1_455' title='bbox 1409 5789 1467 5836; x_wconf 91' lang='lat' dir='ltr'><strong>ut</strong></span> <span class='ocrx_word' id='word_1_456' title='bbox 1504 5782 1577 5837; x_wconf 85' lang='lat' dir='ltr'><strong>sit</strong></span> <span class='ocrx_word' id='word_1_457' title='bbox 1624 5783 1711 5837; x_wconf 88' lang='lat' dir='ltr'><strong>ubi</strong></span> <span class='ocrx_word' id='word_1_458' title='bbox 1762 5791 1845 5838; x_wconf 85' lang='lat' dir='ltr'><strong>est</strong></span> 
     </span>
    </p>
   </div>
   <div class='ocr_carea' id='block_1_72' title="bbox 270 5862 488 5903">
    <p class='ocr_par' dir='ltr' id='par_1_72' title="bbox 270 5862 488 5903">
     <span class='ocr_line' id='line_1_77' title="bbox 270 5862 488 5903; baseline 0 0"><span class='ocrx_word' id='word_1_459' title='bbox 270 5862 488 5903; x_wconf 83' lang='lat' dir='ltr'><strong>unicus.</strong></span> 
     </span>
    </p>
   </div>
   <div class='ocr_carea' id='block_1_73' title="bbox 1478 344 2287 416">
    <p class='ocr_par' dir='ltr' id='par_1_73' title="bbox 1478 344 2287 416">
     <span class='ocr_line' id='line_1_78' title="bbox 1478 344 2287 416; baseline -0.002 -1"><span class='ocrx_word' id='word_1_460' title='bbox 1478 350 1861 416; x_wconf 66' lang='lat' dir='ltr'><strong>SHARAGDO</strong></span> <span class='ocrx_word' id='word_1_461' title='bbox 1893 346 2228 414; x_wconf 71' lang='lat' dir='ltr'><strong>ADDI&#39;I‘UII.</strong></span> <span class='ocrx_word' id='word_1_462' title='bbox 2280 344 2287 351; x_wconf 79' lang='grc'><strong>’</strong></span> 
     </span>
    </p>
   </div>
   <div class='ocr_carea' id='block_1_74' title="bbox 3388 352 3529 417">
    <p class='ocr_par' dir='ltr' id='par_1_74' title="bbox 3388 352 3529 417">
     <span class='ocr_line' id='line_1_79' title="bbox 3388 352 3529 417; baseline 0 -42"><span class='ocrx_word' id='word_1_463' title='bbox 3388 352 3496 417; x_wconf 52' lang='grc'><strong>3,,</strong></span> <span class='ocrx_word' id='word_1_464' title='bbox 3524 368 3529 375; x_wconf 82' lang='lat'><strong>.</strong></span> 
     </span>
    </p>
   </div>
   <div class='ocr_carea' id='block_1_75' title="bbox 2089 464 3485 533">
    <p class='ocr_par' dir='ltr' id='par_1_75' title="bbox 2089 464 3485 533">
     <span class='ocr_line' id='line_1_80' title="bbox 2089 464 3485 533; baseline 0.009 -11"><span class='ocrx_word' id='word_1_465' title='bbox 2089 464 2417 523; x_wconf 73' lang='lat' dir='ltr'><strong>DOMINICA</strong></span> <span class='ocrx_word' id='word_1_466' title='bbox 2445 464 2561 521; x_wconf 79' lang='lat' dir='ltr'><strong>XIII</strong></span> <span class='ocrx_word' id='word_1_467' title='bbox 2589 465 2768 525; x_wconf 85' lang='lat' dir='ltr'><strong>POS&#39;I‘</strong></span> <span class='ocrx_word' id='word_1_468' title='bbox 2803 466 3321 533; x_wconf 63' lang='lat' dir='ltr'><strong>PEN&#39;I‘ECOSTEN.</strong></span> <span class='ocrx_word' id='word_1_469' title='bbox 3462 466 3485 499; x_wconf 70' lang='grc'>⁸</span> 
     </span>
    </p>
   </div>
   <div class='ocr_carea' id='block_1_76' title="bbox 1920 556 3497 683">
    <p class='ocr_par' dir='ltr' id='par_1_76' title="bbox 1920 556 3497 683">
     <span class='ocr_line' id='line_1_81' title="bbox 1920 556 3497 683; baseline 0.003 -68"><span class='ocrx_word' id='word_1_470' title='bbox 1920 560 2187 616; x_wconf 66' lang='grc' dir='ltr'>Ειιιετοιιι</span> <span class='ocrx_word' id='word_1_471' title='bbox 2212 557 2378 613; x_wconf 75' lang='lat' dir='ltr'><strong>Pwu</strong></span> <span class='ocrx_word' id='word_1_472' title='bbox 2407 573 2475 612; x_wconf 71' lang='lat' dir='ltr'><strong>an</strong></span> <span class='ocrx_word' id='word_1_473' title='bbox 2502 556 2733 683; x_wconf 51' lang='grc' dir='ltr'><strong>ροὲἇὸιι,</strong></span> <span class='ocrx_word' id='word_1_474' title='bbox 2758 574 2875 614; x_wconf 57' lang='lat' dir='ltr'><strong>car.</strong></span> <span class='ocrx_word' id='word_1_475' title='bbox 2912 576 3002 616; x_wconf 86' lang='lat' dir='ltr'><strong>ut:</strong></span> <span class='ocrx_word' id='word_1_476' title='bbox 3032 559 3318 616; x_wconf 83' lang='lat' dir='ltr'><strong>Fiduciam</strong></span> <span class='ocrx_word' id='word_1_477' title='bbox 3338 562 3497 620; x_wconf 65' lang='lat' dir='ltr'><strong>talem</strong></span> 
     </span>
     <span class='ocr_line' id='line_1_82' title="bbox 2675 644 2837 683; baseline 0 0"><span class='ocrx_word' id='word_1_478' title='bbox 2675 644 2837 683; x_wconf 83' lang='lat' dir='ltr'><strong>emus.</strong></span> 
     </span>
    </p>
   </div>
   <div class='ocr_carea' id='block_1_77' title="bbox 2675 644 2837 685">
    <p class='ocr_par' dir='ltr' id='par_1_77' title="bbox 2675 644 2837 685">
     <span class='ocr_line' id='line_1_83' title="bbox 2675 644 2837 685; baseline 0.012 -2"><span class='ocrx_word' id='word_1_479' title='bbox 2675 644 2837 685; x_wconf 78' lang='lat' dir='ltr'><strong>emus.</strong></span> 
     </span>
    </p>
   </div>
   <div class='ocr_carea' id='block_1_78' title="bbox 1992 718 3497 799">
    <p class='ocr_par' dir='ltr' id='par_1_78' title="bbox 1992 718 3497 799">
     <span class='ocr_line' id='line_1_84' title="bbox 1992 718 3497 799; baseline 0.003 -21"><span class='ocrx_word' id='word_1_480' title='bbox 1992 724 2044 778; x_wconf 93' lang='grc'><strong>1.</strong></span> <span class='ocrx_word' id='word_1_481' title='bbox 2087 722 2144 777; x_wconf 88' lang='lat' dir='ltr'><strong>In</strong></span> <span class='ocrx_word' id='word_1_482' title='bbox 2180 736 2344 799; x_wconf 79' lang='lat' dir='ltr'><strong>causa</strong></span> <span class='ocrx_word' id='word_1_483' title='bbox 2369 720 2557 776; x_wconf 89' lang='lat' dir='ltr'><strong>salutis</strong></span> <span class='ocrx_word' id='word_1_484' title='bbox 2588 722 2887 778; x_wconf 90' lang='lat' dir='ltr'><strong>animarum</strong></span> <span class='ocrx_word' id='word_1_485' title='bbox 2913 718 3045 799; x_wconf 80' lang='lat' dir='ltr'><strong>nihil</strong></span> <span class='ocrx_word' id='word_1_486' title='bbox 3073 728 3497 799; x_wconf 76' lang='lat' dir='ltr'><strong>nostrasapien-</strong></span> 
     </span>
    </p>
   </div>
   <div class='ocr_carea' id='block_1_79' title="bbox 1926 792 3497 865">
    <p class='ocr_par' dir='ltr' id='par_1_79' title="bbox 1926 792 3497 865">
     <span class='ocr_line' id='line_1_85' title="bbox 1926 792 3497 865; baseline 0.005 -18"><span class='ocrx_word' id='word_1_487' title='bbox 1926 793 1998 849; x_wconf 87' lang='lat' dir='ltr'><strong>tia</strong></span> <span class='ocrx_word' id='word_1_488' title='bbox 2044 803 2138 848; x_wconf 87' lang='lat' dir='ltr'><strong>aut</strong></span> <span class='ocrx_word' id='word_1_489' title='bbox 2182 792 2377 865; x_wconf 78' lang='lat' dir='ltr'><strong>virtute</strong></span> <span class='ocrx_word' id='word_1_490' title='bbox 2418 808 2725 865; x_wconf 84' lang='lat' dir='ltr'><strong>possumus,</strong></span> <span class='ocrx_word' id='word_1_491' title='bbox 2782 796 2956 849; x_wconf 89' lang='lat' dir='ltr'><strong>omnis</strong></span> <span class='ocrx_word' id='word_1_492' title='bbox 3005 804 3186 851; x_wconf 89' lang='lat' dir='ltr'><strong>nostra</strong></span> <span class='ocrx_word' id='word_1_493' title='bbox 3232 792 3497 855; x_wconf 62' lang='lat' dir='ltr'><strong>idonlitas</strong></span> 
     </span>
    </p>
   </div>
   <div class='ocr_carea' id='block_1_80' title="bbox 1923 862 3497 934">
    <p class='ocr_par' dir='ltr' id='par_1_80' title="bbox 1923 862 3497 934">
     <span class='ocr_line' id='line_1_86' title="bbox 1923 862 3497 934; baseline 0.004 -16"><span class='ocrx_word' id='word_1_494' title='bbox 1923 879 1990 918; x_wconf 83' lang='lat' dir='ltr'><strong>ex</strong></span> <span class='ocrx_word' id='word_1_495' title='bbox 2023 866 2133 919; x_wconf 86' lang='lat' dir='ltr'><strong>Deo</strong></span> <span class='ocrx_word' id='word_1_496' title='bbox 2160 873 2260 918; x_wconf 90' lang='lat' dir='ltr'><strong>cst.</strong></span> <span class='ocrx_word' id='word_1_497' title='bbox 2308 862 2441 917; x_wconf 78' lang='lat' dir='ltr'><strong>Hinc</strong></span> <span class='ocrx_word' id='word_1_498' title='bbox 2481 862 2724 919; x_wconf 80' lang='lat' dir='ltr'><strong>Eeclesm</strong></span> <span class='ocrx_word' id='word_1_499' title='bbox 2756 880 2852 934; x_wconf 91' lang='lat' dir='ltr'><strong>pro</strong></span> <span class='ocrx_word' id='word_1_500' title='bbox 2891 866 3153 934; x_wconf 81' lang='lat' dir='ltr'><strong>ministris</strong></span> <span class='ocrx_word' id='word_1_501' title='bbox 3178 868 3327 923; x_wconf 86' lang='lat' dir='ltr'><strong>verbi</strong></span> <span class='ocrx_word' id='word_1_502' title='bbox 3355 868 3497 924; x_wconf 88' lang='lat' dir='ltr'><strong>serio</strong></span> 
     </span>
    </p>
   </div>
   <div class='ocr_carea' id='block_1_81' title="bbox 1923 932 3500 1008">
    <p class='ocr_par' dir='ltr' id='par_1_81' title="bbox 1923 932 3500 1008">
     <span class='ocr_line' id='line_1_87' title="bbox 1923 932 3500 1008; baseline 0.003 -18"><span class='ocrx_word' id='word_1_503' title='bbox 1923 942 2073 990; x_wconf 89' lang='lat' dir='ltr'><strong>oret:</strong></span> <span class='ocrx_word' id='word_1_504' title='bbox 2104 935 2180 988; x_wconf 86' lang='lat' dir='ltr'><strong>Da</strong></span> <span class='ocrx_word' id='word_1_505' title='bbox 2204 935 2375 988; x_wconf 84' lang='lat' dir='ltr'><strong>servis</strong></span> <span class='ocrx_word' id='word_1_506' title='bbox 2404 935 2530 1008; x_wconf 83' lang='lat' dir='ltr'><strong>tuis,</strong></span> <span class='ocrx_word' id='word_1_507' title='bbox 2556 943 2616 987; x_wconf 90' lang='lat' dir='ltr'><strong>ut</strong></span> <span class='ocrx_word' id='word_1_508' title='bbox 2642 932 2767 988; x_wconf 83' lang='lat' dir='ltr'><strong>cum</strong></span> <span class='ocrx_word' id='word_1_509' title='bbox 2777 935 2944 1008; x_wconf 88' lang='lat' dir='ltr'><strong>omni</strong></span> <span class='ocrx_word' id='word_1_510' title='bbox 2974 932 3163 1008; x_wconf 83' lang='lat' dir='ltr'><strong>ﬁducia</strong></span> <span class='ocrx_word' id='word_1_511' title='bbox 3209 936 3500 1008; x_wconf 90' lang='lat' dir='ltr'><strong>loquantur</strong></span> 
     </span>
    </p>
   </div>
   <div class='ocr_carea' id='block_1_82' title="bbox 1925 1006 3495 1075">
    <p class='ocr_par' dir='ltr' id='par_1_82' title="bbox 1925 1006 3495 1075">
     <span class='ocr_line' id='line_1_88' title="bbox 1925 1006 3495 1075; baseline 0.005 -16"><span class='ocrx_word' id='word_1_512' title='bbox 1925 1020 2228 1060; x_wconf 88' lang='lat' dir='ltr'><strong>sermonem</strong></span> <span class='ocrx_word' id='word_1_513' title='bbox 2252 1014 2424 1068; x_wconf 90' lang='lat' dir='ltr'><strong>tuum,</strong></span> <span class='ocrx_word' id='word_1_514' title='bbox 2443 1006 2948 1075; x_wconf 78' lang='lat' dir='ltr'><strong>loquanturcloqma</strong></span> <span class='ocrx_word' id='word_1_515' title='bbox 2971 1007 3086 1071; x_wconf 87' lang='lat' dir='ltr'><strong>Dei,</strong></span> <span class='ocrx_word' id='word_1_516' title='bbox 3110 1006 3419 1065; x_wconf 78' lang='lat' dir='ltr'><strong>ministrent</strong></span> <span class='ocrx_word' id='word_1_517' title='bbox 3442 1011 3495 1067; x_wconf 90' lang='lat' dir='ltr'><strong>in</strong></span> 
     </span>
    </p>
   </div>
   <div class='ocr_carea' id='block_1_83' title="bbox 1924 1075 3201 1145">
    <p class='ocr_par' dir='ltr' id='par_1_83' title="bbox 1924 1075 3201 1145">
     <span class='ocr_line' id='line_1_89' title="bbox 1924 1075 3201 1145; baseline 0.003 -17"><span class='ocrx_word' id='word_1_518' title='bbox 1924 1076 2142 1135; x_wconf 86' lang='lat' dir='ltr'><strong>virtute.</strong></span> <span class='ocrx_word' id='word_1_519' title='bbox 2181 1086 2238 1128; x_wconf 91' lang='lat' dir='ltr'><strong>ut</strong></span> <span class='ocrx_word' id='word_1_520' title='bbox 2267 1075 2598 1145; x_wconf 78' lang='lat' dir='ltr'><strong>gloriﬁcatur</strong></span> <span class='ocrx_word' id='word_1_521' title='bbox 2620 1077 2758 1130; x_wconf 90' lang='lat' dir='ltr'><strong>Deus</strong></span> <span class='ocrx_word' id='word_1_522' title='bbox 2785 1091 2880 1144; x_wconf 89' lang='lat' dir='ltr'><strong>per</strong></span> <span class='ocrx_word' id='word_1_523' title='bbox 2906 1077 3201 1132; x_wconf 86' lang='lat' dir='ltr'><strong>Christum.</strong></span> 
     </span>
    </p>
   </div>
   <div class='ocr_carea' id='block_1_84' title="bbox 1996 1145 3499 1217">
    <p class='ocr_par' dir='ltr' id='par_1_84' title="bbox 1996 1145 3499 1217">
     <span class='ocr_line' id='line_1_90' title="bbox 1996 1145 3499 1217; baseline 0.006 -19"><span class='ocrx_word' id='word_1_524' title='bbox 1996 1145 2050 1198; x_wconf 74' lang='grc'><strong>2.</strong></span> <span class='ocrx_word' id='word_1_525' title='bbox 2090 1145 2273 1217; x_wconf 82' lang='lat' dir='ltr'><strong>Oﬁicia</strong></span> <span class='ocrx_word' id='word_1_526' title='bbox 2304 1145 2434 1214; x_wconf 80' lang='lat' dir='ltr'><strong>legis</strong></span> <span class='ocrx_word' id='word_1_527' title='bbox 2463 1154 2517 1199; x_wconf 88' lang='lat' dir='ltr'><strong>et</strong></span> <span class='ocrx_word' id='word_1_528' title='bbox 2545 1146 2838 1217; x_wconf 74' lang='lat' dir='ltr'><strong>Evangelii.</strong></span> <span class='ocrx_word' id='word_1_529' title='bbox 2867 1145 2978 1201; x_wconf 75' lang='lat' dir='ltr'><strong>Lex</strong></span> <span class='ocrx_word' id='word_1_530' title='bbox 3008 1147 3187 1217; x_wconf 74' lang='lat' dir='ltr'><strong>littera</strong></span> <span class='ocrx_word' id='word_1_531' title='bbox 3224 1158 3327 1213; x_wconf 90' lang='lat' dir='ltr'><strong>est,</strong></span> <span class='ocrx_word' id='word_1_532' title='bbox 3368 1166 3499 1207; x_wconf 88' lang='lat' dir='ltr'><strong>ecce</strong></span> 
     </span>
    </p>
   </div>
   <div class='ocr_carea' id='block_1_85' title="bbox 1925 1215 3501 1289">
    <p class='ocr_par' dir='ltr' id='par_1_85' title="bbox 1925 1215 3501 1289">
     <span class='ocr_line' id='line_1_91' title="bbox 1925 1215 3501 1289; baseline 0.005 -21"><span class='ocrx_word' id='word_1_533' title='bbox 1925 1215 2098 1289; x_wconf 84' lang='lat' dir='ltr'><strong>legem</strong></span> <span class='ocrx_word' id='word_1_534' title='bbox 2124 1231 2138 1269; x_wconf 91' lang='lat'><strong>:</strong></span> <span class='ocrx_word' id='word_1_535' title='bbox 2164 1216 2278 1289; x_wconf 85' lang='lat' dir='ltr'><strong>Non</strong></span> <span class='ocrx_word' id='word_1_536' title='bbox 2303 1217 2648 1289; x_wconf 87' lang='lat' dir='ltr'><strong>concupisces</strong></span> <span class='ocrx_word' id='word_1_537' title='bbox 2674 1215 2812 1288; x_wconf 54' lang='lat' dir='ltr'><strong>{ego</strong></span> <span class='ocrx_word' id='word_1_538' title='bbox 2841 1217 2986 1289; x_wconf 81' lang='lat' dir='ltr'><strong>dico,</strong></span> <span class='ocrx_word' id='word_1_539' title='bbox 3030 1216 3144 1273; x_wconf 86' lang='lat' dir='ltr'><strong>Nisi</strong></span> <span class='ocrx_word' id='word_1_540' title='bbox 3188 1228 3240 1275; x_wconf 87' lang='lat' dir='ltr'><strong>te</strong></span> <span class='ocrx_word' id='word_1_541' title='bbox 3283 1218 3501 1289; x_wconf 85' lang='lat' dir='ltr'><strong>adjuvet</strong></span> 
     </span>
    </p>
   </div>
   <div class='ocr_carea' id='block_1_86' title="bbox 1927 1287 3497 1358">
    <p class='ocr_par' dir='ltr' id='par_1_86' title="bbox 1927 1287 3497 1358">
     <span class='ocr_line' id='line_1_92' title="bbox 1927 1287 3497 1358; baseline 0.007 -20"><span class='ocrx_word' id='word_1_542' title='bbox 1927 1287 2126 1358; x_wconf 78' lang='lat' dir='ltr'><strong>gratia,</strong></span> <span class='ocrx_word' id='word_1_543' title='bbox 2152 1287 2429 1341; x_wconf 78' lang='lat' dir='ltr'><strong>ardentius</strong></span> <span class='ocrx_word' id='word_1_544' title='bbox 2460 1287 2826 1358; x_wconf 81' lang='lat' dir='ltr'><strong>concupisces,</strong></span> <span class='ocrx_word' id='word_1_545' title='bbox 2854 1287 2957 1343; x_wconf 84' lang='lat' dir='ltr'><strong>hoc</strong></span> <span class='ocrx_word' id='word_1_546' title='bbox 2986 1296 3092 1353; x_wconf 87' lang='lat' dir='ltr'><strong>est,</strong></span> <span class='ocrx_word' id='word_1_547' title='bbox 3118 1290 3263 1358; x_wconf 87' lang='lat' dir='ltr'><strong>quod</strong></span> <span class='ocrx_word' id='word_1_548' title='bbox 3293 1287 3497 1349; x_wconf 76' lang='lat' dir='ltr'><strong>dictum</strong></span> 
     </span>
    </p>
   </div>
   <div class='ocr_carea' id='block_1_87' title="bbox 1928 1355 3502 1496">
    <p class='ocr_par' dir='ltr' id='par_1_87' title="bbox 1928 1355 3502 1496">
     <span class='ocr_line' id='line_1_93' title="bbox 1928 1355 3502 1496; baseline 0.004 -85"><span class='ocrx_word' id='word_1_549' title='bbox 1928 1355 2271 1496; x_wconf 46' lang='lat' dir='ltr'><strong>esuﬁLi‘ttera</strong></span> <span class='ocrx_word' id='word_1_550' title='bbox 2307 1358 2518 1423; x_wconf 81' lang='lat' dir='ltr'><strong>occidit,</strong></span> <span class='ocrx_word' id='word_1_551' title='bbox 2556 1355 2768 1430; x_wconf 72' lang='lat' dir='ltr'><strong>spiritus</strong></span> <span class='ocrx_word' id='word_1_552' title='bbox 2819 1369 2995 1415; x_wconf 80' lang='lat' dir='ltr'><strong>autem</strong></span> <span class='ocrx_word' id='word_1_553' title='bbox 3034 1355 3417 1418; x_wconf 46' lang='lat' dir='ltr'><strong>cor—immutat</strong></span> <span class='ocrx_word' id='word_1_554' title='bbox 3445 1369 3502 1418; x_wconf 89' lang='lat' dir='ltr'><strong>et</strong></span> 
     </span>
     <span class='ocr_line' id='line_1_94' title="bbox 1928 1444 2169 1481; baseline -0.008 0"><span class='ocrx_word' id='word_1_555' title='bbox 1928 1444 2021 1481; x_wconf 79' lang='lat' dir='ltr'><strong>mm</strong></span> <span class='ocrx_word' id='word_1_556' title='bbox 2067 1444 2126 1481; x_wconf 83' lang='lat' dir='ltr'><strong>ca</strong></span> <span class='ocrx_word' id='word_1_557' title='bbox 2156 1467 2169 1479; x_wconf 96' lang='lat'><strong>.</strong></span> 
     </span>
    </p>
   </div>
   <div class='ocr_carea' id='block_1_88' title="bbox 1927 1436 2169 1481">
    <p class='ocr_par' dir='ltr' id='par_1_88' title="bbox 1927 1436 2169 1481">
     <span class='ocr_line' id='line_1_95' title="bbox 1927 1436 2169 1481; baseline -0.012 0"><span class='ocrx_word' id='word_1_558' title='bbox 1927 1436 2169 1481; x_wconf 75' lang='lat' dir='ltr'><strong>viviﬁcat.</strong></span> 
     </span>
    </p>
   </div>
   <div class='ocr_carea' id='block_1_89' title="bbox 1997 1495 3503 1568">
    <p class='ocr_par' dir='ltr' id='par_1_89' title="bbox 1997 1495 3503 1568">
     <span class='ocr_line' id='line_1_96' title="bbox 1997 1495 3503 1568; baseline 0.004 -18"><span class='ocrx_word' id='word_1_559' title='bbox 1997 1495 2051 1551; x_wconf 81' lang='lat'><strong>&#39;5.</strong></span> <span class='ocrx_word' id='word_1_560' title='bbox 2094 1496 2276 1552; x_wconf 88' lang='lat' dir='ltr'><strong>Gloria</strong></span> <span class='ocrx_word' id='word_1_561' title='bbox 2300 1498 2431 1568; x_wconf 81' lang='lat' dir='ltr'><strong>legis</strong></span> <span class='ocrx_word' id='word_1_562' title='bbox 2460 1506 2514 1553; x_wconf 89' lang='lat' dir='ltr'><strong>et</strong></span> <span class='ocrx_word' id='word_1_563' title='bbox 2535 1497 2831 1568; x_wconf 87' lang='lat' dir='ltr'><strong>Evangelii.</strong></span> <span class='ocrx_word' id='word_1_564' title='bbox 2865 1495 3233 1568; x_wconf 20' lang='lat' dir='ltr'><strong>ibiinisterium</strong></span> <span class='ocrx_word' id='word_1_565' title='bbox 3281 1498 3503 1557; x_wconf 84' lang='lat' dir='ltr'><strong>damna-</strong></span> 
     </span>
    </p>
   </div>
   <div class='ocr_carea' id='block_1_90' title="bbox 1928 1566 3501 1638">
    <p class='ocr_par' dir='ltr' id='par_1_90' title="bbox 1928 1566 3501 1638">
     <span class='ocr_line' id='line_1_97' title="bbox 1928 1566 3501 1638; baseline 0.004 -18"><span class='ocrx_word' id='word_1_566' title='bbox 1928 1566 2089 1621; x_wconf 91' lang='lat' dir='ltr'><strong>tionis</strong></span> <span class='ocrx_word' id='word_1_567' title='bbox 2144 1566 2394 1622; x_wconf 78' lang='lat' dir='ltr'><strong>mandata</strong></span> <span class='ocrx_word' id='word_1_568' title='bbox 2450 1568 2584 1638; x_wconf 85' lang='lat' dir='ltr'><strong>legis</strong></span> <span class='ocrx_word' id='word_1_569' title='bbox 2630 1566 2806 1623; x_wconf 71' lang='lat' dir='ltr'><strong>vocat.</strong></span> <span class='ocrx_word' id='word_1_570' title='bbox 2858 1567 3088 1626; x_wconf 67' lang='lat' dir='ltr'><strong>Iustitia:</strong></span> <span class='ocrx_word' id='word_1_571' title='bbox 3120 1569 3501 1638; x_wconf 87' lang='lat' dir='ltr'><strong>ministerium,</strong></span> 
     </span>
    </p>
   </div>
   <div class='ocr_carea' id='block_1_91' title="bbox 1926 1638 3506 1723">
    <p class='ocr_par' dir='ltr' id='par_1_91' title="bbox 1926 1638 3506 1723">
     <span class='ocr_line' id='line_1_98' title="bbox 1926 1638 3506 1723; baseline 0.004 -33"><span class='ocrx_word' id='word_1_572' title='bbox 1926 1638 2167 1723; x_wconf 71' lang='lat' dir='ltr'><strong>gratiam</strong></span> <span class='ocrx_word' id='word_1_573' title='bbox 2218 1638 2543 1723; x_wconf 70' lang='lat' dir='ltr'><strong>salvatoris,</strong></span> <span class='ocrx_word' id='word_1_574' title='bbox 2592 1639 2678 1723; x_wconf 91' lang='lat' dir='ltr'><strong>cui</strong></span> <span class='ocrx_word' id='word_1_575' title='bbox 2721 1640 3270 1723; x_wconf 74' lang='lat' dir='ltr'><strong>superabundantiam</strong></span> <span class='ocrx_word' id='word_1_576' title='bbox 3307 1642 3506 1723; x_wconf 65' lang='lat' dir='ltr'><strong>gratias</strong></span> 
     </span>
    </p>
   </div>
   <div class='ocr_carea' id='block_1_92' title="bbox 1927 1707 3504 1774">
    <p class='ocr_par' dir='ltr' id='par_1_92' title="bbox 1927 1707 3504 1774">
     <span class='ocr_line' id='line_1_99' title="bbox 1927 1707 3504 1774; baseline 0.004 -14"><span class='ocrx_word' id='word_1_577' title='bbox 1927 1708 2192 1774; x_wconf 81' lang='lat' dir='ltr'><strong>attribuit,</strong></span> <span class='ocrx_word' id='word_1_578' title='bbox 2244 1717 2391 1763; x_wconf 90' lang='lat' dir='ltr'><strong>recte</strong></span> <span class='ocrx_word' id='word_1_579' title='bbox 2440 1707 2507 1764; x_wconf 90' lang='lat' dir='ltr'><strong>de</strong></span> <span class='ocrx_word' id='word_1_580' title='bbox 2547 1718 2738 1764; x_wconf 91' lang='lat' dir='ltr'><strong>natura</strong></span> <span class='ocrx_word' id='word_1_581' title='bbox 2786 1707 2963 1765; x_wconf 73' lang='lat' dir='ltr'><strong>rerum</strong></span> <span class='ocrx_word' id='word_1_582' title='bbox 2995 1721 3049 1765; x_wconf 88' lang='lat' dir='ltr'><strong>ut</strong></span> <span class='ocrx_word' id='word_1_583' title='bbox 3082 1712 3246 1769; x_wconf 81' lang='lat' dir='ltr'><strong>homo</strong></span> <span class='ocrx_word' id='word_1_584' title='bbox 3291 1707 3504 1768; x_wconf 82' lang='lat' dir='ltr'><strong>divinus</strong></span> 
     </span>
    </p>
   </div>
   <div class='ocr_carea' id='block_1_93' title="bbox 1918 1774 3499 1855">
    <p class='ocr_par' dir='ltr' id='par_1_93' title="bbox 1918 1774 3499 1855">
     <span class='ocr_line' id='line_1_100' title="bbox 1918 1774 3499 1855; baseline 0.005 -25"><span class='ocrx_word' id='word_1_585' title='bbox 1918 1774 2192 1855; x_wconf 82' lang='lat' dir='ltr'><strong>judicans,</strong></span> <span class='ocrx_word' id='word_1_586' title='bbox 2235 1778 2419 1851; x_wconf 89' lang='lat' dir='ltr'><strong>Cyrill.</strong></span> <span class='ocrx_word' id='word_1_587' title='bbox 2470 1780 2523 1834; x_wconf 90' lang='lat' dir='ltr'><strong>in</strong></span> <span class='ocrx_word' id='word_1_588' title='bbox 2561 1777 2717 1835; x_wconf 84' lang='lat' dir='ltr'><strong>Joan.</strong></span> <span class='ocrx_word' id='word_1_589' title='bbox 2747 1796 2909 1849; x_wconf 88' lang='lat' dir='ltr'><strong>super</strong></span> <span class='ocrx_word' id='word_1_590' title='bbox 2943 1781 3097 1848; x_wconf 85' lang='lat' dir='ltr'><strong>illud,</strong></span> <span class='ocrx_word' id='word_1_591' title='bbox 3137 1779 3377 1837; x_wconf 82' lang='lat' dir='ltr'><strong>Gratiam</strong></span> <span class='ocrx_word' id='word_1_592' title='bbox 3405 1799 3499 1855; x_wconf 86' lang='lat' dir='ltr'><strong>pro</strong></span> 
     </span>
    </p>
   </div>
   <div class='ocr_carea' id='block_1_94' title="bbox 1851 1839 2118 1919">
    <p class='ocr_par' dir='ltr' id='par_1_94' title="bbox 1851 1839 2118 1919">
     <span class='ocr_line' id='line_1_101' title="bbox 1851 1839 2118 1919; baseline 0.007 -19"><span class='ocrx_word' id='word_1_593' title='bbox 1851 1839 1900 1900; x_wconf 85' lang='lat' dir='ltr'><strong>B</strong></span> <span class='ocrx_word' id='word_1_594' title='bbox 1919 1839 2118 1919; x_wconf 46' lang='lat' dir='ltr'><strong>&#39;gratia.</strong></span> 
     </span>
    </p>
   </div>
   <div class='ocr_carea' id='block_1_95' title="bbox 1928 1938 3510 2082">
    <p class='ocr_par' dir='ltr' id='par_1_95' title="bbox 1928 1938 3510 2082">
     <span class='ocr_line' id='line_1_102' title="bbox 1928 1938 3510 2082; baseline 0.004 -88"><span class='ocrx_word' id='word_1_595' title='bbox 1928 1939 2277 1997; x_wconf 72' lang='lat' dir='ltr'><strong>EVANGELIUI</strong></span> <span class='ocrx_word' id='word_1_596' title='bbox 2319 1938 2515 2009; x_wconf 72' lang='lat' dir='ltr'><strong>MARCI,</strong></span> <span class='ocrx_word' id='word_1_597' title='bbox 2554 1956 2672 2067; x_wconf 46' lang='lat' dir='ltr'><strong>(in.</strong></span> <span class='ocrx_word' id='word_1_598' title='bbox 2697 1956 2834 2082; x_wconf 47' lang='lat' dir='ltr'><strong>T313</strong></span> <span class='ocrx_word' id='word_1_599' title='bbox 2863 1941 3060 1999; x_wconf 62' lang='lat' dir='ltr'><strong>Enicas</strong></span> <span class='ocrx_word' id='word_1_600' title='bbox 3107 1941 3266 1999; x_wconf 73' lang='lat' dir='ltr'><strong>Iesus</strong></span> <span class='ocrx_word' id='word_1_601' title='bbox 3293 1942 3359 1999; x_wconf 76' lang='lat' dir='ltr'><strong>ds</strong></span> <span class='ocrx_word' id='word_1_602' title='bbox 3385 1943 3510 2013; x_wconf 78' lang='lat' dir='ltr'><strong>ﬁtti-</strong></span> 
     </span>
     <span class='ocr_line' id='line_1_103' title="bbox 2604 2029 2841 2068; baseline 0.004 -2"><span class='ocrx_word' id='word_1_603' title='bbox 2604 2029 2664 2067; x_wconf 86' lang='lat' dir='ltr'><strong>us</strong></span> <span class='ocrx_word' id='word_1_604' title='bbox 2777 2029 2841 2068; x_wconf 74' lang='lat' dir='ltr'><strong>ri.</strong></span> 
     </span>
    </p>
   </div>
   <div class='ocr_carea' id='block_1_96' title="bbox 2604 2029 2841 2068">
    <p class='ocr_par' dir='ltr' id='par_1_96' title="bbox 2604 2029 2841 2068">
     <span class='ocr_line' id='line_1_104' title="bbox 2604 2029 2841 2068; baseline 0.004 -2"><span class='ocrx_word' id='word_1_605' title='bbox 2604 2029 2664 2067; x_wconf 75' lang='grc' dir='ltr'>ιη</span> <span class='ocrx_word' id='word_1_606' title='bbox 2699 2029 2722 2066; x_wconf 79' lang='grc' dir='ltr'><strong>Ι</strong></span> <span class='ocrx_word' id='word_1_607' title='bbox 2740 2029 2841 2068; x_wconf 73' lang='grc' dir='ltr'><strong>νη.</strong></span> 
     </span>
    </p>
   </div>
   <div class='ocr_carea' id='block_1_97' title="bbox 2000 2104 3509 2175">
    <p class='ocr_par' dir='ltr' id='par_1_97' title="bbox 2000 2104 3509 2175">
     <span class='ocr_line' id='line_1_105' title="bbox 2000 2104 3509 2175; baseline 0.006 -19"><span class='ocrx_word' id='word_1_608' title='bbox 2000 2104 2051 2157; x_wconf 91' lang='grc'><strong>1.</strong></span> <span class='ocrx_word' id='word_1_609' title='bbox 2092 2104 2431 2169; x_wconf 82' lang='lat' dir='ltr'><strong>Miracnium,</strong></span> <span class='ocrx_word' id='word_1_610' title='bbox 2458 2116 2567 2175; x_wconf 87' lang='lat' dir='ltr'><strong>quo</strong></span> <span class='ocrx_word' id='word_1_611' title='bbox 2603 2105 2862 2160; x_wconf 89' lang='lat' dir='ltr'><strong>Dominus</strong></span> <span class='ocrx_word' id='word_1_612' title='bbox 2891 2114 3047 2160; x_wconf 86' lang='lat' dir='ltr'><strong>sanat</strong></span> <span class='ocrx_word' id='word_1_613' title='bbox 3078 2107 3354 2163; x_wconf 80' lang='lat' dir='ltr'><strong>hominem</strong></span> <span class='ocrx_word' id='word_1_614' title='bbox 3386 2119 3509 2166; x_wconf 84' lang='lat' dir='ltr'><strong>sur-</strong></span> 
     </span>
    </p>
   </div>
   <div class='ocr_carea' id='block_1_98' title="bbox 1932 2174 3508 2249">
    <p class='ocr_par' dir='ltr' id='par_1_98' title="bbox 1932 2174 3508 2249">
     <span class='ocr_line' id='line_1_106' title="bbox 1932 2174 3508 2249; baseline 0.006 -21"><span class='ocrx_word' id='word_1_615' title='bbox 1932 2174 2059 2249; x_wconf 83' lang='lat' dir='ltr'><strong>dum</strong></span> <span class='ocrx_word' id='word_1_616' title='bbox 2084 2185 2140 2229; x_wconf 91' lang='lat' dir='ltr'><strong>et</strong></span> <span class='ocrx_word' id='word_1_617' title='bbox 2169 2186 2399 2249; x_wconf 85' lang='lat' dir='ltr'><strong>mutum,</strong></span> <span class='ocrx_word' id='word_1_618' title='bbox 2432 2175 2531 2249; x_wconf 78' lang='lat' dir='ltr'><strong>_vel</strong></span> <span class='ocrx_word' id='word_1_619' title='bbox 2568 2177 2841 2249; x_wconf 59' lang='grc' dir='ltr'><strong>μογιλάλσν,</strong></span> <span class='ocrx_word' id='word_1_620' title='bbox 2868 2184 3120 2249; x_wconf 75' lang='lat' dir='ltr'><strong>testatur</strong></span> <span class='ocrx_word' id='word_1_621' title='bbox 3152 2179 3343 2234; x_wconf 69' lang='lat' dir='ltr'><strong>adtsse</strong></span> <span class='ocrx_word' id='word_1_622' title='bbox 3365 2178 3508 2236; x_wconf 76' lang='lat' dir='ltr'><strong>Mes-</strong></span> 
     </span>
    </p>
   </div>
   <div class='ocr_carea' id='block_1_99' title="bbox 1931 2245 3511 2320">
    <p class='ocr_par' dir='ltr' id='par_1_99' title="bbox 1931 2245 3511 2320">
     <span class='ocr_line' id='line_1_107' title="bbox 1931 2245 3511 2320; baseline 0.005 -21"><span class='ocrx_word' id='word_1_623' title='bbox 1931 2245 2107 2320; x_wconf 73' lang='lat' dir='ltr'><strong>siam,</strong></span> <span class='ocrx_word' id='word_1_624' title='bbox 2160 2246 2227 2301; x_wconf 89' lang='lat' dir='ltr'><strong>de</strong></span> <span class='ocrx_word' id='word_1_625' title='bbox 2274 2261 2383 2316; x_wconf 89' lang='lat' dir='ltr'><strong>quo</strong></span> <span class='ocrx_word' id='word_1_626' title='bbox 2431 2245 2601 2301; x_wconf 80' lang='lat' dir='ltr'><strong>Isaias</strong></span> <span class='ocrx_word' id='word_1_627' title='bbox 2641 2245 2927 2320; x_wconf 65' lang='lat' dir='ltr'><strong>praedixit,</strong></span> <span class='ocrx_word' id='word_1_628' title='bbox 2984 2248 3139 2305; x_wconf 86' lang='lat' dir='ltr'><strong>Tunc</strong></span> <span class='ocrx_word' id='word_1_629' title='bbox 3189 2250 3511 2320; x_wconf 85' lang='lat' dir='ltr'><strong>aperiuntur</strong></span> 
     </span>
    </p>
   </div>
   <div class='ocr_carea' id='block_1_100' title="bbox 1929 2314 3507 2391">
    <p class='ocr_par' dir='ltr' id='par_1_100' title="bbox 1929 2314 3507 2391">
     <span class='ocr_line' id='line_1_108' title="bbox 1929 2314 3507 2391; baseline 0.006 -22"><span class='ocrx_word' id='word_1_630' title='bbox 1929 2314 2072 2369; x_wconf 87' lang='lat' dir='ltr'><strong>oculi</strong></span> <span class='ocrx_word' id='word_1_631' title='bbox 2125 2314 2389 2372; x_wconf 75' lang='lat' dir='ltr'><strong>caecorum</strong></span> <span class='ocrx_word' id='word_1_632' title='bbox 2433 2324 2488 2371; x_wconf 91' lang='lat' dir='ltr'><strong>et</strong></span> <span class='ocrx_word' id='word_1_633' title='bbox 2527 2314 2686 2373; x_wconf 77' lang='lat' dir='ltr'><strong>aures</strong></span> <span class='ocrx_word' id='word_1_634' title='bbox 2746 2319 3032 2376; x_wconf 82' lang='lat' dir='ltr'><strong>surdorum</strong></span> <span class='ocrx_word' id='word_1_635' title='bbox 3079 2314 3357 2391; x_wconf 79' lang='lat' dir='ltr'><strong>patebunt,</strong></span> <span class='ocrx_word' id='word_1_636' title='bbox 3402 2322 3507 2379; x_wconf 86' lang='lat' dir='ltr'><strong>Isa.</strong></span> 
     </span>
    </p>
   </div>
   <div class='ocr_carea' id='block_1_101' title="bbox 1931 2401 2097 2439">
    <p class='ocr_par' dir='ltr' id='par_1_101' title="bbox 1931 2401 2097 2439">
     <span class='ocr_line' id='line_1_109' title="bbox 1931 2401 2097 2439; baseline 0.006 -2"><span class='ocrx_word' id='word_1_637' title='bbox 1931 2401 2097 2439; x_wconf 67' lang='grc' dir='ltr'><strong>λχχν.</strong></span> 
     </span>
    </p>
   </div>
   <div class='ocr_carea' id='block_1_102' title="bbox 2001 2432 3510 2529">
    <p class='ocr_par' dir='ltr' id='par_1_102' title="bbox 2001 2432 3510 2529">
     <span class='ocr_line' id='line_1_110' title="bbox 2001 2432 3510 2529; baseline 0.006 -21"><span class='ocrx_word' id='word_1_638' title='bbox 2001 2432 2292 2529; x_wconf 42' lang='lat' dir='ltr'><strong>inTypus</strong></span> <span class='ocrx_word' id='word_1_639' title='bbox 2326 2432 2634 2528; x_wconf 79' lang='lat' dir='ltr'><strong>Evangelici</strong></span> <span class='ocrx_word' id='word_1_640' title='bbox 2687 2454 2945 2529; x_wconf 78' lang='lat' dir='ltr'><strong>doctoris,</strong></span> <span class='ocrx_word' id='word_1_641' title='bbox 2977 2461 3374 2529; x_wconf 87' lang='lat' dir='ltr'><strong>apprehensum</strong></span> <span class='ocrx_word' id='word_1_642' title='bbox 3422 2463 3510 2518; x_wconf 88' lang='lat' dir='ltr'><strong>ab-</strong></span> 
     </span>
    </p>
   </div>
   <div class='ocr_carea' id='block_1_103' title="bbox 1858 2518 3510 2601">
    <p class='ocr_par' dir='ltr' id='par_1_103' title="bbox 1858 2518 3510 2601">
     <span class='ocr_line' id='line_1_111' title="bbox 1858 2518 3510 2601; baseline 0.006 -23"><span class='ocrx_word' id='word_1_643' title='bbox 1858 2518 1865 2523; x_wconf 79' lang='grc'><strong>’</strong></span> <span class='ocrx_word' id='word_1_644' title='bbox 1935 2523 2082 2601; x_wconf 81' lang='lat' dir='ltr'><strong>ducit</strong></span> <span class='ocrx_word' id='word_1_645' title='bbox 2102 2518 2232 2601; x_wconf 59' lang='grc' dir='ltr'><strong>⁸δι’ῑὶι</strong></span> <span class='ocrx_word' id='word_1_646' title='bbox 2244 2528 2358 2601; x_wconf 78' lang='lat' dir='ltr'><strong>rba,</strong></span> <span class='ocrx_word' id='word_1_647' title='bbox 2384 2518 2705 2601; x_wconf 12' lang='lat' dir='ltr'><strong>sicrvoportet</strong></span> <span class='ocrx_word' id='word_1_648' title='bbox 2728 2545 2757 2601; x_wconf 84' lang='lat' dir='ltr'><strong>a</strong></span> <span class='ocrx_word' id='word_1_649' title='bbox 2786 2528 2890 2583; x_wconf 88' lang='lat' dir='ltr'><strong>lata</strong></span> <span class='ocrx_word' id='word_1_650' title='bbox 2915 2518 3026 2595; x_wconf 62' lang='lat' dir='ltr'><strong>via;</strong></span> <span class='ocrx_word' id='word_1_651' title='bbox 3040 2518 3138 2600; x_wconf 71' lang='lat' dir='ltr'><strong>per</strong></span> <span class='ocrx_word' id='word_1_652' title='bbox 3166 2546 3327 2601; x_wconf 91' lang='lat' dir='ltr'><strong>quam</strong></span> <span class='ocrx_word' id='word_1_653' title='bbox 3353 2533 3510 2589; x_wconf 89' lang='lat' dir='ltr'><strong>multi</strong></span> 
     </span>
    </p>
   </div>
   <div class='ocr_carea' id='block_1_104' title="bbox 1934 2596 3510 2681">
    <p class='ocr_par' dir='ltr' id='par_1_104' title="bbox 1934 2596 3510 2681">
     <span class='ocr_line' id='line_1_112' title="bbox 1934 2596 3510 2681; baseline 0.007 -33"><span class='ocrx_word' id='word_1_654' title='bbox 1934 2596 2215 2681; x_wconf 62' lang='lat' dir='ltr'><strong>ambulant</strong></span> <span class='ocrx_word' id='word_1_655' title='bbox 2254 2598 2306 2651; x_wconf 92' lang='lat' dir='ltr'><strong>in</strong></span> <span class='ocrx_word' id='word_1_656' title='bbox 2352 2596 2593 2681; x_wconf 73' lang='lat' dir='ltr'><strong>exitium,</strong></span> <span class='ocrx_word' id='word_1_657' title='bbox 2639 2598 2908 2681; x_wconf 76' lang='lat' dir='ltr'><strong>abducere</strong></span> <span class='ocrx_word' id='word_1_658' title='bbox 2945 2607 3000 2653; x_wconf 91' lang='lat' dir='ltr'><strong>et</strong></span> <span class='ocrx_word' id='word_1_659' title='bbox 3031 2596 3289 2681; x_wconf 73' lang='lat' dir='ltr'><strong>revocare</strong></span> <span class='ocrx_word' id='word_1_660' title='bbox 3317 2604 3383 2658; x_wconf 89' lang='lat' dir='ltr'><strong>ad</strong></span> <span class='ocrx_word' id='word_1_661' title='bbox 3409 2619 3510 2675; x_wconf 67' lang='grc' dir='ltr'>ριισι</span> 
     </span>
    </p>
   </div>
   <div class='ocr_carea' id='block_1_105' title="bbox 1933 2666 3513 2805">
    <p class='ocr_par' dir='ltr' id='par_1_105' title="bbox 1933 2666 3513 2805">
     <span class='ocr_line' id='line_1_113' title="bbox 1933 2666 3513 2791; baseline 0.008 -74"><span class='ocrx_word' id='word_1_662' title='bbox 1933 2666 2035 2789; x_wconf 58' lang='lat' dir='ltr'><strong>silli</strong></span> <span class='ocrx_word' id='word_1_663' title='bbox 2062 2668 2249 2791; x_wconf 45' lang='lat' dir='ltr'><strong>.gretg‘is</strong></span> <span class='ocrx_word' id='word_1_664' title='bbox 2285 2670 2637 2735; x_wconf 85' lang='lat' dir='ltr'><strong>consortium,</strong></span> <span class='ocrx_word' id='word_1_665' title='bbox 2666 2670 2752 2723; x_wconf 91' lang='lat' dir='ltr'><strong>cui</strong></span> <span class='ocrx_word' id='word_1_666' title='bbox 2783 2669 2960 2739; x_wconf 85' lang='lat' dir='ltr'><strong>placet</strong></span> <span class='ocrx_word' id='word_1_667' title='bbox 2998 2676 3219 2739; x_wconf 84' lang='lat' dir='ltr'><strong>veritas,</strong></span> <span class='ocrx_word' id='word_1_668' title='bbox 3252 2666 3513 2730; x_wconf 65' lang='lat' dir='ltr'><strong>innocen-</strong></span> 
     </span>
     <span class='ocr_line' id='line_1_114' title="bbox 1959 2751 2286 2805; baseline 0.009 -16"><span class='ocrx_word' id='word_1_669' title='bbox 1959 2751 2027 2795; x_wconf 85' lang='lat' dir='ltr'><strong>ta,</strong></span> <span class='ocrx_word' id='word_1_670' title='bbox 2052 2752 2146 2805; x_wconf 80' lang='lat' dir='ltr'><strong>jus</strong></span> <span class='ocrx_word' id='word_1_671' title='bbox 2174 2755 2185 2790; x_wconf 91' lang='grc' dir='ltr'><strong>ι</strong></span> <span class='ocrx_word' id='word_1_672' title='bbox 2219 2756 2286 2792; x_wconf 83' lang='lat' dir='ltr'><strong>Ia.</strong></span> 
     </span>
    </p>
   </div>
   <div class='ocr_carea' id='block_1_106' title="bbox 2003 2777 3513 2877">
    <p class='ocr_par' dir='ltr' id='par_1_106' title="bbox 2003 2777 3513 2877">
     <span class='ocr_line' id='line_1_115' title="bbox 2003 2777 3513 2877; baseline 0.007 -17"><span class='ocrx_word' id='word_1_673' title='bbox 2003 2777 2073 2860; x_wconf 42' lang='grc' dir='ltr'><strong>ὅθ</strong></span> <span class='ocrx_word' id='word_1_674' title='bbox 2102 2811 2241 2862; x_wconf 80' lang='lat' dir='ltr'><strong>Laus</strong></span> <span class='ocrx_word' id='word_1_675' title='bbox 2269 2809 2435 2864; x_wconf 89' lang='lat' dir='ltr'><strong>solius</strong></span> <span class='ocrx_word' id='word_1_676' title='bbox 2465 2811 2579 2873; x_wconf 89' lang='lat' dir='ltr'><strong>Dei,</strong></span> <span class='ocrx_word' id='word_1_677' title='bbox 2604 2811 2783 2866; x_wconf 87' lang='lat' dir='ltr'><strong>omnia</strong></span> <span class='ocrx_word' id='word_1_678' title='bbox 2818 2813 2957 2868; x_wconf 82' lang='lat' dir='ltr'><strong>bene</strong></span> <span class='ocrx_word' id='word_1_679' title='bbox 2985 2812 3133 2877; x_wconf 80' lang='lat' dir='ltr'><strong>fecit,</strong></span> <span class='ocrx_word' id='word_1_680' title='bbox 3173 2826 3335 2870; x_wconf 88' lang='lat' dir='ltr'><strong>nemo</strong></span> <span class='ocrx_word' id='word_1_681' title='bbox 3367 2831 3513 2872; x_wconf 89' lang='lat' dir='ltr'><strong>mor-</strong></span> 
     </span>
    </p>
   </div>
   <div class='ocr_carea' id='block_1_107' title="bbox 1934 2875 3256 2947">
    <p class='ocr_par' dir='ltr' id='par_1_107' title="bbox 1934 2875 3256 2947">
     <span class='ocr_line' id='line_1_116' title="bbox 1934 2875 3256 2947; baseline 0.007 -17"><span class='ocrx_word' id='word_1_682' title='bbox 1934 2875 2121 2931; x_wconf 84' lang='lat' dir='ltr'><strong>talium</strong></span> <span class='ocrx_word' id='word_1_683' title='bbox 2147 2881 2326 2934; x_wconf 85' lang='lat' dir='ltr'><strong>omnia</strong></span> <span class='ocrx_word' id='word_1_684' title='bbox 2357 2881 2493 2936; x_wconf 84' lang='lat' dir='ltr'><strong>bene</strong></span> <span class='ocrx_word' id='word_1_685' title='bbox 2520 2881 2673 2947; x_wconf 81' lang='lat' dir='ltr'><strong>facit,</strong></span> <span class='ocrx_word' id='word_1_686' title='bbox 2703 2882 2953 2939; x_wconf 88' lang='lat' dir='ltr'><strong>Christus</strong></span> <span class='ocrx_word' id='word_1_687' title='bbox 2981 2875 3128 2939; x_wconf 83' lang='lat' dir='ltr'><strong>Deus</strong></span> <span class='ocrx_word' id='word_1_688' title='bbox 3153 2892 3256 2939; x_wconf 89' lang='lat' dir='ltr'><strong>est.</strong></span> 
     </span>
    </p>
   </div>
   <div class='ocr_carea' id='block_1_108' title="bbox 2105 2984 3354 3053">
    <p class='ocr_par' dir='ltr' id='par_1_108' title="bbox 2105 2984 3354 3053">
     <span class='ocr_line' id='line_1_117' title="bbox 2105 2984 3354 3053; baseline 0.006 -9"><span class='ocrx_word' id='word_1_689' title='bbox 2105 2984 2431 3047; x_wconf 77' lang='lat' dir='ltr'><strong>DOMINICA</strong></span> <span class='ocrx_word' id='word_1_690' title='bbox 2467 2992 2585 3049; x_wconf 84' lang='lat' dir='ltr'><strong>XIV</strong></span> <span class='ocrx_word' id='word_1_691' title='bbox 2624 2991 2800 3050; x_wconf 81' lang='lat' dir='ltr'><strong>POST</strong></span> <span class='ocrx_word' id='word_1_692' title='bbox 2836 2992 3354 3053; x_wconf 82' lang='lat' dir='ltr'><strong>PENTECOSTEN.</strong></span> 
     </span>
    </p>
   </div>
   <div class='ocr_carea' id='block_1_109' title="bbox 1934 3079 3512 3169">
    <p class='ocr_par' dir='ltr' id='par_1_109' title="bbox 1934 3079 3512 3169">
     <span class='ocr_line' id='line_1_118' title="bbox 1934 3079 3512 3169; baseline 0.008 -35"><span class='ocrx_word' id='word_1_693' title='bbox 1934 3079 2199 3139; x_wconf 74' lang='lat' dir='ltr'><strong>EPISTOLA</strong></span> <span class='ocrx_word' id='word_1_694' title='bbox 2252 3083 2419 3141; x_wconf 76' lang='lat' dir='ltr'><strong>PAULI</strong></span> <span class='ocrx_word' id='word_1_695' title='bbox 2463 3101 2530 3140; x_wconf 67' lang='lat' dir='ltr'><strong>an</strong></span> <span class='ocrx_word' id='word_1_696' title='bbox 2558 3083 2721 3169; x_wconf 54' lang='lat' dir='ltr'><strong>CM“,</strong></span> <span class='ocrx_word' id='word_1_697' title='bbox 2764 3101 2890 3169; x_wconf 28' lang='lat' dir='ltr'><strong>“car.</strong></span> <span class='ocrx_word' id='word_1_698' title='bbox 2942 3102 3003 3141; x_wconf 86' lang='grc' dir='ltr'><strong>ιιι</strong></span> <span class='ocrx_word' id='word_1_699' title='bbox 3033 3102 3049 3141; x_wconf 88' lang='lat'><strong>:</strong></span> <span class='ocrx_word' id='word_1_700' title='bbox 3081 3086 3307 3143; x_wconf 67' lang='lat' dir='ltr'><strong>Abram:</strong></span> <span class='ocrx_word' id='word_1_701' title='bbox 3356 3087 3512 3145; x_wconf 71' lang='lat' dir='ltr'><strong>dicta</strong></span> 
     </span>
    </p>
   </div>
   <div class='ocr_carea' id='block_1_110' title="bbox 2446 3165 2993 3227">
    <p class='ocr_par' dir='ltr' id='par_1_110' title="bbox 2446 3165 2993 3227">
     <span class='ocr_line' id='line_1_119' title="bbox 2446 3165 2993 3227; baseline 0.002 -16"><span class='ocrx_word' id='word_1_702' title='bbox 2446 3165 2568 3211; x_wconf 82' lang='lat' dir='ltr'><strong>sunt</strong></span> <span class='ocrx_word' id='word_1_703' title='bbox 2605 3165 2993 3227; x_wconf 83' lang='lat' dir='ltr'><strong>promissiones.</strong></span> 
     </span>
    </p>
   </div>
   <div class='ocr_carea' id='block_1_111' title="bbox 2012 3244 3510 3320">
    <p class='ocr_par' dir='ltr' id='par_1_111' title="bbox 2012 3244 3510 3320">
     <span class='ocr_line' id='line_1_120' title="bbox 2012 3244 3510 3320; baseline 0.002 -18"><span class='ocrx_word' id='word_1_704' title='bbox 2012 3246 2064 3302; x_wconf 87' lang='grc'><strong>1.</strong></span> <span class='ocrx_word' id='word_1_705' title='bbox 2106 3244 2575 3320; x_wconf 80' lang='lat' dir='ltr'><strong>Repromissiones</strong></span> <span class='ocrx_word' id='word_1_706' title='bbox 2624 3246 2693 3300; x_wconf 90' lang='lat' dir='ltr'><strong>ad</strong></span> <span class='ocrx_word' id='word_1_707' title='bbox 2739 3245 3015 3301; x_wconf 82' lang='lat' dir='ltr'><strong>Abraham</strong></span> <span class='ocrx_word' id='word_1_708' title='bbox 3073 3248 3510 3320; x_wconf 11' lang='lat' dir='ltr'><strong>antegquadrin-</strong></span> 
     </span>
    </p>
   </div>
   <div class='ocr_carea' id='block_1_112' title="bbox 1937 3316 3515 3399">
    <p class='ocr_par' dir='ltr' id='par_1_112' title="bbox 1937 3316 3515 3399">
     <span class='ocr_line' id='line_1_121' title="bbox 1937 3316 3515 3399; baseline 0.005 -31"><span class='ocrx_word' id='word_1_709' title='bbox 1937 3324 2132 3392; x_wconf 75' lang='lat' dir='ltr'><strong>gentos</strong></span> <span class='ocrx_word' id='word_1_710' title='bbox 2175 3316 2610 3399; x_wconf 52' lang='lat' dir='ltr'><strong>trigintanannos</strong></span> <span class='ocrx_word' id='word_1_711' title='bbox 2656 3320 2793 3399; x_wconf 72' lang='lat' dir='ltr'><strong>datm</strong></span> <span class='ocrx_word' id='word_1_712' title='bbox 2841 3322 2987 3382; x_wconf 91' lang='lat' dir='ltr'><strong>sunt,</strong></span> <span class='ocrx_word' id='word_1_713' title='bbox 3033 3318 3182 3399; x_wconf 70' lang='lat' dir='ltr'><strong>quod</strong></span> <span class='ocrx_word' id='word_1_714' title='bbox 3214 3316 3281 3399; x_wconf 49' lang='lat' dir='ltr'><strong>ip‘</strong></span> <span class='ocrx_word' id='word_1_715' title='bbox 3310 3321 3515 3399; x_wconf 75' lang='lat' dir='ltr'><strong>semine</strong></span> 
     </span>
    </p>
   </div>
   <div class='ocr_carea' id='block_1_113' title="bbox 1939 3385 3515 3456">
    <p class='ocr_par' dir='ltr' id='par_1_113' title="bbox 1939 3385 3515 3456">
     <span class='ocr_line' id='line_1_122' title="bbox 1939 3385 3515 3456; baseline 0.004 -17"><span class='ocrx_word' id='word_1_716' title='bbox 1939 3385 2064 3450; x_wconf 70' lang='grc' dir='ltr'>ἓιιο,</span> <span class='ocrx_word' id='word_1_717' title='bbox 2104 3385 2360 3456; x_wconf 71' lang='grc' dir='ltr'><strong>ᾳυοά’ρει</strong></span> <span class='ocrx_word' id='word_1_718' title='bbox 2390 3385 2641 3441; x_wconf 81' lang='lat' dir='ltr'><strong>Christus</strong></span> <span class='ocrx_word' id='word_1_719' title='bbox 2666 3389 2929 3441; x_wconf 65' lang='lat' dir='ltr'><strong>universae</strong></span> <span class='ocrx_word' id='word_1_720' title='bbox 2958 3385 3203 3442; x_wconf 84' lang='lat' dir='ltr'><strong>nationes</strong></span> <span class='ocrx_word' id='word_1_721' title='bbox 3231 3388 3515 3445; x_wconf 72' lang='lat' dir='ltr'><strong>benedice~</strong></span> 
     </span>
    </p>
   </div>
   <div class='ocr_carea' id='block_1_114' title="bbox 1938 3455 3514 3522">
    <p class='ocr_par' dir='ltr' id='par_1_114' title="bbox 1938 3455 3514 3522">
     <span class='ocr_line' id='line_1_123' title="bbox 1938 3455 3514 3522; baseline -0.001 -4"><span class='ocrx_word' id='word_1_722' title='bbox 1938 3455 2149 3518; x_wconf 81' lang='lat' dir='ltr'><strong>rentur.</strong></span> <span class='ocrx_word' id='word_1_723' title='bbox 2179 3456 2247 3511; x_wconf 82' lang='lat' dir='ltr'><strong>Et</strong></span> <span class='ocrx_word' id='word_1_724' title='bbox 2273 3455 2430 3512; x_wconf 76' lang='lat' dir='ltr'><strong>Iesus</strong></span> <span class='ocrx_word' id='word_1_725' title='bbox 2446 3457 2715 3522; x_wconf 86' lang='lat' dir='ltr'><strong>Christus,</strong></span> <span class='ocrx_word' id='word_1_726' title='bbox 2740 3457 2992 3512; x_wconf 90' lang='lat' dir='ltr'><strong>minister</strong></span> <span class='ocrx_word' id='word_1_727' title='bbox 3019 3456 3119 3512; x_wconf 82' lang='lat' dir='ltr'><strong>fuit</strong></span> <span class='ocrx_word' id='word_1_728' title='bbox 3146 3459 3514 3517; x_wconf 90' lang='lat' dir='ltr'><strong>circumcisio-</strong></span> 
     </span>
    </p>
   </div>
   <div class='ocr_carea' id='block_1_115' title="bbox 1937 3527 3516 3599">
    <p class='ocr_par' dir='ltr' id='par_1_115' title="bbox 1937 3527 3516 3599">
     <span class='ocr_line' id='line_1_124' title="bbox 1937 3527 3516 3599; baseline 0.002 -12"><span class='ocrx_word' id='word_1_729' title='bbox 1937 3533 2023 3587; x_wconf 81' lang='lat' dir='ltr'><strong>nis</strong></span> <span class='ocrx_word' id='word_1_730' title='bbox 2067 3543 2167 3597; x_wconf 89' lang='lat' dir='ltr'><strong>pro</strong></span> <span class='ocrx_word' id='word_1_731' title='bbox 2213 3529 2443 3583; x_wconf 83' lang='lat' dir='ltr'><strong>veritate</strong></span> <span class='ocrx_word' id='word_1_732' title='bbox 2486 3527 2580 3582; x_wconf 89' lang='lat' dir='ltr'><strong>Dei</strong></span> <span class='ocrx_word' id='word_1_733' title='bbox 2610 3529 2675 3582; x_wconf 90' lang='lat' dir='ltr'><strong>ad</strong></span> <span class='ocrx_word' id='word_1_734' title='bbox 2704 3527 3102 3583; x_wconf 88' lang='lat' dir='ltr'><strong>conﬁrmandas</strong></span> <span class='ocrx_word' id='word_1_735' title='bbox 3129 3531 3516 3599; x_wconf 85' lang='lat' dir='ltr'><strong>promissiones</strong></span> 
     </span>
    </p>
   </div>
   <div class='ocr_carea' id='block_1_116' title="bbox 1973 3611 2173 3656">
    <p class='ocr_par' dir='ltr' id='par_1_116' title="bbox 1973 3611 2173 3656">
     <span class='ocr_line' id='line_1_125' title="bbox 1973 3611 2173 3656; baseline -0.03 0"><span class='ocrx_word' id='word_1_736' title='bbox 1973 3611 2173 3656; x_wconf 88' lang='lat' dir='ltr'><strong>atrum.</strong></span> 
     </span>
    </p>
   </div>
   <div class='ocr_carea' id='block_1_117' title="bbox 1935 3620 3518 3740">
    <p class='ocr_par' dir='ltr' id='par_1_117' title="bbox 1935 3620 3518 3740">
     <span class='ocr_line' id='line_1_126' title="bbox 1935 3620 3518 3740; baseline 0.004 -16"><span class='ocrx_word' id='word_1_737' title='bbox 1935 3620 2215 3725; x_wconf 45' lang='lat' dir='ltr'><strong>pagu&#39;lilex</strong></span> <span class='ocrx_word' id='word_1_738' title='bbox 2259 3675 2483 3739; x_wconf 87' lang='lat' dir='ltr'><strong>propter</strong></span> <span class='ocrx_word' id='word_1_739' title='bbox 2515 3669 2980 3740; x_wconf 81' lang='lat' dir='ltr'><strong>transgressiones</strong></span> <span class='ocrx_word' id='word_1_740' title='bbox 3002 3669 3175 3739; x_wconf 89' lang='lat' dir='ltr'><strong>posita</strong></span> <span class='ocrx_word' id='word_1_741' title='bbox 3202 3680 3309 3737; x_wconf 90' lang='lat' dir='ltr'><strong>est,</strong></span> <span class='ocrx_word' id='word_1_742' title='bbox 3336 3680 3401 3729; x_wconf 83' lang='lat' dir='ltr'><strong>ut</strong></span> <span class='ocrx_word' id='word_1_743' title='bbox 3423 3687 3518 3730; x_wconf 77' lang='lat' dir='ltr'><strong>ao-</strong></span> 
     </span>
    </p>
   </div>
   <div class='ocr_carea' id='block_1_118' title="bbox 1937 3740 3516 3813">
    <p class='ocr_par' dir='ltr' id='par_1_118' title="bbox 1937 3740 3516 3813">
     <span class='ocr_line' id='line_1_127' title="bbox 1937 3740 3516 3813; baseline 0.008 -23"><span class='ocrx_word' id='word_1_744' title='bbox 1937 3741 2365 3813; x_wconf 8' lang='lat' dir='ltr'><strong>ciperetghomo</strong></span> <span class='ocrx_word' id='word_1_745' title='bbox 2408 3748 2700 3813; x_wconf 65' lang='lat' dir='ltr'><strong>praecepta,</strong></span> <span class='ocrx_word' id='word_1_746' title='bbox 2760 3740 2991 3813; x_wconf 80' lang='lat' dir='ltr'><strong>superbe</strong></span> <span class='ocrx_word' id='word_1_747' title='bbox 3038 3741 3103 3795; x_wconf 90' lang='lat' dir='ltr'><strong>de</strong></span> <span class='ocrx_word' id='word_1_748' title='bbox 3152 3742 3357 3813; x_wconf 80' lang='lat' dir='ltr'><strong>viribus</strong></span> <span class='ocrx_word' id='word_1_749' title='bbox 3403 3746 3516 3801; x_wconf 88' lang='lat' dir='ltr'><strong>suis</strong></span> 
     </span>
    </p>
   </div>
   <div class='ocr_carea' id='block_1_119' title="bbox 1938 3810 3512 3884">
    <p class='ocr_par' dir='ltr' id='par_1_119' title="bbox 1938 3810 3512 3884">
     <span class='ocr_line' id='line_1_128' title="bbox 1938 3810 3512 3884; baseline 0.001 -15"><span class='ocrx_word' id='word_1_750' title='bbox 1938 3810 2131 3875; x_wconf 81' lang='lat' dir='ltr'><strong>ﬁdens,</strong></span> <span class='ocrx_word' id='word_1_751' title='bbox 2169 3810 2455 3884; x_wconf 59' lang='lat' dir='ltr'><strong>inquibus</strong></span> <span class='ocrx_word' id='word_1_752' title='bbox 2494 3810 2770 3884; x_wconf 79' lang='lat' dir='ltr'><strong>deﬁciens,</strong></span> <span class='ocrx_word' id='word_1_753' title='bbox 2807 3821 2864 3867; x_wconf 89' lang='lat' dir='ltr'><strong>et</strong></span> <span class='ocrx_word' id='word_1_754' title='bbox 2892 3810 3068 3866; x_wconf 79' lang='lat' dir='ltr'><strong>factus</strong></span> <span class='ocrx_word' id='word_1_755' title='bbox 3097 3812 3264 3884; x_wconf 85' lang='lat' dir='ltr'><strong>etiam</strong></span> <span class='ocrx_word' id='word_1_756' title='bbox 3306 3830 3512 3884; x_wconf 64' lang='lat' dir='ltr'><strong>praeva-</strong></span> 
     </span>
    </p>
   </div>
   <div class='ocr_carea' id='block_1_120' title="bbox 1939 3880 3353 3953">
    <p class='ocr_par' dir='ltr' id='par_1_120' title="bbox 1939 3880 3353 3953">
     <span class='ocr_line' id='line_1_129' title="bbox 1939 3880 3353 3953; baseline 0.001 -13"><span class='ocrx_word' id='word_1_757' title='bbox 1939 3885 2166 3953; x_wconf 86' lang='lat' dir='ltr'><strong>ricator,</strong></span> <span class='ocrx_word' id='word_1_758' title='bbox 2198 3880 2546 3936; x_wconf 82' lang='lat' dir='ltr'><strong>liberatorem</strong></span> <span class='ocrx_word' id='word_1_759' title='bbox 2572 3880 3001 3953; x_wconf 88' lang='lat' dir='ltr'><strong>salvatoremque</strong></span> <span class='ocrx_word' id='word_1_760' title='bbox 3032 3880 3353 3953; x_wconf 74' lang='lat' dir='ltr'><strong>requireret.</strong></span> 
     </span>
    </p>
   </div>
   <div class='ocr_carea' id='block_1_121' title="bbox 2009 3952 3520 4033">
    <p class='ocr_par' dir='ltr' id='par_1_121' title="bbox 2009 3952 3520 4033">
     <span class='ocr_line' id='line_1_130' title="bbox 2009 3952 3520 4033; baseline 0.006 -27"><span class='ocrx_word' id='word_1_761' title='bbox 2009 3955 2065 4033; x_wconf 65' lang='grc' dir='ltr'><strong>ὅ.</strong></span> <span class='ocrx_word' id='word_1_762' title='bbox 2096 3952 2208 4033; x_wconf 53' lang='lat' dir='ltr'><strong>Le;</strong></span> <span class='ocrx_word' id='word_1_763' title='bbox 2241 3954 2365 4033; x_wconf 76' lang='lat' dir='ltr'><strong>data</strong></span> <span class='ocrx_word' id='word_1_764' title='bbox 2394 3961 2478 4033; x_wconf 84' lang='lat' dir='ltr'><strong>est</strong></span> <span class='ocrx_word' id='word_1_765' title='bbox 2505 3961 2566 4007; x_wconf 91' lang='lat' dir='ltr'><strong>ut</strong></span> <span class='ocrx_word' id='word_1_766' title='bbox 2594 3952 2767 4033; x_wconf 77' lang='lat' dir='ltr'><strong>gratia</strong></span> <span class='ocrx_word' id='word_1_767' title='bbox 2795 3952 3149 4033; x_wconf 58' lang='lat' dir='ltr'><strong>quaereretur.</strong></span> <span class='ocrx_word' id='word_1_768' title='bbox 3188 3952 3371 4033; x_wconf 55' lang='lat' dir='ltr'><strong>Gratia</strong></span> <span class='ocrx_word' id='word_1_769' title='bbox 3394 3956 3520 4016; x_wconf 84' lang='lat' dir='ltr'><strong>data</strong></span> 
     </span>
    </p>
   </div>
   <div class='ocr_carea' id='block_1_122' title="bbox 1938 4022 3519 4092">
    <p class='ocr_par' dir='ltr' id='par_1_122' title="bbox 1938 4022 3519 4092">
     <span class='ocr_line' id='line_1_131' title="bbox 1938 4022 3519 4092; baseline 0.005 -15"><span class='ocrx_word' id='word_1_770' title='bbox 1938 4035 2000 4080; x_wconf 90' lang='lat' dir='ltr'><strong>ut</strong></span> <span class='ocrx_word' id='word_1_771' title='bbox 2052 4023 2140 4078; x_wconf 74' lang='lat' dir='ltr'><strong>lex</strong></span> <span class='ocrx_word' id='word_1_772' title='bbox 2184 4022 2518 4092; x_wconf 85' lang='lat' dir='ltr'><strong>impleretur,</strong></span> <span class='ocrx_word' id='word_1_773' title='bbox 2569 4022 2674 4077; x_wconf 86' lang='lat' dir='ltr'><strong>nisi</strong></span> <span class='ocrx_word' id='word_1_774' title='bbox 2720 4022 2805 4077; x_wconf 79' lang='lat' dir='ltr'><strong>lex</strong></span> <span class='ocrx_word' id='word_1_775' title='bbox 2851 4031 3012 4085; x_wconf 84' lang='lat' dir='ltr'><strong>esset,</strong></span> <span class='ocrx_word' id='word_1_776' title='bbox 3050 4025 3379 4082; x_wconf 62' lang='lat' dir='ltr'><strong>conscientia</strong></span> <span class='ocrx_word' id='word_1_777' title='bbox 3409 4044 3519 4086; x_wconf 86' lang='lat' dir='ltr'><strong>non</strong></span> 
     </span>
    </p>
   </div>
   <div class='ocr_carea' id='block_1_123' title="bbox 1939 4095 3515 4165">
    <p class='ocr_par' dir='ltr' id='par_1_123' title="bbox 1939 4095 3515 4165">
     <span class='ocr_line' id='line_1_132' title="bbox 1939 4095 3515 4165; baseline 0 -14"><span class='ocrx_word' id='word_1_778' title='bbox 1939 4104 2107 4160; x_wconf 85' lang='lat' dir='ltr'><strong>esset,</strong></span> <span class='ocrx_word' id='word_1_779' title='bbox 2146 4101 2428 4165; x_wconf 85' lang='lat' dir='ltr'><strong>peccatum</strong></span> <span class='ocrx_word' id='word_1_780' title='bbox 2479 4108 2582 4147; x_wconf 87' lang='lat' dir='ltr'><strong>non</strong></span> <span class='ocrx_word' id='word_1_781' title='bbox 2612 4102 3073 4165; x_wconf 74' lang='lat' dir='ltr'><strong>cognosceretur,</strong></span> <span class='ocrx_word' id='word_1_782' title='bbox 3121 4110 3227 4148; x_wconf 91' lang='lat' dir='ltr'><strong>non</strong></span> <span class='ocrx_word' id='word_1_783' title='bbox 3262 4095 3515 4152; x_wconf 83' lang='lat' dir='ltr'><strong>humilia-</strong></span> 
     </span>
    </p>
   </div>
   <div class='ocr_carea' id='block_1_124' title="bbox 1941 4163 3519 4232">
    <p class='ocr_par' dir='ltr' id='par_1_124' title="bbox 1941 4163 3519 4232">
     <span class='ocr_line' id='line_1_133' title="bbox 1941 4163 3519 4232; baseline 0.003 -13"><span class='ocrx_word' id='word_1_784' title='bbox 1941 4163 2156 4228; x_wconf 71' lang='lat' dir='ltr'><strong>remur,</strong></span> <span class='ocrx_word' id='word_1_785' title='bbox 2177 4173 2336 4232; x_wconf 87' lang='lat' dir='ltr'><strong>atque</strong></span> <span class='ocrx_word' id='word_1_786' title='bbox 2375 4163 2452 4215; x_wconf 89' lang='lat' dir='ltr'><strong>ita</strong></span> <span class='ocrx_word' id='word_1_787' title='bbox 2482 4163 2721 4232; x_wconf 76' lang='lat' dir='ltr'><strong>gratiam</strong></span> <span class='ocrx_word' id='word_1_788' title='bbox 2742 4179 2846 4217; x_wconf 90' lang='lat' dir='ltr'><strong>non</strong></span> <span class='ocrx_word' id='word_1_789' title='bbox 2878 4163 3327 4220; x_wconf 85' lang='lat' dir='ltr'><strong>desideraremus.</strong></span> <span class='ocrx_word' id='word_1_790' title='bbox 3378 4166 3519 4223; x_wconf 82' lang='lat' dir='ltr'><strong>Con-</strong></span> 
     </span>
    </p>
   </div>
   <div class='ocr_carea' id='block_1_125' title="bbox 1940 4233 3515 4303">
    <p class='ocr_par' dir='ltr' id='par_1_125' title="bbox 1940 4233 3515 4303">
     <span class='ocr_line' id='line_1_134' title="bbox 1940 4233 3515 4303; baseline 0.001 -12"><span class='ocrx_word' id='word_1_791' title='bbox 1940 4236 2101 4303; x_wconf 79' lang='lat' dir='ltr'><strong>clusit</strong></span> <span class='ocrx_word' id='word_1_792' title='bbox 2128 4235 2399 4303; x_wconf 70' lang='lat' dir='ltr'><strong>ergohzec</strong></span> <span class='ocrx_word' id='word_1_793' title='bbox 2425 4233 2607 4287; x_wconf 89' lang='lat' dir='ltr'><strong>omnia</strong></span> <span class='ocrx_word' id='word_1_794' title='bbox 2644 4233 2742 4287; x_wconf 89' lang='lat' dir='ltr'><strong>sub</strong></span> <span class='ocrx_word' id='word_1_795' title='bbox 2771 4241 3017 4302; x_wconf 88' lang='lat' dir='ltr'><strong>peccato,</strong></span> <span class='ocrx_word' id='word_1_796' title='bbox 3049 4240 3110 4287; x_wconf 91' lang='lat' dir='ltr'><strong>ut</strong></span> <span class='ocrx_word' id='word_1_797' title='bbox 3126 4235 3419 4303; x_wconf 86' lang='lat' dir='ltr'><strong>promissio</strong></span> <span class='ocrx_word' id='word_1_798' title='bbox 3448 4252 3515 4293; x_wconf 81' lang='lat' dir='ltr'><strong>ex</strong></span> 
     </span>
    </p>
   </div>
   <div class='ocr_carea' id='block_1_126' title="bbox 1940 4300 3007 4361">
    <p class='ocr_par' dir='ltr' id='par_1_126' title="bbox 1940 4300 3007 4361">
     <span class='ocr_line' id='line_1_135' title="bbox 1940 4300 3007 4361; baseline -0.005 0"><span class='ocrx_word' id='word_1_799' title='bbox 1940 4304 2048 4361; x_wconf 87' lang='lat' dir='ltr'><strong>ﬁde</strong></span> <span class='ocrx_word' id='word_1_800' title='bbox 2075 4301 2203 4360; x_wconf 74' lang='lat' dir='ltr'><strong>Iesu</strong></span> <span class='ocrx_word' id='word_1_801' title='bbox 2225 4300 2423 4357; x_wconf 80' lang='lat' dir='ltr'><strong>Christi</strong></span> <span class='ocrx_word' id='word_1_802' title='bbox 2464 4302 2619 4358; x_wconf 86' lang='lat' dir='ltr'><strong>detur</strong></span> <span class='ocrx_word' id='word_1_803' title='bbox 2649 4300 3007 4359; x_wconf 75' lang='lat' dir='ltr'><strong>credentibus.</strong></span> 
     </span>
    </p>
   </div>
   <div class='ocr_carea' id='block_1_127' title="bbox 2011 4398 3513 4472">
    <p class='ocr_par' dir='ltr' id='par_1_127' title="bbox 2011 4398 3513 4472">
     <span class='ocr_line' id='line_1_136' title="bbox 2011 4398 3513 4472; baseline 0.002 -13"><span class='ocrx_word' id='word_1_804' title='bbox 2011 4404 2362 4459; x_wconf 73' lang='lat' dir='ltr'><strong>EVANGELIUII</strong></span> <span class='ocrx_word' id='word_1_805' title='bbox 2395 4402 2575 4465; x_wconf 56' lang='lat' dir='ltr'><strong>Lucil,</strong></span> <span class='ocrx_word' id='word_1_806' title='bbox 2606 4416 2724 4456; x_wconf 64' lang='lat' dir='ltr'><strong>car.</strong></span> <span class='ocrx_word' id='word_1_807' title='bbox 2758 4416 2790 4454; x_wconf 76' lang='grc' dir='ltr'><strong>Χ</strong></span> <span class='ocrx_word' id='word_1_808' title='bbox 2813 4398 2998 4454; x_wconf 88' lang='lat' dir='ltr'><strong>:Beati</strong></span> <span class='ocrx_word' id='word_1_809' title='bbox 3026 4398 3167 4455; x_wconf 74' lang='lat' dir='ltr'><strong>oculi</strong></span> <span class='ocrx_word' id='word_1_810' title='bbox 3193 4403 3282 4472; x_wconf 74' lang='lat' dir='ltr'><strong>qui</strong></span> <span class='ocrx_word' id='word_1_811' title='bbox 3317 4404 3513 4462; x_wconf 65' lang='lat' dir='ltr'><strong>vident.</strong></span> 
     </span>
    </p>
   </div>
   <div class='ocr_carea' id='block_1_128' title="bbox 2011 4491 3520 4563">
    <p class='ocr_par' dir='ltr' id='par_1_128' title="bbox 2011 4491 3520 4563">
     <span class='ocr_line' id='line_1_137' title="bbox 2011 4491 3520 4563; baseline 0.003 -14"><span class='ocrx_word' id='word_1_812' title='bbox 2011 4495 2063 4550; x_wconf 91' lang='grc'><strong>1.</strong></span> <span class='ocrx_word' id='word_1_813' title='bbox 2105 4493 2388 4549; x_wconf 76' lang='lat' dir='ltr'><strong>Bcatitudo</strong></span> <span class='ocrx_word' id='word_1_814' title='bbox 2433 4491 2817 4563; x_wconf 87' lang='lat' dir='ltr'><strong>discipulorum</strong></span> <span class='ocrx_word' id='word_1_815' title='bbox 2861 4491 3093 4556; x_wconf 89' lang='lat' dir='ltr'><strong>Christi,</strong></span> <span class='ocrx_word' id='word_1_816' title='bbox 3134 4493 3330 4562; x_wconf 89' lang='lat' dir='ltr'><strong>quibus</strong></span> <span class='ocrx_word' id='word_1_817' title='bbox 3365 4512 3423 4551; x_wconf 89' lang='lat' dir='ltr'><strong>se</strong></span> <span class='ocrx_word' id='word_1_818' title='bbox 3464 4505 3520 4555; x_wconf 90' lang='lat' dir='ltr'><strong>et</strong></span> 
     </span>
    </p>
   </div>
   <div class='ocr_carea' id='block_1_129' title="bbox 1862 4555 3521 4639">
    <p class='ocr_par' dir='ltr' id='par_1_129' title="bbox 1862 4555 3521 4639">
     <span class='ocr_line' id='line_1_138' title="bbox 1862 4555 3521 4639; baseline 0.004 -22"><span class='ocrx_word' id='word_1_819' title='bbox 1862 4555 1917 4617; x_wconf 89' lang='lat' dir='ltr'><strong>D</strong></span> <span class='ocrx_word' id='word_1_820' title='bbox 1940 4576 2150 4639; x_wconf 87' lang='lat' dir='ltr'><strong>patrem</strong></span> <span class='ocrx_word' id='word_1_821' title='bbox 2181 4564 2444 4639; x_wconf 80' lang='lat' dir='ltr'><strong>liliusDei</strong></span> <span class='ocrx_word' id='word_1_822' title='bbox 2473 4555 2747 4639; x_wconf 76' lang='lat' dir='ltr'><strong>revelavit,</strong></span> <span class='ocrx_word' id='word_1_823' title='bbox 2774 4555 3128 4639; x_wconf 32' lang='lat' dir='ltr'><strong>ethmysteria</strong></span> <span class='ocrx_word' id='word_1_824' title='bbox 3150 4555 3316 4636; x_wconf 58' lang='lat' dir='ltr'><strong>&#39;regni</strong></span> <span class='ocrx_word' id='word_1_825' title='bbox 3354 4568 3521 4624; x_wconf 72' lang='lat' dir='ltr'><strong>cmlo~</strong></span> 
     </span>
    </p>
   </div>
   <div class='ocr_carea' id='block_1_130' title="bbox 1942 4634 3521 4711">
    <p class='ocr_par' dir='ltr' id='par_1_130' title="bbox 1942 4634 3521 4711">
     <span class='ocr_line' id='line_1_139' title="bbox 1942 4634 3521 4711; baseline 0 -19"><span class='ocrx_word' id='word_1_826' title='bbox 1942 4634 2084 4711; x_wconf 68' lang='lat' dir='ltr'><strong>ium,</strong></span> <span class='ocrx_word' id='word_1_827' title='bbox 2112 4636 2448 4705; x_wconf 85' lang='lat' dir='ltr'><strong>sapientibus</strong></span> <span class='ocrx_word' id='word_1_828' title='bbox 2497 4643 2551 4689; x_wconf 90' lang='lat' dir='ltr'><strong>et</strong></span> <span class='ocrx_word' id='word_1_829' title='bbox 2596 4634 2950 4706; x_wconf 86' lang='lat' dir='ltr'><strong>prudentibus</strong></span> <span class='ocrx_word' id='word_1_830' title='bbox 3008 4634 3347 4703; x_wconf 73' lang='lat' dir='ltr'><strong>abscondita,</strong></span> <span class='ocrx_word' id='word_1_831' title='bbox 3396 4655 3521 4711; x_wconf 86' lang='lat' dir='ltr'><strong>ape-</strong></span> 
     </span>
    </p>
   </div>
   <div class='ocr_carea' id='block_1_131' title="bbox 1941 4710 2071 4763">
    <p class='ocr_par' dir='ltr' id='par_1_131' title="bbox 1941 4710 2071 4763">
     <span class='ocr_line' id='line_1_140' title="bbox 1941 4710 2071 4763; baseline -0.015 0"><span class='ocrx_word' id='word_1_832' title='bbox 1941 4710 2071 4763; x_wconf 87' lang='lat' dir='ltr'><strong>ruit.</strong></span> 
     </span>
    </p>
   </div>
   <div class='ocr_carea' id='block_1_132' title="bbox 2011 4775 3521 4849">
    <p class='ocr_par' dir='ltr' id='par_1_132' title="bbox 2011 4775 3521 4849">
     <span class='ocr_line' id='line_1_141' title="bbox 2011 4775 3521 4849; baseline 0.003 -17"><span class='ocrx_word' id='word_1_833' title='bbox 2011 4780 2065 4833; x_wconf 74' lang='grc'><strong>2.</strong></span> <span class='ocrx_word' id='word_1_834' title='bbox 2110 4779 2225 4832; x_wconf 90' lang='lat' dir='ltr'><strong>Duo</strong></span> <span class='ocrx_word' id='word_1_835' title='bbox 2276 4787 2544 4849; x_wconf 69' lang='lat' dir='ltr'><strong>prazeepta</strong></span> <span class='ocrx_word' id='word_1_836' title='bbox 2588 4778 2654 4832; x_wconf 89' lang='lat' dir='ltr'><strong>de</strong></span> <span class='ocrx_word' id='word_1_837' title='bbox 2696 4775 2967 4849; x_wconf 83' lang='lat' dir='ltr'><strong>diligendo</strong></span> <span class='ocrx_word' id='word_1_838' title='bbox 3014 4776 3125 4834; x_wconf 88' lang='lat' dir='ltr'><strong>Deo</strong></span> <span class='ocrx_word' id='word_1_839' title='bbox 3172 4785 3229 4833; x_wconf 89' lang='lat' dir='ltr'><strong>et</strong></span> <span class='ocrx_word' id='word_1_840' title='bbox 3274 4780 3521 4849; x_wconf 81' lang='lat' dir='ltr'><strong>proximo</strong></span> 
     </span>
    </p>
   </div>
   <div class='ocr_carea' id='block_1_133' title="bbox 1941 4848 3522 4921">
    <p class='ocr_par' dir='ltr' id='par_1_133' title="bbox 1941 4848 3522 4921">
     <span class='ocr_line' id='line_1_142' title="bbox 1941 4848 3522 4921; baseline 0.002 -16"><span class='ocrx_word' id='word_1_841' title='bbox 1941 4848 2354 4921; x_wconf 77' lang='lat' dir='ltr'><strong>complectentis</strong></span> <span class='ocrx_word' id='word_1_842' title='bbox 2398 4849 2525 4921; x_wconf 84' lang='lat' dir='ltr'><strong>quid</strong></span> <span class='ocrx_word' id='word_1_843' title='bbox 2555 4850 2626 4921; x_wconf 85' lang='lat' dir='ltr'><strong>sit</strong></span> <span class='ocrx_word' id='word_1_844' title='bbox 2646 4848 2928 4917; x_wconf 86' lang='lat' dir='ltr'><strong>optimum,</strong></span> <span class='ocrx_word' id='word_1_845' title='bbox 2962 4850 3113 4920; x_wconf 86' lang='lat' dir='ltr'><strong>atqui</strong></span> <span class='ocrx_word' id='word_1_846' title='bbox 3147 4865 3253 4905; x_wconf 92' lang='lat' dir='ltr'><strong>non</strong></span> <span class='ocrx_word' id='word_1_847' title='bbox 3278 4848 3522 4921; x_wconf 77' lang='lat' dir='ltr'><strong>cognitio</strong></span> 
     </span>
    </p>
   </div>
   <div class='ocr_carea' id='block_1_134' title="bbox 1941 4920 2700 4976">
    <p class='ocr_par' dir='ltr' id='par_1_134' title="bbox 1941 4920 2700 4976">
     <span class='ocr_line' id='line_1_143' title="bbox 1941 4920 2700 4976; baseline -0.007 0"><span class='ocrx_word' id='word_1_848' title='bbox 1941 4922 2036 4976; x_wconf 88' lang='lat' dir='ltr'><strong>sed</strong></span> <span class='ocrx_word' id='word_1_849' title='bbox 2057 4920 2366 4975; x_wconf 78' lang='lat' dir='ltr'><strong>observatio</strong></span> <span class='ocrx_word' id='word_1_850' title='bbox 2401 4920 2565 4972; x_wconf 91' lang='lat' dir='ltr'><strong>vitam</strong></span> <span class='ocrx_word' id='word_1_851' title='bbox 2592 4920 2700 4972; x_wconf 90' lang='lat' dir='ltr'><strong>dat.</strong></span> 
     </span>
    </p>
   </div>
   <div class='ocr_carea' id='block_1_135' title="bbox 2014 4987 3522 5062">
    <p class='ocr_par' dir='ltr' id='par_1_135' title="bbox 2014 4987 3522 5062">
     <span class='ocr_line' id='line_1_144' title="bbox 2014 4987 3522 5062; baseline 0.002 -17"><span class='ocrx_word' id='word_1_852' title='bbox 2014 4992 2068 5045; x_wconf 79' lang='grc'><strong>5.</strong></span> <span class='ocrx_word' id='word_1_853' title='bbox 2109 4991 2250 5062; x_wconf 8' lang='lat' dir='ltr'><strong>Quis,</strong></span> <span class='ocrx_word' id='word_1_854' title='bbox 2291 4991 2361 5062; x_wconf 86' lang='lat' dir='ltr'><strong>sit</strong></span> <span class='ocrx_word' id='word_1_855' title='bbox 2408 4988 2719 5062; x_wconf 61' lang='lat' dir='ltr'><strong>prosimus?</strong></span> <span class='ocrx_word' id='word_1_856' title='bbox 2762 4987 2930 5046; x_wconf 53' lang='lat' dir='ltr'><strong>Judaei</strong></span> <span class='ocrx_word' id='word_1_857' title='bbox 2966 4990 3198 5062; x_wconf 85' lang='lat' dir='ltr'><strong>proximi</strong></span> <span class='ocrx_word' id='word_1_858' title='bbox 3229 5005 3425 5047; x_wconf 90' lang='lat' dir='ltr'><strong>nomen</strong></span> <span class='ocrx_word' id='word_1_859' title='bbox 3454 4992 3522 5049; x_wconf 87' lang='lat' dir='ltr'><strong>de</strong></span> 
     </span>
    </p>
   </div>
   <div class='ocr_carea' id='block_1_136' title="bbox 1941 5059 3521 5133">
    <p class='ocr_par' dir='ltr' id='par_1_136' title="bbox 1941 5059 3521 5133">
     <span class='ocr_line' id='line_1_145' title="bbox 1941 5059 3521 5133; baseline 0 -16"><span class='ocrx_word' id='word_1_860' title='bbox 1941 5077 2053 5117; x_wconf 78' lang='lat' dir='ltr'><strong>suae</strong></span> <span class='ocrx_word' id='word_1_861' title='bbox 2109 5061 2285 5129; x_wconf 82' lang='lat' dir='ltr'><strong>gentis</strong></span> <span class='ocrx_word' id='word_1_862' title='bbox 2338 5059 2646 5133; x_wconf 82' lang='lat' dir='ltr'><strong>hominibus</strong></span> <span class='ocrx_word' id='word_1_863' title='bbox 2694 5059 3221 5132; x_wconf 80' lang='lat' dir='ltr'><strong>interpretabantur,</strong></span> <span class='ocrx_word' id='word_1_864' title='bbox 3269 5069 3521 5133; x_wconf 83' lang='lat' dir='ltr'><strong>putantes</strong></span> 
     </span>
    </p>
   </div>
   <div class='ocr_carea' id='block_1_137' title="bbox 1941 5129 3522 5202">
    <p class='ocr_par' dir='ltr' id='par_1_137' title="bbox 1941 5129 3522 5202">
     <span class='ocr_line' id='line_1_146' title="bbox 1941 5129 3522 5202; baseline 0 -15"><span class='ocrx_word' id='word_1_865' title='bbox 1941 5133 2045 5188; x_wconf 89' lang='lat' dir='ltr'><strong>sibi</strong></span> <span class='ocrx_word' id='word_1_866' title='bbox 2094 5134 2176 5186; x_wconf 87' lang='lat' dir='ltr'><strong>l&#39;as</strong></span> <span class='ocrx_word' id='word_1_867' title='bbox 2220 5146 2340 5186; x_wconf 81' lang='lat' dir='ltr'><strong>esse</strong></span> <span class='ocrx_word' id='word_1_868' title='bbox 2392 5129 2573 5185; x_wconf 83' lang='lat' dir='ltr'><strong>odisse</strong></span> <span class='ocrx_word' id='word_1_869' title='bbox 2604 5147 2706 5186; x_wconf 85' lang='lat' dir='ltr'><strong>non</strong></span> <span class='ocrx_word' id='word_1_870' title='bbox 2732 5129 3026 5202; x_wconf 71' lang='lat' dir='ltr'><strong>prosimos.</strong></span> <span class='ocrx_word' id='word_1_871' title='bbox 3076 5129 3324 5187; x_wconf 73' lang='lat' dir='ltr'><strong>Declarat</strong></span> <span class='ocrx_word' id='word_1_872' title='bbox 3364 5131 3522 5187; x_wconf 87' lang='lat' dir='ltr'><strong>Chri-</strong></span> 
     </span>
    </p>
   </div>
   <div class='ocr_carea' id='block_1_138' title="bbox 1941 5201 3516 5274">
    <p class='ocr_par' dir='ltr' id='par_1_138' title="bbox 1941 5201 3516 5274">
     <span class='ocr_line' id='line_1_147' title="bbox 1941 5201 3516 5274; baseline 0 -16"><span class='ocrx_word' id='word_1_873' title='bbox 1941 5211 2076 5266; x_wconf 85' lang='lat' dir='ltr'><strong>stus,</strong></span> <span class='ocrx_word' id='word_1_874' title='bbox 2103 5217 2453 5274; x_wconf 81' lang='lat' dir='ltr'><strong>quemquam,</strong></span> <span class='ocrx_word' id='word_1_875' title='bbox 2473 5202 2585 5256; x_wconf 87' lang='lat' dir='ltr'><strong>sive</strong></span> <span class='ocrx_word' id='word_1_876' title='bbox 2600 5201 2814 5274; x_wconf 82' lang='lat' dir='ltr'><strong>gentilis</strong></span> <span class='ocrx_word' id='word_1_877' title='bbox 2838 5205 2951 5259; x_wconf 82' lang='lat' dir='ltr'><strong>sive</strong></span> <span class='ocrx_word' id='word_1_878' title='bbox 2976 5201 3211 5270; x_wconf 64' lang='lat' dir='ltr'><strong>Iudaeus,</strong></span> <span class='ocrx_word' id='word_1_879' title='bbox 3238 5204 3328 5273; x_wconf 90' lang='lat' dir='ltr'><strong>qui</strong></span> <span class='ocrx_word' id='word_1_880' title='bbox 3351 5217 3516 5272; x_wconf 84' lang='lat' dir='ltr'><strong>opera</strong></span> 
     </span>
    </p>
   </div>
   <div class='ocr_carea' id='block_1_139' title="bbox 1942 5273 3517 5345">
    <p class='ocr_par' dir='ltr' id='par_1_139' title="bbox 1942 5273 3517 5345">
     <span class='ocr_line' id='line_1_148' title="bbox 1942 5273 3517 5345; baseline 0.001 -17"><span class='ocrx_word' id='word_1_881' title='bbox 1942 5289 2069 5345; x_wconf 82' lang='lat' dir='ltr'><strong>mea</strong></span> <span class='ocrx_word' id='word_1_882' title='bbox 2099 5273 2323 5345; x_wconf 86' lang='lat' dir='ltr'><strong>indiget,</strong></span> <span class='ocrx_word' id='word_1_883' title='bbox 2352 5273 2439 5326; x_wconf 89' lang='lat' dir='ltr'><strong>cui</strong></span> <span class='ocrx_word' id='word_1_884' title='bbox 2465 5273 2823 5330; x_wconf 82' lang='lat' dir='ltr'><strong>exhibendum</strong></span> <span class='ocrx_word' id='word_1_885' title='bbox 2846 5283 2931 5330; x_wconf 91' lang='lat' dir='ltr'><strong>est</strong></span> <span class='ocrx_word' id='word_1_886' title='bbox 2954 5290 3089 5345; x_wconf 89' lang='lat' dir='ltr'><strong>opus</strong></span> <span class='ocrx_word' id='word_1_887' title='bbox 3110 5274 3517 5343; x_wconf 58' lang='lat' dir='ltr'><strong>misericordiae,</strong></span> 
     </span>
    </p>
   </div>
   <div class='ocr_carea' id='block_1_140' title="bbox 1942 5344 2588 5414">
    <p class='ocr_par' dir='ltr' id='par_1_140' title="bbox 1942 5344 2588 5414">
     <span class='ocr_line' id='line_1_149' title="bbox 1942 5344 2588 5414; baseline 0 -16"><span class='ocrx_word' id='word_1_888' title='bbox 1942 5344 2076 5398; x_wconf 90' lang='lat' dir='ltr'><strong>mihi</strong></span> <span class='ocrx_word' id='word_1_889' title='bbox 2110 5344 2418 5414; x_wconf 78' lang='lat' dir='ltr'><strong>proximum</strong></span> <span class='ocrx_word' id='word_1_890' title='bbox 2449 5359 2588 5398; x_wconf 89' lang='lat' dir='ltr'><strong>esse.</strong></span> 
     </span>
    </p>
   </div>
   <div class='ocr_carea' id='block_1_141' title="bbox 2114 5448 3343 5512">
    <p class='ocr_par' dir='ltr' id='par_1_141' title="bbox 2114 5448 3343 5512">
     <span class='ocr_line' id='line_1_150' title="bbox 2114 5448 3343 5512; baseline -0.001 -2"><span class='ocrx_word' id='word_1_891' title='bbox 2114 5453 2440 5512; x_wconf 79' lang='lat' dir='ltr'><strong>DOMINICA</strong></span> <span class='ocrx_word' id='word_1_892' title='bbox 2481 5454 2578 5512; x_wconf 79' lang='lat' dir='ltr'><strong>XV</strong></span> <span class='ocrx_word' id='word_1_893' title='bbox 2610 5455 2788 5512; x_wconf 85' lang='lat' dir='ltr'><strong>POST</strong></span> <span class='ocrx_word' id='word_1_894' title='bbox 2826 5448 3343 5511; x_wconf 79' lang='lat' dir='ltr'><strong>PENTECOSTEN.</strong></span> 
     </span>
    </p>
   </div>
   <div class='ocr_carea' id='block_1_142' title="bbox 1942 5546 3521 5620">
    <p class='ocr_par' dir='ltr' id='par_1_142' title="bbox 1942 5546 3521 5620">
     <span class='ocr_line' id='line_1_151' title="bbox 1942 5546 3521 5620; baseline 0.003 -17"><span class='ocrx_word' id='word_1_895' title='bbox 1942 5549 2207 5605; x_wconf 75' lang='lat' dir='ltr'><strong>EPISTOLA</strong></span> <span class='ocrx_word' id='word_1_896' title='bbox 2252 5547 2421 5604; x_wconf 76' lang='lat' dir='ltr'><strong>PAULI</strong></span> <span class='ocrx_word' id='word_1_897' title='bbox 2452 5564 2519 5604; x_wconf 77' lang='lat' dir='ltr'><strong>AD</strong></span> <span class='ocrx_word' id='word_1_898' title='bbox 2545 5547 2703 5616; x_wconf 58' lang='lat' dir='ltr'><strong>Gn&quot;,</strong></span> <span class='ocrx_word' id='word_1_899' title='bbox 2735 5565 2851 5605; x_wconf 66' lang='lat' dir='ltr'><strong>car.</strong></span> <span class='ocrx_word' id='word_1_900' title='bbox 2892 5558 2926 5604; x_wconf 74' lang='grc' dir='ltr'><strong>ν</strong></span> <span class='ocrx_word' id='word_1_901' title='bbox 2954 5567 2966 5603; x_wconf 90' lang='lat'>:</span> <span class='ocrx_word' id='word_1_902' title='bbox 2994 5548 3200 5620; x_wconf 86' lang='lat' dir='ltr'><strong>Spiritu</strong></span> <span class='ocrx_word' id='word_1_903' title='bbox 3238 5546 3521 5607; x_wconf 76' lang='lat' dir='ltr'><strong>ambulate.</strong></span> 
     </span>
    </p>
   </div>
   <div class='ocr_carea' id='block_1_143' title="bbox 2017 5640 3524 5713">
    <p class='ocr_par' dir='ltr' id='par_1_143' title="bbox 2017 5640 3524 5713">
     <span class='ocr_line' id='line_1_152' title="bbox 2017 5640 3524 5713; baseline 0.003 -17"><span class='ocrx_word' id='word_1_904' title='bbox 2017 5641 2067 5696; x_wconf 87' lang='grc'><strong>1.</strong></span> <span class='ocrx_word' id='word_1_905' title='bbox 2128 5641 2466 5713; x_wconf 61' lang='lat' dir='ltr'><strong>Praecipuum</strong></span> <span class='ocrx_word' id='word_1_906' title='bbox 2520 5640 2653 5713; x_wconf 74' lang='lat' dir='ltr'><strong>ﬁdei</strong></span> <span class='ocrx_word' id='word_1_907' title='bbox 2701 5657 2837 5713; x_wconf 85' lang='lat' dir='ltr'><strong>opus</strong></span> <span class='ocrx_word' id='word_1_908' title='bbox 2886 5656 3064 5713; x_wconf 80' lang='lat' dir='ltr'><strong>pugna</strong></span> <span class='ocrx_word' id='word_1_909' title='bbox 3120 5642 3345 5713; x_wconf 87' lang='lat' dir='ltr'><strong>spiritus</strong></span> <span class='ocrx_word' id='word_1_910' title='bbox 3401 5660 3524 5700; x_wconf 85' lang='lat' dir='ltr'><strong>eum</strong></span> 
     </span>
    </p>
   </div>
   <div class='ocr_carea' id='block_1_144' title="bbox 1945 5711 3526 5783">
    <p class='ocr_par' dir='ltr' id='par_1_144' title="bbox 1945 5711 3526 5783">
     <span class='ocr_line' id='line_1_153' title="bbox 1945 5711 3526 5783; baseline 0.005 -16"><span class='ocrx_word' id='word_1_911' title='bbox 1945 5728 2141 5778; x_wconf 87' lang='lat' dir='ltr'><strong>carne,</strong></span> <span class='ocrx_word' id='word_1_912' title='bbox 2186 5729 2253 5767; x_wconf 91' lang='lat' dir='ltr'><strong>ne</strong></span> <span class='ocrx_word' id='word_1_913' title='bbox 2281 5711 2403 5783; x_wconf 78' lang='lat' dir='ltr'><strong>quis</strong></span> <span class='ocrx_word' id='word_1_914' title='bbox 2436 5719 2587 5782; x_wconf 89' lang='lat' dir='ltr'><strong>putet</strong></span> <span class='ocrx_word' id='word_1_915' title='bbox 2618 5711 2984 5767; x_wconf 77' lang='lat' dir='ltr'><strong>Cbristianaui</strong></span> <span class='ocrx_word' id='word_1_916' title='bbox 3015 5711 3181 5768; x_wconf 81' lang='lat' dir='ltr'><strong>vitam</strong></span> <span class='ocrx_word' id='word_1_917' title='bbox 3222 5731 3342 5771; x_wconf 87' lang='lat' dir='ltr'><strong>esse</strong></span> <span class='ocrx_word' id='word_1_918' title='bbox 3390 5717 3526 5775; x_wconf 84' lang='lat' dir='ltr'><strong>mol-</strong></span> 
     </span>
    </p>
   </div>
   <div class='ocr_carea' id='block_1_145' title="bbox 1947 5784 3527 5856">
    <p class='ocr_par' dir='ltr' id='par_1_145' title="bbox 1947 5784 3527 5856">
     <span class='ocr_line' id='line_1_154' title="bbox 1947 5784 3527 5856; baseline 0.003 -19"><span class='ocrx_word' id='word_1_919' title='bbox 1947 5784 2049 5856; x_wconf 75' lang='lat' dir='ltr'><strong>lem</strong></span> <span class='ocrx_word' id='word_1_920' title='bbox 2081 5792 2135 5839; x_wconf 90' lang='lat' dir='ltr'><strong>ct</strong></span> <span class='ocrx_word' id='word_1_921' title='bbox 2164 5785 2391 5856; x_wconf 86' lang='lat' dir='ltr'><strong>otiosam</strong></span> <span class='ocrx_word' id='word_1_922' title='bbox 2418 5798 2433 5848; x_wconf 89' lang='lat'><strong>;</strong></span> <span class='ocrx_word' id='word_1_923' title='bbox 2466 5790 2687 5856; x_wconf 83' lang='lat' dir='ltr'><strong>peccata</strong></span> <span class='ocrx_word' id='word_1_924' title='bbox 2706 5796 2917 5853; x_wconf 87' lang='lat' dir='ltr'><strong>semper</strong></span> <span class='ocrx_word' id='word_1_925' title='bbox 2943 5797 3252 5856; x_wconf 88' lang='lat' dir='ltr'><strong>oppugnant</strong></span> <span class='ocrx_word' id='word_1_926' title='bbox 3278 5801 3291 5840; x_wconf 87' lang='lat'><strong>:</strong></span> <span class='ocrx_word' id='word_1_927' title='bbox 3317 5786 3371 5841; x_wconf 89' lang='lat' dir='ltr'><strong>bi</strong></span> <span class='ocrx_word' id='word_1_928' title='bbox 3398 5796 3527 5843; x_wconf 84' lang='lat' dir='ltr'><strong>sunt</strong></span> 
     </span>
    </p>
   </div>
   <div class='ocr_carea' id='block_1_146' title="bbox 1950 5852 3527 5930">
    <p class='ocr_par' dir='ltr' id='par_1_146' title="bbox 1950 5852 3527 5930">
     <span class='ocr_line' id='line_1_155' title="bbox 1950 5852 3527 5930; baseline 0.006 -23"><span class='ocrx_word' id='word_1_929' title='bbox 1950 5852 2217 5922; x_wconf 79' lang='lat' dir='ltr'><strong>Moabitae,</strong></span> <span class='ocrx_word' id='word_1_930' title='bbox 2267 5852 2613 5920; x_wconf 71' lang='lat' dir='ltr'><strong>Ammonius,</strong></span> <span class='ocrx_word' id='word_1_931' title='bbox 2666 5852 2852 5913; x_wconf 83' lang='lat' dir='ltr'><strong>hostes</strong></span> <span class='ocrx_word' id='word_1_932' title='bbox 2894 5852 3112 5926; x_wconf 63' lang='lat' dir='ltr'><strong>nostri,</strong></span> <span class='ocrx_word' id='word_1_933' title='bbox 3149 5870 3271 5914; x_wconf 84' lang='lat' dir='ltr'><strong>cum</strong></span> <span class='ocrx_word' id='word_1_934' title='bbox 3326 5858 3527 5930; x_wconf 77' lang='lat' dir='ltr'><strong>quibus</strong></span> 
     </span>
    </p>
   </div>
  </div>
