4020 6504
205 453 312 512 585

1460 441 1836 501 SMARAGDO
1870 439 2199 496 ADDITUM.

3357 438 3462 496 586
3563 515 3567 520 .

203 570 314 629 hoc
357 575 445 624 est
489 567 740 624 omnibus
780 564 1097 630 virtutibus,
1153 562 1418 633 sapientia
1446 569 1504 615 et
1529 559 1780 625 scientia,
1810 558 1863 620 Α
1887 551 2201 633 sic_demitti
2229 565 2290 633 se
2314 548 2583 633 jussitvel
2626 563 2819 622 passus
2846 557 2950 616 est,
2980 547 3140 604 simul
3167 555 3223 604 et
3252 551 3306 605 in
3359 552 3466 608 illis

203 628 330 714 qua:
354 639 647 714 pgophetas
672 647 728 692 et
756 636 960 692 amicos
994 628 1091 690 Dei
1118 628 1418 714 constituit,
1437 633 1710 714 ditantur.

277 703 656 766 2.'Ga'udium
705 716 1016 763 sanctorum
1065 716 1120 760 et
1172 703 1606 774 congratulatio,
1659 716 1786 758 cum

204 782 397 838 vident
434 780 680 835 homines
710 779 763 833 in
792 778 1098 849 cognitione
1143 774 1452 849 evangelica
1495 774 1783 846 proﬁcere.

1891 625 1981 696 qui
2011 631 2297 696 portarunt
2320 630 2608 696 ingratum.

1960 691 2261 750 QIChristo
2309 691 2417 747 ﬁlio
2466 691 2699 746 hominis
2719 706 2839 748 esse
2866 705 3020 762 teque
3044 691 3282 762 proclive
3314 708 3464 747 mor-

1888 767 2016 823 bum
2063 766 2206 820 dicto
2239 763 2430 818 tollere
2477 771 2531 816 et
2577 771 2799 833 peccata
2849 763 3174 828 condonare,
3204 763 3467 834 probatur

278 833 757 907 biiii’oteiitissima
785 833 1082 903 consolatio
1111 833 1312 902 electisv
1337 853 1438 910 est,
1469 833 1791 916 exspectare
1888 837 2173 916 cugatione
2196 833 2498 905 paralytici.

205 921 594 978 revelationem
628 919 840 973 Domini
871 919 1044 973 nostri
1072 917 1202 975 Jesu
1224 916 1431 973 Christi
1457 917 1514 971 in
1540 914 1626 972 die
1648 914 1791 985 judi-

204 993 301 1056 cii,
337 1006 457 1061 quae
484 991 671 1046 beatos
704 989 836 1044 facit
869 990 922 1044 in
954 1005 1069 1060 spe.

203 1083 557 1140 Evmcauuu
581 1080 876 1146 Murum,
906 1097 1023 1136 car.
1054 1097 1169 1135 χιιι
1195 1099 1207 1134 :
1233 1079 1574 1135 Accesserant
1603 1078 1672 1132 ad
1695 1077 1789 1133 Je-

771 1169 889 1208 sum
917 1151 1224 1208 Sadducwi.

281 1246 334 1299 1.
375 1245 620 1301 Primum
648 1245 888 1301 omnium
929 1252 984 1299 et
1026 1245 1323 1299 maximum
1362 1242 1679 1298 mandatum
1708 1249 1793 1297 est

205 1317 447 1387 cognitio
490 1325 545 1372 et
589 1316 857 1372 confessio
901 1316 1096 1387 divinae
1139 1315 1366 1370 unitatis
1417 1330 1539 1371 cum
1581 1328 1791 1387 execu-

207 1383 361 1443 tio'ne
406 1388 562 1442 bonre
603 1387 954 1458 operationis.
995 1386 1145 1458 Bona
1170 1394 1352 1440 autem
1382 1384 1628 1458 operatio
1655 1383 1794 1458 dile-

208 1458 392 1513 ctione
445 1458 539 1513 Dei
587 1453 655 1514 et'
687 1457 920 1526 proximi
963 1456 1266 1526 perficitur,
1300 1453 1445 1526 quod
1479 1454 1678 1508 Paulus
1706 1453 1792 1526 his

206 1530 391 1584 verbis
425 1529 552 1583 dicit
590 1527 655 1582 In
681 1522 888 1582 Christo
931 1522 1080 1593 Iesu,
1123 1545 1285 1593 neque
1318 1522 1650 1581 circumcisio
1697 1522 1799 1577 ali-

206 1545 391 1584 verms
425 1545 552 1583 arcu
590 1545 655 1582 In
681 1545 888 1582 unrzsto
931 1545 1080 1593 Jesu,
1123 1545 1185 1582 ne
1223 1545 1285 1581 ue
1319 1545 1650 1581 circumcisio
1697 1545 1797 1577 au-

206 1599 339 1670 quid
371 1598 527 1666 valet,
560 1615 651 1653 nec
678 1599 1016 1668 prleputium,
1047 1598 1138 1654 sed
1173 1545 1305 1667 ﬁdes
1340 1614 1433 1668 per
1467 1595 1797 1649 dilectionem

211 1685 457 1724 onerans.

245 1686 579 1795 ngaﬁsebmi
607 1739 795 1823 dicpnt
826 1755 1107 1822 summum
1140 1739 1376 1823 gradum
1408 1735 1617 1823 colendi
1645 1750 1798 1823 crea-

209 1817 390 1865 torem
420 1825 563 1876 esse,
592 1818 654 1864 ut
696 1809 903 1865 servias
934 1811 982 1864 ei
1029 1825 1096 1864 ex
1121 1809 1428 1874 dilectione,
1458 1819 1512 1863 et
1538 1823 1645 1862 non
1668 1822 1798 1878 pro-

208 1889 397 1950 pterea
441 1889 502 1935 ut
543 1881 848 1936 mercedem
890 1889 984 1934 aut
1027 1881 1309 1950 praemium
1376 1879 1661 1950 suscipias,
1704 1893 1797 1950 fex

209 1957 326 2005 toto
356 1950 541 2017 corde,

209 1967 326 2005 ιοιο
356 1967 541 2017 corue,
571 1967 716 2074 quoa
744 1967 1001 2005 nimirum
1029 1967 1125 2005 cor
1145 1967 1316 2005 somm
1345 1967 1482 2021 opus
1512 1967 1662 2004 tuum
1704 1967 1800 2005 no-

207 2036 338 2076 num
370 2021 453 2076 vel
498 2036 582 2075 ma
609 2038 698 2076 nm
747 2021 895 2086 facit,
943 2037 1010 2076 ex
1055 2029 1166 2077 tota
1211 2022 1410 2085 anima,
1449 2029 1508 2075 ut
1539 2021 1705 2074 etiam
1753 2021 1800 2076 si

209 2106 374 2147 causa
404 2092 646 2162 requirat
691 2107 800 2146 non
839 2093 1076 2162 trepides
1129 2108 1230 2161 pro
1277 2107 1344 2148 eo
1373 2106 1645 2162 exponere
1683 2092 1802 2145 ani-

210 2177 374 2226 mam,
405 2162 460 2216 id
487 2161 592 2227 est,
622 2161 962 2232 corporalem
989 2163 1180 2227 vitam,
1211 2178 1280 2218 ex
1326 2161 1450 2216 tota
1481 2161 1701 2232 virtute,
1743 2169 1803 2216 ut

207 2233 390 2302 potius
417 2234 658 2288 omnium
688 2231 871 2288 rerum
899 2243 1116 2287 tuarum
1151 2233 1494 2301 dispendium
1522 2231 1804 2287 incurrere

209 2302 366 2367 velis,
391 2319 553 2372 quam
583 2305 652 2358 ab
673 2319 859 2358 amore
888 2303 983 2358 Dei
1011 2303 1319 2359 deflectere.

280 2373 333 2427 3.
361 2373 728 2441 Quaestionem
754 2374 1052 2444 quaestione
1090 2389 1189 2444 ceu
1240 2373 1452 2428 clavum
1503 2372 1657 2427 clavo
1689 2372 1805 2442 pel-

206 2440 274 2526 lit
309 2440 663 2526 ex’psalncix
689 2444 755 2498 de
771 2440 1064 2526 divinitate
1098 2443 1215 2510 ﬁlii,
1243 2460 1365 2526 quae
1381 2444 1618 2526 quaestio
1639 2440 1802 2498 etin-

210 2513 515 2586 ter-rogatio
544 2513 878 2586 Hieronymo
917 2522 1053 2569 teste
1092 2513 1448 2586 usque’bodie
1495 2513 1651 2569 nobis
1676 2529 1806 2585 pro-

201 2581 327 2638 ﬁcit
352 2581 544 2639 contra
569 2581 805 2640 Iudaeos.

325 2692 396 2748 IN
437 2692 694 2749 NATALI
734 2693 793 2749 S.
825 2693 1200 2750 MICHAELIS
1235 2694 1697 2752 ARCHANGELI.

203 2784 504 2840 EPISTOLA.
519 2785 687 2840 Apoc.
699 2825 714 2852 ,
732 2799 849 2840 cap.
869 2801 887 2839 ι
905 2800 920 2839 :
945 2783 1272 2857 Signiﬁcavit
1289 2786 1431 2841 Deus
1445 2804 1562 2858 qua:
1583 2797 1802 2859 oportet.

286 2897 341 2970 1.
373 2896 657 2970 Quomodo
706 2896 951 2953 Ecclesia
997 2898 1364 2968 apostolorum
1421 2899 1806 2970 praedicatione

207 2967 475 3050 fnndata,‘
489 2967 653 3048 latius
677 2967 1188 3050 propagandaInit,‘
1206 2967 1678 3050 ut‘prmdicatores
1705 2986 1803 3050 ve-

209 3039 429 3110 ritatis,
462 3037 623 3107 hujus
667 3037 993 3110 cognitionis
1030 3039 1226 3094 ﬁducia
1268 3037 1393 3094 freti
1435 3041 1806 3096 indubitanter

205 3108 546 3164 {unetionem
573 3125 728 3182 suam
745 3108 1196 3182 aggrederentur,
1221 3111 1380 3182 pauci
1395 3111 1627 3182 multos,
1649 3112 1803 3182 iner-

206 3194 333 3252 mes
383 3191 618 3252 armatos
646 3222 662 3247 ,
711 3180 942 3237 humiles
988 3182 1270 3252 superbos,
1323 3180 1523 3236 inﬁrmi
1572 3181 1803 3247 nobiles,

207 3250 326 3304 vivi
348 3249 666 3320 spiritaliter
692 3259 958 3307 mortuos.

817 3295 1116 3377 salvatoris
1136 3320 1288 3386 Jesu,
1304 3321 1395 3391 qui
1418 3327 1525 3388 est,
1541 3321 1634 3392 qui
1661 3331 1798 3387 erat,
1831 3295 1876 3358 Ο

207 3392 308 3462 qui
340 3401 604 3448 venturus
629 3392 732 3457 est,
749 3394 903 3464 testis
934 3392 1135 3464 ﬁdelis,
1157 3393 1550 3464 primogenitus
1573 3401 1629 3446 et
1657 3394 1805 3464 prin-

207 3477 347 3587 ceps
375 3478 560 3586 relgum
586 3470 770 3519 terras.
799 3463 938 3520 Hinc
981 3463 1180 3519 ﬁducia
1205 3472 1434 3534 augetur
1466 3463 1522 3518 in
1551 3463 1805 3518 cordibus

209 3548 310 3587 cre
350 3547 416 3586 en
444 3549 578 3587 tum.

209 3547 416 3588 creuen
423 3547 460 3587 ιι
467 3550 496 3587 ll
504 3549 578 3588 m.

289 3602 345 3675 5.
378 3602 667 3659 lnelfabilis
693 3605 898 3661 Christi
943 3604 1203 3669 cbaritas,
1234 3603 1327 3675 qui
1378 3603 1567 3658 dilexit
1614 3621 1714 3660 nos
1753 3612 1810 3660 et

208 3672 352 3727 lavit
381 3689 478 3727 nos
508 3688 539 3728 a
562 3676 802 3743 peccatis
832 3675 1036 3746 nostris
1067 3675 1120 3730 in
1157 3672 1420 3746 sanguine
1448 3690 1547 3731 suo
1598 3684 1654 3730 et
1679 3675 1812 3733 fecit

209 3759 319 3800 nos
349 3759 572 3814 regnum
599 3752 654 3798 et
674 3745 984 3800 sacerdotes
1012 3746 1122 3800 Deo
1144 3755 1200 3800 et
1226 3745 1375 3800 Patri
1402 3761 1534 3812 suo;
1563 3746 1708 3802 hunc
1730 3747 1811 3802 sic

212 3823 496 3870 amantem
524 3814 890 3871 redamemus.

209 3922 570 3981 Eunaeum:
619 3923 927 3992 Murum,
964 3941 1082 3982 car.
1124 3941 1261 3981 xvm
1295 3944 1308 3980 :
1341 3925 1686 3980 Accesserant
1741 3925 1812 3980 ad

326 3994 510 4050 Iesum
539 3995 784 4066 discipuli
808 3997 924 4067 ejus
944 3997 1173 4052 dicentes
1198 4011 1216 4048 :
1241 3995 1372 4061 Quis
1398 4006 1575 4067 putas,
1597 4007 1703 4051 etc.

291 4083 348 4138 1.
370 4084 624 4157 Christus
644 4086 890 4156 exemplo
913 4086 1094 4157 puelli,
1119 4101 1241 4156 qua:
1265 4094 1396 4140 aetas
1421 4086 1734 4141 innocentia
1759 4093 1816 4141 et

212 4154 572 4224 simplicitate
592 4154 819 4227 praedita
859 4154 963 4222 est,
994 4154 1180 4210 veram
1212 4157 1379 4210 animi
1409 4157 1730 4211 modestiam
1757 4164 1813 4227 et

210 4226 698 4303 ταπεινοφροφᾈοην,
725 4227 976 4303 Δι-ιιᾲἰίξθιιι
999 4226 1401 4282 Christianismi
1431 4228 1608 4292 docet,
1647 4237 1702 4281 et
1732 4226 1814 4281 af-

212 4296 770 4353 fectum'ambitionis
800 4297 1121 4353 detestatur.

294 4367 350 4439 2.
387 4365 572 4437 Neque
599 4369 757 4424 nobis
807 4367 957 4439 ipsis,
989 4383 1167 4438 neque
1213 4367 1332 4422 aliis
1360 4367 1531 4439 simus
1585 4366 1816 4423 oll‘endi-

216 4438 348 4495 culo
411 4439 833 4560 properantibus
891 4440 961 4494 ad
1012 4454 1242 4510 regnum
1292 4438 1557 4495 caelorum
1583 4479 1599 4506 ,
1655 4439 1817 4494 docet

216 4524 475 4560 cxemno
519 4509 707 4560 pedis.
746 4525 959 4560 manus.
1001 4509 1302 4560 oculorum.
1356 4507 1582 4560 allectus
1627 4525 1817 4560 omnes

215 4507 475 4579 exemplo
517 4507 707 4580 pedis,
746 4525 959 4576 manus,
1001 4507 1302 4580 oculorum,
1356 4507 1582 4566 affectus
1627 4525 1818 4566 omnes

217 4579 584 4650 amputandos
614 4580 706 4650 qui
731 4590 961 4636 avocant
990 4597 1020 4635 a
1043 4596 1175 4635 cura
1205 4579 1394 4635 salutis
1417 4587 1654 4637 aeternae.

611 1933 1001 2007 iussissem
1028 1933 1316 2005 eorum
1345 1933 1662 2021 opusiuuni
1703 1949 1801 2005 bo-
1827 1933 1875 1992 B

1891 938 1896 943 ~
1960 907 2012 962 5.
2044 902 2308 961 Virtutem
2336 902 2488 960 suam
2511 903 2762 958 Christus
2785 902 3038 967 ostendit,
3062 912 3118 959 et
3140 918 3237 974 per
3262 905 3468 961 amicos

1891 987 1946 1034 et
1991 977 2239 1032 inimicos
2276 975 2555 1045 sapientia:
2592 989 2708 1045 suae
2749 974 2968 1043 pelagus
3015 975 3292 1044 patefacit,
3325 976 3467 1031 idem

1891 1050 2006 1118 ipse
2036 1055 2090 1102 et
2130 1046 2274 1102 Deus
2301 1044 2357 1102 et
2382 1045 2524 1100 ﬁlius
2569 1044 2821 1108 hominis,
2859 1058 3028 1113 quare
3073 1061 3179 1100 non
3214 1046 3460 1116 blasphe-

1891 1127 2027 1174 mat.

2049 1207 2374 1265 DOMINICA
2409 1205 2532 1262 XXI
2581 1203 2757 1262 POST
2794 1203 3312 1261 PENTECOSTEN.

1894 1301 2164 1357 EPISTOLA
2194 1316 2262 1355 sn
2307 1299 2461 1365 Ern.,
2492 1313 2607 1352 car.
2646 1311 2723 1351 v:
2767 1293 2945 1366 Videte
2995 1297 3168 1366 itaque
3214 1296 3474 1366 quomodo

2447 1378 2598 1422 caute
2627 1365 2926 1422 ambuletis.

1970 1465 2021 1518 1.
2051 1462 2317 1532 Quoniam
2345 1460 2580 1516 mundus
2607 1457 2831 1532 totus_in
2857 1457 3091 1532 maligno
3115 1457 3326 1532 positus
3370 1467 3475 1523 est,

1898 1543 1956 1590 et
1977 1528 2094 1590 dies
2122 1533 2248 1588 mali
2289 1540 2434 1597 sunt,
2461 1545 2528 1584 ex
2559 1545 2667 1599 quo
2691 1528 2865 1599 Adam
2906 1528 3086 1599 lapsus
3111 1537 3196 1582 est
3241 1531 3306 1599 de
3325 1544 3480 1599 para-

1899 1605 2040 1670 diso,
2065 1613 2222 1660 caute
2255 1611 2310 1658 et
2333 1597 2724 1670 circumspecte
2745 1597 3066 1670 Christianis
3091 1597 3474 1670 ambulandum

1900 1683 2004 1740 est,
2028 1667 2085 1730 et
2112 1675 2208 1730 Dei
2238 1673 2487 1729 voluntas
2514 1667 2884 1740 intelligenda,
2907 1685 3027 1739 quae
3051 1667 3241 1724 salutis
3278 1679 3482 1726 nostra

1902 1762 2110 1802 summa
2137 1753 2240 1801 CSI.

1970 1817 2025 1871 2.
2054 1817 2324 1880 Ebrietas,
2363 1813 2653 1884 voluptas,
2675 1809 2942 1875 hilaritas,
2972 1811 3294 1884 comessatio
3321 1810 3483 1881 digna

1902 1887 2224 1943 Christianis
2255 1875 2373 1940 lucc
2401 1875 2507 1949 esi;
2531 1875 2779 1939 Christus
2810 1888 2996 1935 noster
3024 1880 3192 1945 cibus,
3225 1881 3358 1938 ﬁdes
3380 1875 3486 1936 ἱιο-

1903 1967 2015 2014 ster
2043 1969 2222 2029 potus,
2272 1956 2377 2011 laeti
2429 1955 2679 2010 bibamus
2727 1952 2968 2008 sobriam
3016 1951 3334 2009 ebrietatem
3373 1953 3487 2022 Spi-

1903 2031 2065 2085 ritus.

1974 2100 2027 2154 3.
2059 2100 2116 2154 In
2140 2098 2287 2154 omni
2313 2105 2557 2168 tempore
2583 2103 2638 2168 et
2668 2108 2767 2166 pro
2795 2092 3047 2148 omnibus
3066 2106 3187 2161 quae
3215 2091 3374 2146 nobis
3397 2106 3489 2168 age-

1905 2171 2092 2225 cidunt
2137 2170 2247 2225 Deo
2286 2161 2489 2239 gratias
2542 2161 2841 2239 referamus
2875 2177 2984 2216 non
3025 2169 3234 2217 tantum
3271 2176 3372 2232 pro
3419 2161 3491 2216 iis

1903 2256 2026 2310 qua:
2054 2242 2194 2296 bona
2218 2236 2491 2310 puiamus,
2517 2238 2612 2292 sed
2639 2236 2804 2290 etiam
2832 2248 2952 2310 qua:
2981 2239 3409 2310 nogcoarctant,
3431 2239 3490 2287 et

1905 2302 2096 2365 contra
2141 2302 2384 2366 nostram
2409 2309 2742 2364 voluntatem
2768 2302 3012 2367 veniunt,
3054 2302 3490 2358 Christianorum

1905 2381 2050 2434 enim
2075 2381 2290 2452 propria
2311 2380 2502 2442 virtus,
2523 2378 2584 2452 in
2609 2376 2852 2452 adversis
2881 2373 3087 2428 referre
3108 2373 3318 2443 gratias
3339 2387 3492 2427 crea-

1908 2451 2032 2505 tori.
2062 2446 2227 2522 Atqui
2254 2451 2356 2504 hoc
2382 2465 2538 2520 opus,
2571 2448 2660 2502 hic
2687 2446 2844 2500 labor
2871 2452 2974 2499 est.

1906 2541 2253 2598 Evaxcsuuu
2294 2541 2586 2604 Murum,
2627 2555 2744 2595 car.
2791 2551 2908 2590 xm
2935 2553 2946 2588 :
2977 2533 3309 2606 Loquebatur
3333 2532 3493 2606 Iesus

1977 2631 2096 2668 cum
2128 2611 2400 2682 discipulis
2425 2613 2535 2665 suis
2564 2603 2619 2664 in
2647 2606 2933 2682 parabolis,
2964 2603 3141 2660 dicens
3165 2618 3184 2658 :
3213 2603 3397 2660 Simile
3417 2613 3492 2660 est

1977 2700 2194 2754 regnum
2226 2679 2473 2737 caelorum
2494 2680 2692 2734 homini
2721 2679 2851 2748 regi.

1970 2775 2032 2828 1.
2064 2773 2327 2829 Parabola
2355 2775 2491 2838 haec,
2522 2773 2663 2827 sicut
2685 2779 2742 2826 ct
2786 2784 2906 2840 quae
2937 2767 3195 2838 prazcedit
3221 2767 3494 2840 devinea,

1906 2846 2391 2916 nonganimitatem,
2437 2837 3191 2916 providentiam,_curamque
3221 2837 3315 2916 Dei
3333 2854 3497 2916 “erga

1907 2909 2122 2970 Iudaeos
2153 2909 2522 2979 summamiet
2557 2928 2745 2968 eorum
2777 2912 2832 2966 in
2856 2910 3022 2964 Deum
3053 2909 3498 2980 ingratitudinem

1907 2986 2198 3057 signiﬁcat,
2213 2984 2788 3057 _ejectionetnrqnoq_ue‘
2808 2982 3058 3057 ipsorum
3079 2988 3134 3057 et
3158 2980 3499 3037 vocationem

1907 3050 2170 3127 gentium.
2187 3050 2327 3123 Quae
2347 3054 2560 3127 vivendi
2583 3050 2866 3124 disciplina
2887 3066 3008 3107 esse
3027 3050 3242 3117 debeat,
3261 3059 3315 3104 et
3335 3065 3500 3120 quam

1908 3126 2106 3181 acerba
2137 3143 2299 3198 pinna
2325 3126 2662 3198 negligentes
2689 3131 2927 3178 maneat.

1902 3251 1907 3258 ,
1978 3198 2032 3250 2.
2065 3190 2344 3264 Quomodo
2369 3190 2499 3252 vcro
2530 3197 2724 3250 invitat
2762 3209 2868 3248 non
2899 3193 2968 3247 ad
2990 3193 3226 3264 labores,
3253 3190 3499 3264 aﬁlictiof

1909 3281 2007 3342 nes
2059 3261 2114 3323 et
2138 3269 2380 3342 sudores,
2416 3266 2525 3342 sed
2557 3266 2626 3321 ad
2657 3263 3021 3342 _nnptias,_ad
3053 3263 3280 3342 delicias
3314 3261 3502 3342 (Tauri

1908 3337 2054 3409 enim
2100 3339 2229 3402 mei,
2280 3338 2475 3409 inquit,
2509 3344 2564 3391 et
2621 3333 2790 3390 altilia
2825 3333 3004 3388 occisa
3035 3333 3341 3409 sunt),_ipsi
3370 3348 3502 3386 vero

1907 3408 2243 3489 negligentes
2285 3403 2394 3464 non
2448 3415 2753 3472 venerunt,
2806 3419 2976 3474 quare
3018 3403 3168 3458 sunt”
3216 3403 3505 3457 inexcusa-

1908 3479 2234 3604 bllt’(:.s.Docet
2265 3556 2447 3605 autem
2488 3546 2764 3618 parabola,
2795 3544 2930 3600 nihil
2978 3552 3090 3618 tam
3131 3543 3504 3618 necessarium

1910 3633 2031 3676 esse
2060 3635 2238 3691 posse,
2263 3620 2395 3690 quin
2417 3615 2683 3691 Spiritalia
2721 3617 2833 3673 sint
2855 3615 3209 3686 praeferenda.

2071 3734 2402 3792 DOMINICA
2437 3733 2586 3790 XXII
2619 3733 2798 3791 POST
2835 3731 3360 3790 PENTECOSTEN.

1953 3885 1962 3894 ,
2181 3828 2258 3883 De
2285 3837 2472 3883 ccetero
2499 3827 2873 3895 confortamini
2907 3827 2964 3881 in
2987 3826 3236 3882 Domino.

1987 3919 2040 3973 1.
2074 3918 2482 3990 Propugnatore
2531 3917 2680 3985 Jesu,
2712 3919 2804 3990 qui
2850 3933 2979 3974 suos
3023 3919 3378 3990 nongdeserit
3406 3933 3510 3974 nec

1877 4017 1885 4022 -
1916 3988 2274 4061 derelinquit,
2315 3988 2484 4044 fortes
2523 3998 2669 4056 sunt,
2711 3988 2962 4060 potentes
2992 4004 3057 4044 ac
3089 3989 3318 4056 robusti,
3350 3988 3508 4044 Chri-

1915 4060 2104 4115 stiani.

1985 4131 2040 4184 2.
2074 4130 2364 4184 Armatura
2413 4128 2846 4186 Christianorum
2902 4137 2968 4186 et'
3003 4129 3257 4200 panoplia
3316 4138 3507 4185 contra

1915 4200 2188 4257 daemones
2213 4209 2268 4271 et
2312 4202 2507 4255 horum
2537 4217 2737 4271 organa
2769 4201 2964 4270 impios
3009 4200 3276 4264 homines,
3305 4200 3511 4256 veritas

1914 4271 2150 4334 balteus,
2207 4270 2400 4326 thorax
2444 4270 2754 4327 innocentia
2801 4281 2855 4327 et
2891 4271 3124 4341 justitia,
3169 4286 3344 4325 ocreae
3386 4272 3509 4341 puri

1917 4341 2140 4413 affecms
2161 4341 2296 4396 nihil
2322 4350 2637 4413 appetentes
2663 4343 2766 4398 nisi
2793 4342 3054 4397 ctelestia.
3100 4341 3326 4398 Scutum
3349 4341 3508 4408 ﬁdes,

1917 4411 2600 4492 Galea-vigilansa'nimus,
2629 4422 2683 4492 et
2709 4413 2917 4492 gladius
2937 4413 3096 4492 verbi
3124 4413 3236 4468 Dei.

1987 4485 2041 4539 ὅ.
2076 4484 2158 4539 Ab
2187 4484 2289 4540 hoc
2319 4483 2440 4540 loco
2467 4483 2728 4555 quicquid
2751 4491 2838 4540 est
2870 4483 3195 4554 spiritalium
3231 4499 3509 4540 armorum

1917 4555 2206 4626 petendum
2235 4562 2340 4622 est,
2367 4563 2428 4610 ut
2452 4555 2692 4626 undique
2735 4557 2928 4610 muniti
2974 4555 3236 4612 adversus
3273 4556 3512 4612 assultus

295 4625 352 4704 3;:
381 4625 708 4721 Pusillordm
731 4661 787 4706 et
825 4651 1156 4721 abjectorum
1201 4666 1387 4706 coram
1419 4625 1639 4716 mundo:
1673 4651 1806 4721 apud

1922 4625 2120 4682 diaboli
2147 4633 2291 4681 stare
2317 4626 2608 4697 possimus.

219 4720 401 4793 Deu_m
447 4727 556 4793 tam
596 4718 743 4790 jugis
766 4715 909 4793 ratio
947 4733 1050 4785 est,
1082 4730 1144 4777 ut
1191 4730 1247 4777 et
1272 4722 1450 4793 angeli
1494 4715 1684 4779 eorum
1707 4715 1818 4779 'sint
1851 4715 1854 4716 ⁷
1921 4717 2268 4772 Eunaeum
2300 4715 2542 4782 Jomms,
2574 4732 2692 4771 car.
2720 4732 2774 4770 ιν
2805 4734 2818 4770 :
2851 4716 2984 4770 Erat
3012 4717 3227 4788 quidam
3277 4717 3506 4788 regulus.

220 4790 510 4862 pazdagogi
537 4805 604 4846 ac
622 4790 894 4846 custodes.

778 4901 1109 4959 DOMINICA
1147 4901 1267 4957 XX.

220 4988 503 5054 Ertsrout
525 4995 695 5052 PAULI
723 5010 800 5080 AD.
823 4996 1054 5078 Erat-:5,
1071 5011 1188 5050 car.
1219 5009 1274 5049 ιν
1300 5007 1316 5048 :
1343 4993 1686 5050 Renovamim’
1710 4997 1819 5067 spi-

753 5075 860 5122 ritu
894 5075 1081 5122 mentis
1103 5075 1304 5121 vestrae.

305 5159 358 5214 1.
385 5157 492 5214 Per
519 5158 850 5229 baptismum
873 5156 1066 5229 insitos
1090 5169 1232 5229 novo
1251 5155 1461 5229 homini
1490 5154 1708 5229 Christo
1735 5168 1824 5209 re-

223 5229 425 5286 novari
453 5224 686 5300 oportet,
718 5238 779 5284 ut
817 5228 998 5283 ablata
1032 5224 1325 5300 injustitia,
1355 5226 1610 5281 succedat
1663 5226 1821 5280 inno-

225 5300 418 5370 centia
446 5298 506 5354 et
531 5300 796 5356 sanctitas
825 5298 1156 5370 evangelica.

305 5371 364 5425 ‘2.
393 5369 655 5440 Discipuli
695 5370 941 5425 veritatis
965 5366 1127 5424 omne
1172 5366 1516 5424 mendacium
1543 5367 1822 5435 horreant,

226 5442 578 5512 verisgagant
601 5456 725 5512 cum
751 5441 1018 5512 proximo.
1068 5471 1071 5478 ι

307 5512 362 5566 '5.
389 5509 690 5578 Iracundia,
713 5509 1049 5576 vociferatio,
1073 5511 1378 5568 convicium
1399 5509 1535 5565 adeo
1557 5509 1830 5565 facessant

229 5581 653 5712 aeginistianis,
680 5591 743 5638 ut
766 5596 869 5638 nec
895 5581 1063 5638 ullum
1087 5582 1378 5654 vestigium
1404 5582 1460 5636 in
1482 5582 1665 5636 animo
1690 5581 1827 5636 resi-

345 5662 388 5706 t.

345 5662 388 5706 ι.

229 5765 593 5852 maculati
628 5757 924 5852 ῌΑςιτιιλιιις
950 5785 1067 5852 car.
1102 5785 1156 5824 tx
1181 5787 1198 5825 :
1226 5768 1606 5852 lit-ingressus
1646 5784 1830 5825 navem

537 5841 742 5907 trajecit
772 5849 820 5892 et
855 5841 990 5894 venit
1017 5842 1073 5896 in
1097 5857 1250 5896 suam
1279 5841 1564 5896 civitatem.

316 5932 370 5994 1.
404 5929 723 6003 Exemplum
751 5931 992 5988 ardentis
1021 5929 1148 5990 ﬁdei
1193 5936 1248 5990 in
1274 5935 1393 6007 ipso
1414 5934 1715 6008 paralytico
1735 5937 1830 6011 qui

652 6024 928 6088 Ρλτιιοι..
961 6023 1094 6088 CII.

1994 4809 2047 4859 1.
2079 4807 2316 4878 Historia
2351 4808 2420 4859 de
2441 4808 2687 4878 regulot
2710 4808 2789 4878 sic
2835 4807 2980 4878 dicto
3009 4806 3145 4878 (sive
3191 4809 3335 4877 quod
3365 4819 3512 4864 esset

1920 4892 1952 4949 e
1979 4875 2130 4946 regio
2158 4889 2380 4949 genere,
2409 4874 2523 4949 sive
2549 4876 2691 4949 quod
2722 4875 2826 4949 alia
2883 4874 3225 4949 principatus
3248 4880 3514 4949 dignitate

1924 4945 2282 5016 fungeretur.)
2313 4945 2614 5000 vocationis
2636 4946 2876 5016 gentium
2904 4947 2957 5002 in
2993 4945 3355 5004 obedientiam
3386 4949 3512 5004 ﬁdei

1922 5015 2196 5087 specimen
2250 5015 2478 5087 praebet,
2517 5024 2573 5070 et
2618 5015 2759 5085 quod
2793 5019 2988 5073 merito
3034 5018 3205 5074 Jndrei
3248 5021 3514 5076 increduli

1923 5087 2298 5170 rejicernentur,
2333 5095 2389 5141 et
2414 5094 2602 5158 gentes
2633 5087 3049 5145 admitterentur
3085 5090 3141 5144 in
3177 5093 3512 5146 consortium

1923 5159 2336 5302 Ιθδὲῗιξίιριδῖηθηι
2375 5228 2717 5290 ,humilitatis
2765 5227 3406 5302 Christusipraascribit,
3459 5237 3517 5287 et

1925 5300 2069 5370 quod
2095 5314 2339 5370 personae
2369 5310 2648 5370 respectus
2674 5315 2778 5355 non
2797 5309 2882 5356 est
2901 5301 3042 5370 apud
3066 5300 3258 5366 Deum,
3287 5301 3353 5355 ad
3375 5301 3516 5357 Cen-

1927 5372 2158 5496 ‘tjurionis
2185 5385 2402 5424 servum
2442 5371 2695 5434 accessit,
2736 5373 2805 5427 ad
2831 5371 3001 5443 reguli
3026 5370 3195 5426 ﬁlium
3221 5386 3327 5427 non
3357 5386 3517 5432 acce-

1967 5453 2025 5496 ιι.

2084 5510 2402 5582 Exemplum
2460 5515 2717 5582 potentia:
2771 5513 2919 5578 ﬁdei,
2968 5521 3116 5568 cum‘
3149 5512 3516 5573 declaratione

2004 5599 2073 5638 et.

2004 5599 2073 5639 ει.

2073 5675 2400 5733 DOMINICA
2436 5677 2606 5734 XXIII
2634 5676 2811 5734 POST
2850 5665 3372 5734 PENTECOSTEN.

1931 5770 2196 5828 EPISTOLA
2221 5785 2289 5824 ⁴ιι)
2318 5768 2582 5833 Parum,
2608 5785 2725 5823 car.
2759 5784 2775 5822 ι
2802 5786 2815 5822 :
2849 5765 3176 5836 Canﬁdimus
3205 5769 3261 5823 in
3285 5768 3514 5823 Domino

2351 5842 2504 5905 Jesu,
2523 5841 2647 5912 quia
2670 5841 2758 5912 qui
2783 5840 2953 5910 coepit,
2977 5848 3082 5893 etc.

2007 5937 2058 5991 1.
2087 5935 2225 6003 Quia
2249 5934 2698 5992 Christianismus
2747 5933 2910 5989 habet
2961 5934 3288 6002 rudimenta,
3319 5945 3514 5994 auctus

2929 6031 2999 6092 19
