4020 6496
487 375 584 435 591

1164 374 1582 434 SUMMARIUM
1621 377 1688 466 lN
1726 377 1944 436 EPIST.
1979 379 2067 436 ET
2105 376 2360 437 EVANG.
2403 377 2776 436 SMARAGDO
2812 377 3122 435 ADDITUM

3667 379 3784 434 592

484 477 834 550 Eunaeum:
871 472 1120 565 Jotaats,
1157 507 1274 565 car.
1313 506 1383 546 xv
1426 509 1439 547 :
1485 491 1602 547 Hoc
1637 501 1713 548 est
1752 505 2071 565 praeceptum
2097 499 2150 558 Α
2176 493 2341 548 tentia
2372 493 2538 548 fuisse
2580 492 2823 556 Petrum,
2868 490 3114 557 Paulum,
3157 491 3569 564 Hieronymum,
3603 501 3663 548 et
3698 492 3785 548 in-

573 579 765 628 meum,
795 565 852 616 ut
881 562 1110 634 diligatis
1139 579 1227 617 vos
1253 563 1496 630 invicem,
1521 565 1654 618 sicut
1683 562 1843 618 dilexi
1870 562 1978 620 vos.

460 676 469 685 ·
554 656 608 710 1.
643 654 980 724 Praeceptum
1020 653 1222 708 Christi
1265 660 1383 719 est,
1429 662 1491 708 ut
1535 655 1820 710 credamus
1862 656 2070 712 nomini

481 725 580 782 ﬁlii
609 724 726 793 ejus
752 723 882 779 Jesu
914 723 1119 779 Christi
1138 765 1152 787 ,
1184 733 1240 778 et
1263 724 1552 794 diligamus
1576 741 1677 780 nos
1716 735 1904 781 mutuo
1930 727 2074 782 sicut

484 796 634 869 dedit
647 802 994 869 praceptum.
1015 795 1127 850 Hoc
1139 795 1185 869 si
1205 793 1381 869 solum
1392 793 1488 869 ﬁat
1501 794 1693 869 sufﬁcit
1706 795 1766 869 _(I
1779 794 1941 851 Joan.
1959 800 2065 869 ιιι).

483 867 619 948 Vide
629 864 1126 948 quaLHjeronymus
1145 865 1514 948 in-‘Epistolam
1532 864 1843 948 adoGal'atas
1857 864 2066 948 scribit.

552 880 619 923 de
629 880 750 993 qua:
765 880 1126 948 Hieronymus
1145 883 1195 920 In
1222 880 1514 948 nptswtam
1532 880 1843 948 adouatatas
1857 880 2066 923 scrmtt.

548 938 606 992 2.
669 935 934 992 neﬁ‘abtlls
974 945 1148 1007 gratia
1185 937 1300 1000 Det,
1343 952 1470 1006 quia
1510 952 1713 992 amicos
1741 946 1918 1003 vocat,
1961 955 2067 995 non

477 1023 687 1073 servos,
708 1007 836 1078 quia
868 1008 1073 1078 omnia,
1108 1023 1229 1078 qua:
1265 1008 1470 1062 audivit
1500 1023 1531 1060 a
1567 1017 1721 1077 patre
1755 1017 1881 1063 nota
1914 1009 2064 1074 fecit,

474 1080 605 1205 guia
639 1077 824 1160 elegit,
845 1077 970 1148 quia
995 1077 1262 1161 promittit
1293 1079 1549 1148 quicquid
1571 1080 1827 1161 petierint
1857 1090 2068 1163 patrem

515 1159 704 1204 aturus
735 1157 826 1205 stt.
859 1147 930 1205 Ut
952 1164 1095 1204 enim
1119 1149 1223 1203 alia
1245 1157 1475 1205 taceam.
1500 1164 1734 1204 amicum
1765 1166 1884 1205 esse
1917 1151 2068 1205 Chri-

515 1159 704 1204 aturus
732 1147 826 1205 sit.
859 1147 930 1205 Ut
952 1147 1095 1204 enim
1119 1149 1223 1203 alia
1245 1147 1475 1214 taceam,
1500 1147 1734 1204 amicum
1765 1147 1884 1205 esse
1917 1151 2069 1206 Chri-

475 1230 583 1284 sto,
618 1221 736 1275 haec
765 1219 1000 1290 dignitas
1033 1229 1240 1275 naturae
1262 1221 1510 1274 humanae
1545 1221 1808 1276 terminos
1828 1221 2062 1286 excedit,

476 1303 533 1346 et
565 1292 655 1346 hic
687 1291 895 1346 amicus
926 1292 1098 1363 magis
1131 1291 1471 1347 necessarius
1503 1302 1607 1356 est,
1643 1307 1804 1361 quam
1840 1293 1980 1364 ignis
2011 1300 2066 1348 et

480 1376 642 1418 aqua.

515 1376 814 1503 Ἀπιἰεί
837 1439 1014 1487 autem
1035 1439 1178 1498 sunt,
1214 1433 1306 1502 qui
1330 1432 1535 1488 faciunt
1567 1447 1901 1503 quaecunque
1931 1449 2068 1503 prte-

475 1504 640 1574 cepit,
651 1501 799 1575 _qu'os
816 1503 977 1575 elegit
999 1511 1055 1557 ut
1079 1501 1312 1559 fructum
1336 1503 1566 1558 atl'erant
1585 1501 2066 1575 'manentemnga-

474 1572 612 1646 nens
642 1572 850 1646 fructus
879 1572 964 1630 est
992 1577 1314 1646 evangelicae
1344 1575 1641 1645 disciplinae
1665 1574 1896 1646 iustitia.
1930 1574 2065 1629 Con-

474 1653 563 1728 t-ra
603 1645 868 1728 ignaviam
911 1645 1148 1728 istorum
1173 1647 1265 1728 qui
1297 1645 1738 1728 Christondicunt
1770 1663 1794 1728 ε.
1820 1645 2059 1728 Domine,

476 1714 717 1781 Domine,
741 1727 788 1769 et
809 1733 912 1770 non
931 1716 1133 1786 faciunt
1156 1716 1469 1770 voluntatem
1499 1715 1676 1770 Patris
1704 1717 1794 1787 qui
1819 1717 1874 1770 in
1901 1715 2057 1771 caelis.

701 1827 770 1884 IN
807 1827 1062 1882 NATALI
1102 1827 1311 1884 UNIUS
1350 1827 1840 1884 CONFESSORIS.

480 1920 738 1978 EPISTOLA
771 1919 936 1976 PAULI
968 1939 1036 1976 Αι)
1067 1919 1200 1977 Coa.
1232 1921 1296 1986 Il,
1325 1938 1441 1977 car.
1475 1940 1491 1977 ι
1528 1941 1540 1976 :
1575 1921 1890 1976 Benedictus
1918 1921 2062 1977 Deus

745 2001 792 2046 et
819 2001 969 2063 pater
993 1991 1206 2046 Domini
1229 1994 1394 2047 nostri
1417 1993 1454 2046 Ι
1457 2011 1546 2047 esu
1573 1991 1793 2047 Christi.

455 2131 457 2134 .
542 2081 595 2137 1.
634 2081 835 2138 Paulus
873 2084 1044 2137 Deum
1088 2093 1143 2138 et
1189 2083 1406 2139 Patrem
1455 2085 1668 2140 Domini
1716 2085 1888 2139 nostri
1935 2083 2063 2142 Jesu

467 2153 695 2217 Christi,
741 2169 887 2225 novo
919 2154 1077 2208 titulo
1117 2164 1279 2209 vocat
1313 2165 1523 2225 patrem
1562 2156 2062 2212 misericordiarum

471 2233 531 2278 et
554 2225 721 2279 Deum
744 2224 925 2278 omnis
951 2225 1366 2291 consolationis,
1394 2235 1452 2279 ut
1473 2226 1666 2281 doceat
1688 2226 1982 2293 conﬁdere,
2007 2236 2063 2283 et

472 2309 689 2366 omnem
729 2309 915 2366 curam
947 2303 1189 2349 nostram
1209 2336 1224 2360 ,
1259 2311 1524 2366 omneque
1551 2312 1688 2352 onus
1726 2306 1974 2352 nostrum
2005 2298 2062 2353 in

471 2363 621 2419 illum
663 2363 952 2434 conjicere.

541 2434 595 2509 2_.
621 2434 1084 2509 Quemadmodum
1128 2437 1208 2492 sol
1251 2436 1431 2492 lumen
1464 2438 1674 2509 accepit
1710 2454 1817 2493 non
1851 2447 2061 2495 tantum

468 2512 531 2561 ut
568 2506 682 2577 ipse
711 2506 910 2572 luceat,
942 2507 1035 2562 sed
1069 2509 1235 2563 etiam
1263 2517 1324 2562 ut
1349 2509 1452 2563 alia
1478 2506 1763 2572 illuminet,
1805 2510 1880 2564 ita
1916 2509 2060 2567 Deus

468 2577 784 2653 consolatur
820 2578 1112 2653 Apostolos
1145 2581 1198 2653 in
1249 2581 1396 2635 omni
1450 2580 1832 2653 tribulatione,
1871 2589 1928 2635 ut
1960 2597 2060 2653 per

465 2662 562 2705 eos
592 2647 681 2720 alii
709 2649 1057 2705 consolentur
1079 2651 1246 2705 verbo
1276 2658 1332 2704 et
1357 2651 1623 2720 exemplo.
1961 2647 1979 2653 “
2042 2660 2052 2668 ·

449 2764 452 2766 .
541 2720 596 2773 3.
637 2717 884 2786 Summa,
923 2720 1066 2775 Deus
1101 2721 1372 2776 neminem
1401 2717 1756 2790 derelinquit,
1789 2721 1882 2791 qui
1923 2723 2058 2778 socii

467 2796 598 2844 sunt
638 2791 991 2858 passionum,
1040 2799 1202 2845 erunt
1246 2798 1302 2846 et
1343 2792 1477 2845 socii
1527 2792 1952 2858 consolationis,
2001 2801 2058 2848 et

465 2859 637 2934 multo
659 2859 832 2930 magis
853 2860 909 2934 in
933 2859 1115 2916 futuro
1139 2861 1527 2928 remunerabit,
1552 2877 1690 2933 quos
1712 2863 1768 2916 in
1799 2865 2056 2934 prasenti

465 2929 666 2986 saeculo
692 2929 1034 2985 consolatur.

462 3023 818 3080 Eunaeum!
843 3021 1138 3090 Murum,
1163 3038 1281 3148 etin.
1311 3038 1440 3079 xxv:
1468 3022 1527 3080 Si
1550 3025 1667 3097 quis
1691 3025 1826 3080 venit
1852 3026 1922 3080 ad
1948 3044 2053 3096 me,

1066 3111 1158 3148 nec
1179 3111 1208 3148 ο
1248 3104 1306 3148 ιι.
1334 3111 1458 3148 ere.

1066 3111 1158 3149 nec
1179 3104 1306 3158 odit,
1334 3111 1458 3151 ETC.

537 3189 591 3242 1.
630 3186 799 3258 Nemo
833 3201 1007 3258 supra
1031 3185 1305 3242 Christum
1336 3194 1480 3258 amet
1509 3198 1786 3257 parentes,
1825 3189 2049 3258 fratres,

467 3273 718 3324 uxorem,
740 3257 960 3334 libellos.
987 3257 1046 3311 In
1069 3258 1171 3312 hac
1190 3273 1248 3312 re
1268 3257 1541 3334 crudelem
1562 3274 1700 3334 esse,
1723 3261 1942 3330 pietatis
1966 3257 2053 3334 ge-

463 3345 566 3403 nus
584 3337 684 3392 est,
712 3344 837 3383 nam
851 3328 954 3396 Qui
976 3343 1082 3382 non
1107 3328 1768 3403 renuntiaveritomnibus
1795 3348 1918 3403 qum
1935 3328 2054 3403 pos-

463 3401 624 3468 sidet,
648 3415 752 3454 non
775 3406 954 3470 potest
974 3413 1126 3470 meus
1145 3413 1266 3470 esse
1285 3398 1598 3470 discipulus,
1630 3401 1760 3456 dicit
1778 3398 2048 3460 Christus.

463 3471 596 3527 Vide
635 3467 1025 3542 Hieronymum
1062 3467 1131 3524 ad
1169 3467 1535 3536 Heliodorum,
1577 3479 1632 3526 et
1666 3472 2049 3545 Augustinum,

463 3542 692 3596 epistola
717 3541 808 3596 59.

463 3551 692 3596 enistota
717 3551 808 3596 59.

497 3556 1307 3698 pgmlfﬁigistepietatisque.
1329 3610 1462 3666 ﬁdes
1498 3614 1742 3698 quatitur
1773 3614 2050 3698 Evangelii

462 3681 832 3754 retundendus
862 3681 960 3736 est
985 3681 1370 3754 muro.'Matet'
1394 3681 1578 3754 mea—et
1616 3686 1808 3754 fratres
1838 3681 1959 3751 mei,
1995 3689 2051 3742 hi

461 3761 583 3826 sunt
603 3753 693 3826 qui
716 3751 918 3826 faciunt
935 3751 1251 3826 voluntatem
1268 3752 1448 3826 Patris
1469 3756 1592 3819 mei,
1607 3751 1770 3826 quiin
1791 3757 1932 3810 caelis
1949 3768 2046 3812 est.

532 3823 586 3876 3.
617 3821 1079 3878 ‘Similitudinibus
1113 3824 1338 3886 duabus,
1383 3825 1552 3878 altera
1588 3821 1904 3883 aidiﬁcantis
1941 3838 2053 3883 tur-

463 3894 587 3955 rim,
611 3902 666 3949 et
703 3894 1070 3975 .compgult‘antis
1107 3904 1376 3975 sumptus.
1420 3895 1591 3975 altera
1635 3896 1890 3975 bellaturi
1926 3917 2051 3955 cum

462 3963 877 4037 rege,gos'tendit
896 3963 1142 4037 Christus
1175 3963 1514 4034 providentia
1546 3983 1681 4037 opus
1718 3984 1839 4023 esse
1877 3970 1929 4024 in
1972 3986 2053 4026 se-

459 4036 671 4105 quendo
691 4035 926 4108 Christo,
967 4035 1242 4108 roburque
1262 4037 1426 4108 animi
1459 4035 1871 4108 expéndendum
1906 4054 2048 4107 esse,

459 4115 750 4177 antequam
772 4113 826 4161 te
843 4105 1068 4161 fatearis
1088 4106 1289 4161 Christi
1315 4105 1658 4164 sectatorem.

580 4219 649 4275 IN
685 4217 940 4275 NATALI
979 4219 1404 4278 SANCTORUM
1437 4223 1919 4282 PLURIMORUM.

461 4311 726 4367 EPISTOLA
761 4309 822 4364 Β.
857 4310 1029 4366 Ps'rm
1079 4326 1334 4368 srosrou
1386 4313 1430 4379 l,
1480 4330 1596 4370 cu.
1633 4332 1649 4370 ι
1685 4334 1697 4370 :
1737 4316 2052 4377 Benedictus

918 4382 1058 4437 Deus
1085 4393 1132 4436 et
1163 4380 1326 4438 Pater
1349 4384 1585 4441 Domini.

534 4475 582 4550 l_.
625 4472 761 4550 §pes
787 4474 910 4550 viva
927 4473 1266 4550 Christianis
1291 4487 1402 4550 est,
1434 4493 1532 4550 per
1562 4480 1665 4535 hoc
1696 4483 1840 4550 quod
1870 4499 2052 4540 resur-

459 4543 1414 4636 Lexitjesusgghrisuis.exlm‘ortu‘is
1435 4543 1498 4602 in
1535 4543 1908 4636 haereditatem
1949 4555 2051 4610 im-
2074 4576 2128 4636 ι)

457 4615 764 4680 mortalem,
780 4615 1308 4673 incontaminabilem
1323 4627 1379 4674 et
1392 4619 1902 4679 immarcescibilem
1917 4641 2049 4681 con-

459 4694 730 4744 servatam
759 4686 815 4742 in
840 4687 1010 4743 caelis.

528 4756 581 4811 2.
625 4754 745 4831 ΙξιιινΔ
765 4756 957 4831 multas
989 4759 1353 4814 tribulationes
1393 4769 1592 4831 oportet
1630 4763 1832 4819 intrare
1869 4767 1925 4820 in
1966 4783 2048 4822 re-

455 4844 615 4902 gnum
647 4827 768 4895 Dei,
806 4830 852 4884 si
889 4831 1233 4902 compatimur
1252 4839 1301 4884 et
1334 4827 1785 4902 conregnabimus,
1821 4837 1867 4891 si
1906 4854 2048 4892 com-

456 4899 712 4953 morimur
735 4908 783 4954 et
808 4899 1155 4954 convivemus.

525 4970 580 5025 3.
610 4969 870 5041 Christus
904 4971 1060 5025 nobis
1088 4971 1246 5041 datus
1296 4979 1381 5027 est
1425 4973 1480 5029 in
1512 4975 1730 5041 donum,
1761 4985 1823 5033 ut
1858 4979 1929 5034 sit
1957 4995 2046 5036 sa-

455 5039 675 5120 pientia,
698 5039 925 5120 iustitia,
947 5040 1332 5120 sanctiﬁcatio,
1357 5052 1414 5099 et
1437 5039 1740 5120 redemptio
1761 5058 1966 5115 nostra,
1989 5059 2046 5107 ει

456 5110 509 5165 in
535 5110 866 5193 exemplum,
898 5119 961 5166 ut
1000 5127 1161 5182 passo
1203 5113 1257 5169 in
1286 5129 1448 5172 carne
1474 5110 1692 5175 Christo
1721 5136 1822 5177 nos
1850 5110 2042 5179 eadem

454 5188 782 5252 cogitatione
807 5196 1100 5238 armemur.

453 5272 804 5331 Evmesuuu
841 5273 1022 5357 Lucas,
1063 5292 1182 5357 cur.
1224 5294 1300 5336 xn
1340 5297 1353 5334 :
1396 5279 1513 5357 Sint
1544 5281 1709 5337 lumbi
1737 5285 1888 5339 vestri
1911 5301 2043 5357 prte-

862 5347 1019 5402 cincti
1042 5356 1090 5402 et
1116 5347 1342 5404 lucerna
1371 5351 1632 5408 ardentes.

529 5435 580 5491 1.
622 5435 986 5510 Similitudine
1024 5441 1241 5498 habitus
1280 5442 1734 5510 ministrantium,
1780 5447 2041 5505 Dominus

456 5506 630 5590 docet.
642 5508 984 5590 sedulitatem
1010 5521 1275 5590 nostram,
1294 5521 1359 5590 _ut
1384 5521 1588 5571 stemus
1617 5517 1672 5570 in
1701 5506 1829 5584 ﬁde,
1852 5520 2040 5590 vigile-

457 5577 674 5661 musuin
712 5581 928 5661 negotio
961 5581 1168 5648 salutis,
1202 5583 1343 5638 mala
1384 5599 1491 5641 non
1532 5601 1757 5659 agamus
1789 5577 1847 5645 et
1883 5577 2040 5646 bonis

455 5649 712 5719 operibus
735 5649 1068 5709 insudemus.

525 5721 586 5794 2.7
621 5720 866 5794 Optimus
890 5721 1137 5779 Christus
1172 5724 1339 5781 voluit
1375 5742 1500 5782 suos
1535 5742 1656 5784 esse
1695 5729 1749 5785 in
1786 5731 1887 5785 hac
1914 5745 2036 5787 sen-

457 5793 645 5858 tentia,
668 5793 740 5848 ’ut
776 5802 1078 5870 extremum
1117 5796 1266 5850 illum
1296 5795 1487 5866 judicii
1514 5800 1656 5868 diem
1693 5816 1908 5870 semper
1941 5818 2035 5859 ex-

459 5870 764 5932 spectarent
791 5866 982 5936 parati,
1001 5880 1103 5922 ceu
1121 5882 1246 5922 mox
1271 5866 1578 5927 venturum.
1609 5871 1678 5927 Et
1702 5872 1756 5929 in
1780 5866 1885 5929 hac
1910 5888 2034 5931 sen-

2176 565 2540 619 numerabiles
2569 565 2702 618 alios
2729 571 2960 619 constat.

2244 634 2296 690 5.
2339 633 2576 715 Hilarius
2601 635 2719 689 fure
2737 634 3011 715 diabolum
3057 632 3309 715 intelligit
3333 643 3564 715 secutus
3581 632 3787 715 Orige-

2173 720 2297 760 nem
2323 746 2337 769 ,
2383 705 2473 760 alii
2527 715 2829 760 extremum
2869 704 3010 759 diem
3035 744 3052 769 ,
3093 712 3149 760 et
3185 720 3284 775 per
3318 704 3786 775 patremfamilias

2171 791 2613 847 unumquemque
2637 784 2906 847 nostrum,
2925 775 3132 847 dictum
3161 773 3245 830 est
3264 773 3445 847 autem
3465 773 3736 847 omnibus
3760 793 3776 828 :

2185 844 2428 916 Vigilaie,
2460 844 2592 901 Mar.
2626 863 2744 900 xm.
2778 844 3030 900 Nescitur
3057 846 3172 900 dies
3198 861 3299 901 nec
3323 846 3476 900 hora.
3507 844 3661 916 Mors
3691 855 3781 900 est

2171 915 2342 982 certa,
2393 917 2601 973 incerta
2647 917 2781 981 dies,
2831 916 3091 972 incertior
3134 917 3291 985 hora,
3332 915 3590 973 consulat
3634 932 3777 986 ergo

2171 989 2384 1054 animm,
2418 990 2510 1058 qui
2539 987 2679 1058 sapit
2705 987 2814 1054 ille,
2842 1003 2974 1043 suae.

2166 1099 2301 1156 Ιτειι
2339 1100 2687 1157 ΕνΑΝοειιυιι
2726 1100 2920 1166 Lucas,
2961 1115 3078 1156 car.
3120 1115 3213 1156 xxx
3254 1118 3267 1153 :
3320 1097 3495 1154 Homo
3547 1099 3779 1170 quidam

2421 1171 2608 1226 nobilis
2637 1171 2765 1225 abiit
2795 1173 2850 1225 in
2877 1173 3136 1243 regionem
3163 1170 3526 1242 longinquam.

2241 1263 2290 1316 1.
2327 1261 2588 1316 Parabola
2633 1263 2700 1318 de
2743 1262 2964 1319 homine
3011 1262 3192 1327 claro,
3235 1262 3304 1327 de
3348 1276 3515 1331 regno
3561 1260 3779 1316 Christi

2169 1334 2303 1402 agit,
2340 1333 2443 1388 hoc
2472 1341 2576 1398 est,
2601 1335 2666 1388 de
2691 1334 3224 1405 regnoevangelico,
3257 1333 3311 1386 in
3339 1332 3486 1405 quod
3511 1346 3781 1405 sermone

2208 1401 2588 1469 raedicationis,
2612 1401 2907 1474 publicani,
2937 1401 3275 1474 meretrices,
3306 1401 3533 1474 milites,
3564 1401 3777 1474 Graeci,

2217 1475 2428 1540 omani,
2461 1472 2693 1546 Scythae,
2739 1473 3133 1546 Galli,rGothi,
3165 1472 3450 1546 Sarmatas,
3479 1472 3777 1546 Germani,

2167 1559 2231 1599 ac
2257 1560 2445 1600 omnes
2474 1542 2602 1599 sunt
2628 1545 2956 1600 attrahendi.
2982 1545 3119 1600 Hinc
3141 1544 3530 1614 etAgarenica:
3555 1551 3616 1597 et
3637 1542 3780 1596 Ara-

2167 1615 2302 1671 bica:
2324 1616 2648 1670 studendum
2669 1617 2826 1670 nobis
2850 1624 2996 1671 esset
3017 1617 3108 1684 (ne
3132 1613 3467 1684 quiddicam
3489 1613 3560 1669 de
3589 1614 3776 1684 tribus

2167 1686 2469 1741 celebribus
2497 1686 2694 1753 linguis
2721 1685 2966 1749 Hebraea,
2992 1683 3200 1750 Graeca,
3227 1684 3446 1753 Latina)
3473 1693 3532 1737 ut
3563 1683 3779 1740 Turcas

2166 1765 2221 1810 et
2245 1757 2523 1827 Agarenos
2552 1755 2840 1827 aliquando
2863 1759 2916 1811 in
2939 1758 3310 1827 obedientiam
3333 1755 3458 1810 ﬁdei
3483 1755 3778 1827 attrahere

2093 1857 2140 1916 Β
2167 1825 2468 1916 possemus.
2516 1825 2675 1916 Fides
2703 1828 2848 1916 enim
2888 1843 2984 1898 per
3011 1828 3252 1916 auditum
3288 1825 3380 1916 ﬁt,
3411 1826 3504 1907 cui
3533 1826 3779 1916 inseruit

2171 1896 2370 1969 lingua,
2401 1907 2456 1953 et
2497 1899 2672 1968 pudor
2708 1906 2795 1952 est
2831 1896 3019 1969 ingens
3056 1913 3181 1954 cum
3211 1897 3501 1952 duodecim
3531 1896 3776 1969 apostoli

2170 1968 2290 2040 (ceu
2329 1968 2655 2040 fermentum
2699 1969 2754 2023 in
2792 1968 2910 2023 tria
2927 1979 3043 2023 sata
3072 1969 3262 2040 farinae
3301 1968 3563 2040 positum)
3599 1976 3777 2021 totum

2166 2031 2353 2094 urbem
2378 2038 2787 2102 fermentarent,
2834 2041 2978 2110 quod
3003 2056 3101 2095 nos
3125 2031 3771 2094 Christianiinnhmera-

2165 2110 2302 2165 biles
2328 2110 2463 2165 adeo
2493 2125 2680 2179 parum
2712 2119 2807 2164 aut
2834 2126 2966 2166 sane
2993 2110 3126 2164 nihil
3153 2110 3570 2179 fructiﬁcamus.

2236 2181 2291 2234 2.
2309 2178 2506 2252 Regio
2530 2180 2818 2252 longinqua
2847 2180 3088 2236 Ecclesia
3116 2181 3355 2252 gentium
3385 2188 3489 2234 est.
3529 2178 3774 2252 Praecla-

2164 2266 2260 2305 rus
2288 2251 2376 2306 ille
2400 2250 2561 2306 homo
2582 2250 2830 2306 Christus
2849 2252 3000 2315 abiit,
3025 2258 3086 2322 ut
3110 2250 3388 2322 plenitudo
3411 2251 3672 2322 gentium
3692 2251 3774 2305 in-

2165 2328 2352 2380 traret.
2389 2333 2710 2386 revertetur,
2741 2331 2801 2376 ut
2827 2323 3004 2377 omnis
3025 2320 3192 2376 lsrael
3222 2320 3402 2376 salvus
3419 2320 3543 2374 ﬁat.

2233 2392 2287 2445 3.
2327 2393 2581 2447 Doctrina
2607 2409 2704 2462 pro
2727 2393 2991 2448 ministris
3010 2393 3185 2456 verbi,
3211 2400 3272 2446 ut
3296 2391 3350 2445 in
3378 2393 3618 2462 negotio,
3635 2405 3773 2459 pra-

2163 2461 2451 2534 dicationis
2477 2461 2802 2534 evangelica:
2825 2465 2996 2534 simus
3023 2462 3451 2534 quamkmaxime
3489 2461 3693 2534 ﬁdeles
3721 2471 3769 2514 et

2162 2532 2414 2588 industrii
2443 2543 2499 2589 et
2526 2531 2724 2590 multos
2753 2531 3155 2589 lucrifaciamus
3183 2531 3419 2596 Christo,
3459 2533 3541 2587 sic
3564 2547 3767 2602 repor-

2160 2605 2326 2657 taturi
2364 2605 2870 2659 immarcescibilem
2901 2618 3182 2668 coronam,
3215 2618 3335 2657 cum
3369 2603 3639 2672 princeps
3671 2617 3768 2671 pa-

2160 2682 2366 2728 storum
2406 2675 2628 2730 redierit
2669 2674 2920 2730 Christus
2962 2674 3120 2728 Je'sus
3149 2689 3312 2727 verus
3341 2673 3429 2727 ille
3466 2675 3643 2728 homo
3677 2690 3771 2727 no-

2158 2744 2284 2798 bilis
2300 2746 2589 2817 _etgclarus.
2611 2745 2828 2817 Alioqui
2855 2745 2951 2802 Dei
2973 2760 3170 2800 munus
3194 2745 3397 2798 amittit
3421 2745 3517 2812 qui
3548 2743 3769 2817 habens

2159 2831 2268 2885 non
2298 2815 2489 2879 habet,
2521 2817 2576 2871 id
2607 2825 2720 2882 est,
2751 2815 2816 2873 eo
2847 2833 2955 2872 non
2986 2817 3174 2881 utitur,
3208 2822 3265 2870 et
3287 2831 3351 2870 eo
3381 2824 3644 2885 augetur,
3678 2816 3770 2885 qui

2157 2884 2366 2941 habens
2395 2887 2578 2952 habet,
2610 2887 2662 2943 id
2694 2899 2802 2955 est,
2829 2889 2968 2945 bene
2994 2889 3190 2942 utitur.

2295 3000 2366 3056 IV
2405 3000 2660 3056 NATALI
2696 3000 3159 3058 PLURIMORUM
3197 2997 3620 3055 MARTYRUM.

2155 3092 2425 3149 EPISTOLA
2455 3093 2623 3149 PAULI
2660 3111 2728 3150 Αυ
2763 3093 2960 3176 licam,
2987 3110 3106 3150 car.
3139 3109 3195 3148 xl
3226 3111 3239 3147 :
3271 3091 3454 3148 Sancti
3481 3109 3579 3162 per
3599 3092 3770 3158 ﬁdem

2731 3176 2965 3220 vicerunt
2996 3183 3178 3236 regna.

2231 3277 2283 3330 l.
2325 3276 2594 3343 Quantam
2630 3278 2740 3332 vim
2771 3277 2905 3332 ﬁdes
2941 3278 3169 3343 habeat,
3197 3293 3318 3347 quae
3338 3277 3655 3332 substantia
3687 3285 3770 3333 est

2156 3363 2344 3402 earum
2392 3364 2573 3402 rerum
2634 3363 2753 3418 qua:
2807 3358 3115 3418 sperantur,
3157 3358 3538 3420 argumentum
3568 3363 3770 3405 eorum

2157 3435 2278 3488 quae
2304 3433 2414 3472 non
2442 3421 2714 3474 videntur.

2226 3489 2279 3543 2.
2322 3489 2579 3558 Exempla
2611 3489 2826 3546 Veteris
2863 3497 2919 3545 et
2943 3489 3081 3545 Novi
3115 3489 3450 3546 Testamenti
3482 3489 3772 3546 adducunt.

2161 3567 2247 3632 tur
2271 3559 2488 3632 eximia,
2522 3561 2720 3631 quibus
2756 3562 3016 3632 majestas
3056 3572 3112 3632 ει
3157 3562 3399 3632 p0tentia
3426 3559 3552 3616 tidei
3579 3571 3770 3617 osten-

2155 3631 2322 3702 ditur.
2361 3630 2820 3702 Expugnaverunt
2846 3630 3011 3702 regna
3049 3631 3234 3695 Josue,
3273 3631 3460 3694 David,
3499 3642 3768 3702 operatus

2156 3710 2240 3772 est
2273 3701 2540 3769 justitiam
2573 3702 2814 3768 Samuel,
2863 3701 3098 3757 assecuti
3141 3702 3528 3772 promissiones
3569 3719 3767 3757 rursus

2153 3771 2340 3838 Josue,
2374 3773 2563 3828 David.
2597 3773 2955 3828 Occluserunt
2991 3790 3089 3828 ora
3119 3771 3336 3828 leonum
3377 3773 3568 3835 David,
3601 3773 3767 3828 Sam-

2154 3859 2311 3915 pson,
2333 3845 2716 3898 cxstinxerunt
2735 3845 2844 3899 vim
2867 3844 3007 3915 ignis
3031 3843 3403 3914 Aaron,pueri
3429 3843 3480 3896 in
3507 3843 3762 3915 Daniele,

2155 3913 2459 3985 ell‘ugerunt
2521 3916 2694 3969 aciem
2731 3913 2909 3988 gladii
2944 3915 3090 3971 Elias
3129 3924 3201 3988 et
3242 3913 3369 3988 alii,
3416 3914 3765 3988 incursiones

2160 3983 2471 4040 averterunt
2500 3983 2814 4055 exterorum
2851 3986 3113 4042 Jonathas
3131 4027 3146 4051 ,
3175 3984 3304 4050 Asa,
3339 3983 3620 4055 Josaphat.
3644 3986 3759 4043 Alii

2157 4056 2398 4111 distenti.
2418 4055 2551 4110 Vide
2577 4054 2826 4112 Jeremiae
2845 4075 2937 4123 xx,
2959 4057 3083 4112 Jud.
3111 4071 3225 4121 xvr,
3243 4055 3375 4110 Tob.
3399 4054 3607 4122 n,.loh.
3633 4073 3758 4112 xix.

2156 4126 2293 4180 Vide
2323 4127 2524 4182 Chron.
2563 4128 2801 4193 Eusebii,
2827 4139 2883 4184 et
2909 4129 2999 4185 lib.
3030 4145 3062 4182 v
3086 4127 3375 4192 Theodori,
3406 4143 3528 4194 cap.
3563 4127 3654 4189 59,
3692 4131 3762 4183 de

2153 4197 2323 4252 variis
2379 4199 2668 4270 generibus
2734 4200 3120 4270 suppliciorum
3157 4207 3236 4270 _et
3291 4198 3762 4268 quuisitionibus

2155 4268 2460 4337 poenarum,
2497 4271 2692 4339 quibus
2721 4271 2794 4340 pii
2823 4268 3118 4340 excruciati
3148 4268 3383 4340 fuerunt.

2225 4340 2300 4422 5-.
2321 4341 2456 4422 9.93s
2479 4339 2754 4422 evastatis?
2794 4340 2882 4422 his
2921 4339 3044 4422 “sei
3081 4339 3291 4422 tribes,
3324 4339 3761 4422 βιιιειέρξιοωυε

2156 4409 2304 4465 cruci
2332 4409 2532 4465 Christi
2559 4410 2768 4477 tribuit,
2790 4411 2914 4465 vide
2945 4409 3178 4466 Homilia
3203 4409 3295 4475 55,
3328 4411 3382 4464 in
3412 4409 3754 4478 Matthaaum,

2155 4481 2299 4550 quod
2326 4481 2539 4550 signum
2565 4489 2620 4536 et
2647 4481 2950 4552 symbolum
2971 4491 3132 4552 vocat
3151 4481 3342 4535 salutis
3371 4491 3599 4545 nostrae,
3621 4499 3754 4537 nam

2153 4552 2334 4623 passio
2355 4551 2569 4607 Domini
2605 4551 2807 4609 nostra:
2832 4551 3183 4623 beatitudinis
3203 4560 3367 4623 caput
3383 4560 3440 4606 et
3460 4554 3618 4623 origo
3641 4561 3753 4608 est.

2152 4621 2380 4689 Quando
2405 4638 2535 4695 ergo
2567 4631 2618 4679 te
2649 4637 2812 4680 cruce
2843 4623 3025 4695 signas
3054 4621 3286 4695 (inquiti
3314 4621 3631 4695 universam
3669 4633 3756 4678 te-

2148 4708 2271 4764 cum
2301 4691 2492 4764 crucis'
2508 4709 2727 4749 causam
2756 4691 2933 4757 versa,
2966 4702 3021 4764 et
3053 4691 3228 4764 irai—et
3251 4691 3589 4764 reliquarum
3621 4709 3752 4764 pas-

2147 4763 2362 4844 sianum
2385 4763 2634 4844 incendia
2658 4765 2959 4844 exstingue.
2976 4760 3091 4818 Hoc
3114 4762 3326 4834 signum
3354 4763 3558 4844 priscis
3572 4760 3752 4821 etno-

2146 4833 2278 4890 stris
2306 4834 2641 4904 temporibus
2667 4831 2881 4904 clausas
2901 4831 3098 4900 ianuas
3128 4831 3415 4898 reseravit,
3445 4834 3554 4890 hoc
3583 4851 3748 4891 vene-

2146 4903 2514 4977 norumvires
2536 4905 2817 4977 exstinxit,
2849 4903 2954 4958 hoc
2981 4906 3191 4960 feroces
3220 4906 3425 4977 bestias
3456 4907 3744 4977 repressit,

2146 4973 2250 5048 hoc
2274 4973 2502 5048 lethales
2526 4976 2858 5048 serpentium
2883 4990 3095 5048 morsus
3119 4977 3366 5048 curavit,
3382 4975 3505 5031 Non
3521 4973 3744 5048 simpli—

2144 5044 2282 5100 citer
2327 5045 2495 5116 digito
2538 5046 2592 5101 in
2619 5044 2886 5118 corpore,
2912 5047 3006 5101 sed
3054 5061 3250 5118 magna
3299 5047 3404 5102 ﬁde
3452 5048 3512 5102 in
3559 5044 3744 5103 mente

2144 5130 2367 5171 servare
2399 5125 2630 5187 oportet,
2662 5118 2776 5173 haec
2805 5116 2916 5172 ille.

2141 5215 2491 5274 Eunaeum
2528 5218 2821 5286 Murum,
2851 5235 2970 5275 cu.
3005 5235 3041 5274 v
3069 5237 3082 5274 :
3121 5219 3316 5277 Viden:
3343 5220 3505 5276 Iesus
3532 5223 3736 5276 turbas.

2213 5309 2266 5364 1.
2307 5309 2554 5366 Christus
2580 5310 2758 5376 Iesus,
2791 5312 3030 5369 cmlestis
3054 5312 3246 5369 doctor
3281 5322 3338 5371 et
3365 5325 3559 5370 orator
3590 5331 3738 5371 sum-

2142 5395 2288 5455 mam
2327 5380 2985 5455 caelestisphilosophiat,
3026 5385 3132 5440 hoc
3191 5393 3274 5442 est
3312 5385 3735 5455 explicationem

2141 5451 2337 5532 divina:
2376 5451 2512 5532 legis
2545 5451 2696 5532 clara
2731 5451 2999 5532 brevitate
3035 5451 3499 5532 et_hlandissimis
3540 5459 3737 5513 invita-

2139 5525 2338 5597 mentis
2367 5531 2421 5578 et
2448 5525 2895 5594 promissionibus
2922 5527 3162 5597 exponit.

2209 5592 2264 5646 2.
2303 5592 2595 5670 Craterum
2629 5597 2721 5670 alii
2756 5592 3200 5670 sunt,_grandes,
3243 5613 3456 5669 graves,
3492 5597 3732 5670 copiosi.

2137 5670 2350 5738 tenues,
2388 5665 2632 5732 subtiles,
2673 5669 2888 5733 breves,
2921 5665 3212 5738 interiecti,
3248 5665 3439 5732 inedii,
3474 5665 3735 5724 Christus

2137 5735 2336 5808 omnia,
2357 5746 2468 5799 est,
2503 5747 2558 5795 et
2583 5739 2838 5807 optimus,
2877 5740 2969 5808 qui
3003 5735 3230 5795 dicendo
3258 5741 3469 5795 animos
3497 5739 3726 5794 audien-

2138 5805 2272 5878 tium
2307 5807 2488 5873 docet,
2523 5805 2776 5872 delectat,
2819 5805 3119 5877 permovet,
3147 5809 3471 5878 promittens
3496 5825 3727 5878 regnum

2136 5875 2425 5945 calorum,
2456 5875 2877 5935 consolationem
2897 5918 2911 5945 ,
2942 5875 3312 5936 haereditatem
3343 5879 3525 5944 terrae,
3561 5875 3724 5934 mise-
