4020 6474
201 427 312 495 595

1055 433 1405 493 SMARAGDI
1439 431 1735 493 ABBATIS
1769 431 2075 494 DIADEMA
2114 431 2620 499 MONACHORUM.

3365 442 3473 500 59L

201 553 520 634 ricordiam,
563 553 826 634 visionem
855 552 1348 634 Dei,_adoptionem
1387 555 1624 612 ﬁliorum
1655 555 1779 623 Dei,
1811 559 1865 619 Α
1889 557 2089 634 deleris
2136 557 2398 634 dentium,
2444 559 2630 634 ﬂetus,
2662 570 2770 616 etc.
2821 561 3124 634 Indignatio
3165 563 3334 630 enim,
3365 563 3468 633 ira,

197 624 510 680 ercedem
540 625 762 678 multam
793 625 848 679 in
875 624 1047 681 caelis.

273 693 328 750 3.
365 693 661 764 Paupertas
689 695 908 765 spiritus
935 697 1088 751 radix
1114 706 1199 752 est
1222 699 1400 754 omnis
1429 698 1582 763 boni,
1608 707 1668 754 ut
1693 714 1786 754 su-

196 765 388 840 perbia
427 766 642 840 mentis,
665 774 720 820 et
741 775 1090 840 μεγαφρονιῖν,
1114 769 1266 840 radix
1289 769 1466 825 omnis
1485 769 1633 834 mali,
1649 770 1784 840 hinc

197 835 342 908 inala
369 836 623 901 maxima,
663 845 718 892 et
741 835 1010 908 'qu'arfere
1036 839 1330 908 perniciem
1366 840 1466 896 toti
1494 841 1612 894 orbi
1642 839 1786 894 intu-

194 903 402 961 lerunt.

614 977 683 1032 IN
719 977 971 1035 NATALI
1008 979 1366 1038 VIRCINUM.

194 1067 546 1149 Evmcsuun
585 1069 880 1149 Mar-ram,
917 1088 1036 1149 car.
1072 1090 1170 1128 xm
1203 1093 1232 1149 _:_
1253 1073 1440 1149 Simile
1463 1083 1542 1130 est
1567 1091 1784 1149 regnum

444 1140 689 1196 cwlorum
717 1142 960 1197 thesauro
983 1144 1286 1198 abscondito
1311 1144 1366 1198 in
1393 1162 1541 1216 agro.

269 1230 432 1304 l._Ut
460 1230 734 1304 parabolis
755 1233 820 1287 de
841 1249 1010 1302 grano
1034 1234 1240 1304 sinapis
1282 1241 1337 1288 et
1367 1232 1634 1291 fermento
1669 1250 1786 1292 ma-

193 1315 302 1374 gna
330 1301 604 1372 Evangelii
632 1302 808 1357 virtus
832 1301 1172 1369 ostenditur,
1194 1319 1314 1374 qua:
1341 1305 1565 1359 omnino
1607 1314 1782 1361 totum

192 1371 382 1444 urbem
416 1371 683 1444 terrarum
724 1382 842 1427 erat
881 1371 1226 1444 superatura;
1267 1375 1339 1429 ita
1378 1374 1635 1444 parabola
1669 1377 1785 1430 the—

193 1442 343 1516 sauri
372 1449 428 1498 et
455 1443 760 1516 margaritae
787 1442 1021 1500 ostendit
1046 1442 1398 1516 Evangeliuni
1428 1446 1625 1516 summi
1653 1459 1780 1516 pre-

193 1510 438 1584 tii_cs§e,
467 1522 523 1567 et
547 1510 741 1568 debere
773 1516 932 1570 rebus
958 1510 1512 1584 omnibusvanteponi.

264 1581 320 1656 _2.
362 1583 677 1656 Praedicatio
707 1584 994 1656 Evangelii
1037 1586 1092 1639 in
1134 1586 1334 1656 mundo
1363 1581 1559 1639 _abdita
1600 1593 1684 1640 est
1724 1592 1783 1641 et

117 1674 128 1679 '
191 1651 386 1718 celata,
414 1663 468 1708 et
492 1654 546 1707 in
575 1651 954 1722 praedicatione
983 1671 1192 1711 summa
1215 1654 1446 1710 felicitas
1478 1655 1778 1723 recondita,

193 1737 298 1796 nec
344 1724 617 1796 invenitur
647 1725 750 1780 nisi
794 1725 1010 1781 curiose
1051 1741 1292 1796 quaeras,
1327 1726 1780 1796 quemadmodum

193 1791 576 1866 thesanrusin
589 1810 719 1866 agro
746 1791 1093 1852 absconditus
1123 1797 1290 1866 quaeri
1322 1791 1480 1851 solet.

264 1863 668 1937 3._Parabolafu
705 1867 770 1921 de
807 1882 1006 1937 sagena
1038 1863 1204 1922 missa
1247 1867 1299 1921 in
1339 1882 1491 1920 mare
1528 1865 1780 1923 Christus

193 1932 310 2006 ipse
332 1934 740 2006 interpretatur,
765 1932 1058 1992 ostendens
1079 1937 1274 1990 multas
1297 1937 1614 2006 perditionis
1634 1939 1777 2004 vias,

191 2005 340 2074 unde
375 2021 482 2058 non
523 2005 718 2074 injuria
759 2007 961 2062 dictum
1001 2015 1085 2062 est
1124 2007 1249 2062 alibi
1280 2005 1448 2061 latam
1475 2021 1598 2062 esse
1633 2008 1790 2062 viam“

194 2071 343 2128 illam
379 2090 498 2146 quae
533 2071 590 2130 in
612 2078 970 2146 perditionem
1006 2078 1256 2142 adducit,
1285 2089 1416 2143 etc.,
1448 2086 1507 2132 ut
1533 2077 1779 2133 formidi-

191 2155 320 2198 nem
341 2145 630 2217 ampliﬁcet
651 2156 707 2202 et
731 2148 977 2203 incutiat.
1006 2146 1142 2202 Hinc
1170 2157 1225 2203 et
1247 2146 1484 2204 fornacis
1506 2147 1776 2214 meminit,

1888 627 2110 684 afﬂictio
2123 638 2179 685 et
2199 630 2447 685 anxietas
2460 631 2720 686 adversus
2738 627 3214 690 omnem'animam
3237 627 3475 693 hominis

1885 701 2249 771 perpetrantis
2274 700 2474 756 malum
2501 699 2672 774 (Rom.
2699 702 2784 775 ιι).

1885 834 2230 892 ΕνΑΝοειιυιι
2267 834 2558 910 Murum,
2581 850 2712 910 Δ(ιλιι).
2750 851 2898 910 xxv;
2933 835 3120 910 Simile
3147 846 3224 894 est
3254 853 3471 910 regnum

2284 906 2530 962 caelorum
2557 906 2732 960 decem
2762 906 3068 978 virginibus.

1955 1020 2009 1074 l.
2050 1018 2342 1091 Virginitas
2363 1017 2585 1091 propter
2610 1016 2984 1091 excellentiam
3012 1035 3168 1091 suam
3194 1027 3469 1090 praecepta

1885 1103 1994 1147 non
2023 1099 2125 1156 est,
2151 1087 2245 1145 res
2273 1087 2519 1145 sublimis
2546 1104 2667 1161 quae
2692 1087 2854 1161 etiam
2885 1090 3025 1158 apud
3060 1087 3272 1161 veteres
3295 1106 3326 1145 a
3355 1087 3471 1161 pri-

1883 1162 1994 1218 scis
2020 1161 2126 1216 illis
2149 1161 2460 1231 sanctisque
2489 1158 2622 1214 viris
2649 1158 2752 1231 coli
2781 1172 2888 1214 non
2918 1162 3110 1230 potuit.
3141 1160 3265 1216 Haec
3287 1158 3471 1217 tamen

1884 1242 1946 1286 ut
1973 1232 2218 1287 sublimis
2240 1228 2414 1286 virtus
2439 1245 2548 1286 non
2581 1228 2844 1294 suﬁiciet,
2884 1228 2989 1285 nisi
3015 1231 3157 1286 adsit
3181 1246 3318 1301 opus
3347 1231 3472 1287 ﬁdei

1885 1311 1941 1356 et
1965 1302 2116 1357 labor
2143 1301 2444 1356 charitatis.

1955 1373 2008 1426 2.
2047 1372 2285 1442 Quisque
2317 1388 2417 1442 pro
2451 1386 2510 1427 se
2536 1370 2749 1442 videat,
2782 1385 2851 1426 ne
2878 1385 3145 1436 erremus,
3182 1369 3324 1442 Deus
3363 1388 3470 1427 non

1885 1443 2157 1506 irridetur.
2187 1441 2366 1513 nullus
2407 1457 2506 1498 nos
2535 1441 2824 1499 defendere
2847 1443 3052 1513 poterit
3077 1442 3122 1497 si
3155 1441 3332 1498 oleum
3361 1456 3470 1496 non

1885 1513 2233 1568 habuerimus
2260 1513 2313 1566 in
2343 1512 2698 1583 lampadibus.

1955 1584 2008 1638 5.
2049 1583 2252 1638 Crebro
2283 1581 2479 1654 repetit
2514 1581 2764 1640 Christus
2799 1583 3052 1654 Vigilate,
3088 1584 3214 1654 quia
3248 1582 3473 1654 nescitis

1886 1654 2025 1709 diem
2052 1669 2228 1723 neque
2245 1655 2462 1724 horam,
2489 1655 2780 1710 ostendens
2810 1653 3170 1724 ignorantiam
3196 1653 3373 1724 exitus
3401 1654 3470 1708 ab

1885 1725 1991 1780 hac
2016 1725 2126 1778 vita
2159 1723 2344 1779 utilem
2380 1739 2524 1789 esse,
2551 1724 2717 1794 igitur
2740 1723 2862 1779 cum
2890 1723 2979 1779 illo
3007 1724 3234 1779 Paulino
3259 1723 3470 1794 epilogo

1885 1739 1991 1780 nac
2016 1739 2126 1778 vna
2159 1739 2344 1779 niuem
2380 1739 2524 1789 esse,
2551 1741 2565 1778 ι
2609 1739 2717 1778 ιιιιι*
2740 1740 2862 1779 cum
2890 1739 2979 1779 IllO
3007 1739 3234 1779 raunno
3259 1739 3470 1794 epilogo

1884 1795 2020 1850 libet
2041 1795 2278 1865 receptui
2304 1809 2500 1865 canere
2525 1809 2540 1849 :
2567 1739 2819 1864 gigilate,
2841 1802 2984 1865 state
3010 1795 3065 1849 in
3092 1795 3218 1861 ﬁde,
3237 1793 3473 1865 viriliter

1887 1866 2064 1936 agite,
2113 1863 2286 1920 estote
2332 1863 2532 1936 fortes,
2588 1863 2771 1920 omnia
2822 1864 3472 1936 ngbisrcumcharitate
3535 1929 3542 1935 1

1807 1923 1857 1982 Β
1883 1923 2200 2002 ﬁant,'hzec
2237 1943 2320 1990 est
2358 1936 2466 1990 vita
2494 1923 2824 1990 Christiana.
2864 1935 2931 1989 Et
2971 1935 3051 1990 sic
3089 1935 3178 2004 qui
3209 1935 3465 1999 vixerint,

1882 2021 2008 2061 cum
2049 2006 2361 2075 apparuerit
2399 2004 2680 2072 Christus,
2728 2005 3005 2061 habebunt
3041 2005 3322 2069 ﬁduciam,
3368 2018 3471 2058 nec

1879 2078 2159 2146 pudelient
2188 2077 2257 2130 ab
2284 2091 2368 2141 eo,
2398 2077 2452 2146 in
2477 2077 2710 2130 adventu
2737 2075 2873 2145 ejus,
2902 2076 2997 2130 sed
3025 2076 3303 2130 intrabunt
3340 2088 3464 2129 cum

1881 2144 2080 2216 sponso
2104 2144 2323 2201 Christo
2349 2145 2419 2201 ad
2446 2146 2684 2216 nuptias.

1811 2281 3462 2312 ——————_—_—ﬂ

724 2433 1851 2674 SMARAGDI
2009 2432 2947 2620 ABBATIS

374 2797 1377 2939 DIADEMA
1580 2792 3234 2976 MONACHORUM.

1333 3079 1427 3142 [Ex
1449 3078 1686 3134 Biblioth.
1709 3079 1843 3132 Patr.
1862 3092 1994 3132 max.
2013 3086 2134 3132 tom.
2160 3077 2312 3144 XVI.)

465 3294 834 3354 PROLOGUS
871 3294 938 3352 Β.
975 3292 1041 3351 Ρ.
1082 3291 1458 3357 ΞΜΑΒΑΕΒΙ.

253 3387 412 3448 nunc
444 3390 715 3446 modicum
757 3388 951 3459 Operis
977 3388 1151 3445 nostri
1182 3387 1424 3443 libellum
1459 3385 1527 3442 de
1569 3385 1772 3443 multo-

176 3499 310 3542 rum
335 3485 492 3540 dictis
531 3484 977 3550 orthodoxorum,
1017 3483 1318 3554 opitulante
1341 3481 1580 3546 Christo,
1609 3479 1774 3536 colle-

179 3573 368 3648 gimus
392 3573 636 3641 Patrum,
663 3583 719 3630 et
742 3588 840 3644 per
877 3588 1066 3629 eorum
1113 3574 1479 3630 discurrentes
1523 3569 1773 3626 ﬂorentia

177 3674 365 3736 prata,
393 3665 528 3722 bene
563 3665 772 3722 olentes
819 3663 1004 3737 (veluti
1045 3665 1112 3720 ad
1159 3662 1399 3736 manum)
1451 3661 1772 3734 collegimus

177 3757 471 3814 ﬂosculos:
506 3766 669 3828 atque
710 3757 776 3814 de
803 3757 1017 3813 illorum
1058 3756 1332 3829 ﬁorigero,
1381 3756 1774 3812 benedictioni-

179 3850 394 3920 busque
417 3850 630 3906 Domini
656 3849 835 3920 pleno,
872 3865 937 3905 ea
976 3847 1118 3922 (quae
1157 3849 1464 3906 necessaria
1488 3848 1773 3905 monachis

177 3955 309 3998 esse
334 3940 726 4014 perspeximus)
766 3941 1081 4013 collegimus
1113 3958 1264 4014 agro,
1292 3950 1350 3998 et
1392 3943 1445 3996 in
1473 3943 1577 3997 hoc
1605 3957 1774 4012 parvo

178 4031 493 4087 studuimus
518 4045 848 4103 congregare
873 4031 1073 4086 libello.
1107 4031 1184 4086 Ea
1205 4031 1478 4099 videlicet,
1507 4047 1628 4103 quae
1647 4049 1774 4103 per-

177 4121 449 4178 fectorum
473 4124 862 4178 monachorum
891 4123 1058 4179 corda
1093 4123 1465 4189 demulceant,
1496 4132 1551 4178 et
1581 4123 1650 4178 ad
1679 4123 1773 4179 de-

177 4213 444 4269 siderium
487 4215 680 4284 patria:
721 4214 962 4272 ctelestis
991 4215 1200 4270 avidius
1231 4215 1620 4286 sublimiusque
1667 4217 1772 4271 eri-

175 4312 352 4376 gant:
400 4305 736 4361 inﬁrmorum
782 4321 995 4376 quoque
1023 4309 1414 4362 monachorum
1445 4311 1610 4364 corda
1641 4323 1772 4364 con-

177 4397 404 4453 ﬁrment
452 4404 509 4454 et
557 4406 828 4466 terreant,
879 4401 946 4456 ad
1011 4400 1424 4473 regularemque
1475 4403 1773 4473 perducant

174 4489 639 4546 emendationem.
689 4491 761 4547 Et
802 4494 929 4562 quia
970 4493 1026 4547 in
1073 4493 1257 4565 regula
1300 4495 1445 4550 beati
1493 4494 1770 4550 Benedicti

174 4582 448 4652 scriptum
471 4591 576 4650 est,
608 4582 732 4639 Mox
769 4594 832 4640 ut
880 4587 1225 4644 surrexerint
1267 4585 1466 4642 fratres
1507 4603 1540 4642 a
1589 4603 1766 4654 omna,

2380 3292 2610 3350 CAPUT
2647 3291 2942 3349 PRIMUM.

2477 3385 2556 3440 De
2603 3385 2862 3440 oratione.

1949 3474 2064 3532 Hoc
2097 3483 2183 3532 est
2213 3476 2516 3532 remedium
2545 3475 2741 3532 animae
2765 3476 2904 3548 ejus,
2934 3473 3029 3548 qui
3052 3474 3310 3533 vitiorum
3337 3483 3463 3534 ten-

1875 3569 2131 3624 tamentis
2157 3577 2440 3637 estestuat,
2482 3581 2545 3625 ut
2572 3570 2791 3640 quoties
2829 3569 3075 3640 quolibet
3113 3570 3246 3626 vitio
3287 3571 3464 3644 tangi-

1875 3670 1984 3728 tur,
2023 3663 2182 3718 toties
2223 3661 2291 3717 ad
2323 3664 2626 3719 orationem
2675 3679 2734 3720 se
2778 3662 2992 3731 subdat,
3028 3664 3156 3735 quia
3205 3663 3464 3735 frequens

1872 3756 2051 3811 oratio
2117 3755 2375 3811 vitiorum
2432 3757 2895 3828 impugnationem
2947 3756 3266 3828 exstinguit.
3323 3755 3462 3815 Tam

1871 3861 2289 3922 perseveranter
2341 3852 2625 3909 intendere
2672 3863 2886 3925 oportet
2924 3855 3164 3911 animum
3212 3864 3464 3914 nostrum

1872 3943 2100 4009 orando,
2137 3952 2300 4014 atque
2327 3943 2617 4014 pulsando,
2663 3960 2945 4016 quousque
2990 3945 3328 4016 importunas
3368 3946 3464 4003 dav

1873 4035 2196 4091 sideriorum
2259 4037 2559 4091 carnalium
2614 4039 3023 4110 suggestiones,
3081 4053 3205 4108 quae
3255 4037 3462 4096 nostris

1871 4127 2190 4198 obstrepunt
2235 4129 2505 4195 sensibus,
2543 4128 2838 4185 fortissima
2887 4129 3189 4184 intentione
3230 4144 3458 4201 supere-

1872 4233 1993 4272 mus
2019 4236 2032 4271 :
2055 4233 2118 4272 ac
2146 4218 2330 4272 tandiu
2361 4219 2633 4286 insistere,
2659 4235 2942 4290 quousque
2974 4221 3316 4290 persisteudo
3335 4221 3460 4276 vin-

1872 4327 2079 4366 camus.
2125 4310 2260 4366 Nam
2294 4311 2627 4383 negligentes
2670 4313 2947 4369 orationes
2973 4328 3074 4367 nec
3103 4312 3172 4368 ab
3200 4313 3318 4384 ipso
3355 4313 3459 4369 ho-

1871 4401 2019 4458 mine
2048 4403 2340 4472 impetrare
2377 4402 2559 4458 valent
2598 4404 2744 4474 quod
2787 4403 2995 4460 volunt.
3047 4403 3276 4472 Quando
3330 4405 3458 4476 quis

1870 4504 2011 4562 orat,
2036 4504 2284 4550 sanctum
2309 4495 2374 4550 ad
2406 4511 2464 4551 se
2502 4496 2755 4566 spiritum
2785 4496 3014 4552 advocat
3040 4513 3052 4550 :
3085 4505 3142 4550 at
3167 4496 3259 4552 ubi
3286 4511 3452 4553 vene-

1871 4585 1974 4650 rit,
2021 4583 2307 4641 confestim
2353 4594 2688 4642 teutamenta
2740 4588 3172 4654 dazmoniorum,
3223 4603 3345 4660 qua:
3391 4603 3458 4648 se

178 4673 421 4730 sedeant
462 4689 654 4732 omnes
683 4676 742 4732 in
770 4673 960 4744 unum,
999 4688 1056 4734 et
1101 4678 1245 4750 legat
1290 4695 1430 4735 unus
1457 4679 1850 4747 collationesD
1875 4676 2147 4732 mentibus
2205 4677 2457 4734 humanis
2529 4679 2892 4750 immergunt,
2938 4681 3284 4750 praesentiam
3331 4679 3455 4752 ejus

172 4763 265 4821 vel
287 4765 431 4820 vitas
451 4764 696 4834 Patrum,
727 4775 822 4822 ant
849 4776 999 4824 certe
1029 4767 1233 4839 aliquid
1251 4770 1394 4841 quod
1415 4770 1647 4827 adiﬁcet
1676 4787 1772 4828 au-

173 4855 434 4912 dientes:
465 4856 589 4913 ideo
609 4873 709 4914 nos
745 4866 802 4913 et
824 4858 890 4914 de
926 4859 1306 4916 collationibus
1335 4861 1580 4928 Patrum,
1617 4871 1674 4919 et
1701 4863 1769 4920 de

170 4947 687 5004 conversationibus
712 4958 767 5004 et
801 4950 1229 5007 institutionibus
1255 4967 1444 5008 eorum
1471 4955 1766 5022 modicum,

171 5046 233 5094 et
265 5038 336 5094 de
360 5037 594 5096 diversis
621 5039 944 5096 Doctoribus
971 5042 1027 5097 in
1053 5042 1158 5097 hoc
1188 5042 1368 5100 libello
1396 5045 1768 5116 congessimus

169 5130 499 5203 plurimum,
537 5141 592 5188 et
631 5134 709 5190 sic
738 5149 862 5189 eum
900 5135 956 5190 in
982 5143 1198 5190 centum
1229 5136 1482 5207 capitulis
1515 5153 1768 5194 consum-

169 5223 450 5280 mavimus
476 5232 668 5281 totum.
713 5226 782 5281 Et
824 5227 949 5296 quia
992 5243 1110 5283 mos
1138 5236 1224 5282 est
1264 5229 1674 5296 monachorum,
1705 5238 1766 5286 ut

167 5317 424 5391 regulam
445 5319 591 5374 beati
605 5318 881 5375 Benedicti
916 5321 985 5376 ad
1005 5322 1298 5391 capitulum
1317 5321 1499 5394 legant
1519 5322 1763 5392 quotidie

167 5410 505 5466 matutinum
530 5429 543 5465 :
577 5411 822 5467 volumus
859 5420 918 5467 ut
950 5412 1053 5468 iste
1074 5412 1285 5468 libellus
1311 5414 1378 5469 ad
1403 5429 1590 5469 eorum
1621 5414 1765 5485 capi-

169 5501 356 5557 tulum
390 5503 631 5573 quotidie
656 5503 865 5575 legatur
905 5505 1293 5574 vespertinum.
1326 5505 1394 5559 Et
1426 5506 1552 5576 quia
1582 5505 1638 5560 in
1673 5520 1764 5561 ea-

168 5596 303 5651 dem
329 5582 473 5651 beati
501 5595 778 5664 Benedicti
815 5595 1044 5667 legimus
1069 5597 1274 5667 regula,
1307 5604 1368 5651 ut
1392 5598 1654 5668 quidquid
1680 5599 1764 5654 in-

169 5689 444 5744 choamus
463 5690 664 5744 bonum
686 5705 718 5744 a
737 5690 850 5746 Deo
877 5689 1007 5744 illud
1036 5689 1224 5760 perﬁci
1249 5689 1644 5745 instantissima
1671 5691 1764 5746 de-

167 5797 466 5853 poscamus
493 5782 770 5849 oratione;
807 5790 1094 5854 propterea
1123 5782 1176 5836 in
1212 5783 1316 5837 hoc
1346 5781 1524 5838 libello
1547 5784 1614 5838 de
1642 5799 1766 5840 ora-

168 5875 349 5931 tionis
375 5874 550 5945 ollicio
586 5876 880 5948 capitulum
911 5876 1164 5948 ponimus
1188 5875 1439 5945 primum.

1871 4765 2016 4821 ferre
2044 4782 2151 4822 non
2194 4768 2546 4833 sustinentes,
2578 4767 2862 4840 eﬁ‘ngiunt.
2909 4767 3100 4825 Oratio
3129 4770 3309 4826 cordis
3337 4779 3450 4838 est,

1870 4874 1979 4914 non
2010 4859 2297 4914 labiorum.
2346 4858 2533 4931 Neque
2571 4861 2717 4915 enim
2742 4861 2909 4918 verba
2940 4861 3280 4933 deprecantis
3305 4861 3454 4917 Deus

1870 4949 2101 5006 intendit
2129 4968 2143 5005 :
2178 4948 2273 5005 sed
2293 4949 2503 5005 orantis
2541 4965 2638 5006 cor
2662 4951 2874 5022 aspicit.
2907 4951 3061 5020 Quod
3086 4953 3135 5009 si
3164 4968 3258 5008 cor
3285 4952 3453 5009 tacite

1869 5051 2010 5109 oret,
2036 5051 2093 5098 et
2119 5057 2224 5098 vox
2270 5041 2450 5108 sileat,
2496 5044 2742 5113 quamvis
2774 5044 3025 5101 homines
3051 5044 3237 5111 lateat,
3275 5044 3450 5100 Deum

1867 5135 2037 5190 latere
2084 5149 2193 5189 non
2247 5142 2444 5205 potest,
2507 5135 2600 5204 qui
2653 5136 3002 5192 conscientiae
3050 5150 3290 5207 praesens
3336 5143 3444 5190 est.

1867 5228 2058 5284 Melius
2104 5237 2190 5283 est
2235 5237 2416 5284 autem
2465 5243 2589 5283 cum
2644 5228 2859 5284 silentio
2903 5244 3062 5285 orare
3107 5229 3274 5284 corde
3325 5226 3447 5281 sine

1864 5333 1998 5374 sono
2020 5319 2190 5380 vocis,
2233 5335 2396 5390 quam
2440 5319 2570 5375 solis
2594 5321 2775 5376 verbis
2809 5321 2929 5376 sine
2970 5320 3180 5375 intentu
3219 5318 3444 5374 mentis.

1867 5413 2040 5469 Voces
2092 5413 2234 5484 apud
2283 5414 2676 5470 secretissimas
2721 5428 2880 5470 aures
2936 5412 3034 5467 Dei
3083 5427 3188 5466 non
3234 5411 3445 5466 faciunt

1863 5509 2028 5565 verba
2056 5517 2262 5573 nostra,
2307 5507 2402 5564 sed
2436 5509 2724 5566 desideria.
2757 5507 3041 5562 Eternam
3081 5506 3245 5561 etiam
3273 5506 3444 5561 vitam

1865 5601 1913 5656 si
1939 5615 2036 5655 ore
2061 5600 2319 5672 petimus,
2349 5615 2448 5656 nec
2477 5610 2659 5656 tamen
2704 5598 2868 5655 corde
2896 5596 3290 5662 desideramus,
3331 5595 3447 5652 cla-

1865 5699 2077 5746 niantes
2127 5699 2387 5747 tacemus.
2440 5691 2498 5745 Si
2538 5705 2668 5745 vero
2721 5687 3092 5744 desideramus
3141 5701 3209 5741 ex
3256 5687 3442 5752 corde,

1865 5785 2029 5840 etiam
2084 5800 2208 5841 cum
2239 5799 2334 5840 ore
2376 5782 2817 5842 conticescimus,
2857 5787 3100 5834 tacentes
3121 5779 3440 5833 clamamus.

1868 5875 2072 5949 (Greg.,
2104 5876 2300 5933 Horat.
2329 5876 2368 5932 ι.
2399 5889 2536 5940 xm,
2563 5889 2609 5928 c.
2640 5872 2753 5945 18.)
2776 5871 2914 5927 Hinc
2941 5879 3024 5926 est
3057 5869 3202 5941 quod
3231 5869 3285 5924 in
3327 5882 3444 5924 ere-
