4020 6474
491 414 602 472 I99

1775 410 2127 469 SMARAGDI
2162 412 2455 470 ABBATIS

3647 417 3767 478 600

488 529 726 602 pletione
781 525 1083 598 perﬁcitur,
1139 530 1200 577 ut
1257 539 1379 579 cum
1429 523 1572 579 bona
1620 525 1705 595 agi
1757 526 2055 595 coeperint,
2085 530 2139 591 Α
2161 524 2310 598 diligi
2342 526 2395 580 in
2435 539 2515 592 se,
2545 532 2603 580 et
2633 524 2883 582 inimicos
2915 522 3061 597 diligi
3089 531 3312 596 propter
3340 541 3417 581 se.
3452 526 3769 599 Diligamus

491 621 636 677 mala
664 621 778 692 jam
814 618 957 673 nulla
1005 626 1404 688 perpetrantur.
1456 617 1573 672 Duo
1622 626 1749 673 sunt
1793 625 2062 687 praecepta

492 713 814 779 cbaritatis,
844 711 1060 766 dilectio
1094 710 1346 765 videlicet
1380 711 1510 777 Dei,
1543 720 1597 766 et
1635 711 1849 766 dilectio
1879 712 2064 782 proxi-

490 805 597 868 mi,
637 817 735 873 per
771 817 890 872 qua:
923 817 1022 856 nos
1057 816 1226 856 sacrae
1261 802 1541 870 scripturae
1573 802 1714 856 dicta
1745 801 2060 857 viviﬁcant:

488 895 620 966 quia
653 893 995 948 dilectionem
1021 892 1117 947 Dei
1144 900 1198 946 et
1222 893 1454 962 proximi
1481 894 1723 963 capimus
1750 893 1805 948 in
1836 893 2064 963 eloquiis

491 985 712 1040 divinis.
751 980 957 1056 (Greg.,
1000 982 1195 1036 Moral.
1230 982 1268 1036 l.
1299 999 1396 1049 vu,
1430 1001 1476 1038 ο.
1509 983 1640 1056 10.)
1677 983 1781 1039 Per
1819 999 2064 1039 amorem

486 1074 584 1129 Dei
628 1090 783 1130 amor
843 1076 1078 1146 proximi
1113 1077 1370 1148 gignitur,
1410 1086 1465 1132 et
1506 1093 1606 1148 per
1648 1093 1890 1133 amorem
1937 1092 2066 1148 pro-

485 1169 618 1223 xiini
675 1183 833 1222 amor
885 1169 980 1223 Dei
1043 1170 1298 1224 nutritur.
1347 1169 1482 1224 Nam
1527 1169 1620 1240 qui
1664 1185 1846 1224 amare
1892 1169 2064 1223 Deum

485 1259 740 1331 negligit,
780 1259 1024 1330 profecto
1065 1261 1285 1331 diligere
1323 1261 1629 1330 proximum
1670 1261 1858 1316 nescit.
1910 1259 2065 1315 Tunc

484 1352 698 1420 plenius
735 1352 789 1405 in
826 1351 922 1406 Dei
956 1351 1242 1407 dilectione
1278 1352 1624 1422 proficimus,
1654 1352 1700 1406 si
1729 1353 1782 1406 in
1820 1349 2062 1419 ejusdem

490 1443 799 1498 dilectionis
830 1444 1036 1513 gremio
1071 1444 1222 1513 prius
1257 1444 1485 1514 proximi
1517 1445 1780 1500 charitate
1808 1443 2059 1515 ligamur.

485 1534 625 1602 Quia
652 1549 780 1605 ergo
807 1549 962 1590 amor
1013 1535 1108 1590 Dei
1139 1550 1378 1590 amorem
1425 1535 1660 1606 proximi
1695 1542 1938 1605 generat,
1975 1534 2061 1590 di-

486 1634 675 1680 cturus
706 1639 804 1694 per
831 1623 1004 1694 legem
1032 1626 1321 1680 Dominus:
1345 1625 1539 1696 Diliges
1564 1625 1861 1697 proximum
1890 1635 2059 1692 tuum,

481 1717 746 1785 prmmisit
804 1715 1038 1771 dicens:
1097 1716 1295 1787 Diliges
1348 1716 1634 1770 Dominum
1691 1716 1860 1770 Deum
1913 1724 2063 1770 tuum

485 1806 703 1876 (Math.
746 1823 902 1872 xxn;
959 1806 1089 1860 Luc.
1129 1823 1204 1872 x;
1245 1796 1555 1878 Deutavt),
1603 1813 1662 1860 ut
1706 1805 1958 1861 videlicet
2005 1804 2060 1858 in

2165 631 2316 688 ergo,
2351 617 2688 673 dilectissimi
2729 616 2941 683 fratres,
2968 617 3255 674 Dominum
3301 618 3471 674 Deum
3501 631 3770 680 nostrum

2168 710 2310 765 sicut
2334 711 2422 764 ille
2450 713 2704 782 prtecepit
2729 728 2743 778 ;
2777 712 3018 777 scilicet,
3050 729 3114 766 ex
3145 721 3253 766 toto
3284 712 3470 778 corde,
3501 725 3616 769 tota
3643 721 3772 770 arii-
3799 711 3810 728 '

2164 818 2252 856 ma
2293 813 2343 856 et
2397 812 2507 855 tota
2535 803 2725 856 virtute
2761 813 2942 856 nostra
2980 803 3297 874 diligamus,
3329 806 3453 874 quia
3490 805 3582 858 ille
3615 809 3774 875 prior

2164 893 2347 947 dilexit
2375 911 2468 948 nos
2497 893 2684 966 (Deut.
2713 911 2799 960 vi;
2826 895 3019 950 Matth.
3043 913 3190 962 xxu;
3215 896 3346 951 Luc.
3372 896 3462 969 x).
3497 898 3592 954 Sic
3618 902 3770 955 enim

2162 980 2397 1038 Joannes
2435 984 2552 1050 ille,
2596 985 2687 1054 qui
2725 1001 2887 1055 super
2926 986 3076 1040 illum
3119 987 3425 1044 dilectionis
3459 989 3670 1045 fontem
3704 993 3766 1047 in

2163 1087 2317 1128 ccena
2355 1075 2619 1141 recubuit,
2645 1076 2698 1130 in
2738 1076 2962 1146 epistola
2993 1093 3090 1132 sua
3122 1079 3199 1132 ait
3228 1096 3240 1131 :
3277 1078 3524 1146 Fratres,
3560 1083 3770 1153 diliga-

2163 1179 2279 1217 mus
2307 1163 2871 1238 Dominum,quouiam
2899 1166 2987 1220 ille
3010 1169 3157 1238 prior
3181 1167 3365 1223 dilexit
3395 1187 3490 1224 nos
3517 1170 3569 1241 (I
3594 1169 3768 1225 Joan.

2164 1253 2260 1324 ιν).
2290 1253 2476 1324 Neque
2501 1256 2646 1310 enim
2671 1265 2884 1326 poterat
2909 1257 3198 1312 Dominum
3224 1257 3497 1330 fragilitas
3524 1261 3772 1316 humana

2167 1344 2410 1415 diligere,
2433 1346 2538 1399 nisi
2562 1345 2650 1400 ille
2676 1347 2907 1416 primum
2934 1355 3189 1401 naturam
3215 1349 3464 1420 diligeret
3489 1360 3769 1406 nostram.

2164 1432 2365 1488 Dilexit
2400 1435 2566 1489 etiam
2598 1451 2699 1490 nos
2731 1437 2885 1508 prius
2921 1453 3083 1507 quam
3119 1453 3396 1505 essemus,
3431 1451 3490 1495 et
3540 1441 3670 1496 ideo
3703 1449 3772 1497 ut

2164 1539 2409 1580 essemus
2434 1528 2636 1582 creavit
2657 1569 2672 1595 ,
2703 1528 3030 1595 viviﬁcavit,
3060 1531 3320 1600 nutrivit,
3349 1534 3688 1601 custodivit,
3709 1542 3770 1590 et

2163 1620 2232 1674 ad
2255 1619 2531 1674 lavacrum
2559 1623 2985 1692 regenerationis
3005 1624 3260 1693 perduxit
3276 1665 3290 1689 ,
3316 1628 3602 1681 renovavit
3618 1669 3634 1692 ,
3662 1644 3766 1698 gu-

2161 1713 2444 1780 bernavit,
2473 1722 2528 1768 et
2557 1716 2624 1771 ad
2654 1715 3044 1786 intelligibilem
3069 1726 3286 1772 aetatem
3313 1719 3590 1788 perduxit.
3626 1721 3760 1776 Haec

2164 1804 2308 1858 enim
2327 1805 2508 1858 omnia
2534 1805 2691 1860 nobis
2710 1806 3151 1872 misericorditer,
3169 1816 3224 1862 et
3244 1823 3341 1877 per
3365 1807 3596 1863 nimiam
3621 1809 3764 1866 dile-

485 1905 632 1951 terra
689 1897 928 1966 pectoris
984 1898 1156 1952 nostri
1218 1896 1371 1967 prius
1417 1896 1617 1950 amoris
1677 1897 1758 1951 sui
1814 1895 2054 1950 radicem
2079 1897 2128 1959 B
2155 1895 2388 1950 etionem
2403 1896 2648 1966 perfecit.
2665 1896 2984 1966 Aperiamus
3001 1912 3130 1969 ergo
3145 1897 3330 1953 oculos
3356 1899 3542 1954 cordis
3555 1900 3764 1966 nostri,

490 1987 738 2053 sisteret,
779 1995 1046 2056 quatenus
1088 2003 1187 2056 per
1240 2002 1421 2042 ramos
1458 1987 1800 2057 postmodum
1847 1986 2063 2041 dilectio

486 2077 729 2134 fraterna
782 2079 1130 2148 germinaret.
1185 2077 1353 2134 Amor
1414 2079 1512 2133 Dei
1547 2078 1804 2150 {proximi
1880 2093 2065 2154 amore

485 2171 772 2236 coalescit,
801 2171 944 2226 sicut
1003 2179 1232 2227 testatur
1278 2171 1530 2235 Joannes,
1560 2172 1652 2241 qui
1687 2170 1948 2240 quosdam
1983 2171 2066 2226 in-

482 2272 670 2336 crepat
703 2265 888 2320 dicens
917 2283 929 2317 :
965 2263 1067 2330 Qui
1110 2281 1215 2319 non
1265 2263 1434 2334 diligit
1481 2265 1700 2334 fratrem
1728 2280 1881 2317 suum
1913 2265 2064 2334 quem

483 2355 650 2420 videt,
682 2354 849 2408 Deum
871 2395 886 2420 ,
914 2372 1067 2425 quem
1121 2371 1224 2409 non
1265 2353 1433 2421 videt,
1466 2354 1722 2425 quomodo
1759 2362 1925 2425 potest
1977 2353 2064 2406 di-

485 2447 646 2517 ligere
672 2449 697 2501 ?
751 2446 950 2520 (Greg.
984 2447 1084 2502 loc.
1117 2447 1250 2520 cit.)
1307 2447 1437 2516 Qum
1487 2455 1665 2502 tamen
1714 2448 1892 2504 divina
1931 2447 2067 2502 dile-

485 2537 593 2592 ctio
646 2553 746 2608 per
792 2539 1046 2593 timorem
1096 2539 1354 2605 nascitur,
1406 2537 1500 2593 sed
1550 2538 1606 2592 in
1658 2535 1908 2592 affectum
1949 2551 2066 2592 cre—

481 2628 686 2683 scendo
742 2637 1104 2698 permutatur.
1163 2628 1319 2699 διξερε
1379 2630 1722 2698 omnipotens
1773 2627 1946 2691 Deus,
2005 2634 2067 2681 ut

482 2730 744 2790 quantum
775 2724 1002 2793 quisque
1033 2739 1063 2778 a
1095 2724 1362 2779 charitate
1399 2723 1498 2778 Dei
1534 2732 1589 2778 et
1627 2722 1862 2794 proximi
1906 2722 2066 2791 longe

431 2863 434 2866 .
483 2812 590 2877 sit,
616 2813 700 2866 vel
728 2813 783 2867 in
803 2829 873 2882 ea
899 2830 1060 2884 quam
1090 2814 1413 2884 profecerit,
1440 2822 1628 2868 notum
1656 2814 1789 2869 facit
1821 2812 1873 2882 (I
1899 2813 2060 2867 Joan.

485 2921 539 2959 tv
563 2903 602 2977 ).
636 2904 771 2962 Miro
795 2907 984 2963 ordine
1013 2915 1207 2962 cuncta
1229 2908 1567 2978 dispensans,
1591 2905 1724 2960 alios
1742 2921 1839 2976 per
1855 2905 2066 2976 ﬂagella

480 2995 766 3065 deprimit,
798 2997 932 3052 alios
961 2998 1302 3052 successibus
1337 2995 1508 3052 fulcit.
1544 2998 1614 3052 Et
1643 2997 1770 3052 dum
1799 3001 2064 3067 quosdam

481 3092 854 3161 temporaliter
891 3093 1112 3158 deserit,
1165 3093 1218 3147 in
1247 3092 1604 3162 quorumdam
1635 3091 1890 3147 cordibus
1919 3089 2064 3160 quod

483 3180 688 3235 malum
714 3180 879 3248 latet,
908 3183 1160 3238 ostendit.
1190 3180 1326 3236 Nam
1355 3181 1672 3252 plerumque
1700 3181 1800 3252 ipsi
1828 3197 1930 3237 nos
1959 3180 2063 3235 mi-

2167 1989 2506 2045 dileetissimi
2532 1990 2750 2058 fratres,
2778 1999 2835 2047 et
2863 1992 2919 2046 in
2951 2000 3165 2048 tantum
3196 2010 3297 2049 nos
3322 2009 3354 2048 a
3379 1992 3511 2050 Jesu
3539 1995 3771 2052 Christo

2167 2079 2396 2136 Domino
2442 2091 2630 2138 nostro
2673 2099 3063 2156 cognoscamus
3110 2101 3231 2142 esse
3262 2087 3525 2155 dilectos,
3564 2098 3632 2144 ut
3665 2106 3772 2160 pro

2165 2173 2323 2229 nobis
2367 2172 2482 2242 ejus
2524 2176 2842 2248 sanguinem
2889 2177 3072 2233 fusum
3113 2195 3222 2234 non
3265 2181 3594 2237 dubitemus.
3632 2182 3772 2237 Sus-

2163 2265 2465 2333 pendamus
2509 2267 2672 2322 corda
2718 2277 2907 2323 nostra
2963 2271 3030 2324 ad
3091 2271 3437 2327 dilectionem
3479 2273 3770 2330 Creatoris

2166 2347 2374 2422 nostri,
2411 2363 2466 2409 et
2496 2365 2604 2410 non
2637 2358 2705 2412 ad
2739 2359 3012 2414 modicum
3049 2370 3143 2416 aut
3180 2375 3248 2416 ex
3287 2362 3464 2433 aliquo
3498 2383 3511 2417 :
3549 2365 3668 2420 Sed
3701 2383 3770 2421 ex

2167 2455 2273 2500 toto
2323 2449 2511 2513 corde,
2561 2457 2669 2503 tota
2717 2451 2927 2516 anima,
2979 2461 3029 2505 et
3081 2461 3190 2506 tota
3238 2454 3426 2508 virtute
3470 2456 3772 2526 diligamus

2165 2553 2284 2590 eum
2313 2537 2509 2610 (Deut.
2537 2556 2623 2605 vr;
2653 2539 2847 2596 Matth.
2877 2559 3023 2609 xxii;
3053 2542 3183 2598 Luc.
3210 2560 3245 2598 x
3269 2545 3286 2616 )
3307 2586 3322 2611 ,
3352 2554 3409 2601 et
3438 2547 3648 2603 nullius
3683 2550 3768 2604 rei

2167 2628 2512 2685 dilectionem
2557 2647 2937 2702 praeponamus
2983 2633 3262 2690 dilectioni
3315 2637 3530 2691 Domini
3585 2640 3772 2695 nostri

2165 2720 2291 2776 Jesu
2327 2721 2550 2777 Christi.
2588 2723 2707 2794 Ipse
2737 2725 2885 2779 enim
2923 2726 3000 2780 ait
3030 2743 3044 2779 :
3081 2725 3187 2791 Qui
3217 2726 3386 2797 diligit
3422 2739 3631 2798 patrem
3670 2740 3774 2784 aut

2164 2823 2388 2867 matrem
2416 2813 2694 2885 plusquam
2722 2831 2828 2881 me,
2857 2833 2960 2870 non
2989 2826 3066 2871 est
3095 2835 3175 2871 me
3205 2819 3393 2889 dignus
3425 2819 3649 2890 (Matth.
3681 2821 3765 2892 x).

2165 2905 2304 2960 Vere
2333 2907 2480 2961 enim
2511 2907 2555 2962 si
2587 2906 2758 2962 Deum
2789 2917 2901 2964 toto
2932 2910 3094 2965 corde
3127 2909 3414 2982 diligamus
3433 2954 3448 2978 ,
3479 2914 3772 2970 dilectioni

2165 2998 2284 3068 ejus
2331 3015 2434 3054 nec
2480 3009 2800 3070 parentum,
2849 3017 2952 3057 nec
2997 3003 3324 3069 amicorum,
3370 3020 3472 3059 nec
3517 3005 3770 3062 ﬁliorum

2165 3090 2508 3148 dilectionem
2534 3092 2793 3162 praeferre
2819 3094 3096 3149 debemus.
3133 3094 3238 3150 Sed
3267 3095 3311 3149 si
3344 3095 3619 3166 diligimus
3651 3099 3770 3153 Do-

2164 3183 2370 3238 minum
2391 3224 2406 3249 ,
2425 3197 2648 3239 necesse
2668 3193 2752 3239 est
2774 3194 2832 3240 ut
2856 3184 3022 3255 (sicut
3048 3187 3432 3257 nosmetipsos)
3463 3188 3768 3258 diligamus

482 3287 636 3329 seros
661 3274 1038 3344 insequuntur,
1066 3275 1157 3344 qui
1187 3272 1369 3330 felices
1397 3273 1512 3328 sine
1538 3274 1940 3345 comparatione
1969 3288 2063 3329 co-
2088 3259 2134 3322 C
2165 3283 2220 3329 et
2256 3275 2563 3343 proximum
2583 3317 2597 3341 ,
2630 3277 2754 3347 quia
2783 3276 2840 3330 in
2869 3277 2950 3331 his
2985 3277 3191 3332 duobus
3219 3279 3490 3348 prie-ceptis
3524 3287 3636 3333 tota
3675 3280 3770 3335 lea:

484 3365 720 3421 luerunt.
762 3365 1029 3422 lnoﬂ‘enso
1065 3367 1201 3438 pede
1240 3366 1344 3421 iter
1380 3373 1628 3420 nostrum
1664 3365 1717 3420 in
1757 3372 1900 3420 terra
1947 3364 2060 3435 agi-

483 3465 596 3524 tur,
635 3457 681 3512 si
715 3457 858 3514 Deus
891 3466 947 3514 et
981 3458 1260 3528 proximus
1295 3444 1504 3528 integra
1533 3465 1712 3512 mente
1742 3455 2053 3525 diligantur.

479 3545 592 3602 Nec
635 3546 778 3602 Deus
822 3548 967 3603 enim
1015 3562 1142 3602 vere
1190 3547 1433 3618 diligitur
1475 3547 1592 3600 sine
1633 3545 1914 3616 proximo,
1960 3557 2062 3598 nec

479 3639 763 3710 proximus
796 3655 921 3696 vere
953 3640 1192 3711 diligitur
1229 3640 1345 3695 sine
1381 3640 1510 3695 Deo.
1553 3638 1787 3693 Sanctus
1824 3635 2062 3706 Spiritus

377 3780 402 3809 ε
479 3730 722 3786 secundo
751 3730 950 3802 legitur
976 3732 1254 3802 discipulis
1284 3733 1478 3787 datus:
1509 3731 1659 3801 prius
1685 3747 1716 3785 a
1746 3730 1976 3785 Domino
2006 3729 2060 3784 in

385 3845 410 3896 ξ
482 3830 634 3877 terra
669 3822 898 3894 degente
933 3821 952 3894 (
971 3821 1134 3877 Joan.
1163 3821 1312 3896 xx),
1353 3823 1696 3893 postmodum
1732 3838 1762 3877 a
1797 3822 2059 3890 Domino,

400 3929 407 3969 :
480 3914 624 3971 ctelo
657 3915 982 3985 praesidente
1020 3915 1176 3988 (Act.
1205 3916 1311 3990 ιι).
1342 3905 1422 3972 Ἰιι
1473 3927 1617 3974 terra
1663 3919 1859 3989 quippe
1903 3918 2063 3974 datur

480 4006 740 4077 spiritus,
775 4015 836 4062 ut
867 4007 1124 4079 diligatur
1158 4010 1483 4079 proximus:
1531 4025 1562 4065 e
1608 4010 1745 4066 etnlo
1791 4026 1952 4076 vero,
2001 4019 2062 4065 ut

480 4097 736 4170 diligatur
766 4098 927 4154 Deus.
969 4098 1078 4155 Sed
1107 4116 1205 4156 cur
1237 4101 1390 4172 prius
1424 4101 1479 4156 in
1513 4110 1690 4168 terra,
1717 4103 2059 4172 postmodum

477 4205 509 4244 e
556 4191 728 4259 caelo,
779 4193 885 4248 nisi
935 4193 1062 4262 quia
1111 4203 1363 4264 patenter
1409 4195 1567 4250 datur
1612 4195 1874 4266 intelligi,
1916 4195 2063 4265 quod

472 4279 630 4350 juxta
660 4282 888 4340 Joannis
919 4301 1107 4341 vocem
1138 4304 1150 4339 :
1187 4285 1291 4352 Qui
1319 4287 1539 4356 fratrem
1564 4303 1720 4340 suum
1747 4303 1897 4357 quem
1926 4286 2062 4340 videt

481 4389 587 4427 non
625 4373 827 4445 diligit,
869 4375 1039 4430 Deum
1068 4395 1220 4448 quem
1257 4395 1361 4433 non
1397 4379 1563 4444 videt,
1601 4377 1861 4448 quomodo
1895 4385 2062 4448 potest

480 4463 701 4533 diligere
751 4464 831 4537 (Ι
868 4463 1032 4520 Joan.
1076 4466 1220 4539 1v)?
1267 4471 1526 4524 Amemus
1573 4477 1629 4524 et
1673 4468 2064 4538 amplectamur

478 4555 787 4623 proximum
811 4595 827 4621 ,
861 4556 951 4625 qui
982 4555 1137 4624 juxta
1172 4573 1270 4612 nos
1313 4567 1428 4624 est,
1469 4567 1528 4612 ut
1564 4558 1852 4628 pervenire
1883 4555 2064 4611 valea-

2161 3364 2348 3436 pendet
2373 3373 2421 3419 et
2450 3363 2724 3435 Propheta:
2750 3365 2964 3437 (Matth.
2993 3383 3108 3422 xxn
3134 3385 3149 3434 ;
3180 3367 3333 3423 Rom.
3350 3369 3493 3441 xm).
3512 3369 3658 3440 Ergo
3686 3371 3770 3425 le-

2163 3470 2283 3527 gem
2309 3464 2364 3511 et
2387 3455 2685 3526 Prophetas
2709 3473 2816 3512 non
2855 3458 3061 3530 implet,
3089 3460 3179 3529 qui
3220 3459 3390 3516 Deum
3423 3460 3770 3530 proximum-

2164 3562 2270 3616 que
2300 3563 2410 3601 non
2442 3547 2636 3616 diligit.
2679 3547 2954 3619 Scriptum
2983 3559 3066 3605 est
3093 3551 3259 3605 enim.
3295 3549 3412 3604 Hoc
3441 3554 3765 3609 mandatum

2163 3636 2414 3691 habemus
2447 3654 2479 3690 a
2514 3637 2656 3704 Deo,
2681 3648 2740 3692 ut
2764 3639 2853 3709 qui
2890 3639 3059 3710 diligit
3085 3640 3256 3696 Deum
3279 3681 3292 3706 ,
3324 3640 3510 3712 diligat
3553 3652 3604 3696 et
3642 3643 3767 3712 fra-

2165 3738 2295 3782 trem
2329 3745 2482 3783 suum
2523 3727 2576 3800 (I
2597 3727 2760 3784 Joan.
2792 3747 2848 3786 tv
2869 3729 2908 3802 ).
2933 3730 3004 3785 Et
3033 3733 3088 3785 in
3114 3733 3212 3786 hoc
3238 3743 3546 3803 cognoscent
3576 3751 3764 3790 omnes

2165 3821 2291 3891 quia
2325 3821 2426 3874 mei
2466 3821 2588 3875 estis
2626 3821 2902 3892 discipuli,
2935 3824 2979 3878 si
3007 3822 3335 3878 dilectionem
3365 3825 3657 3880 habueritis
3687 3827 3764 3881 ad

2163 3915 2381 3968 invicem
2401 3913 2604 3984 [(Joan.
2633 3914 2777 3986 xm).
2809 3916 2878 3970 Et
2904 3916 3034 3971 illud
3059 3933 3073 3971 :
3104 3916 3438 3982 Charissimi,
3468 3919 3762 3988 diligamus

2166 4022 2260 4060 nos
2302 4007 2555 4072 invicem,
2585 4008 2835 4076 quoniam
2865 4008 3098 4062 charitas
3125 4025 3190 4063 ea:
3218 4008 3328 4063 Deo
3353 4019 3451 4064 est.
3483 4009 3554 4063 Et
3586 4012 3760 4065 omnis

2164 4100 2255 4170 qui
2283 4099 2451 4169 diligit
2478 4098 2696 4167 fratrem
2723 4117 2908 4167 suum,
2938 4118 3003 4154 ea:
3028 4101 3138 4155 Deo
3164 4111 3320 4156 natus
3347 4111 3423 4156 est
3443 4143 3459 4167 ,
3491 4113 3535 4156 et
3563 4119 3762 4173 cogno-

2165 4188 2260 4241 scit
2286 4187 2456 4241 Deum
2500 4188 2552 4259 (I
2577 4187 2740 4243 Joan.
2770 4191 2867 4259 iv).
2903 4188 2962 4245 Si
3005 4191 3198 4262 diligas
3238 4193 3495 4259 invicem,
3529 4193 3674 4248 Deus
3701 4195 3762 4248 in

2167 4281 2316 4335 nobis
2354 4291 2561 4347 manet,
2599 4290 2646 4337 et
2691 4282 2923 4337 charitas
2961 4283 3076 4354 ejus
3113 4285 3168 4337 in
3205 4283 3350 4338 nobis
3399 4285 3636 4355 perfecta
3682 4293 3760 4338 est

2166 4368 2343 4443 (Ibid.
2361 4370 2402 4444 ).
2433 4372 2598 4428 Beata
2625 4381 2711 4428 est
2737 4388 2866 4444 ergo
2896 4373 3113 4428 dilectio
3142 4374 3451 4438 cbaritatis,
3487 4390 3612 4444 quae
3641 4390 3758 4429 om-

2165 4478 2263 4517 nes
2299 4463 2667 4534 amplectitur,
2707 4479 2898 4520 onines
2935 4464 3140 4536 diligit,
3181 4479 3373 4520 omnes
3408 4463 3574 4520 fovet.
3618 4466 3759 4520 Vere

2167 4554 2356 4620 beata,
2398 4571 2517 4625 qua:
2550 4555 2720 4610 nutrit
2753 4555 3014 4623 virtutes,
3053 4564 3109 4611 et
3156 4555 3300 4610 delet
3343 4565 3594 4626 peccata.
3646 4554 3756 4626 0p-

476 4621 601 4701 tnus
635 4621 998 4704 ad-amorem'
1015 4649 1160 4706 illius
1187 4652 1280 4722 qui
1311 4621 1473 4720 super
1502 4621 1602 4706 nos
1641 4660 1742 4706 est.
1777 4651 2064 4706 Meditetur
2087 4621 2140 4682 D
2165 4646 2351 4715 primit
2377 4621 2544 4711 iram,
2569 4645 2807 4700 excludit
2833 4646 2986 4712 odia,
3012 4644 3233 4716 expellit
3257 4645 3545 4700 avaritiam
3564 4686 3579 4710 ,
3602 4661 3754 4701 eom-

480 4753 638 4794 mens
671 4739 724 4792 in
759 4740 1044 4810 proximo,
1074 4742 1218 4810 quod
1253 4742 1510 4798 exhibeat
1545 4741 1692 4809 Deo,
1730 4751 1790 4797 ut
1825 4741 2064 4812 perfecte

478 4839 758 4886 mereatur
788 4831 844 4885 in
873 4831 984 4886 Deo
1011 4833 1248 4902 gaudere
1277 4849 1400 4888 cum
1426 4835 1693 4904 proximo.
1736 4833 1887 4888 Tunc
1915 4833 2063 4888 enim

477 4921 547 4976 ad
576 4920 724 4977 illam
751 4937 1002 4994 superna:
1026 4922 1345 4994 frequentiae
1370 4923 1615 4980 laetitiam
1645 4924 2058 4995 perveniemus,

477 5013 546 5071 de
588 5031 694 5086 qua
735 5032 882 5072 nunc
927 5016 1102 5072 sancti
1139 5015 1372 5087 Spiritus
1405 5017 1603 5089 pignus
1643 5017 1982 5086 accepimus,
2015 5015 2061 5069 si

478 5108 548 5163 ad
582 5109 746 5164 istum
783 5109 977 5176 linem,
1011 5109 1221 5166 scilicet
1254 5111 1322 5166 ad
1356 5109 1698 5166 dilectionem
1725 5108 1822 5164 Dei
1853 5115 1909 5164 et
1934 5123 2061 5178 pro-

479 5200 644 5266 ximi,
695 5209 808 5258 toto
858 5217 1043 5258 amore
1081 5203 1382 5258 tendamus.
1418 5202 1589 5259 Omne
1633 5203 1951 5258 mandatum
1994 5202 2062 5258 de

479 5292 595 5347 sola
622 5292 912 5349 dilectione
939 5302 1040 5358 est,
1067 5301 1122 5350 et
1144 5295 1329 5350 omnia
1358 5311 1524 5349 unum
1553 5302 1881 5366 praeceptum
1911 5301 2058 5349 sunt.

479 5379 676 5454 (Greg.
708 5385 852 5440 hom.
878 5385 948 5438 27
974 5387 1030 5441 in
1057 5385 1199 5457 Ev.)
1239 5385 1377 5453 Quia
1429 5385 1686 5455 quidquid
1727 5385 2059 5456 prazcipitur,

480 5475 535 5530 in
572 5476 684 5531 sola
723 5479 989 5533 charitate
1027 5478 1307 5534 solidatur.
1349 5477 1622 5547 Prtecepta
1658 5493 1789 5548 ergo
1827 5477 2064 5532 Domini-

479 5580 568 5631 ca,
594 5576 649 5621 et
681 5569 846 5622 multa
881 5577 1004 5624 sunt
1026 5610 1042 5636 ,
1075 5579 1130 5624 et
1163 5585 1351 5624 unum.
1379 5567 1541 5622 Multa
1567 5583 1664 5638 per
1689 5569 2059 5625 diversitatem

478 5657 692 5728 operis,
723 5674 889 5714 unum
918 5662 972 5715 in
1006 5661 1187 5715 radice
1215 5659 1535 5715 dilectionis.
1569 5658 1812 5726 Qualiter
1841 5660 2060 5715 dilectio

477 5747 576 5805 Dei
626 5759 683 5805 et
724 5753 954 5821 proximi
1003 5753 1072 5806 sit
1115 5753 1377 5817 tenenda,
1410 5751 1524 5821 ipse
1571 5751 1841 5817 insinuat,
1877 5754 1969 5822 qui
2003 5753 2058 5808 in

478 5841 752 5913 plerisque
783 5843 1076 5914 Scriptura:
1103 5859 1215 5901 sua:
1245 5843 1557 5912 sententiis,
1588 5849 1642 5935 et
1677 5843 1880 5901 amicos
1903 5842 2060 5914 jubet

2166 4735 2355 4805 primit
2387 4735 2596 4801 rixam,
2629 4744 2684 4790 et
2716 4735 2870 4807 fugat
2900 4737 3105 4806 pariter
3143 4737 3327 4792 omnia
3363 4737 3517 4792 vitia.
3561 4737 3754 4792 Omnia

2167 4823 2388 4890 tolerat,
2432 4825 2607 4879 omnia
2648 4825 2837 4892 credit,
2874 4829 3050 4881 omnia
3093 4837 3269 4898 sperat
3315 4827 3390 4901 (1
3424 4826 3552 4882 Cor.
3584 4845 3685 4884 xm
3711 4829 3750 4898 ).

2164 4914 2313 4969 lnter
2349 4915 2638 4985 opprobria
2669 4929 2860 4970 secura
2887 4926 2999 4982 est,
3029 4918 3170 4973 inter
3197 4918 3310 4974 iras
3337 4917 3583 4989 placida,
3615 4920 3755 4973 inter

2164 5006 2289 5062 odia
2317 5007 2564 5063 benefica
2583 5049 2597 5076 ,
2625 5009 2679 5063 in
2722 5010 2953 5064 veritate
2976 5009 3151 5064 ﬁrma.
3178 5009 3222 5064 Α
3250 5011 3434 5081 pravis
3461 5011 3750 5082 impugna-

2162 5101 2374 5156 toribus
2412 5117 2519 5156 non
2555 5102 2832 5172 diripitur,
2873 5118 2907 5158 a
2939 5101 3237 5159 latronibus
3267 5118 3372 5158 non
3406 5100 3646 5167 furatur,
3683 5102 3749 5158 ab

2162 5193 2418 5249 incendio
2463 5209 2574 5249 non
2619 5204 2912 5261 crematur,
2960 5195 3029 5250 ab
3071 5197 3266 5251 haeresi
3310 5212 3419 5253 non
3463 5196 3746 5251 dividitur.

2161 5284 2442 5340 ludividua
2471 5293 2610 5351 stat,
2640 5286 3076 5359 inexpugnabilis
3111 5297 3320 5353 manet,
3353 5287 3749 5357 inexplicabilis

2165 5379 2355 5445 durat,
2394 5379 2715 5434 inconcussa
2761 5389 3107 5449 perseverat,
3147 5381 3460 5450 incorrupta
3510 5381 3741 5436 instatur.

2164 5472 2542 5544 Ligamentum
2571 5481 2654 5528 est
2683 5474 2829 5528 enim
2866 5475 3109 5529 omnium
3144 5474 3404 5527 virtutum
3423 5515 3438 5537 ,
3479 5473 3742 5544 glutinum

2164 5569 2466 5623 animarum
2488 5608 2502 5634 ,
2537 5567 2831 5622 concordia
2861 5572 3156 5633 mentium,
3188 5575 3243 5622 et
3271 5567 3507 5622 societas
3538 5565 3741 5621 electo-

2163 5676 2302 5714 rum.
2342 5659 2420 5716 Ne
2458 5661 2874 5718 adversitatibus
2911 5661 3213 5734 frangatur,
3254 5661 3469 5715 fortiter
3506 5667 3742 5714 mentem

2161 5753 2426 5808 roborat:
2471 5769 2540 5809 ne
2586 5756 3037 5825 prosperitatibus
3085 5753 3349 5818 elevetur,
3398 5760 3559 5806 caute
3607 5759 3740 5805 tem-

2159 5854 2316 5920 perat
2344 5864 2359 5903 :
2401 5861 2470 5906 ne
2497 5846 2567 5903 ab
2595 5847 2678 5907 ira
2707 5857 3012 5920 superetur,
3041 5844 3439 5905 rationabiliter
3459 5841 3730 5917 reprimit.
