4020 6464
259 419 356 475 σοι
1401 495 1405 500 ί
1457 414 1760 474 DIADEMA
1797 408 2300 476 MONACHORUM.
3392 413 3502 483 ως

254 534 402 591 Vere
429 534 545 590 haec
574 531 593 602 (
616 539 674 586 ut
703 529 896 602 video)
924 527 1257 586 nobilissima
1285 537 1341 585 et
1371 530 1822 587 excellentissima
1849 534 1900 595 Α
1923 541 1972 588 et
2001 549 2157 605 super
2185 548 2361 586 omnia
2390 547 2548 602 opera
2571 547 2787 589 manum
2812 540 3025 590 tuarum
3046 575 3061 603 ,
3091 535 3496 599 benedictionem

254 627 432 682 virtus
458 633 561 681 est.
592 623 892 678 Teneamus
921 637 1048 694 ergo
1073 637 1216 687 eam,
1251 617 1473 688 fratres,
1496 623 1696 679 virtute
1719 639 1824 694 qua
1925 625 2124 697 (Deut.
2151 641 2319 681 xxvm
2343 623 2383 697 ).
2429 623 2567 680 Hinc
2602 635 2656 681 et
2695 625 2929 683 Joannes
2970 627 3256 698 Apostolus
3281 631 3358 687 ait
3383 651 3396 687 :
3427 633 3498 689 In

251 732 570 789 possumus,
600 723 657 771 ut
685 716 962 772 nobiscum
1007 716 1110 780 sit,
1134 717 1412 772 nobiscum
1445 725 1694 783 maneat,
1727 731 1826 772 no-
1922 721 2019 770 hoc
2047 717 2406 788 cognoscimus
2434 716 2681 787 quoniam
2706 717 2972 788 diligimus
3013 730 3165 776 natos
3202 720 3333 788 Dei,
3377 740 3497 779 cum

251 808 462 864 hiscum
491 817 713 879 surgat,
745 807 1024 862 nobiscum
1051 816 1272 878 pergat,
1302 808 1580 864 nobiscum
1611 807 1824 862 laetetur
1921 808 2089 863 Deum
2133 808 2451 879 diligamus,
2496 819 2544 864 et
2585 809 2836 864 mandata
2879 813 2993 882 ejus
3040 813 3319 884 faciamus.
3362 815 3496 871 ch

249 908 307 956 et
335 899 672 956 convivetur.
700 898 864 953 Decet
889 898 1031 954 enim
1064 898 1118 952 in
1148 898 1377 954 fratrum
1407 899 1822 971 congregatione

247 997 362 1044 tam
392 991 593 1060 regiam
617 987 818 1060 jugiter
845 989 1022 1044 inesse
1048 989 1322 1045 virtutem.

865 1081 1092 1138 CAPUT
1135 1083 1198 1138 γ.

529 1175 608 1229 De
637 1175 990 1230 observatione
1017 1175 1388 1230 mandatorum
1418 1174 1537 1232 Dei.

316 1265 446 1322 Post
476 1267 876 1321 exsecutionem
904 1265 1233 1332 dilectionis,
1262 1265 1542 1320 videamus
1567 1263 1696 1335 quid
1721 1278 1818 1318 no-

241 1358 328 1413 bis
367 1358 764 1414 observandum
797 1359 912 1428 ipse
940 1366 1131 1412 auctor
1173 1356 1453 1428 praecipiat
1491 1355 1811 1412 dilectionis.

239 1451 333 1505 Ait
364 1451 508 1504 enim
538 1469 549 1502 :
575 1449 634 1504 Si
676 1449 895 1521 diligitis
937 1467 1050 1516 me,
1080 1449 1334 1503 mandata
1360 1464 1476 1501 mea
1507 1457 1734 1512 servate,
1764 1457 1812 1501 et

237 1557 334 1610 ego
360 1540 551 1610 rogabo
579 1539 793 1594 Patrem
812 1580 828 1605 ,
855 1551 903 1595 et
925 1539 1088 1594 alium
1115 1538 1451 1593 Paracletum
1476 1538 1621 1592 dabit
1647 1538 1809 1604 vobis,

237 1642 292 1686 ut
322 1642 528 1686 maneat
559 1633 818 1686 vobiscum
843 1633 900 1686 in
927 1642 1177 1687 a’ternum
1209 1630 1402 1702 (Joan.
1432 1630 1581 1702 le).
1617 1630 1808 1685 Atten-

234 1725 427 1780 damus
461 1740 614 1795 ergo,
653 1724 872 1791 fratres,
897 1732 1157 1794 quantum
1188 1737 1288 1777 nos
1318 1721 1504 1792 diligat
1543 1721 1805 1778 Dominus

234 1826 422 1874 noster
448 1817 605 1872 lesus
631 1817 904 1881 Christus,
934 1818 1024 1886 qui
1057 1831 1180 1870 cum
1206 1813 1566 1884 promissione
1592 1829 1623 1868 a
1652 1813 1806 1868 nobis

1920 900 2056 953 enim
2085 899 2314 953 charitas
2343 899 2462 966 Dei,
2495 909 2549 954 ut
2575 900 2827 955 mandata
2867 903 2982 972 ejus
3022 904 3398 972 custodiamus,
3441 915 3494 962 et

1917 992 2174 1046 mandata
2213 993 2327 1063 ejus
2365 994 2547 1064 gravia
2588 1010 2692 1048 non
2730 1003 2853 1048 sunt
2883 993 2955 1067 (I
2978 995 3140 1052 Joan.
3170 1013 3206 1052 v
3225 998 3265 1072 ).
3297 999 3411 1055 Hoc
3437 1007 3496 1056 et

1918 1082 2033 1154 ipse
2082 1086 2340 1141 Dominus
2382 1087 2500 1142 ait:
2556 1085 2618 1142 Si
2660 1088 2776 1158 quis
2823 1086 2995 1158 diligit
3038 1107 3158 1157 me,
3201 1108 3492 1147 sermonem

1916 1190 2088 1228 meum
2117 1177 2339 1231 servabit
2371 1176 2572 1249 (Joan.
2602 1193 2693 1233 xxv
2715 1177 2756 1250 ).
2791 1176 2985 1250 (Greg.
3011 1180 3152 1235 hom.
3180 1180 3250 1236 50
3275 1183 3328 1236 in
3353 1182 3490 1256 Ev.)

1915 1263 2169 1320 Probatio
2196 1283 2327 1338 ergo
2355 1267 2679 1334 dilectionis,
2710 1268 2976 1324 exbibitio
3004 1277 3088 1324 est
3113 1271 3315 1341 operis.
3349 1273 3490 1328 Vere

1915 1359 2057 1413 enim
2082 1359 2249 1415 Deum
2273 1361 2565 1433 diligimus,
2614 1362 2659 1418 si
2689 1364 2945 1418 mandata
2973 1364 3091 1435 ejus
3115 1365 3487 1434 observantes,

1913 1465 1944 1504 a
1973 1452 2171 1506 nostris
2196 1468 2293 1507 nos
2318 1452 2686 1508 voluntatibus
2712 1463 3076 1510 coarctamus.
3109 1454 3243 1509 Nam
3272 1455 3364 1525 qui
3395 1455 3490 1512 ad-

1911 1541 2016 1597 huc
2040 1557 2138 1612 per
2160 1543 2345 1599 illicita
2371 1545 2636 1601 desideria
2663 1545 2877 1613 deﬂuit,
2906 1546 3152 1617 profecto
3181 1547 3348 1604 Deum
3379 1562 3489 1605 non

1910 1643 2086 1701 amat,
2114 1636 2238 1705 quia
2264 1635 2314 1692 ei
2344 1638 2400 1692 in
2429 1653 2525 1692 sua
2555 1637 2829 1693 voluntate
2856 1639 3198 1702 contradicit.

2518 1729 2746 1786 CAPUT
2790 1731 2877 1786 VI-

2539 1818 2618 1874 De
2642 1821 2848 1875 timore.

235 1924 388 1964 suam
417 1910 583 1980 exigit
609 1908 983 1973 dilectionem,
1014 1915 1070 1962 et
1100 1906 1361 1977 Spiritum
1392 1913 1640 1962 sanctum
1671 1905 1804 1961 dicit
1830 1905 1878 1964 B
1976 1905 2246 1978 Scriptum
2275 1917 2358 1965 est
2385 1909 2529 1966 enim
2559 1928 2570 1964 :
2615 1909 2838 1964 Initium
2877 1912 3149 1982 sapientia:
3177 1912 3338 1967 timor
3374 1912 3484 1969 Do-

232 2001 514 2055 nobiscum
539 2016 658 2057 esse
685 2001 737 2055 in
763 2009 1026 2055 aeternum
1053 2014 1390 2067 mansurum,
1439 1999 1485 2053 si
1513 2005 1636 2068 post
1664 1997 1800 2053 dile-

230 2091 465 2146 ctionem
495 2107 650 2146 suam
679 2092 931 2145 mandata
959 2091 1076 2161 ejus
1104 2091 1519 2146 servaverimus.
1561 2089 1645 2144 Ab
1685 2091 1802 2160 ipso

229 2182 372 2236 enim
410 2182 567 2237 nobis
599 2183 781 2236 omnia
809 2182 950 2236 bona
983 2182 1304 2252 largiuntur,
1352 2189 1408 2236 et
1434 2179 1572 2234 velle
1599 2181 1802 2235 bonum

229 2280 286 2327 et
319 2274 566 2341 operari,
607 2273 676 2327 ab
713 2273 802 2327 illo
835 2273 986 2342 prius
1019 2273 1252 2327 donatur
1298 2271 1474 2326 nobis.
1513 2270 1800 2341 Diligimur

127 2353 132 2358 ’
224 2365 373 2419 enim
399 2367 468 2420 ab
502 2366 634 2432 illo;
671 2373 732 2419 ut
763 2365 1049 2436 diligamus
1083 2365 1273 2430 illum;
1313 2379 1560 2418 amamur
1593 2363 1662 2418 ab
1697 2379 1797 2430 eo,

224 2466 286 2510 ut
332 2473 573 2512 amemus
621 2473 763 2512 eum.
811 2457 1220 2529 Cognoscimur,
1255 2444 1326 2513 ἰιι
1364 2472 1796 2527 cognoscamus:

222 2546 542 2616 adjuvantur
567 2557 626 2603 ut
652 2564 960 2619 operemur,
989 2558 1043 2604 et
1073 2551 1345 2620 operando
1393 2551 1685 2607 virtutibus
1712 2553 1796 2608 di-

222 2648 423 2695 temur.
455 2641 595 2711 Ergo
623 2641 668 2694 si
698 2656 795 2696 nos
824 2641 1038 2696 dilectio
1079 2641 1174 2696 Dei
1213 2643 1551 2712 proximique
1591 2643 1800 2698 demul-

220 2741 339 2799 cet,
372 2748 711 2803 consequens
739 2742 822 2789 est
849 2743 908 2788 ut
936 2733 1200 2790 faciamus
1226 2736 1367 2804 quod
1398 2735 1484 2790 ille
1510 2735 1792 2805 praecepit.

217 2828 355 2895 Quia
387 2828 444 2882 in
471 2835 680 2883 tantum
709 2827 1011 2898 diligimus,
1045 2829 1098 2882 in
1127 2836 1386 2898 quantum
1415 2827 1661 2882 facimus.
1691 2826 1797 2883 Ne-

216 2936 322 2990 que
351 2921 496 2976 enim
523 2928 701 2989 potest
726 2919 940 2975 sincere
958 2920 1124 2974 Deum
1151 2919 1393 2991 diligere,
1421 2918 1512 2988 qui
1541 2919 1792 2973 mandata

215 3012 332 3082 ejus
357 3010 588 3067 ﬁdeliter
616 3027 722 3066 non
751 3010 953 3080 implet.
982 3010 1100 3080 Ipse
1125 3011 1267 3065 enim
1300 3012 1374 3065 ait
1399 3028 1412 3064 :
1445 3009 1506 3065 Si
1531 3010 1647 3081 quis
1672 3009 1793 3063 dili-

214 3103 289 3174 git
320 3119 420 3169 me,
453 3120 738 3158 sermonem
763 3120 934 3158 meum
953 3103 1197 3158 servabit.
1223 3103 1292 3157 Et
1317 3102 1477 3158 Pater
1496 3119 1642 3157 meus
1671 3101 1792 3156 dili-

210 3205 294 3268 get
313 3211 432 3250 eum
450 3236 466 3262 ,
488 3205 537 3251 et
557 3196 624 3249 ad
643 3212 761 3250 eum
782 3196 1066 3261 veniemus,
1087 3203 1136 3250 et
1155 3195 1477 3250 mansionem
1503 3196 1643 3265 apud
1669 3209 1788 3248 eum

1905 1998 2033 2053 mini
2060 1997 2232 2069 (Psal.
2260 1998 2372 2071 cx).
2407 1998 2587 2053 Timor
2610 1999 2824 2054 Domini
2851 2001 3042 2072 gloria,
3069 2011 3116 2056 et
3138 2002 3402 2074 gloriatio,
3431 2014 3481 2060 et

1905 2087 2090 2142 laetitia
2109 2130 2123 2155 ,
2151 2098 2200 2143 et
2229 2106 2423 2144 corona
2463 2088 2850 2145 exsultationis.
2897 2090 3075 2146 Timor
3099 2091 3313 2148 Domini
3340 2093 3482 2148 dele-

1903 2179 2062 2233 ctabit
2087 2196 2177 2234 cor
2201 2193 2218 2232 :
2245 2189 2294 2234 et
2319 2181 2464 2235 dabit
2487 2180 2729 2236 lwtitiam
2752 2191 2800 2236 et
2827 2183 3111 2254 gaudium,
3155 2184 3212 2238 in
3249 2183 3480 2256 longitu-

1903 2270 2078 2324 dinem
2103 2271 2307 2325 dierum
2334 2270 2524 2344 (Eccli.
2554 2271 2618 2345 ι).
2652 2271 2796 2328 Time
2821 2273 3102 2328 Dominum
3121 2313 3138 2342 ,
3165 2284 3215 2329 et
3242 2275 3420 2331 recede
3445 2292 3481 2332 a

1901 2361 2072 2427 malo,
2099 2365 2223 2434 quia
2247 2364 2448 2417 timenti
2473 2349 2791 2420 Deumbene
2816 2367 2914 2420 erit
2938 2368 2993 2421 in
3019 2369 3263 2423 extremis
3281 2410 3295 2435 ,
3335 2377 3384 2423 et
3421 2369 3481 2425 in

1901 2453 2081 2507 diebus
2107 2455 2570 2509 consummationis
2594 2454 2739 2510 illius
2763 2455 3094 2512 benedicetur
3118 2457 3138 2529 (
3163 2457 3322 2513 Prov.
3349 2457 3476 2532 ιιι

1900 2541 2182 2600 Plenitudo
2211 2546 2499 2616 sapientia,
2528 2548 2711 2602 timere
2735 2546 2904 2602 Deum
2930 2547 3119 2621 (Eccli.
3147 2548 3210 2622 ι).
3240 2549 3480 2607 Genera-

1898 2636 1975 2690 tio
2015 2638 2325 2707 sapientizr,
2372 2639 2535 2693 timor
2571 2639 2822 2708 Domini,
2863 2641 3097 2709 divitiae,
3138 2651 3194 2698 et
3235 2644 3384 2711 vita,
3422 2650 3480 2702 et

1898 2725 2088 2798 gloria.
2127 2727 2306 2783 Timor
2329 2730 2548 2785 Domini
2581 2731 2790 2803 expellit
2813 2743 3082 2804 peccatum
3102 2777 3118 2802 ,
3146 2745 3200 2791 et
3231 2738 3478 2800 reprimit

1894 2818 2108 2884 vitium,
2157 2827 2378 2874 cautum
2432 2820 2566 2876 facit
2620 2822 2894 2878 hominem
2947 2832 3110 2896 atque
3163 2827 3474 2885 sollicitum.

1897 2909 2039 2964 Nam
2064 2913 2152 2984 qui
2177 2913 2288 2978 sine
2313 2915 2498 2969 timore
2519 2926 2628 2982 est,
2658 2934 2763 2971 non
2784 2920 2973 2988 poterit
2989 2920 3302 2992 justificari.
3337 2922 3474 2990 Quia

1893 3001 1985 3055 ubi
2018 3001 2179 3056 timor
2205 3018 2311 3058 non
2342 3012 2454 3070 est,
2482 3006 2557 3060 ibi
2587 3007 2870 3065 dissolutio
2900 3009 3022 3066 vita:
3045 3018 3148 3067 est.
3181 3011 3284 3068 Ubi
3313 3015 3476 3070 timor

1892 3105 1998 3144 non
2040 3100 2156 3157 est,
2197 3093 2269 3147 ibi
2312 3095 2596 3151 seelcratio
2637 3106 2738 3153 est.
2782 3099 2881 3156 Ubi
2919 3101 3082 3158 timor
3117 3118 3225 3159 non
3255 3113 3370 3170 est,
3399 3103 3473 3161 ibi

1893 3179 2157 3235 scelerum
2191 3183 2519 3238 abundantia
2549 3194 2650 3240 est.
2687 3186 2793 3252 Qui
2817 3190 2996 3243 timent
3023 3190 3304 3246 Dominum
3325 3234 3340 3258 ,
3366 3209 3473 3248 non

213 3264 487 3356 iaciemus.
521 3287 590 3341 Et
627 3290 716 3360 qui
747 3305 848 3342 non
879 3288 1049 3359 dﬂigi;
1075 3304 1156 3342 me
1197 3304 1460 3342 germane;
1511 3264 1651 3341 meo,
1679 3304 1782 3341 ηοη
1811 3264 1856 3326 C
1887 3281 2037 3324 erunt
2077 3272 2407 3328 incredibiles
2441 3267 2594 3330 verbo
2628 3276 2772 3332 illius
2808 3291 2827 3329 :
2867 3288 2917 3332 et
2951 3281 3041 3350 qui
3071 3279 3294 3349 diligunt
3320 3297 3470 3349 eum,

207 3388 400 3434 servat.
430 3377 665 3435 Joannes
693 3395 907 3451 quoque
935 3379 1223 3450 Apostolus
1251 3380 1542 3435 dilectione
1571 3379 1783 3434 Domini

206 3473 468 3544 repletus,
493 3474 547 3528 in
575 3473 814 3544 Epistola
842 3489 937 3529 sua
959 3475 1034 3528 ait
1059 3491 1074 3528 :
1099 3472 1166 3527 In
1195 3473 1290 3526 hoc
1319 3473 1513 3527 scimus
1535 3473 1783 3544 quoniam

207 3567 544 3636 cognovimus
568 3584 714 3631 eum,
745 3567 791 3622 si
815 3568 1066 3622 mandata
1095 3567 1210 3637 ejus
1238 3566 1566 3621 observamus
1594 3566 1778 3638 (Ioan.

208 3674 302 3714 xtv
325 3657 368 3729 ).
419 3656 524 3724 Qui
564 3659 689 3713 dicit
719 3675 774 3714 se
802 3675 953 3713 nosse
977 3658 1145 3712 Deum
1172 3666 1219 3712 et
1248 3657 1501 3711 mandata
1530 3657 1644 3728 ejus
1676 3673 1780 3712 non

207 3751 472 3818 custodit,
501 3752 728 3807 mendax
752 3760 863 3819 est,
908 3761 958 3807 et
996 3753 1052 3806 in
1091 3769 1150 3806 eo
1189 3752 1376 3806 veritas
1418 3767 1521 3804 non
1547 3759 1643 3804 est.
1677 3749 1782 3816 Qui

204 3852 379 3898 servat
406 3845 618 3898 verbum
642 3844 757 3915 ejus
774 3885 789 3911 ,
817 3860 936 3899 vere
961 3844 1018 3898 in
1045 3844 1142 3898 hoc
1166 3843 1398 3897 charitas
1427 3840 1522 3895 Dei
1547 3842 1778 3912 perfecta

202 3943 282 3988 est
311 3931 376 4006 (I
397 3933 558 3988 Joan.
588 3933 686 4005 ιι).
716 3935 792 3990 De
815 3950 872 3990 se
897 3949 1110 4005 quoque
1135 3932 1238 3989 Job
1267 3933 1343 3987 ait
1367 3951 1380 3985 :
1423 3931 1652 4003 Vestigia
1683 3931 1780 3987 Dei

98 4035 112 4044 ‘
200 4034 412 4079 secutus
452 4036 526 4080 est
566 4041 654 4095 pes
695 4041 860 4080 meus.
895 4023 1048 4079 Viam
1089 4025 1205 4094 ejus
1245 4023 1538 4090 custodivi,
1582 4033 1628 4077 et
1673 4040 1779 4079 non

202 4114 465 4169 declinavi
494 4131 558 4168 ex
599 4131 680 4168 ea.
715 4114 760 4166 A
788 4113 1053 4168 mandatis
1094 4112 1356 4168 labiorum
1397 4114 1512 4183 ejus
1556 4130 1658 4166 non
1699 4129 1781 4168 re-

205 4207 372 4273 cessi,
408 4215 458 4260 et
486 4207 541 4260 in
571 4206 692 4260 sinu
719 4222 834 4259 meo
865 4204 1112 4258 abscondi
1142 4202 1300 4258 verba
1335 4203 1440 4257 oris
1470 4203 1583 4272 ejus
1616 4201 1775 4274 (Job.

199 4295 383 4366 uin).
421 4295 540 4365 Ipse
582 4311 794 4365 quoque
823 4295 1082 4351 Dominus
1120 4294 1187 4350 de
1223 4294 1510 4348 dilectione
1544 4294 1661 4359 sui,
1697 4301 1779 4348 at-

198 4401 308 4457 que
353 4386 732 4440 mandatorum
780 4398 1004 4440 suorum
1052 4383 1429 4439 observatione
1459 4424 1474 4449 ,
1523 4383 1775 4454 populum

195 4473 553 4529 lsraeliticum
583 4475 903 4538 admonens,
938 4475 1107 4530 dicit:
1152 4473 1223 4528 Et
1266 4491 1403 4528 nunc
1433 4473 1605 4528 Israel
1644 4475 1774 4528 audi

194 4574 459 4637 pracepta
484 4575 532 4619 et
551 4565 758 4635 judicia
778 4607 793 4632 ,
819 4583 935 4638 qua:
961 4583 1054 4636 ego
1079 4565 1240 4620 doceo
1285 4575 1334 4620 te
1374 4566 1528 4620 hodie
1545 4607 1560 4630 ,
1592 4575 1648 4620 ut
1692 4571 1775 4635 [a-

196 4656 342 4710 ciens
371 4673 432 4709 ea
458 4655 600 4709 vivas
627 4656 682 4709 in
707 4656 781 4709 eis
827 4653 986 4726 (Lev.
1015 4671 1149 4710 xvm
1174 4655 1213 4725 ).
1260 4652 1492 4709 Observa
1529 4663 1577 4708 et
1619 4672 1770 4719 cave,
1799 4671 1804 4676 ·

197 4763 262 4800 ne
304 4745 513 4816 quando
551 4745 870 4800 obliviscaris
915 4744 1124 4800 Domini
1164 4744 1264 4798 Dei
1306 4747 1419 4810 tui,
1451 4754 1500 4799 et
1543 4745 1772 4816 negligas

196 4836 454 4891 mandata
484 4837 598 4907 ejus
624 4846 777 4908 atque
797 4836 1005 4906 judicia
1023 4875 1038 4900 ,
1066 4844 1113 4889 et
1147 4837 1485 4890 cceremonias
1513 4853 1644 4907 quas
1678 4852 1770 4907 ego

193 4928 446 4997 prtecipio
484 4927 577 4980 tibi
613 4927 766 4982 hodie
789 4927 965 5001 (Deut.
994 4926 1135 4998 Vill).
1159 4927 1229 4980 Et
1253 4945 1390 4981 nunc
1424 4926 1615 4992 Israel,
1645 4927 1771 4998 quid

193 5018 458 5074 Dominus
485 5019 628 5073 Deus
654 5029 774 5072 tuus
799 5020 945 5089 petiit
968 5037 1001 5073 a
1031 5028 1112 5083 te,
1143 5021 1243 5073 nisi
1272 5029 1329 5072 ut
1368 5019 1551 5073 timeas
1591 5018 1772 5072 Domi-

195 5126 326 5163 num
375 5107 544 5163 Deum
593 5118 741 5162 tuum
760 5150 775 5175 ,
806 5118 855 5164 et
903 5108 1137 5165 ambules
1176 5111 1231 5163 in
1271 5111 1367 5165 viis
1393 5111 1508 5180 ejus
1529 5150 1544 5176 ,
1572 5119 1619 5164 et
1645 5109 1771 5164 dili-

193 5216 292 5270 gas
317 5215 434 5252 eum
459 5216 519 5252 ac
549 5200 746 5253 servias
783 5199 830 5253 ei
865 5199 922 5252 in
960 5209 1067 5253 toto
1109 5198 1265 5254 corde
1307 5209 1428 5264 tuo,
1471 5208 1519 5252 et
1562 5200 1620 5253 in
1660 5207 1772 5253 tota

191 5295 376 5347 anima
402 5302 517 5360 tua,
543 5293 908 5363 custodiasque
926 5292 1177 5346 mandata
1202 5301 1250 5346 et
1275 5291 1613 5347 caeremonias
1632 5291 1768 5361 ejus,

188 5402 328 5456 quas
354 5400 446 5455 ego
477 5386 723 5456 prtecipio
751 5384 840 5437 tibi
867 5383 1050 5450 hodie,
1082 5391 1139 5436 ut
1180 5383 1304 5436 bene
1339 5384 1406 5437 sit
1436 5384 1528 5436 tibi
1570 5380 1768 5454 (Deut.

189 5480 294 5554 χ).
347 5480 408 5535 Si
458 5490 633 5534 autem
678 5479 946 5545 audieris,
994 5489 1051 5532 ut
1095 5479 1261 5547 facias
1299 5478 1473 5532 omnia
1515 5475 1768 5530 mandata

189 5573 345 5644 ejus,
379 5571 535 5640 faciet
567 5582 614 5626 te
645 5571 899 5625 Dominus
925 5569 1258 5624 excelsiorem
1297 5570 1496 5623 cunctis
1533 5567 1766 5639 gentibus

189 5683 314 5739 qua:
342 5676 616 5720 versantur
643 5667 697 5720 in
719 5676 878 5720 terra.
905 5664 1215 5719 Benedictus
1241 5665 1342 5717 eris
1370 5665 1423 5717 in
1449 5664 1657 5716 civitate
1675 5702 1691 5728 ,
1721 5669 1770 5716 et

187 5756 495 5812 benedictus
535 5757 589 5811 in
621 5773 767 5827 agro,
800 5756 1095 5810 benedictus
1128 5755 1328 5824 [ructus
1357 5755 1546 5809 ventris
1579 5752 1688 5819 tui,
1719 5761 1769 5807 et

184 5850 402 5921 fructus
427 5859 580 5906 terra:
605 5859 730 5907 tute.
761 5847 931 5906 Mittet
955 5849 1208 5906 Dominus
1236 5864 1389 5926 super
1411 5847 1627 5904 cellaria
1649 5855 1765 5916 tua,

1801 4616 1852 4676 D

1885 3363 2264 3416 conservabunt
2302 3365 2442 3417 viam
2479 3366 2616 3435 ejus.
2649 3365 2754 3432 Qui
2781 3367 2962 3422 timent
2989 3368 3274 3423 Dominum
3294 3411 3308 3435 ,
3334 3387 3472 3440 prae—

1882 3453 2144 3523 parabant
2177 3455 2338 3509 corda
2373 3472 2503 3522 sua,
2547 3466 2595 3511 et
2629 3457 2685 3512 in
2725 3469 2999 3529 conspectu
3034 3457 3180 3514 illius
3206 3461 3472 3530 sonti/ica-

1883 3543 2009 3597 bunt
2053 3546 2258 3600 animas
2296 3563 2436 3604 suas.
2485 3546 2591 3614 Qui
2628 3550 2809 3604 timent
2853 3550 3133 3606 Dominum
3174 3553 3467 3609 custodient

1881 3635 2132 3689 mandata
2159 3636 2292 3706 ejus,
2319 3647 2366 3691 et
2393 3638 2703 3709 patientiam
2728 3639 2988 3694 habebunt
3010 3657 3174 3713 usque
3201 3641 3271 3695 ad
3295 3643 3468 3713 inspe-

1881 3723 2106 3778 ctionem
2138 3725 2252 3795 ejus
2293 3725 2501 3797 (Eccli.
2533 3727 2619 3800 ιι).
2663 3728 2848 3784 Timor
2873 3729 3114 3797 Domini,
3147 3748 3256 3788 non
3283 3733 3465 3804 despi-

1883 3828 2006 3868 cere
2027 3815 2233 3885 justum
2259 3817 2534 3873 hominem
2559 3834 2851 3890 pauperem
2867 3861 2882 3886 ,
2907 3829 2962 3875 et
2985 3837 3092 3877 non
3119 3824 3466 3896 magniﬁcare

1879 3904 2058 3958 virum
2088 3905 2327 3977 pejorem
2369 3906 2614 3964 divitem.
2660 3909 2831 3964 David
2865 3910 3010 3964 enim
3051 3911 3222 3967 dicit:
3267 3912 3465 3970 Servite

1879 3993 2105 4049 Domino
2130 3997 2185 4050 in
2210 3997 2396 4052 timore
2415 4038 2430 4064 ,
2459 4007 2507 4052 et
2532 3997 2793 4053 exsultate
2817 4001 2864 4053 ei
2889 4015 3008 4053 cum
3032 4009 3259 4056 tremore
3283 4001 3460 4073 (Psal.

1879 4091 1964 4164 ιι).
1991 4092 2076 4156 Ει,
2098 4091 2292 4147 Timete
2313 4093 2618 4160 Dominum,
2648 4111 2824 4149 omnes
2847 4095 3016 4149 sancti
3049 4096 3183 4166 ejus,
3211 4099 3459 4168 quoniam

1879 4183 2010 4237 nihil
2034 4184 2172 4238 deest
2203 4184 2506 4238 timentibus
2533 4201 2653 4238 eum
2683 4183 2874 4256 (Psal.
2902 4200 3072 4241 χχχιιι
3096 4186 3138 4258 ).
3172 4186 3268 4253 Εῑ,
3303 4186 3459 4242 Beati

1880 4291 2054 4328 omnes
2100 4276 2189 4345 qui
2236 4275 2417 4328 timent
2460 4274 2785 4329 Dominum:
2831 4277 2922 4347 qui
2962 4277 3235 4332 ambulant
3273 4279 3331 4332 in
3363 4277 3460 4334 viis

1877 4366 1992 4435 ejus
2023 4365 2042 4437 (
2067 4364 2220 4420 Psal.
2251 4381 2435 4421 cxxvn
2457 4366 2498 4438 ).
2530 4366 2744 4438 Moyses
2777 4383 2990 4438 quoque
3023 4369 3102 4433 ait
3129 4387 3143 4424 :
3179 4369 3309 4425 Post
3344 4369 3458 4426 Do-

1877 4459 2079 4513 minum
2108 4459 2278 4514 Deum
2312 4468 2536 4514 vestrum
2567 4459 2862 4526 ambulate,
2897 4469 2946 4514 et
2973 4461 3144 4532 ipsum
3171 4463 3374 4529 timete,
3404 4469 3456 4518 et

1876 4560 2137 4621 prtecepta
2162 4551 2276 4621 ejus
2305 4550 2590 4614 custodite,
2626 4559 2674 4604 et
2703 4551 3016 4622 acquiescite
3042 4550 3122 4605 illi
3153 4551 3330 4622 (Deut.
3353 4565 3454 4608 xm

1875 4641 2030 4711 juxta
2057 4659 2159 4698 Lxx
2184 4643 2225 4716 ).
2258 4641 2545 4714 Apostolus
2573 4659 2788 4714 quoque
2819 4643 2953 4699 dicit
2979 4661 2992 4697 :
3025 4640 3158 4698 Cum
3189 4645 3374 4698 timore
3403 4652 3454 4700 et

1875 4742 2100 4788 tremore
2142 4743 2365 4788 vestram
2423 4735 2656 4804 ipsorum
2689 4732 2914 4786 salutem
2951 4733 3234 4803 operemini
3261 4731 3450 4805 (Phil.

1875 4829 1982 4902 ιι).
2035 4830 2237 4886 Iterum
2275 4829 2532 4885 Salomon
2579 4829 2694 4883 ait:
2741 4827 2950 4883 Corona
2985 4829 3259 4900 sapientia:
3291 4828 3454 4882 timor

1876 4921 2123 4987 Domini,
2162 4920 2363 4991 replens
2395 4936 2574 4990 pacem
2611 4930 2656 4973 et
2695 4918 2883 4974 salutis
2916 4920 3192 4989 fructum:
3230 4926 3452 4989 utraque

1874 5025 2047 5070 autem
2073 5023 2195 5068 sunt
2221 5013 2361 5067 dona
2397 5012 2496 5067 Dei
2529 5011 2718 5084 (Eccli.
2750 5012 2814 5084 ι).
2845 5011 3132 5067 Metuentes
3165 5011 3450 5066 Dominum

1873 5107 2121 5160 sustinete
2146 5103 2562 5158 misericordiam
2585 5103 2726 5174 ejus,
2748 5113 2796 5158 et
2816 5120 2922 5158 non
2943 5103 3230 5174 deﬂectatis
3251 5100 3443 5166 abillo,

1873 5216 1936 5253 ne
1963 5198 2184 5252 cadetis.
2213 5195 2315 5262 Qui
2345 5196 2536 5249 timetis
2564 5194 2845 5250 Dominum
2867 5235 2882 5262 ,
2907 5195 3101 5250 credite
3123 5193 3203 5247 illi
3227 5207 3246 5246 :
3269 5201 3317 5247 et
3342 5207 3448 5246 non

1870 5293 2210 5349 evacuabitur
2243 5306 2437 5344 merces
2466 5297 2652 5344 vestra.
2681 5287 2785 5355 Qui
2811 5289 3000 5343 timetis
3023 5287 3335 5351 Dominum,
3361 5285 3446 5340 di-

1868 5385 2013 5456 ligite
2033 5384 2280 5440 illum:et
2303 5381 2738 5436 illuminabuntur
2765 5381 2922 5435 corda
2947 5388 3115 5434 vestra
3142 5375 3332 5448 (Eccli.
3354 5377 3441 5448 ιι).

1869 5475 2066 5530 Beatus
2100 5473 2186 5528 cui
2208 5473 2465 5527 donatum
2500 5480 2583 5528 est
2606 5472 2805 5526 habere
2848 5470 3096 5524 timorem
3118 5467 3235 5523 Dei.
3263 5467 3446 5524 Timor

1869 5565 2083 5622 Domini
2109 5566 2244 5620 sicut
2269 5563 2548 5635 paradisus
2574 5561 2941 5616 benedictionis
2957 5601 2970 5625 ,
2995 5569 3039 5613 et
3064 5574 3218 5630 super
3237 5574 3445 5614 omnem

1871 5660 2090 5732 gloriam
2105 5669 2416 5728 operuerunt
2437 5654 2495 5708 ill
2501 5671 2585 5708 um
2605 5653 2793 5724 (Eccli.
2813 5651 2923 5726 XL).
2941 5651 2998 5706 In
3017 5652 3225 5707 timoris
3239 5653 3442 5708 etenim

1871 5753 2026 5808 laude
2056 5751 2232 5808 adhuc
2255 5748 2509 5804 Salomon
2533 5747 2638 5810 ait,
2667 5745 2844 5798 Timor
2862 5743 3074 5798 Domini
3091 5751 3308 5814 apponet
3329 5742 3442 5797 dies

1870 5843 1891 5919 (
1915 5843 2071 5900 Prov.
2105 5860 2139 5899 ι
2163 5842 2206 5916 ).
2241 5842 2568 5908 Timeamus,
2591 5852 2721 5910 ergo
2749 5835 2968 5909 fratres,
2999 5837 3089 5896 illo
3117 5836 3309 5919 timore
3335 5833 3442 5893 Do-
