4020 6464
504 396 608 453 607

1809 395 2165 453 SMARAGDI
2201 395 2492 454 ABBATIS

3675 401 3788 459 ωε

505 506 836 580 comprimit,
861 512 917 562 et
932 503 1239 562 incendium
1267 503 1558 561 simultatis
1583 505 1897 580 exstinguit.
1921 508 2085 565 Coer-
2111 510 2166 573 Α
2188 519 2275 566 tus
2302 509 2496 566 Petrus
2521 509 2798 581 apostolus
2820 511 2929 568 ait:
2962 511 3101 580 Quia
3121 512 3266 569 Deus
3293 516 3532 587 superbis
3561 521 3788 589 resistit,

503 608 594 657 cet
617 599 915 671 potentiam
946 598 1174 652 divitum
1200 637 1216 663 ,
1245 597 1456 653 refovet
1495 599 1735 670 inopiam
1761 616 2082 672 pauperum,

505 693 640 749 facit
663 692 896 748 humiles
925 691 977 745 in
1001 689 1298 760 prosperis,
1330 689 1499 747 fortes
1525 692 1579 746 in
1608 693 1869 760 adversis,
1894 702 2084 750 contra

506 782 735 852 injurias
782 792 839 838 et
884 780 1240 836 contumelias
1299 781 1477 836 mites.
1525 781 1872 840 Tentationes
1917 799 2085 854 expu-

503 894 654 952 gnat,
676 880 1080 954 persecutiones
1106 878 1318 934 tolerat.
1343 879 1469 949 lpsa‘
1496 888 1579 934 est
1601 895 1721 950 quae
1742 880 1865 936 ﬁdei
1885 889 2086 936 nostrae

500 973 848 1028 fundamenta
893 971 1107 1026 fortiter
1152 972 1347 1036 munit,
1376 971 1708 1026 incrementa
1738 973 1853 1043 spei
1884 983 2084 1029 nostra:

501 1066 809 1122 sublimiter
853 1065 1150 1136 provehit.
1182 1074 1240 1118 et
1287 1073 1440 1120 actus
1469 1066 1592 1120 vitae
1626 1074 1826 1120 nostra:
1875 1067 2079 1136 dirigit.

495 1161 614 1230 lpsa
649 1175 746 1215 nos
784 1169 846 1214 ut
875 1167 1058 1215 tenere
1086 1160 1358 1228 possimus
1389 1160 1533 1213 viam
1554 1158 1779 1224 Christi,
1813 1159 2084 1229 patienter

495 1252 781 1322 gubernat,
812 1258 866 1304 et
891 1259 950 1304 ut
978 1250 1075 1304 ﬁlii
1100 1250 1196 1305 Dei
1247 1265 1684 1320 perseveremus,
1729 1250 2082 1305 immobiliter

493 1340 800 1396 conﬁrmat.
843 1340 996 1396 Hanc
1017 1341 1161 1395 enim
1186 1341 1464 1406 virtutem,
1501 1342 1700 1396 fratres
1721 1341 2078 1408 dilectissimi,

494 1450 618 1490 cum
641 1434 839 1505 gaudio
864 1433 1110 1504 diligere,
1156 1442 1212 1488 et
1243 1435 1372 1488 tatis
1399 1434 1608 1489 viribus
1638 1433 1890 1503 amplecti
1920 1434 2082 1489 debe-

498 1541 640 1580 mus.
673 1524 793 1580 Cito
848 1526 992 1579 enim
1047 1525 1283 1580 fructum
1330 1526 1628 1596 patientize,
1676 1525 1901 1596 ejusque
1943 1542 2082 1597 pra:-

495 1616 666 1670 mium
712 1616 1052 1686 recipiemus,
1087 1617 1133 1671 si
1165 1633 1286 1671 cum
1316 1617 1407 1672 illa
1429 1632 1600 1687 usque
1628 1617 1683 1671 in
1715 1618 1876 1672 ﬁnem
1897 1632 2082 1688 perse-

493 1723 763 1762 veremus.
809 1707 902 1763 Sic
936 1710 1080 1763 enim
1107 1718 1162 1763 et
1206 1708 1439 1765 Jacobus
1475 1711 1750 1780 apostolus
1791 1712 1907 1766 ait:
1940 1711 2078 1767 Ecce

2184 601 2466 658 humilibus
2488 614 2661 659 autem
2687 604 2778 659 dat
2795 606 3022 676 gratiam
3049 605 3104 677 (Ι
3126 606 3275 662 Petr.
3299 609 3378 681 v).
3410 608 3618 668 Omnes
3636 613 3789 670 enim

2183 690 2333 760 dicit,
2364 695 2606 751 seniores
2633 695 2860 762 scilicet,
2891 703 2946 751 et
2983 697 3375 764 adolescentes,
3421 703 3626 772 quibus
3650 705 3792 762 invi-

2184 799 2302 840 cem
2341 787 2557 842 videtur
2595 788 2916 844 humilitatis
2958 789 3235 848 insinuare
3275 793 3576 851 virtutem:
3616 807 3674 853 et
3697 798 3789 856 his

2181 875 2433 932 videlicet
2481 879 2716 950 regendo
2739 921 2754 946 ,
2806 888 2863 936 et
2918 881 3023 936 illis
3071 883 3350 940 humiliter
3401 887 3782 957 obsequendo.

2183 968 2382 1026 Omnes
2415 987 2544 1044 ergo
2567 973 2932 1031 humilitatem
2962 977 3015 1032 in
3037 977 3362 1034 alterutrum
3391 981 3478 1037 vel
3506 985 3783 1055 exemplo,

2180 1062 2268 1117 vel
2297 1065 2462 1120 etiam
2488 1067 2653 1123 verbo
2687 1069 2845 1124 docet
2869 1069 3178 1137 insinuare,
3215 1072 3343 1143 quia
3376 1075 3643 1129 nimirum
3666 1091 3788 1132 om-

2181 1153 2341 1210 nibus
2365 1156 2629 1228 superbite
2652 1159 2843 1214 vitium
2867 1161 3033 1231 (quod
3057 1163 3278 1233 angelos
3298 1163 3367 1219 de
3385 1165 3528 1220 calo
3557 1166 3787 1238 deiecit)

2181 1255 2410 1303 noverat
2435 1263 2556 1306 esse
2584 1253 2901 1307 cavendum.
2934 1253 3001 1308 Et
3025 1269 3146 1325 qua:
3175 1255 3246 1310 sit
3272 1256 3470 1327 gratia,
3494 1274 3664 1329 quam
3683 1259 3790 1314 hu-

2181 1337 2399 1395 milibus
2430 1342 2700 1410 promittit
2727 1344 3064 1411 donandam,
3109 1355 3405 1428 sequenter
3438 1352 3675 1420 exponit
3701 1351 3788 1407 di-

2181 1444 2350 1486 cens:
2391 1431 2764 1490 Humiliamini
2805 1437 2969 1507 igitur
3008 1438 3103 1491 sub
3142 1441 3338 1510 potenti
3361 1457 3529 1496 manu
3559 1443 3686 1508 Dei,
3724 1455 3786 1499 ut

2179 1539 2268 1578 vos
2301 1525 2490 1580 exultet
2529 1528 2585 1582 in
2624 1538 2850 1600 tempore
2891 1532 3208 1587 uisitationis
3250 1533 3304 1604 (1
3335 1533 3483 1589 Petr.
3512 1536 3592 1607 v).
3629 1537 3786 1594 Hanc

2178 1630 2310 1686 ergo
2340 1620 2568 1688 gratiam
2607 1623 2899 1680 humilibus
2921 1626 3132 1693 tribuit,
3171 1637 3233 1683 ut
3259 1645 3366 1700 quo
3391 1633 3567 1703 magis
3595 1633 3785 1690 humi-

2179 1705 2292 1763 liati
2323 1705 2523 1765 fuerint
2553 1720 2794 1783 tempore
2841 1719 3160 1774 certaminis
3195 1732 3422 1792 propter
3463 1725 3647 1795 ipsum
3668 1767 3684 1792 ,
3713 1743 3785 1784 eo

489 1799 648 1862 iudex
661 1807 782 1854 ante
788 1799 1016 1869 januam
1031 1801 1314 1866 assistit,et
1328 1801 1696 1872 vobispra’mia
1717 1804 2002 1873 patientiw,
2027 1813 2076 1858 et
2098 1881 2139 1889 _
2180 1799 2468 1871 gloriosius
2506 1805 2812 1862 cxaltentur
2849 1817 3094 1880 tempore
3121 1814 3499 1872 retributionis
3526 1818 3598 1873 ab
3637 1818 3780 1889 ipso.

487 1891 802 1945 adversariis
837 1892 1018 1945 vestris
1058 1909 1260 1962 poenam
1311 1911 1471 1964 quam
1506 1905 1793 1961 merentur,
1825 1897 2069 1953 restituat
2097 1881 2145 1943 Β
2173 1891 2311 1948 Hinc
2335 1893 2624 1951 Psalmista
2649 1897 2727 1953 ait
2751 1917 2764 1953 :
2796 1900 2964 1955 Juxta
2989 1912 3065 1957 est
3091 1902 3352 1961 Dominus
3380 1908 3448 1961 iis
3476 1910 3569 1979 qui
3604 1911 3785 1965 tribu-

487 1982 699 2062 (Jacob.
731 1985 808 2054 v).
835 1983 976 2038 Ante
1001 1983 1223 2053 januam
1255 1986 1406 2051 dicit,
1451 1988 1575 2058 quia
1613 1989 1894 2058 proximus
1915 1991 2072 2048 nobis
2173 1980 2282 2074 lato
2295 1993 2415 2037 sunt
2431 1986 2605 2053 corde,
2621 1997 2668 2041 et
2683 1989 2906 2045 humiles
2919 1993 3106 2062 spiritu
3121 1994 3340 2050 salvabit
3354 1995 3528 2069 (Psal.
3547 2002 3780 2074 xxxiii).

490 2082 593 2138 est,
616 2059 672 2128 et
690 2084 911 2144 paratus
934 2076 1194 2133 Dominus
1222 2075 1381 2134 Jesus
1409 2078 1680 2146 Christus,
1709 2092 1761 2138 et
1789 2083 1857 2137 ad
1881 2083 2069 2139 dimit-
2171 2073 2360 2131 omnis
2398 2088 2578 2134 amem
2609 2082 2889 2140 humilitas
2937 2102 3047 2142 non
3091 2096 3200 2142 tam
3233 2089 3287 2145 in
3319 2105 3574 2149 sermone
3604 2059 3784 2165 quam

2171 2167 2225 2222 in
2257 2178 2439 2224 mente
2468 2180 2570 2235 est,
2604 2181 2665 2227 ut
2693 2175 2925 2232 humiles
2962 2193 3062 2233 nos
3088 2181 3424 2237 conscientia
3450 2187 3698 2252 noverit,
3730 2197 3786 2243 et

2168 2274 2444 2329 nunquam
2487 2277 2590 2318 nos
2625 2264 2712 2319 vel
2741 2266 2883 2322 scire
2904 2269 2990 2323 vel
3025 2269 3326 2344 intelligere
3346 2315 3360 2340 ,
3387 2275 3471 2329 vel
3513 2292 3645 2333 esse
3675 2279 3784 2336 ali-

2167 2351 2296 2420 quid
2326 2353 2720 2412 existimemus.
2755 2357 3074 2416 Mirabiliter
3113 2364 3260 2419 enim
3288 2365 3502 2422 culmen
3547 2367 3787 2426 humili-

2165 2443 2296 2498 tatis
2324 2459 2421 2499 rex
2443 2453 2498 2500 et
2522 2447 2784 2517 propheta
2821 2435 2992 2505 David
3020 2453 3318 2522 retinebat,
3346 2473 3468 2512 cum
3504 2458 3735 2516 diceret
3760 2476 3778 2516 :

2164 2533 2403 2602 Domine,
2453 2555 2557 2593 non
2597 2549 2673 2594 est
2706 2542 2998 2598 exaltatum
3045 2562 3136 2600 cor
3179 2564 3379 2616 meum,
3423 2568 3585 2622 neque
3637 2553 3784 2608 elati

2163 2637 2282 2682 sunt
2326 2629 2466 2684 oculi
2497 2633 2602 2687 mei
2643 2630 2816 2703 (Psal.
2859 2637 3058 2710 cxxx),
3092 2647 3199 2694 etc.
3246 2639 3366 2712 lpse
3410 2642 3610 2698 iterum
3648 2646 3780 2701 ait:

2163 2719 2497 2792 Sacriﬁcium
2540 2724 2649 2781 Deo
2691 2728 2906 2798 spiritus
2950 2731 3331 2788 contribulatus
3374 2730 3547 2807 (Psal.
3584 2736 3669 2808 ι).
3704 2737 3780 2793 ει

2161 2813 2394 2872 iterum:
2443 2815 2572 2874 Vide
2601 2820 2947 2876 humilitatem
2980 2839 3150 2879 meam
3187 2835 3235 2880 et
3283 2824 3513 2884 laborem
3559 2847 3771 2900 mnu,

2160 2916 2208 2961 et
2251 2907 2454 2964 dimitte
2493 2913 2670 2966 omnia
2699 2910 2890 2966 delicta
2919 2930 3034 2968 mea
3074 2915 3258 2988 (Psal.
3287 2918 3473 2991 xxxv).
3527 2919 3585 2975 Si
3625 2937 3773 2994 ergo

2159 2999 2501 3057 humiliatum
2553 3018 2650 3058 cor
2679 3002 3006 3060 sacriﬁcium
3029 3007 3140 3062 Deo
3168 3018 3275 3076 est,
3302 3010 3628 3066 sacriﬁcium
3665 3015 3774 3068 ob-

2159 3095 2284 3150 tulit
2311 3097 2526 3167 quando
2555 3097 2731 3153 dixit:
2775 3098 3032 3166 Domine,
3081 3117 3184 3156 non
3219 3113 3293 3157 est
3333 3083 3624 3159 exaltatum
3669 3123 3773 3162 cor

2161 3205 2354 3254 meum,
2385 3201 2492 3246 etc.
2523 3191 2676 3259 Quod
2717 3193 2764 3248 si
2795 3193 2994 3263 aliquis
3035 3197 3261 3252 eremita
3291 3197 3497 3254 cellulae
3522 3215 3635 3255 sua:
3663 3217 3771 3257 va-

2159 3294 2311 3348 cans,
2346 3281 2473 3336 talia
2501 3283 2729 3351 diceret,
2762 3300 2956 3355 magna
2983 3287 3260 3357 patientia:
3300 3289 3460 3347 laude
3499 3291 3765 3364 fulgeret,

2156 3379 2250 3436 sed
2271 3382 2397 3452 quia
2425 3381 2529 3439 hoc
2555 3396 2883 3456 purpuratus
2904 3403 3002 3443 rex
3023 3396 3077 3444 et
3100 3390 3332 3447 eximius
3357 3395 3764 3464 prophetarum

2155 3479 2391 3549 dicebat,
2424 3481 2744 3542 humilitatis
2772 3485 2889 3556 ejus
2931 3489 3238 3560 exemplum
3278 3507 3377 3562 per
3427 3494 3762 3553 universum

2153 3572 2412 3626 mundum
2441 3573 2635 3630 dilfusa
2666 3575 2847 3632 laudet
2885 3578 3146 3636 Ecclesia.
3177 3580 3306 3649 Quae
3352 3585 3476 3641 ideo
3513 3588 3763 3646 maxime

2153 3658 2298 3715 inter
2319 3663 2548 3720 virtutes
2578 3668 2807 3724 eximias
2839 3669 3118 3728 humilitas
3153 3672 3418 3730 honorata
3445 3683 3758 3752 consurgit,

2151 3754 2406 3822 quoniam
2451 3771 2571 3812 eam
2603 3759 2847 3830 dignatio
2895 3763 3198 3833 majestatis
3243 3773 3560 3840 assumpsit.
3607 3773 3759 3831 Dixit

2151 3845 2317 3901 abbas
2345 3847 2610 3906 Antonius
2641 3853 2856 3924 (Athan.
2889 3855 2944 3910 in
2982 3855 3088 3912 Vit.
3118 3857 3376 3932 Antam):
3406 3862 3530 3918 Vidi
3553 3880 3756 3924 omnes

2150 3933 2371 4006 laqueos
2401 3938 2607 3996 inimici
2635 3951 2814 4001 tensos
2843 3947 2894 4001 in
2918 3956 3085 4016 terra,
3115 3958 3172 4006 et
3201 3951 3573 4024 ingemiscens
3600 3958 3753 4016 dixi:

2149 4026 2280 4094 Quis
2299 4038 2458 4099 putas
2481 4035 2706 4090 transiet
2735 4036 2900 4092 istos?
2923 4038 2990 4093 Et
3019 4040 3196 4096 audivi
3219 4059 3410 4100 vocem
3440 4049 3752 4106 dicentem:

2147 4117 2457 4179 llumilitas.
2506 4125 2734 4182 Dicebat
2777 4130 2946 4186 abbas
2996 4131 3298 4206 Serapion:
3356 4137 3499 4205 Quia
3548 4142 3752 4200 multos

2145 4210 2358 4269 labores
2404 4219 2712 4286 corporales
2738 4221 3024 4292 plusquam
3064 4225 3207 4284 ﬁlius
3250 4243 3405 4285 meus
3444 4231 3750 4294 Zacharias

2144 4301 2268 4368 feci,
2301 4315 2357 4362 et
2385 4324 2492 4364 non
2520 4315 2741 4381 perveni
2769 4316 2836 4371 ad
2873 4332 3157 4376 mensuras
3181 4321 3510 4383 humilitatis
3532 4339 3586 4384 et
3611 4332 3747 4387 taci-

2147 4399 2420 4455 turnitatis
2439 4400 2574 4472 ejus.
2611 4404 2794 4462 Abbas
2822 4406 3032 4481 Moyses
3065 4412 3200 4468 dixit
3227 4413 3382 4472 fratri
3414 4418 3738 4479 Zachariae:

486 2167 647 2222 tenda
670 2167 826 2222 nobis
864 2169 1182 2240 rogantibus
1228 2169 1443 2236 delicta,
1489 2179 1545 2227 et
1573 2172 1641 2227 ad
1667 2174 1940 2229 reddenda
1973 2191 2071 2247 pa-

483 2257 688 2313 tientia:
734 2261 974 2329 praemia.
1020 2260 1285 2316 Dicebant
1327 2263 1395 2318 de
1438 2263 1632 2319 abbate
1676 2265 1930 2333 lsidoro‘,
1975 2269 2068 2338 qui

481 2360 599 2406 erat
648 2354 938 2425 presbyter
973 2355 1029 2409 in
1063 2352 1323 2427 Scythia:
1355 2356 1482 2426 quia
1532 2357 1579 2411 si
1627 2358 1749 2428 quis
1787 2357 2069 2418 habuisset

476 2445 1007 2515 fratrem‘inﬁrmum,
1035 2458 1129 2504 aut
1152 2449 1569 2520 pusillanimem,
1598 2460 1691 2506 aut
1719 2450 2064 2521 injuriosum,

475 2546 530 2593 ct
557 2539 770 2595 volebat
813 2556 936 2596 eum
968 2541 1236 2612 expellere
1256 2541 1404 2598 foras
1427 2583 1444 2610 ,
1475 2541 1566 2597 ille
1595 2543 1814 2599 dicebat
1840 2563 1853 2599 :
1883 2545 2067 2601 Addu-

474 2631 579 2686 cite
607 2646 733 2686 eum
765 2634 831 2687 ad
861 2649 967 2690 me.
1012 2634 1080 2688 Et
1125 2635 1536 2704 apprehendens
1563 2675 1580 2701 ,
1622 2651 1746 2691 cum
1794 2638 2063 2707 patientia

475 2737 575 2776 sua
591 2722 820 2777 curabat
840 2724 1081 2778 animum
1107 2723 1295 2780 fratris
1318 2725 1482 2781 illius.
1520 2725 1796 2783 Venerunt
1823 2729 2067 2800 aliquan-

478 2813 548 2868 do
571 2812 810 2873 latrones
831 2813 886 2869 in
911 2817 1301 2872 monasterium
1331 2818 1612 2890 cujusdam
1639 2821 1804 2888 senis,
1829 2830 1884 2876 et
1912 2821 2064 2876 dixe-

480 2912 608 2959 runt
665 2905 730 2959 ad
779 2920 949 2960 eum:
991 2906 1185 2963 Omnia
1257 2924 1594 2981 quaecunque
1659 2911 1715 2967 in
1775 2912 1912 2969 cella
1969 2923 2060 2971 tua

473 3005 604 3053 sunt
627 2998 819 3053 tollere
846 2999 1132 3064 venimus;
1163 3008 1218 3055 et
1252 3000 1343 3056 ille
1371 3000 1508 3056 dixit
1535 3020 1549 3056 :
1585 3001 1859 3071 Quantum
1905 3006 2060 3062 vobis

475 3087 713 3156 videtur,
738 3089 855 3155 ﬁlii,
885 3090 1078 3146 tollite.
1105 3090 1368 3147 Tulerunt
1392 3107 1523 3165 ergo
1539 3109 1874 3167 quaacunque
1904 3097 2059 3153 inve-

472 3187 672 3236 nerunt
701 3180 755 3235 in
777 3180 912 3236 cella
945 3223 960 3246 ,
988 3190 1042 3236 et
1068 3181 1336 3237 abierunt.
1372 3182 1535 3239 Obliti
1588 3194 1715 3240 sunt
1760 3195 1942 3242 autem
1977 3189 2052 3244 ibi

471 3272 760 3330 “ocellum
793 3275 886 3346 qui
916 3284 1034 3331 erat
1056 3277 1408 3335 absconditus
1438 3279 1491 3333 in
1519 3279 1675 3336 cella.
1715 3280 1892 3337 Senex
1922 3298 2052 3340 vero

468 3373 685 3420 secutus
705 3374 946 3436 est,post
965 3383 1058 3422 eos
1084 3368 1326 3423 clamans
1357 3378 1412 3424 et
1439 3369 1666 3426 dicens:
1699 3371 1842 3440 Filii,
1877 3374 2053 3432 tollite

468 3458 610 3528 quod
634 3458 788 3514 obliti
809 3460 943 3514 estis
968 3461 1021 3514 in
1043 3460 1199 3516 cella.
1231 3460 1313 3516 llli
1343 3477 1473 3518 vero
1495 3464 1826 3520 admirantes
1843 3467 2054 3537 patien-

467 3548 600 3603 tiam
631 3549 784 3618 ejus,
828 3561 1226 3608 revocaverunt
1279 3562 1334 3609 et
1366 3555 1728 3611 restituerunt
1770 3559 1954 3613 omnia
1996 3560 2052 3614 in

466 3639 603 3695 cella
641 3642 776 3712 ejus.
819 3643 885 3697 Et
909 3646 1288 3714 paenitentiam
1318 3657 1547 3717 egerunt
1586 3664 1777 3706 omnes
1803 3651 1872 3706 ad
1912 3651 2052 3708 invi-

464 3748 584 3790 cem
613 3733 857 3793 dicentes
883 3755 896 3792 :
931 3736 1031 3793 Hic
1051 3753 1180 3794 vere
1210 3739 1375 3794 homo
1400 3740 1494 3795 Dei
1514 3748 1618 3797 est.

1081 3829 1308 3886 CAPUT
1344 3831 1434 3886 XI.

1036 3922 1116 3977 De
1164 3923 1480 3981 humilitate.

533 4011 658 4068 Haec
693 4012 864 4070 virtus
900 4013 1241 4084 humilitatis,
1264 4021 1514 4089 quamvis
1539 4021 1780 4076 omnium
1808 4037 1927 4079 esse
1955 4024 2041 4080 de-

460 4105 586 4162 beat
610 4105 1038 4164 Christianorum
1058 4151 1074 4175 ,
1113 4113 1349 4167 maxime
1385 4122 1563 4168 autem
1594 4115 1648 4170 in
1673 4116 1925 4173 cordibus
1949 4117 2047 4172 ha-

459 4195 656 4264 bitare,
682 4206 739 4252 et
763 4200 1104 4269 requiescere
1133 4202 1294 4258 debet
1323 4206 1732 4261 monachorum.
1772 4207 1924 4263 Unde
1949 4209 2046 4264 lsi-

462 4287 628 4344 dorus
655 4289 732 4343 ait
753 4289 925 4359 (Sent.
943 4291 980 4345 l.
998 4308 1081 4357 ιιι,
1105 4311 1151 4347 c.
1179 4294 1266 4366 l9)
1287 4315 1298 4348 :
1321 4295 1546 4351 Summa
1570 4298 1820 4353 monachi
1848 4299 2040 4368 virtus,

2083 3241 2127 3304 C

458 4379 771 4446 humilitas;
799 4397 1067 4438 summum
1097 4385 1284 4440 vitium
1315 4386 1453 4455 ejus,
1479 4391 1730 4460 superbia
1759 4399 1860 4445 est.
1892 4390 2043 4448 Tunc

457 4478 638 4524 autem
661 4485 720 4525 se
741 4471 970 4542 quisque
999 4479 1322 4533 monachum
1344 4477 1575 4548 judicet,
1609 4483 1824 4551 quando
1852 4499 1911 4539 se
1939 4484 2042 4540 mi-
2144 4486 2240 4542 Dic
2264 4490 2419 4557 mihi,
2449 4471 2578 4562 quid
2617 4493 2854 4552 faciam?
2897 4471 2967 4555 Ᾰῑ
3003 4502 3094 4558 ille
3139 4471 3742 4570 tollens

455 4562 662 4616 nimum
709 4564 1132 4634 existimaverit,
1171 4570 1337 4624 etiam
1378 4587 1502 4626 cum
1545 4573 1748 4643 majora
1778 4575 2039 4632 virtutum
2063 4603 2117 4664 Β
2143 4581 2317 4650 capite
2345 4599 2463 4650 suo,
2496 4586 2643 4642 misit
2669 4589 2814 4646 illam
2840 4595 2940 4648 sub
2979 4595 3206 4664 pedibus
3235 4602 3369 4668 suis,
3412 4611 3468 4658 et
3517 4607 3738 4663 concul-

455 4665 621 4722 opera
649 4660 898 4725 gesserit.
925 4655 1027 4724 Qui
1054 4660 1314 4716 mundum
1342 4661 1615 4726 deserunt,
1645 4672 1701 4720 et
1721 4674 1899 4722 tamen
1926 4668 2037 4724 vir—
2063 4655 2109 4664 ’⁷
2144 4684 2274 4726 cans
2293 4687 2412 4728 eam
2435 4675 2586 4730 dixit.
2615 4677 2728 4734 Nisi
2756 4681 2829 4736 ita
2855 4655 3201 4745 conculcatus
3222 4655 3385 4747 fuerit
3414 4695 3604 4764 homo,
3627 4716 3735 4756 non

453 4751 596 4798 tutes
623 4755 1013 4862 prteceptorum
1043 4748 1161 4803 sine
1180 4749 1359 4805 cordis
1384 4751 1688 4811 humilitate
1712 4767 2032 4829 sequuntur,
2142 4771 2325 4833 potest
2371 4770 2669 4826 monachus
2719 4787 2859 4829 esse.
2911 4777 3279 4854 Interrogatus
3323 4748 3734 4862 senem—quain—

453 4836 539 4862 ἕλιξ
575 4838 723 4862 -.η-,2
755 4839 815 4862 Δ-
848 4855 972 4862 -..--
1000 4855 1054 4862 ,Α
1091 4841 1302 4862 -----ε---
1344 4860 1425 4862 γ-ή
1576 4857 1586 4862 -
1718 4850 1730 4862 ο
1811 4851 1826 4862 ι
1873 4861 1878 4862 ,
1951 4854 1963 4862 .
2146 4853 2158 4862 .
2278 4856 2289 4862 -

453 4836 540 4891 isti
572 4838 723 4908 quasi
751 4839 817 4893 de
843 4840 1058 4895 excelso
1086 4841 1306 4910 gravius
1333 4857 1612 4914 corruunt,
1640 4850 1768 4920 quia
1795 4851 2033 4910 deterius
2143 4853 2534 4924 inquietaretur
2570 4877 2602 4916 a
2630 4863 2961 4924 daimonibus
2980 4911 2996 4936 ,
3037 4836 3316 4943 respondit
3341 4896 3353 4931 :
3397 4836 3536 4947 Quia
3563 4836 3730 4940 :rma

448 4942 547 4998 per
574 4928 828 4983 virtutum
855 4929 1145 5043 elatiorciem
1175 4931 1532 5006 dejiciuntur,
1567 4955 1731 5010 quam
1762 4959 1860 5012 per
1897 4946 2030 5003 vitia
2142 4957 2326 5004 nostra
2357 4951 2674 5024 abjecimus,
2703 4975 2822 5028 qua:
2857 4928 2994 5017 sunt
3018 4928 3374 5037 contumeliae,
3405 4928 3724 5043 humilitas:

449 5017 655 5043 ...Αιηιιε
685 5027 972 5043 ..Δημι-.--ι
1072 5036 1248 5043 Αμ--ᾼ
1290 5041 1328 5043 μγ
1445 5028 1455 5039 ο
1538 5031 1569 5043 ,ι
1768 5033 1779 5043 .
1806 5033 1842 5043 -κ
1885 5035 1896 5043 .
1926 5035 1941 5043 .

449 5017 658 5136 prqlabi
685 5027 992 5136 potuerunt.
1025 5020 1251 5127 semper
1279 5028 1606 5084 conscientia
1637 5033 1781 5087 servi
1806 5033 1900 5090 Dei
1926 5035 2024 5092 hu-
2139 5054 2432 5115 paupertas
2458 5057 2512 5103 et
2535 5017 2815 5120 patienlia.
2868 5054 3234 5131 Interrogatus
3265 5017 3452 5132 senex,
3482 5068 3616 5136 quid
3642 5017 3729 5126 es):

2128 5142 2211 5190 set
2239 5137 2520 5207 perfectio,
2551 5146 2864 5213 respondit:
2891 5149 3152 5218 perfectio
3179 5155 3416 5213 hominis
3437 5169 3522 5215 est
3545 5161 3725 5219 humi-

2125 5223 2269 5282 litas.
2302 5228 2574 5320 Quantum
2609 5234 2753 5288 enim
2784 5236 2905 5306 quis
2927 5239 2993 5294 ad
3019 5239 3377 5300 humilitatem
3403 5251 3716 5320 profecerit,

2127 5327 2183 5374 et
2212 5319 2497 5379 inclinatus
2527 5322 2709 5393 fuerit,
2745 5337 2950 5385 tantum
2977 5331 3278 5392 elevabitur
3301 5339 3366 5394 ad
3386 5319 3716 5412 profectum,

2129 5411 2255 5480 quia
2281 5413 2557 5472 humilitas
2581 5432 2833 5491 magnum
2853 5437 2990 5494 Opus
3021 5436 3103 5481 est
3125 5438 3178 5483 et
3203 5430 3464 5490 divinum.
3493 5437 3591 5498 Via
3620 5411 3717 5493 am

2135 5508 2242 5555 tem
2265 5503 2584 5562 humilitatis
2607 5509 2721 5568 haec
2753 5521 2858 5579 est,
2885 5525 2945 5570 ut
2972 5515 3186 5575 labores
3211 5526 3523 5594 corporales
3559 5545 3716 5585 assu-

2132 5607 2281 5648 mere
2309 5595 2501 5651 debeat
2527 5598 2710 5666 homo,
2729 5611 2784 5657 et
2806 5603 3004 5660 habeat
3027 5609 3262 5678 seipsum
3288 5625 3633 5683 peccatorem
3655 5631 3713 5676 et

2130 5692 2296 5751 ponat
2344 5701 2403 5740 se
2448 5687 2748 5757 subjectum
2794 5692 2850 5747 in
2892 5697 3181 5766 omnibus,
3227 5711 3280 5757 et
3310 5720 3418 5759 non
3467 5711 3713 5766 atteudat

2128 5773 2302 5831 aliena
2326 5787 2568 5846 peccata,
2601 5781 2695 5836 sed
2721 5799 2819 5838 sua
2848 5800 3061 5856 semper
3087 5792 3338 5861 aspiciat,
3362 5806 3421 5853 et
3447 5799 3712 5872 deprece-

2128 5878 2218 5926 tur
2244 5886 2346 5942 pro
2371 5871 2477 5929 illis
2501 5875 2619 5932 sine
2637 5876 3040 5936 intermissione
3068 5881 3259 5942 Deum.

450 5109 598 5166 milis
625 5126 747 5166 esse
772 5111 932 5167 debet
958 5120 1015 5168 et
1035 5114 1229 5184 tristis,
1251 5119 1456 5176 scilicet
1474 5130 1533 5177 ut
1549 5139 1648 5192 per
1668 5125 2026 5184 humilitatem

449 5223 555 5260 non
587 5207 883 5276 superbiat,
914 5215 970 5263 et
998 5224 1096 5279 per
1119 5212 1302 5268 utilem
1329 5231 1620 5274 mmrorem
1657 5236 1754 5276 cor
1779 5223 1846 5278 ad
1871 5223 2028 5280 lasci-

447 5299 590 5352 viam
620 5315 728 5354 non
755 5300 1032 5357 dissolvat.
1057 5300 1202 5374 (Huc
1221 5323 1382 5377 usque
1402 5309 1561 5383 Isid.)
1587 5312 1662 5368 De
1696 5313 1798 5370 hac
1820 5332 2027 5374 summa

447 5387 647 5446 virtute
672 5391 932 5448 Dominus
953 5395 1059 5449 ait:
1095 5395 1277 5452 Omnis
1303 5402 1394 5471 qui
1421 5418 1476 5456 se
1503 5403 1700 5459 exultat
1729 5407 2030 5464 humiliabi-

447 5489 565 5573 tur,
595 5493 644 5538 et
681 5487 768 5556 qui
806 5504 862 5541 se
897 5487 1140 5543 humiliat
1162 5492 1480 5548 excitabitur
1499 5494 1652 5569 (Luc.
1683 5500 1857 5573 xvm).
1887 5501 2025 5558 Hinc

445 5580 504 5630 et
529 5571 760 5630 Iacobus
790 5579 1063 5646 apostolus
1093 5582 1206 5636 ait:
1249 5583 1516 5641 Gloriatur
1537 5599 1710 5644 autem
1737 5571 1902 5659 frater
1919 5594 2023 5647 hu-

445 5665 587 5721 milis
631 5667 686 5721 in
729 5668 1044 5726 exultatione
1081 5690 1178 5727 sua
1207 5673 1414 5746 (Iacob.
1447 5677 1510 5749 ι).
1543 5679 1678 5746 Quia
1715 5684 1892 5738 omnis
1919 5683 2026 5739 fra-
2063 5715 2068 5718 -

448 5769 533 5815 ter
575 5762 663 5832 qui
694 5762 918 5818 adversa
958 5766 1234 5822 humiliter
1271 5784 1372 5839 pro
1411 5770 1640 5828 Domino
1672 5773 1890 5843 suffert,
1933 5791 2026 5832 su-

447 5851 684 5908 blimiter
709 5854 778 5912 ab
806 5855 896 5914 illo
918 5857 1071 5929 regni
1098 5860 1318 5930 praemia
1345 5863 1626 5936 percipiet.
1656 5863 1794 5927 Hinc
1820 5875 1875 5925 et
1896 5869 2024 5927 bea-
