4020 6460
221 359 328 422 609

831 456 1058 536 CAPUT
1093 477 1206 534 xu.

886 550 965 605 De
997 567 1145 621 pace.

292 620 463 678 Nemo
507 635 566 678 se
609 621 750 692 apud
779 621 949 676 Deum
981 618 1156 692 magis
1180 619 1405 686 exaltat,
1433 635 1597 691 quam
1622 618 1714 690 qui
1741 632 1802 674 se

220 715 365 785 apud
393 713 744 783 semetipsum
790 721 1014 784 propter
1039 714 1210 768 Deum
1252 711 1518 769 humiliat.
1565 711 1649 766 Ad
1685 709 1803 766 'hoc

216 805 366 861 enim
395 820 428 858 a
452 805 565 860 Deo
589 804 809 860 humilis
838 803 1130 867 exaltatur,
1169 811 1231 859 ut
1257 803 1400 860 ﬁlius
1423 802 1520 858 Dei
1541 810 1597 859 et
1624 801 1801 858 haeres

215 897 424 954 Christi
471 905 714 953 vocetur.
761 897 998 952 Tantum
1040 904 1125 952 est
1169 905 1232 951 ut
1278 911 1470 968 pacem
1521 900 1800 964 sequatur,

213 989 346 1059 quia
399 1003 590 1061 pacem
625 1005 870 1061 quaerere
913 989 1073 1044 debet
1113 997 1172 1044 et
1209 988 1387 1059 sequi,
1441 987 1584 1044 ﬁlius
1628 986 1796 1058 pacis.

215 1081 427 1138 Taliter
458 1081 604 1140 enim
639 1085 738 1138 nos
761 1082 1057 1138 admonens
1081 1079 1370 1153 Apostolus
1389 1079 1560 1136 dicit:
1606 1077 1802 1133 Pacem

211 1173 495 1244 sequimini
542 1189 661 1227 eum
712 1172 972 1238 omnibus,
1000 1180 1050 1226 et
1093 1170 1516 1236 sanctimoniam,
1557 1169 1669 1224 sine
1697 1184 1801 1240 qua

215 1278 368 1317 nemo
397 1261 590 1316 uidebit
616 1261 784 1318 Deum
817 1260 976 1335 (Heb.
1001 1261 1125 1335 xu).
1161 1261 1280 1333 Ipse
1303 1276 1516 1333 quoque
1540 1260 1801 1316 Dominus

213 1349 272 1405 in
323 1349 616 1422 Evangelio
645 1351 722 1406 ait
774 1371 787 1405 :
837 1351 990 1407 Beati
1027 1352 1258 1423 paciﬁci,
1287 1352 1536 1423 quoniam
1567 1349 1668 1419 ﬁlii
1700 1349 1801 1404 Dei

213 1439 546 1495 vocabuntur
572 1439 790 1513 (Matth.
819 1441 895 1514 v).
946 1442 1083 1499 Nam
1112 1443 1255 1498 inter
1296 1459 1392 1499 sua
1439 1443 1620 1498 divina
1649 1457 1801 1497 man-

215 1529 345 1584 data
375 1539 432 1586 et
455 1530 767 1602 magisteria
811 1531 1086 1596 salutaria,
1106 1533 1345 1604 passioni
1362 1532 1477 1602 jam
1497 1533 1796 1603 proximus,

215 1617 323 1672 hoc
345 1618 499 1673 nobis
515 1630 845 1690 przecepmm
865 1629 1030 1692 atque
1062 1623 1375 1678 mandatum
1401 1622 1801 1678 commendavit

216 1706 470 1763 Salvator
510 1709 939 1766 custodiendum.
985 1711 1077 1766 Ait
1099 1713 1245 1768 enim
1272 1729 1285 1766 :
1317 1711 1511 1768 Pacem
1536 1730 1704 1769 meam
1729 1714 1798 1768 do

213 1797 381 1865 vobis,
430 1815 612 1870 pacem
656 1816 825 1855 meam
874 1802 1178 1856 commendo
1233 1803 1376 1858 vobis
1422 1802 1610 1906 (ειοιιηἶ
1656 1801 1793 1875 χιιι).
1822 1851 1872 1913 Β

213 1887 370 1944 Hanc
399 1889 556 1944 nobis
590 1889 962 1948 hereditatem
987 1893 1286 1949 ascendens
1311 1893 1570 1949 Dominus
1595 1893 1651 1948 in
1687 1909 1798 1950 cte-

213 1981 326 2037 lum
359 1983 597 2054 reliquit,
647 1993 703 2040 et
732 1986 885 2056 sequi
923 1999 1047 2040 eam
1088 2001 1186 2056 per
1228 2001 1384 2042 suum
1422 1985 1797 2043 ﬁdelissimum

213 2087 398 2143 regem
423 2072 590 2127 David
613 2082 773 2144 atque
813 2074 1142 2145 Prophetam
1172 2076 1462 2131 mandavit.
1488 2075 1581 2131 Ait
1601 2077 1747 2132 enim
1777 2094 1792 2132 :

211 2161 434 2218 Declina
455 2182 486 2219 a
509 2165 672 2232 malo,
693 2174 742 2221 et
767 2166 853 2236 {ac
876 2166 1069 2221 bonum
1098 2179 1116 2218 .'
1149 2168 1352 2238 inquire
1374 2184 1576 2239 pacem,
1612 2177 1662 2223 et
1680 2184 1800 2238 per-

209 2270 426 2326 sequere
460 2272 578 2310 eam
599 2254 773 2329 (Psal.
804 2257 911 2331 ιιι).
949 2256 1008 2313 Si
1042 2259 1185 2314 hanc
1209 2260 1354 2316 enim
1388 2259 1600 2316 sincero
1635 2262 1801 2318 corde

210 2347 367 2418 sequi
392 2347 746 2415 voluerimus,
770 2348 973 2405 Christi
998 2350 1246 2406 haeredes
1268 2351 1493 2407 erimus.
1528 2352 1587 2409 Si
1617 2363 1798 2409 autem

207 2434 419 2492 Christi
442 2438 684 2494 haeredes
723 2440 970 2509 cupimus
997 2454 1138 2507 esse,
1171 2442 1225 2496 in
1251 2438 1451 2497 Christi
1478 2453 1611 2514 pace
1638 2443 1800 2499 debe-

190 2541 340 2582 mus
373 2527 599 2582 versari.
646 2526 704 2584 Si
730 2527 826 2584 lilii
874 2530 972 2585 Dei
1015 2546 1221 2597 sumus,
1244 2531 1456 2602 paciﬁci
1493 2547 1614 2588 esse
1637 2533 1801 2589 debe-

207 2635 355 2675 mus.
408 2619 670 2676 Paciﬁcos
713 2622 860 2678 enim
893 2638 1016 2679 esse
1053 2633 1267 2694 oportet
1319 2625 1415 2681 Dei
1450 2624 1590 2682 ﬁlios
1617 2634 1673 2680 et
1699 2627 1801 2684 hu-

207 2709 395 2778 miles,
424 2719 604 2766 mente
619 2712 802 2780 mites,
831 2715 994 2770 wrde
1007 2713 1303 2784 simplices,
1330 2731 1584 2772 sermone
1608 2732 1794 2788 puros,

206 2802 392 2856 animo
419 2801 757 2869 innocentes,
803 2804 1002 2861 affectu
1051 2807 1369 2875 concordes,
1409 2807 1641 2864 ﬁdeliter
1659 2809 1794 2866 sibi-

206 2900 322 2948 met
347 2908 412 2949 ac
437 2895 769 2952 unanimiter
792 2897 1151 2954 cobaarentes.

742 2985 1023 3042 CAPUT
1086 2986 1258 3042 XIII.

773 3057 853 3111 De
902 3057 1216 3112 obedientia.

279 3123 358 3180 De
389 3123 696 3181 obedientia
735 3127 816 3183 sic
842 3128 1034 3183 beatus
1077 3127 1271 3184 Petrus
1296 3130 1568 3202 apostolus
1610 3131 1742 3188 dicit
1773 3150 1787 3188 :

1429 363 1736 424 omnem
1771 349 2276 457 nouacuouuu.

1826 482 1880 544 Α
1901 489 2191 546 cresceret,
2222 480 2441 553 dignum
2469 483 2647 542 fuerat
2693 493 2755 542 ut
2779 488 2924 544 hunc
2949 487 3112 545 etiam
3141 501 3173 544 a
3192 488 3334 545 bono
3354 506 3482 563 pro.

2849 297 2859 306 .
2886 291 2922 303 -

3376 377 3481 436 610

1902 571 2134 638 biberet,
2165 582 2434 644 quatenus
2473 584 2622 631 tanto
2644 579 2823 634 verius
2843 580 2948 635 hoc
2975 580 3120 650 quod
3145 589 3330 652 ageret
3363 583 3478 639 vir-

1901 670 1988 718 tus
2017 674 2178 730 esset,
2207 674 2410 735 quanto
2435 675 2491 721 et
2518 683 2549 722 a
2577 669 2716 724 bono
2751 684 2992 737 cessans,
3047 673 3257 727 auctori
3286 690 3384 730 suo
3420 690 3482 732 se

1901 756 2174 812 subditum
2226 759 2481 816 humilius
2517 763 2820 819 exhiberet.
2873 765 3146 838 Scriptum
3190 776 3276 824 est
3312 769 3480 836 enim,

1901 845 2094 901 Melior
2124 858 2198 903 est
2229 849 2519 906 obedientia
2555 870 2711 924 quam
2737 855 2958 911 victima:
2988 857 3184 929 (Eccle.
3215 858 3311 931 tv).
3341 859 3484 918 Obe-

1900 937 2099 993 dientia
2143 940 2338 1012 quippe
2377 942 2612 999 victimis
2640 942 2766 1012 jure
2819 947 3168 1018 prmponitur,
3223 951 3349 1020 quia
3383 964 3486 1022 per

1898 1027 2150 1085 victimas
2177 1029 2352 1086 aliena
2397 1047 2543 1098 caro,
2569 1048 2667 1104 per
2694 1035 3057 1090 obedientiam
3081 1053 3211 1093 vero
3231 1038 3482 1096 voluntas

1898 1119 2118 1190 pr0pria
2143 1127 2437 1176 mactatur.
2465 1121 2636 1178 Tanto
2665 1123 2830 1196 igitur
2865 1126 3094 1196 quisque
3122 1129 3291 1183 Deum
3320 1129 3482 1185 citius

1897 1207 2098 1278 placat,
2127 1220 2333 1282 quanto
2363 1223 2488 1269 ante
2510 1215 2629 1286 ejus
2653 1216 2839 1272 oculos
2867 1231 3114 1287 repressa
3159 1221 3372 1276 arbitrii
3399 1220 3482 1277 sui

1899 1301 2171 1372 superbia,
2226 1304 2405 1375 gladio
2459 1308 2714 1378 praecepti
2763 1323 2822 1365 se
2847 1309 3112 1364 immolat.
3145 1309 3283 1367 Hinc
3315 1315 3483 1371 abbas

1896 1393 2126 1451 Basilius
2155 1396 2307 1468 (Reg.
2336 1398 2475 1455 brev.
2506 1399 2664 1472 disp.,
2697 1402 2882 1456 interr.
2919 1401 3042 1474 115)
3093 1403 3482 1476 interrogatus,

1899 1490 2168 1558 quomodo
2203 1491 2303 1546 sibi
2338 1492 2569 1548 invicem
2600 1493 2798 1551 fratres
2821 1496 3042 1552 obedire
3087 1495 3366 1565 deberent,
3398 1513 3484 1555 re-

1896 1580 2143 1650 spondit:
2164 1579 2318 1638 Sicut
2339 1585 2482 1640 servi
2503 1586 2736 1654 Domini,
2753 1589 3048 1643 secundum
3069 1589 3213 1658 quod
3228 1590 3487 1662 praecepit

1895 1670 2155 1729 Dominus
2182 1691 2195 1727 :
2228 1673 2367 1741 Quia
2395 1677 2487 1746 qui
2518 1678 2634 1733 vult
2677 1680 2732 1734 in
2779 1681 2934 1736 vobis
2957 1695 3077 1736 esse
3104 1697 3353 1754 magnus,
3390 1682 3487 1738 ﬁat

1895 1765 2137 1819 omnium
2181 1766 2510 1824 novissimus
2540 1778 2597 1824 et
2637 1786 2829 1828 servus
2862 1791 2876 1826 :
2906 1773 3048 1828 sicut
3072 1773 3215 1830 ﬁlius
3249 1775 3510 1840 hominis.

1899 1869 2007 1910 non
2029 1857 2178 1911 venit
2198 1858 2515 1925 ministrari,
2534 1863 2630 1917 sed
2653 1864 2989 1921 ministrare.
3017 1864 3188 1939 (Cass.
3213 1866 3278 1922 de
3297 1866 3478 1922 Instit.

1899 1944 1938 1997 ι.
1970 1961 2044 2011 Iv,
2076 1963 2122 2001 c.
2149 1947 2241 2014 23,
2269 1948 2383 2022 27.)
2411 1949 2682 2007 Plantavit
2701 1955 2920 2023 quidam
2946 1971 3112 2012 senex
3133 1957 3338 2028 lignum
3368 1958 3480 2014 ari-

1900 2035 2026 2090 dum
2075 2037 2131 2092 in
2178 2053 2382 2106 eremo,
2427 2050 2481 2097 et
2510 2043 2696 2098 volens
2731 2047 3094 2103 obedientiam
3140 2047 3326 2105 fratris
3358 2063 3485 2119 pro-

1898 2129 2052 2198 bare,
2076 2132 2216 2188 dixit
2237 2135 2287 2190 ei
2315 2151 2330 2190 :
2358 2135 2464 2191 Per
2507 2139 2746 2210 singulos
2781 2141 2895 2195 dies
2932 2142 3048 2211 riga
3088 2141 3290 2214 lignum
3320 2141 3482 2209 istud,

1901 2220 2074 2277 donec
2100 2221 2339 2280 fructum
2361 2224 2546 2282 faciat.
2577 2227 2711 2283 Erat
2731 2239 2913 2286 autem
2940 2231 3098 2303 longe
3125 2232 3190 2287 ab
3217 2233 3296 2287 eis
3319 2247 3479 2302 aqua.

1901 2308 2055 2376 Quod
2090 2327 2216 2366 cum
2257 2313 2475 2371 fecisset
2500 2316 2670 2372 frater
2689 2319 2778 2375 ille
2798 2335 2894 2390 per
2915 2329 3026 2376 tres
3054 2337 3247 2389 annos,
3277 2322 3482 2393 lignum

1901 2399 2031 2454 illud
2072 2403 2243 2458 viride
2275 2405 2477 2462 factum
2525 2417 2632 2473 est,
2662 2419 2717 2465 et
2741 2409 2976 2467 fructum
3023 2414 3225 2468 attulit.
3253 2413 3487 2470 Sumens

1901 2496 2082 2544 autem
2104 2505 2171 2545 ex
2201 2490 2380 2548 fructu
2413 2493 2531 2563 ejus
2554 2513 2744 2565 senex,
2768 2499 2958 2555 detulit
2980 2502 3048 2556 ad
3083 2501 3404 2567 Ecclesiam,
3429 2507 3488 2560 et

1901 2577 2037 2632 dixit
2076 2579 2338 2638 fratribus
2368 2599 2385 2639 :
2415 2583 2660 2657 Accipite
2702 2597 2757 2644 et
2797 2592 3121 2648 manducate
3164 2592 3486 2650 obedientia:

1898 2671 2158 2729 fructum.
2191 2674 2416 2734 Dicebat
2445 2695 2632 2748 senex,
2661 2683 2806 2753 quod
2843 2685 2979 2739 nihil
3005 2685 3082 2740 sic
3119 2686 3310 2755 quaerit
3340 2685 3486 2742 Deus

1897 2761 1967 2816 ah
2023 2762 2091 2817 iis
2138 2765 2231 2835 qui
2280 2767 2495 2824 initium
2543 2771 2744 2826 habent
2789 2775 3181 2841 conversionis,
3212 2776 3484 2846 quomodo

1897 2853 2220 2913 obedientia:
2263 2858 2526 2918 laborem.
2566 2862 2797 2930 Quidam
2847 2867 3123 2936 saecularis
3153 2867 3486 2924 renuntiavit

1897 2947 2115 3015 seculo,
2163 2957 2220 3005 et
2267 2953 2417 3008 venit
2444 2953 2500 3009 in
2536 2958 2953 3024 monasterium,
2988 2959 3262 3016 adducens
3297 2967 3484 3016 secum

1895 3040 2068 3096 ﬁlium
2106 3057 2263 3099 suum
2300 3047 2604 3116 parvulum.
2635 3049 2807 3116 Quem
2845 3053 3014 3108 abbas
3050 3059 3262 3120 tenens,
3301 3052 3484 3109 infan-

1899 3131 2072 3187 tulum
2095 3135 2465 3205 osculabatur,
2496 3147 2551 3194 et
2571 3138 2710 3195 dixit
2735 3142 2877 3211 patri
2923 3141 3071 3212 ejus:
3102 3143 3268 3200 Amas
3298 3145 3482 3200 hunc?

205 3212 436 3287 Propter
457 3217 596 3288 quod
623 3218 873 3272 succincti
919 3217 1118 3274 lumbos
1163 3201 1351 3277 mentis
1378 3234 1582 3289 uestrae,
1628 3222 1792 3280 sobrii
1819 3201 1864 3264 C
1895 3223 1964 3278 Et
1997 3224 2088 3281 ille
2109 3228 2405 3297 respondit,
2437 3201 2635 3286 Etiam.
2658 3201 3114 3291 Et-iterumvdixit
3142 3237 3218 3292 illi
3249 3255 3262 3292 :
3293 3239 3484 3310 Diligis

201 3306 262 3359 in
285 3305 547 3373 omnibus,
577 3306 802 3378 perfecte
830 3318 1036 3379 sperate
1067 3310 1121 3364 in
1160 3327 1275 3365 eam
1307 3329 1424 3384 qua:
1457 3314 1677 3384 offertur
1704 3330 1793 3369 uo-

203 3397 284 3453 bis
308 3399 559 3468 gratiam,
582 3400 635 3453 in
653 3399 962 3454 reuelatione
989 3401 1117 3456 Jesu
1139 3399 1354 3470 Christi,
1380 3405 1532 3475 quasi
1555 3403 1656 3473 ﬁlii
1673 3404 1792 3460 obe—

200 3489 418 3545 dientia
461 3489 515 3562 (Ι
541 3488 688 3546 Petr.
723 3492 787 3564 ι).
816 3491 982 3548 Recte
1011 3493 1148 3549 ﬁlios
1174 3495 1495 3552 obedientia:
1517 3497 1634 3551 vult
1669 3496 1790 3554 illos

199 3583 462 3648 existere,
512 3596 648 3652 quos
705 3583 760 3637 in
823 3583 1160 3653 praefatione,
1209 3586 1266 3640 in
1320 3586 1789 3655 sanctiﬁcationem

199 3673 458 3745 Spiritus,
517 3675 574 3730 in
621 3675 969 3730 obedientiam
1017 3688 1067 3732 et
1123 3679 1472 3750 aspersionem
1515 3679 1788 3750 sanguinis

196 3766 331 3822 Jesu
355 3767 552 3823 Christi
582 3769 794 3825 dixerat
820 3769 1022 3826 electos
1046 3771 1260 3844 (Ibid.).
1297 3773 1466 3829 Debet
1488 3789 1618 3846 ergo
1657 3775 1789 3830 obe-

198 3861 406 3916 dientia
428 3871 484 3917 et
512 3863 566 3917 in
593 3862 837 3920 adversis
873 3879 941 3919 ex
973 3880 1071 3920 suo
1095 3865 1296 3936 aliquid
1325 3867 1549 3934 habere,
1579 3875 1635 3923 et
1663 3884 1788 3923 rur-

198 3967 319 4007 sum
341 3951 396 4006 in
425 3953 701 4024 prosperis
731 3968 799 4009 ex
825 3970 924 4010 suo
945 3955 1146 4025 aliquid
1168 3958 1314 4012 omni
1357 3958 1518 4012 modo
1547 3974 1656 4013 non
1683 3959 1783 4014 ha-

198 4045 356 4110 bere,
379 4053 644 4115 quatenus
668 4053 723 4102 et
743 4047 798 4101 in
825 4047 1068 4103 adversis
1083 4056 1233 4103 tanto
1257 4050 1329 4104 sit
1354 4051 1556 4116 verior,
1582 4059 1786 4121 quanto

197 4151 230 4190 a
273 4139 530 4207 praesenti
580 4138 697 4208 ipsa
751 4136 935 4210 (quam
991 4139 1246 4195 divinitus
1297 4142 1545 4212 percipit)
1590 4143 1782 4214 gloria,

195 4230 444 4288 funditus
469 4247 534 4287 ex
559 4240 740 4288 mente
764 4241 1067 4303 separatur.
1095 4232 1178 4288 Ah
1205 4234 1574 4304 omnipotente
1604 4235 1785 4290 Domi-

198 4340 270 4381 no
293 4325 600 4382 obedientia
622 4341 792 4396 usque
818 4326 885 4382 ad
905 4333 1136 4380 mortem
1157 4327 1421 4381 servanda
1447 4328 1780 4398 przecipitur,

195 4421 342 4475 sicut
387 4420 599 4476 Veritas
629 4419 886 4475 ait:Non
928 4435 1140 4490 possum
1171 4436 1263 4490 ego
1289 4437 1322 4472 a
1372 4419 1564 4490 meipso
1610 4420 1783 4489 facere

194 4510 507 4582 quidquam,
557 4510 648 4565 sed
700 4511 835 4565 sicut
877 4509 1061 4577 audio,
1108 4510 1295 4580 judico
1336 4509 1519 4581 (Joan.
1552 4510 1629 4582 v).
1663 4510 1782 4582 Ipse

1804 4560 1860 4620 D

1895 3315 2054 3370 eum?
2081 3317 2150 3372 Et
2192 3321 2490 3390 respondit,
2520 3322 2718 3376 Etiam.
2753 3323 2948 3380 Postea
2978 3326 3117 3381 dixit
3155 3327 3230 3381 illi
3251 3327 3434 3383 Abbas
3463 3345 3479 3384 :

1897 3405 2046 3461 Tolle
2066 3422 2196 3480 ergo
2217 3410 2261 3465 si
2292 3426 2443 3466 amas
2465 3427 2609 3478 eum,
2638 3424 2694 3469 et
2715 3416 2867 3470 mitte
2891 3417 3040 3472 illum
3064 3418 3119 3473 in
3147 3417 3363 3474 furnum
3393 3435 3484 3476 ar-

1895 3501 2130 3557 dentem.
2163 3503 2231 3559 Et
2261 3513 2451 3562 tenens
2479 3521 2603 3563 eum
2644 3517 2800 3580 pater
2841 3526 2995 3578 suus,
3017 3511 3247 3581 jactavit
3276 3514 3331 3568 in
3359 3513 3481 3570 fur-

1893 3609 2023 3647 num
2055 3595 2354 3664 ardentem,
2379 3606 2434 3655 et
2453 3600 2638 3656 statim
2664 3600 2840 3658 factus
2867 3610 2952 3658 est
2975 3601 3166 3660 furnus
3195 3605 3342 3659 velut
3367 3620 3477 3663 ros.

1891 3684 1972 3740 Ex
2011 3701 2119 3756 quo
2144 3688 2289 3744 facto
2321 3691 2608 3760 acquisivit
2629 3692 2731 3748 sibi
2760 3693 2987 3765 gloriam
3009 3694 3064 3749 in
3095 3703 3338 3768 tempore
3364 3695 3480 3765 illo,

1890 3778 2345 3846 quemadmodum
2374 3781 2651 3836 Abraham
2684 3785 3015 3854 patriarcha.
3072 3784 3221 3840 Dixit
3267 3801 3476 3843 senex:

1890 3866 2028 3935 Quia
2052 3869 2223 3926 frater
2250 3872 2343 3944 qui
2369 3873 2438 3928 ad
2479 3874 2843 3930 obedientiam
2868 3876 3042 3946 patris
3065 3877 3326 3948 spiritalis
3362 3879 3482 3935 ani-

1889 3976 2035 4015 mam
2064 3962 2291 4029 dederit,
2342 3961 2603 4033 majorem
2639 3970 2946 4022 mercedem
2980 3969 3165 4036 habet,
3196 3987 3358 4040 quam
3390 3971 3480 4030 ille

1889 4051 1982 4120 qui
2007 4066 2191 4107 eremo
2214 4053 2360 4108 solus
2385 4057 2710 4112 recesserit:
2735 4059 2861 4127 quia
2884 4059 2920 4112 ii
2943 4060 3033 4128 qui
3057 4075 3116 4115 se
3142 4062 3194 4114 in
3232 4078 3478 4118 eremum

1889 4142 2150 4214 relegant,
2210 4145 2435 4201 arbitrio
2479 4162 2577 4201 suo
2612 4149 2677 4202 de
2711 4149 2909 4204 saeculo
2958 4160 3332 4218 recesserunt;
3389 4153 3480 4210 hic

1888 4243 2069 4289 autem
2125 4236 2280 4300 ordo,
2345 4237 2439 4306 qui
2478 4253 2536 4292 se
2581 4238 2650 4291 ad
2695 4239 3052 4294 obediendum
3097 4241 3262 4306 dedit,
3289 4258 3478 4299 omnes

1887 4325 2191 4382 voluntates
2238 4343 2365 4382 suas
2420 4327 2701 4396 abjiciens,
2756 4331 2954 4400 pendet
2997 4332 3066 4387 ad
3097 4332 3268 4388 Deum
3299 4343 3354 4388 et
3407 4334 3477 4391 ad

1880 4417 2179 4487 iussionem
2207 4419 2504 4488 spiritualis
2557 4422 2750 4490 patris,
2779 4432 3065 4493 propterea
3113 4433 3169 4479 et
3213 4423 3475 4492 majorem

1885 4507 2114 4578 gloriam
2151 4509 2219 4564 ab
2249 4508 2369 4564 aliis
2416 4510 2600 4566 habet.
2627 4511 2990 4584 Quapropter,
3017 4528 3051 4570 ο
3077 4513 3193 4581 ﬁlii,
3221 4514 3363 4570 bona
3391 4522 3477 4572 est

193 4602 340 4658 sicut
367 4601 537 4666 audit,
559 4599 788 4670 judicat.
815 4601 969 4656 Tune
995 4601 1158 4656 etiam
1187 4601 1404 4656 obediet
1430 4600 1592 4672 patri,
1625 4600 1781 4672 cujus
1804 4599 1858 4620 ν
1883 4599 2214 4668 obedientia,
2233 4617 2354 4672 qua:
2374 4611 2598 4674 propter
2617 4605 2787 4659 Deum
2809 4604 2888 4658 ﬁt.
2904 4605 3172 4662 Intendite
3186 4623 3336 4679 ergo,
3355 4607 3473 4675 ﬁlii,

186 4691 361 4765 judex
387 4692 548 4764 hujus
569 4693 780 4749 venerit
799 4691 1001 4748 steculi.
1024 4690 1204 4763 (Greg.
1235 4690 1430 4747 Horat.
1454 4691 1493 4746 ι.
1524 4709 1690 4758 xxxv,
1723 4709 1772 4748 c.

189 4783 286 4852 22,
315 4784 433 4856 25.)
465 4783 542 4840 Ne
565 4785 719 4839 nobis
747 4799 916 4854 usque
942 4783 1008 4838 ad
1036 4783 1318 4852 praesentis
1340 4783 1465 4839 vita:
1487 4785 1778 4841 terminum

189 4878 500 4933 obedientia
525 4878 793 4934 laboriosa
819 4885 1096 4948 appareat,
1120 4877 1451 4948 Redemptor
1473 4887 1659 4934 noster
1693 4878 1778 4933 in-

189 4970 363 5035 dicat,
396 4970 489 5040 qui
517 4971 657 5025 hanc
701 4971 869 5024 etiam
906 4985 1029 5025 cum
1074 4967 1243 5039 judex
1286 4971 1517 5036 venerit,
1570 4980 1772 5027 servat.

188 5057 336 5128 Quid
363 5075 492 5132 ergo
527 5060 746 5127 mirum,
777 5059 824 5114 si
853 5069 1107 5131 peccator
1131 5060 1296 5116 homo
1345 5061 1668 5118 obedientiae
1719 5063 1776 5118 in

185 5154 478 5226 prasentis
506 5154 632 5209 vita;
665 5153 931 5210 brevitate
974 5169 1035 5210 se
1085 5153 1326 5224 subjicit,
1375 5157 1591 5226 quando
1636 5157 1778 5214 hanc

187 5244 461 5300 mediator
485 5244 582 5301 Dei
625 5253 681 5300 et
706 5245 986 5301 hominum
1010 5246 1173 5301 etiam
1210 5261 1335 5302 cum
1357 5247 1670 5304 obedientes
1690 5265 1777 5305 re-

188 5344 467 5404 munerat,
508 5353 618 5396 non
657 5337 948 5408 relinquit?
991 5337 1282 5396 Sciendum
1337 5351 1444 5408 est,
1497 5358 1775 5415 nunquam

183 5445 290 5503 per
311 5430 676 5487 obedientiam
695 5429 897 5486 malum
932 5429 1072 5498 ﬁeri,
1096 5431 1387 5502 aliquando
1411 5445 1592 5489 autem
1619 5435 1780 5492 debet

185 5537 292 5595 per
315 5521 678 5578 obedientiam
702 5521 903 5576 bonum
947 5522 1092 5592 quod
1120 5524 1300 5594 agitur
1328 5524 1635 5581 intermitti.
1674 5524 1780 5582 Ne-

185 5632 300 5685 que
319 5616 466 5671 enim
491 5615 634 5671 mala
660 5615 712 5669 in
732 5614 983 5684 paradiso
1005 5615 1168 5670 arbor
1188 5615 1418 5681 exstitit,
1449 5632 1612 5688 quam
1635 5618 1778 5672 Deus

185 5707 402 5765 homini
444 5723 514 5763 ne
570 5707 907 5778 contingeret
954 5706 1234 5761 interdixit
1263 5705 1416 5777 (Gen.
1452 5708 1535 5782 ιι).
1571 5708 1677 5764 Sed
1718 5718 1780 5765 ut

185 5802 398 5860 nielius
409 5819 506 5876 per
537 5801 858 5860 obedientia:
896 5800 1154 5857 meritum
1181 5800 1344 5858 homo
1363 5801 1502 5859 bene
1529 5803 1777 5861 conditus

1880 4690 2098 4761 virtutis
2134 4691 2294 4760 hujus
2323 4693 2503 4762 aliqua
2534 4709 2601 4749 ex
2632 4704 2786 4764 parte
2813 4696 3120 4766 vestigium.
3153 4696 3472 4753 Ohedientia

1879 4778 2027 4835 salus
2069 4788 2154 4835 est
2194 4783 2433 4836 omnium
2473 4783 2727 4838 ﬁdelium.
2767 4783 3084 4842 Ohedientia
3125 4788 3361 4859 genitrix
3389 4794 3476 4844 est

1879 4872 2119 4926 omnium
2146 4873 2428 4926 virtutum.
2460 4873 2781 4930 Ohedientia
2819 4877 2971 4946 regni
2999 4876 3259 4932 caelorum
3284 4877 3473 4931 inven-

1880 4963 1990 5018 trix
2020 4971 2122 5018 est.
2147 4963 2468 5020 Ohedientia
2499 4965 2696 5022 cmlum
2720 4968 2989 5038 aperiens,
3019 4977 3075 5024 et
3098 4969 3373 5023 hominem
3401 4968 3472 5024 de

1879 5063 2026 5111 terra
2048 5057 2286 5114 elevans.
2302 5058 2624 5116 Ohedientia
2637 5061 2996 5117 cohabitatrix
3021 5070 3106 5118 est
3127 5063 3464 5132 angelorum.

1879 5148 2202 5206 Ohedientia
2229 5162 2544 5208 sanctorum
2569 5155 2811 5211 omnium
2828 5157 2982 5212 cibus
2997 5164 3098 5210 est.
3112 5156 3192 5210 Ex
3205 5157 3310 5210 hac
3321 5154 3468 5211 enim

1879 5241 2134 5298 ahlactati
2155 5253 2303 5310 sunt,
2325 5252 2380 5300 et
2396 5260 2494 5316 per
2519 5247 2660 5302 hanc
2682 5248 2749 5302 ad
2768 5247 3159 5317 perfectionem
3178 5253 3464 5305 venerunt.

2473 5341 2701 5399 CAPUT
2741 5342 2879 5400 XIV.

2276 5433 2350 5490 De
2394 5435 2834 5509 contemptoribus
2874 5435 3078 5492 mundi.

1953 5525 2134 5598 (Isid.,
2162 5526 2200 5581 Ι.
2229 5541 2294 5584 ιιι
2337 5526 2485 5584 Sent.
2518 5545 2566 5584 c.
2607 5528 2718 5599 16.)
2749 5528 2825 5582 Ea
2855 5542 2976 5597 quae
3000 5526 3181 5581 saeculi
3205 5528 3462 5584 amatori-

1880 5617 1980 5673 bus
2030 5619 2195 5674 chara
2245 5631 2393 5687 sunt,
2452 5621 2626 5676 sancti
2680 5618 2827 5674 velut
2879 5619 3108 5673 adversa
3164 5617 3460 5690 refugiunt,

1878 5707 2104 5780 plusque
2141 5711 2560 5766 adversitatihus
2603 5709 2789 5764 mundi
2841 5708 3096 5780 gaudent,
3127 5723 3291 5780 quam
3333 5722 3462 5780 pm-

1877 5803 2224 5872 speritatibus
2252 5803 2606 5860 delectentur.
2638 5801 2858 5860 Alienus
2885 5810 3100 5860 constat
3118 5817 3240 5859 esse
3267 5815 3298 5856 a
3320 5799 3457 5870 Deo.l
