4020 6502
164 459 261 516 617

1355 440 1660 500 ὓῐΑῡΕΜΑ
1695 431 2203 494 MONACHORUM.

3304 414 3413 471 618

164 570 281 638 vult,
296 568 488 641 inquit,
500 575 616 641 post
631 584 710 623 me
731 565 920 631 uenire,
936 565 1148 636 abneget
1163 562 1491 633 semetipsum
1508 557 1723 631 (Matth.
1755 558 1805 617 Λ
1828 551 2000 621 ceptis
2028 546 2249 641 Domini
2276 542 2490 641 paruit,
2531 556 2654 597 cum
2678 538 2776 641 illo
2808 533 3155 641 postmodum.
3174 531 3239 587 ad

164 662 325 779 Μ’.
735 718 961 786 CAPUT
999 720 1142 781 xxr.

437 816 514 875 De
546 814 612 874 iis
641 819 729 891 qui
755 820 986 891 quietam
1015 816 1238 887 diligunt
1268 815 1443 869 vitam.

230 929 430 1002 (στερη
464 929 602 984 Mor.
644 928 681 982 ι.
714 943 791 992 tv,
832 944 880 981 c.
925 926 1037 998 54).
1085 925 1270 980 Sancti
1304 923 1408 977 viri
1439 920 1566 992 quia
1602 918 1737 974 nihil

163 1022 319 1093 hujus
350 1018 533 1075 mundi
568 1026 858 1089 appetunt,
895 1017 1055 1072 nullis
1080 1014 1266 1086 procul
1300 1014 1464 1069 dubio
1489 1012 1541 1065 in
1575 1010 1739 1065 corde

167 1111 479 1166 tumultibus
520 1117 859 1179 premuntur.
910 1106 1112 1163 Omnes
1162 1105 1361 1175 quippe
1406 1100 1740 1156 inordinatos

166 1201 553 1257 desideriorum
601 1208 781 1253 motus
825 1214 857 1253 a
897 1196 1060 1253 cubili
1104 1195 1287 1251 cordis
1322 1207 1487 1248 manu
1540 1199 1741 1245 sancta:

167 1294 566 1351 eonversations
590 1291 829 1361 eiiciunt,
866 1299 923 1345 et
951 1291 1045 1360 qui
1072 1285 1385 1342 transitoria
1415 1291 1610 1339 cuncta
1645 1281 1741 1335 de-

167 1385 417 1458 spiciunt,
454 1399 522 1442 ex
566 1383 635 1438 iis
674 1389 959 1436 nascentes
1000 1377 1386 1449 cogitationum
1428 1372 1745 1429 insolentias

170 1464 273 1532 non
302 1474 599 1546 patiuntur.
641 1472 826 1527 Solam
851 1481 1083 1540 namque
1108 1476 1365 1523 aeternam
1394 1464 1624 1535 patriam
1653 1477 1748 1532 ap-

1835 644 2036 698 candos
2094 637 2319 710 populos
2359 634 2527 706 iudex
2570 632 2769 697 veniet,
2818 630 2962 684 sicut
3000 633 3197 682 cuncta
3253 623 3419 677 relin—

1835 731 2125 803 quentibus
2168 723 2611 799 prtedicatoribus
2652 721 2851 777 dicitur
2884 736 2898 773 :
2941 715 3194 773 Sedebitis
3239 723 3287 768 et
3332 729 3421 769 vos

1834 839 1992 894 super
2028 819 2303 874 duodecim
2344 817 2577 878 thronos,
2611 812 2914 883 judicantes
2943 806 3218 863 duodecim
3252 803 3422 859 tribus

1838 910 2033 967 Israel.
2064 910 2291 964 Rectum
2313 906 2512 977 quippe
2537 912 2641 970 est,
2664 911 2723 957 ut
2749 918 2871 957 cum
2898 902 3008 956 Deo
3037 900 3102 956 dc
3128 896 3339 970 populis
3368 895 3427 950 in

1833 1003 2039 1073 iudicio
2063 1002 2356 1071 disputent,
2382 998 2474 1069 qui
2498 997 2566 1051 ad
2586 996 2748 1050 verba
2782 993 2877 1048 Dei
2902 1006 3142 1062 praesens
3164 987 3423 1046 sicculum

1839 1092 2075 1165 perfecte
2109 1090 2505 1158 derelinquunt.
2551 1086 2619 1140 Et
2656 1085 2731 1139 illi
2772 1099 2893 1139 cum
2930 1081 3042 1136 Deo
3078 1080 3426 1152 postmodum

1835 1184 2048 1255 iudices
2085 1181 2337 1245 veniant,
2382 1179 2474 1248 qui
2505 1177 2554 1231 ei
2583 1175 2746 1231 modo
2774 1174 2827 1228 in
2858 1172 3159 1227 voluntaria
3189 1186 3425 1243 pauper-

1843 1283 1974 1339 tate,
1999 1272 2083 1328 vel
2108 1272 2161 1325 in
2182 1286 2314 1340 pace
2334 1268 2630 1324 familiares
2650 1266 2994 1322 exstiterunt.
3021 1262 3292 1333 Scriptum
3311 1270 3428 1318 est:

1845 1363 2125 1419 Advocavit
2154 1361 2307 1416 caelos
2334 1376 2567 1425 sursum,
2597 1369 2643 1413 et
2671 1368 2884 1421 terram,
2915 1366 2969 1409 ut
2995 1355 3307 1409 discerneret
3339 1370 3433 1423 po-

1844 1454 2026 1526 pulum
2056 1469 2211 1507 suum
2243 1451 2417 1524 (Psal.
2448 1449 2617 1521 xux).
2651 1445 2853 1520 (Creg.,
2888 1446 3027 1500 Mor.
3056 1444 3094 1497 ι.
3129 1460 3219 1510 xv,
3243 1461 3290 1498 ε.
3318 1444 3433 1513 15.)

168 1532 355 1639 petunt
374 1606 391 1632 ,
421 1575 477 1621 et
514 1565 641 1635 quia
671 1563 819 1618 nulla
856 1532 1016 1632 huius
1047 1560 1229 1616 mundi
1261 1532 1519 1629 diligunt,
1551 1570 1746 1626 magna
1848 1542 2025 1639 C(fflos
2049 1543 2246 1612 (ιιιῑρρθ
2269 1555 2484 1596 sursum
2511 1540 2759 1639 all-Vocat:
2789 1552 2912 1639 ουῖξι
2940 1533 3226 1639 ίξιίιιιὶξυει
3249 1532 3439 1639 Omnia

172 1623 388 1714 inentis'
416 1623 805 1724 tranquillitate
855 1623 1227 1724 perfruuntur.
1290 1623 1478 1720 Magna
1530 1623 1747 1715 requies

1867 1632 2242 1711 'elinquentes,
2288 1628 2753 1684 conversationem
2800 1623 3036 1703 caalestis
3078 1623 3201 1677 vitae
3249 1631 3438 1676 tenue-

171 1747 365 1801 memis
397 1753 481 1801 es;
501 1785 515 1810 ,
552 1716 583 1799 ξι
619 1752 831 1800 δρα-διο
858 1716 1044 1798 'cordis
1079 1716 1418 1796 ωτι-ρηοηιιίι
1453 1736 1751 1792 desiderio.
1848 1730 1996 1788 runt,
2030 1722 2099 1776 ad
2123 1720 2525 1776 consedendum
2553 1718 2606 1772 in
2626 1716 2830 1787 iudicio
2855 1721 3441 1781 convocantur,atque

170 1851 289 1890 mm
327 1808 586 1889 ωωιιιίιιε
619 1833 909 1903 expauere,
947 1840 1004 1887 ει
1034 1846 1143 1885 una
1190 1828 1487 1884 ingenuom;
1531 1834 1749 1882 ωιεηιω
1851 1832 1973 1872 cum
1989 1830 2055 1870 eo
2073 1814 2284 1885 iudices
2307 1811 2549 1868 veniunt.
2576 1810 2746 1864 Terra
2766 1808 2930 1862 etiam
2957 1822 3173 1863 sursum
3188 1813 3440 1870 vocatur,

170 1928 358 1998 νηπίω
398 1928 454 1982 in
497 1896 740 1981 ωηοι-εξη
778 1925 982 1979 ίηιίιηω
1023 1923 1221 1994 quiem
1263 1921 1540 1976 anhelare,
1573 1920 1621 1974 Α
1664 1928 1749 1974 ιιι-
1779 1924 1825 1983 Β
1852 1923 1976 1963 cum
2016 1906 2053 1961 ii
2096 1906 2189 1975 qui
2222 1903 2453 1960 terrenis
2494 1901 2705 1957 actibus
2734 1898 2952 1998 obligati
2988 1898 3238 1998 fuerantn
3264 1897 3318 1952 in
3360 1896 3444 1953 eis

171 1989 337 2074 inulta
362 2034 541 2073 rerum
564 2017 941 2088 temporalium
962 1989 1131 2070 David
1156 2028 1429 2069 secessum
1450 2013 1747 2081 quaerebat,
1856 2007 2035 2053 “lmen
2061 1996 2182 2066 Plus
2204 1994 2446 2088 C‘Plf’fslia
2469 2007 2633 2088 ςυξξιι
2658 1998 2875 2047 lenem
2898 1989 3049 2044 luem
3075 1989 3439 2088 (ξξιωξίθξηιηίτ

171 2122 293 2162 cum
321 2107 524 2161 dicere;
549 2120 564 2159 ε
594 2081 766 2160 υηξιηι
787 2105 926 2175 petii
963 2121 996 2157 α
1025 2102 1273 2166 Domino,
1303 2103 1438 2155 hanc
1469 2102 1751 2171 τερατταιη,
1854 2091 2048 2160 quibus
2078 2089 2132 2142 in
2157 2088 2263 2142 line
2291 2085 2743 2155 dicitur:IIospes
2771 2099 2940 2148 eram,
2962 2092 3010 2137 et
3033 2081 3311 2152 collegistis
3335 2097 3442 2145 me,

172 2205 227 2249 ut
264 2195 546 2250 inhabitem
574 2195 631 2248 in
655 2194 810 2248 domo
839 2192 1050 2247 Domini
1077 2189 1251 2262 (Psal.
1280 2190 1450 2262 xxvi).
1482 2191 1551 2244 Et
1580 2190 1707 2244 illud
1737 2207 1750 2243 :

172 2284 309 2339 Ecce
344 2284 579 2354 elongaei
617 2283 846 2354 fugiens,
875 2291 924 2336 et
962 2283 1132 2336 mansi
1174 2283 1228 2335 in
1267 2280 1551 2335 solitudine
1580 2279 1752 2352 (Psal.

171 2376 304 2448 uv).
328 2376 564 2446 Fugiens
592 2376 824 2445 elongat,
853 2374 943 2445 qui
967 2389 998 2428 a
1022 2375 1179 2429 turba
1203 2372 1595 2428 desideriorum
1621 2381 1759 2426 tem-

168 2470 439 2538 poralium
489 2469 544 2522 in
592 2467 702 2521 alta
748 2467 842 2521 Dei
886 2466 1343 2537 contemplatione
1374 2481 1434 2521 se
1478 2465 1754 2531 sublevat;

166 2569 359 2617 manet
383 2575 513 2614 vero
543 2561 595 2613 in
628 2559 936 2624 solitudine,
970 2558 1063 2628 qui
1104 2556 1511 2626 persevcrat‘in
1550 2565 1758 2610 remota

167 2650 373 2705 mentis
413 2649 733 2703 intentione.
768 2648 915 2702 Dixit
939 2648 1109 2703 abbas
1132 2647 1402 2703 Antonius
1431 2665 1443 2700 :
1475 2646 1577 2715 Qui
1607 2647 1761 2702 sedet

168 2738 227 2793 in
269 2737 556 2793 solitudine
594 2748 649 2792 et
684 2738 943 2807 quiescit,
978 2755 1009 2792 a
1038 2739 1212 2793 tribus
1246 2738 1402 2794 bellis
1427 2739 1674 2809 eripitur,
1706 2738 1762 2793 id

170 2837 289 2896 est,
332 2830 579 2894 auditus,
628 2829 912 2885 locutionis
951 2837 1007 2885 ct
1044 2831 1213 2885 visus.
1253 2829 1411 2901 (Sim.
1443 2830 1676 2901 Metaph.
1704 2830 1762 2884 in

184 2919 306 2975 Vita
328 2919 541 2992 Arsen.)
585 2920 768 2977 Abbas
792 2921 1053 2977 Arsenius
1074 2922 1252 2975 oravit
1275 2922 1462 2976 dicens
1480 2940 1493 2975 :
1509 2921 1759 2987 Domine,

172 3014 348 3085 dirige
385 3029 471 3068 me
500 3014 569 3069 ad
604 3014 869 3077 salutem;
911 3022 967 3069 et
996 3014 1143 3069 venit
1166 3014 1217 3068 ei
1254 3028 1361 3068 vox
1394 3014 1580 3069 dicens
1611 3031 1625 3066 ε
1654 3011 1759 3067 Ar-

174 3105 317 3169 seni,
344 3104 466 3176 fuge
493 3105 762 3169 homines,
797 3115 934 3172 tace,
962 3105 1200 3175 quiesce,
1229 3112 1284 3159 et
1307 3102 1486 3159 salvus
1506 3104 1637 3158 eris.
1664 3103 1762 3157 Di-

1857 2181 2029 2236 nudus
2055 2189 2105 2234 et
2133 2179 2407 2250 operuistis
2428 2194 2509 2232 me
2538 2176 2753 2246 (Matth.
2789 2174 2901 2246 xv).
2931 2175 3100 2230 Electi
3129 2174 3230 2229 viri
3260 2174 3446 2230 omnia

1857 2271 2244 2340 relinquentes,
2293 2284 2399 2323 non
2422 2268 2736 2338 iudicantur
2765 2274 2821 2322 et
2848 2274 3095 2338 regnant,
3142 2266 3233 2334 qui
3275 2265 3447 2320 etiam

1857 2368 2125 2433 praacepta
2170 2360 2304 2429 legis
2363 2358 2714 2430 perfectionis
2767 2358 2966 2413 virtute
3019 2356 3442 2418 transcendunt,

1857 2454 1985 2525 quia
2012 2467 2351 2522 nequaquam
2377 2452 2482 2507 hoc
2509 2450 2683 2505 solum
2726 2450 2871 2520 quod
2895 2450 3111 2505 cunctis
3150 2449 3333 2504 divina
3356 2447 3447 2503 lex

1858 2545 2113 2615 praecepit
2156 2542 2379 2613 implere
2434 2543 2675 2599 cantenti
2722 2552 2880 2608 sunt,
2938 2542 3033 2598 sed
3070 2543 3452 2612 prmstantiorc

1860 2636 2130 2692 desiderio
2178 2636 2300 2705 plus
2341 2642 2603 2705 appetunt
2655 2635 2913 2690 exhibere
2952 2649 3115 2704 quam
3160 2633 3449 2705 prrcceptis

1862 2725 2205 2798 generalibus
2247 2725 2434 2780 audire
2479 2733 2790 2794 potuerunt.

2430 2826 2657 2883 CAPUT
2695 2827 2882 2882 XXIII.

2193 2916 2270 2971 De
2298 2917 2699 2985 mortiﬁcatiune
2726 2917 3123 2973 monachorum.

1935 3010 2131 3065 Paulus
2156 3009 2433 3079 apostolus
2459 3009 2537 3062 ait
2563 3027 2576 3062 :
2611 3008 2925 3064 Existimate
2958 3026 3043 3064 vos
3072 3020 3303 3066 mortuos
3329 3014 3452 3083 qui-

1863 3106 1981 3160 dem
2016 3122 2126 3159 esse
2166 3115 2400 3175 peccato,
2441 3105 2666 3159 viventes
2695 3114 2868 3159 autem
2905 3106 3017 3161 Deo
3058 3105 3235 3178 (Rom.
3262 3108 3361 3181 vl).
3394 3109 3456 3165 In

175 3196 260 3250 sit
285 3195 451 3251 abbas
475 3195 715 3268 Moyses:
735 3196 908 3251 Homo
934 3197 1145 3265 fugiens
1168 3195 1439 3260 homines,
1463 3195 1656 3249 similis
1679 3204 1763 3248 est
1866 3205 2082 3251 mortuo
2111 3196 2257 3252 enim
2286 3212 2394 3251 non
2424 3204 2617 3266 regnat
2640 3204 2955 3266 peccatum,
2985 3213 3158 3269 neque
3189 3201 3458 3270 cupiditas

174 3304 298 3344 uva:
330 3296 554 3344 matura:
580 3305 594 3342 :
636 3288 730 3360 qui
768 3299 948 3343 autem
985 3303 1109 3342 cum
1137 3286 1445 3342 hominibus
1473 3302 1764 3341 conversa-
1790 3272 1834 3333 (ἶ
1867 3288 1999 3342 vivit
2021 3288 2229 3357 peccati
2257 3305 2271 3342 :
2301 3289 2665 3359 esstinguitur
2687 3289 2831 3343 enim
2863 3292 3119 3346 continuo
3147 3294 3202 3347 in
3230 3308 3296 3348 eo
3326 3308 3458 3348 con-

175 3388 292 3443 tur,
320 3379 460 3434 sicut
488 3395 592 3434 uva
629 3380 824 3436 acerba
846 3380 969 3435 erit.
1008 3379 1147 3433 Dixit
1175 3379 1342 3433 abbas
1369 3377 1521 3433 Nilus
1548 3396 1560 3430 :
1593 3379 1767 3447 Impe-
1867 3381 2198 3451 cupiscentia
2228 3380 2431 3444 carnis,
2465 3380 2802 3449 conquiescit
2829 3380 3000 3448 furor,
3028 3394 3209 3438 cessat
3236 3383 3341 3450 ira,
3372 3384 3459 3440 fu-

175 3470 463 3526 netrabilis
500 3479 684 3526 manet
715 3486 747 3525 a
786 3471 999 3542 sagittis
1034 3470 1270 3534 inimici,
1311 3470 1404 3539 qui
1441 3476 1587 3524 amat
1614 3470 1766 3539 qnie-
1866 3481 2028 3541 gatur
2054 3472 2260 3536 odium,
2297 3480 2354 3526 et
2377 3470 2558 3526 omnia
2599 3471 2761 3526 simul
2786 3473 3178 3543 conquiescunt
3205 3475 3354 3530 vitia.
3389 3476 3459 3531 Et

172 3570 323 3627 tem;
353 3564 443 3633 qui
473 3572 655 3620 autem
684 3563 947 3619 miscetur
974 3562 1339 3629 multitudini,
1371 3563 1561 3618 crebra
1594 3561 1767 3617 susci-
1866 3561 1972 3616 hoc
2015 3568 2099 3615 est
2141 3561 2279 3615 mori
2324 3568 2569 3632 peccato,
2603 3570 2659 3616 et
2686 3560 2867 3617 vivere
2896 3562 3134 3619 Christo.
3178 3566 3311 3620 item
3344 3567 3461 3638 ipse

171 3653 296 3727 piet
316 3653 557 3709 vulnera.
776 3724 801 3727 Α
822 3725 831 3727 _
855 3725 881 3727 _
901 3724 989 3727 Ui
1158 3726 1173 3727 γ
1867 3652 2157 3722 Apostolus
2195 3653 2273 3706 ait
2301 3671 2313 3706 :
2350 3651 2548 3705 Mortui
2584 3652 2723 3706 enim
2754 3653 2897 3719 estis,
2925 3663 2972 3707 et
3008 3655 3116 3708 vita
3142 3664 3313 3710 vestra
3337 3656 3461 3712 abs-

763 3724 991 3782 CAPUT
1030 3724 1194 3781 XXII.

505 3812 583 3871 De
611 3812 786 3870 electis
815 3817 990 3870 omnia
1021 3816 1445 3888 relinquentibus.

252 3925 434 4001 (Greg.
465 3927 604 3981 Mor.
639 3926 679 3980 ι.
707 3943 786 3993 xr,
816 3945 863 3982 c.
898 3926 1012 4000 50).
1051 3928 1108 3982 In
1146 3928 1252 3983 fine
1290 3928 1471 3983 seculi
1508 3943 1630 3983 cum
1657 3928 1769 3983 Deo

170 4022 391 4094 iudices
418 4022 660 4086 venient,
688 4020 782 4090 qui
822 4036 967 4075 nunc
1005 4036 1104 4090 pro
1141 4022 1252 4075 Deo
1288 4020 1488 4089 injuste
1520 4019 1771 4087 judican-

1869 3742 2078 3797 condita
2110 3751 2184 3797 est
2227 3756 2347 3797 cum
2373 3741 2581 3797 Christo
2622 3741 2678 3795 in
2698 3741 2810 3797 Deo
2852 3741 3051 3815 (Colos.
3081 3742 3186 3817 tu).
3228 3744 3462 3817 Propter

1870 3847 1970 3888 nos
1997 3833 2248 3888 Christus
2270 3830 2581 3899 cruciﬁxus,
2607 3838 2661 3887 et
2689 3841 2960 3900 mortuus,
2985 3843 3042 3891 et
3069 3836 3311 3907 sepultus
3330 3847 3416 3894 est
3441 3857 3457 3894 :

1867 3932 1925 3979 et
1953 3939 2053 3980 nos
2081 3924 2148 3979 ad
2173 3922 2290 3993 eius
2327 3924 2737 3981 similitudinem
2769 3926 3078 3983 voluntates
3108 3935 3163 3983 et
3199 3930 3464 4001 cupidita-

1870 4026 1954 4072 tes
2000 4026 2216 4072 nostras
2262 4016 2664 4088 cruciﬂgamus.
2711 4017 2963 4074 Christus
3007 4029 3189 4075 autem
3240 4038 3348 4077 non
3391 4038 3464 4079 ex

176 4119 295 4166 tur.
334 4111 489 4165 Tunc
511 4125 698 4166 eorum
726 4110 815 4164 lux
843 4119 993 4165 tanto
1019 4111 1179 4166 latins
1202 4111 1423 4176 emicat,
1451 4120 1653 4179 quanto
1678 4126 1772 4166 eos
1871 4117 2046 4179 parte,
2070 4109 2164 4164 sed
2192 4109 2402 4179 integer
2425 4117 2509 4164 est
2536 4110 2830 4166 crucifixus
2857 4120 3100 4181 peccato,
3126 4121 3188 4167 ut
3214 4114 3465 4170 vivamus

170 4219 331 4259 nunc
369 4219 563 4259 manus
605 4204 1047 4274 persequentium
1089 4204 1277 4259 durius
1318 4212 1587 4274 angustat.
1623 4203 1773 4258 Tunc
1874 4199 2005 4254 Deo.
2037 4199 2129 4254 llle
2151 4208 2330 4255 autem
2354 4201 2498 4255 ‘vivit
2527 4203 2656 4268 Deo,
2682 4202 2775 4272 qui
2804 4201 3006 4258 Christi
3031 4205 3256 4275 vestigia
3284 4207 3465 4262 humi-

179 4297 544 4366 reprohorum
585 4296 756 4351 oculis
796 4303 1071 4365 patescet,
1112 4293 1255 4363 quod
1285 4294 1489 4348 cmlesti
1518 4294 1773 4363 potestati
1874 4289 2049 4354 litate,
2082 4290 2507 4346 sanctiﬁcatione
2535 4299 2591 4347 et
2626 4292 2826 4361 pietate
2864 4301 3124 4350 sectatur.
3170 4295 3465 4354 Mortiﬁca-

177 4388 404 4443 subnixi
433 4396 581 4453 sunt,
610 4387 701 4458 qui
737 4396 948 4443 terrena
979 4387 1159 4441 omnia
1197 4394 1387 4455 sponte
1418 4385 1770 4455 reliquerunt.

175 4482 326 4550 Quia
362 4483 608 4553 quisquis
646 4482 866 4537 stimulo
900 4481 1069 4536 divini
1115 4481 1316 4535 amoris
1353 4480 1650 4544 excitatus,
1688 4479 1776 4534 hic

172 4591 440 4647 possessa
467 4576 765 4645 reliquerit,
794 4575 899 4629 illic
922 4573 1109 4645 procul
1129 4573 1292 4628 dubio
1315 4572 1526 4629 culmen
1546 4570 1776 4642 iudicia-

172 4668 283 4723 ria:
325 4668 611 4737 potestatis
651 4667 948 4731 obtinebit,
993 4675 1053 4719 ut
1092 4664 1251 4719 simul
1292 4671 1418 4719 tunc
1451 4662 1618 4732 iudex
1651 4679 1774 4719 cum

167 4760 369 4831 judice
407 4762 617 4827 veniat,
661 4761 753 4832 qui
798 4775 941 4815 nunc
972 4758 1402 4815 consideratione
1427 4755 1615 4825 iudicii
1657 4772 1777 4812 sese

176 4852 489 4922 spontanea
516 4853 794 4907 voluntate
832 4852 1079 4921 castigat.
1121 4850 1450 4920 Redemptor
1477 4857 1660 4904 noster
1682 4847 1774 4917 iu-

176 4943 318 4999 dicii
353 4943 675 4997 sententiam
704 4957 825 4996 cum
867 4942 1067 4997 sanctis
1107 4940 1359 4996 Ecclesiae
1399 4938 1774 5010 praedicatori-

174 5035 293 5090 bus
323 5034 596 5100 decernit,
628 5034 767 5088 sicut
798 5033 912 5103 ipse
937 5034 990 5093 in
1021 5031 1310 5102 Evangelio
1339 5031 1468 5087 dicit
1494 5049 1506 5085 :
1546 5030 1650 5085 Vos
1685 5033 1775 5101 qui

176 5124 477 5195 reliquistis
512 5125 707 5189 omnia,
744 5133 789 5177 et
826 5124 989 5177 secuti
1022 5124 1146 5176 estis
1175 5139 1277 5188 me,
1308 5121 1363 5176 in
1392 5123 1781 5192 regeneratione

173 5231 310 5267 cum
342 5212 529 5267 sederit
554 5211 728 5266 Filius
755 5213 980 5267 hominis
1005 5213 1057 5267 in
1083 5213 1203 5267 sede
1226 5212 1515 5282 maiestatis
1540 5228 1672 5276 sum,
1701 5228 1783 5266 se-

172 5302 383 5357 debitis
406 5312 453 5356 et
480 5319 569 5355 vos
601 5319 755 5373 super
776 5302 1047 5357 duodecim
1075 5304 1240 5367 sedes,
1260 5302 1561 5373 judicantes
1586 5302 1785 5357 duode-

174 5391 293 5446 cim
326 5391 495 5445 tribus
521 5390 690 5446 Israel
713 5391 925 5463 (Matth.
950 5392 1086 5463 xix).
1117 5392 1317 5448 Omnes
1341 5393 1432 5463 qui
1465 5393 1517 5446 in
1543 5392 1785 5447 Ecclesia

172 5482 362 5541 modo
401 5482 626 5552 perfecti
672 5490 826 5546 sunt,
870 5481 1220 5552 perfectionis
1258 5499 1369 5538 sua:
1408 5483 1783 5539 rectitudinem

171 5590 292 5642 per
324 5573 679 5645 Evangelium
709 5575 1032 5630 didicerunt.
1070 5575 1414 5645 Redemptori
1444 5591 1573 5646 ergo
1597 5584 1784 5631 nostro

176 5664 362 5728 uniti,
401 5664 626 5735 ejusque
666 5663 933 5734 maiestati
973 5664 1265 5734 coniuncti,
1306 5680 1429 5720 cum
1473 5679 1540 5719 eo
1574 5663 1786 5731 iudices

170 5755 551 5821 videbuntur,
579 5756 672 5825 qui
701 5758 860 5811 modo
895 5756 1133 5827 perfecta
1163 5770 1325 5826 opera
1361 5755 1515 5825 iuxta
1543 5756 1786 5828 Evange-

175 5849 304 5903 lica
351 5855 620 5917 praecepta
655 5849 823 5903 secuti
864 5858 1010 5905 sunt.
1047 5851 1148 5919 Qui
1190 5853 1242 5907 in
1287 5851 1389 5908 hoc
1418 5851 1613 5906 srccnlo
1651 5866 1787 5921 prte-

532 5940 807 6001 Ps'rnoc.
854 5940 982 6005 Cll.

1875 4391 1967 4436 tur
1994 4384 2309 4449 monachus,
2334 4383 2549 4453 quando
2570 4399 2767 4454 corpus
2795 4400 2952 4440 suum
2976 4384 3307 4456 ieiuniorum
3326 4406 3464 4446 con-

1878 4474 2177 4527 tinuatione
2216 4475 2476 4545 castigat,
2510 4476 2728 4545 quando
2758 4476 2900 4530 intra
2936 4481 3302 4535 necessarium
3342 4498 3464 4538 mo-

1879 4570 2007 4625 dum
2048 4584 2206 4624 suum
2250 4577 2515 4639 temperat
2543 4570 2861 4640 appetitum,
2904 4574 3122 4641 quando
3151 4590 3257 4630 non
3289 4576 3465 4633 solum

1882 4680 1912 4718 a
1939 4663 2344 4718 delicatioribus
2373 4663 2528 4729 cibis,
2576 4665 2668 4719 sed
2701 4665 2863 4719 etiam
2895 4681 2925 4720 a
2952 4666 3232 4724 vilioribus
3262 4678 3470 4741 tempe‘

1884 4768 2033 4818 rans,
2062 4769 2121 4809 se
2145 4754 2446 4822 suspendit,
2481 4755 2696 4823 quando
2721 4754 2852 4809 nihil
2878 4757 3030 4811 carni
3062 4774 3173 4814 sua:
3201 4776 3299 4830 pro
3326 4762 3469 4818 desi-

1881 4848 2053 4912 derio,
2082 4848 2175 4903 sed
2204 4863 2302 4917 pro
2350 4848 2717 4904 sustentanda:
2745 4849 2868 4904 vita:
2896 4852 3219 4907 necessitate
3243 4857 3471 4924 permit-

1881 4940 1946 4995 tit
1977 4937 2178 5013 (Greg.,
2209 4939 2351 4995 Mor.
2382 4940 2420 4993 Ι.
2454 4957 2504 5004 v,
2538 4958 2585 4994 ο.
2614 4939 2689 5012 3).
2717 4940 2851 4996 Cum
2880 4943 3187 5012 spirituales
3215 4948 3468 5004 monachi

1880 5030 2039 5101 plene
2064 5030 2538 5086 mortificationem
2574 5046 2726 5085 suam
2753 5040 3033 5101 appetunt,
3065 5041 3268 5104 quanto
3295 5038 3471 5107 magis

1887 5122 2024 5178 fiunt
2046 5122 2336 5177 viciniores
2360 5121 2426 5176 ad
2454 5120 2638 5187 finem,
2666 5129 2817 5178 tanto
2841 5138 2899 5178 se
2920 5124 3176 5180 exhibent
3199 5127 3472 5183 ardentio-

1884 5227 1975 5267 res
2004 5212 2056 5266 in
2088 5227 2270 5282 opere.
2297 5211 2618 5267 Laborando
2642 5228 2771 5284 ergo
2798 5230 2903 5270 non
2934 5214 3210 5283 deficiunt,
3236 5218 3330 5273 scd
3358 5234 3471 5273 ma-

1885 5305 1968 5377 gis
1992 5305 2276 5359 adversum
2302 5303 2515 5359 labores
2539 5314 2813 5373 crescunt,
2844 5308 2935 5377 qui
2961 5323 3085 5362 cum
3108 5307 3217 5375 iam
3248 5310 3470 5379 prtemia

1885 5393 2271 5474 propinquiora
2306 5393 2686 5460 considerant,
2723 5410 2789 5451 eo
2818 5397 2872 5451 in
2907 5411 3070 5466 opere
3097 5395 3470 5458 delectabilius

1888 5485 2174 5539 exsudant.
2223 5482 2426 5540 Omnes
2469 5487 2721 5541 monachi
2770 5488 3025 5542 saeculum
3073 5488 3469 5560 relinquentes,

1890 5576 2083 5646 punire
2112 5575 2289 5632 flendo
2327 5592 2434 5633 non
2470 5578 2724 5634 desinunt
2757 5592 2877 5647 qua:
2903 5577 3264 5648 deliquerunt.
3304 5581 3473 5641 Gravi

1893 5681 1951 5721 se
1979 5680 2213 5723 maerore
2241 5666 2501 5737 afﬂigunt,
2529 5668 2657 5737 quia
2686 5667 2844 5737 longe
2868 5667 2972 5722 huc
2994 5683 3024 5723 a
3055 5668 3196 5726 facie
3222 5674 3468 5729 condito-

1892 5757 1968 5813 ris
2009 5758 2259 5828 proiecti,
2304 5759 2482 5814 adhuc
2525 5759 2581 5811 in
2619 5766 2833 5813 teternae
2876 5758 3067 5828 patria:
3109 5764 3319 5832 gaudiis
3363 5779 3471 5822 non

1893 5857 2034 5906 sunt.
2060 5849 2454 5920 Nonnunquam
2482 5848 2728 5904 monachi
2751 5850 2952 5906 idcirco
2971 5854 3039 5907 ad
3059 5856 3469 5928 contemplanda

2954 5946 3032 6008 20
