4020 6486
214 460 311 515 621

1419 444 1723 509 ΒΙΛΒΕΜΛ
1758 439 2261 509 MONACIIORUM.

211 568 543 632 exteriorum
574 580 755 625 rerum
781 567 966 639 sopitis
993 563 1508 637 perturbationibus,
1540 564 1679 619 intra
1704 564 1780 619 si-
1810 576 1857 634 Α
1887 565 2025 620 Sunt
2051 562 2292 618 nonnulli
2328 561 2420 632 qui
2448 568 2570 631 post
2602 576 2857 633 perversa
2884 561 3078 617 itinera
3102 569 3322 618 sanctas
3345 562 3497 618 vias‘

212 680 343 722 num
378 679 438 720 se
480 662 652 718 intimi
702 660 905 714 amoris
942 657 1258 712 abscondat.
1289 654 1595 724 Aliquando
1636 669 1790 710 mens

209 755 340 826 justi
362 753 429 809 ad
458 751 746 822 quamdam
769 749 1083 804 inusitatam
1107 745 1443 802 dulcedinem
1470 746 1670 801 interni
1695 760 1787 799 sa-

209 846 359 918 poris
380 842 717 906 admittitur;
746 846 801 895 et
825 838 1022 909 raptim
1045 837 1228 907 aliquo
1257 836 1417 891 modo
1440 836 1652 890 ardenti
1679 835 1790 905 spi-

209 936 316 990 ritu
350 931 527 988 alilata
552 937 860 995 renovatur,
884 936 1141 998 tantoque
1163 928 1330 998 magis
1367 927 1537 982 inhiat
1585 935 1790 998 quanto

208 1025 387 1098 magis
411 1022 657 1094 qurerlam
686 1030 740 1077 et
768 1022 1037 1090 degustat,
1064 1028 1227 1089 atque
1254 1020 1357 1075 hoc
1376 1019 1517 1074 intra
1546 1035 1604 1074 sc
1629 1032 1790 1090 appe-

209 1118 300 1183 tit,
327 1117 469 1187 quod
496 1115 600 1172 sibi
629 1114 836 1169 dulcius
859 1113 1060 1168 habere
1085 1113 1410 1168 intrinsecus
1435 1112 1618 1166 sentit.
1645 1112 1790 1167 Dixit
1822 1122 1827 1125 ‘

208 1210 379 1265 abbas
415 1208 707 1263 Theonas:
741 1206 877 1273 Quia
927 1205 1219 1276 impeditur
1265 1220 1420 1259 mens
1464 1212 1685 1269 nostra,
1735 1211 1790 1258 et

207 1307 499 1355 revocatur
542 1313 573 1352 a
622 1298 1073 1367 contemplatione
1104 1295 1235 1363 Dei,
1275 1304 1557 1367 propterea
1592 1296 1787 1366 captivi

207 1389 459 1444 ducimur
494 1387 548 1441 in
577 1387 886 1441 carnalibus
920 1387 1281 1456 pessionibus.
1318 1386 1464 1440 Dixit
1489 1386 1655 1441 abbas
1682 1385 1788 1440 Ar-

207 1479 393 1534 senius
418 1476 631 1532 cuidam
657 1476 816 1531 fratri
848 1494 861 1531 :
896 1476 1322 1547 Quantacunque
1350 1476 1445 1531 tibi
1474 1476 1649 1533 virtus
1683 1486 1785 1543 est,

206 1581 408 1623 conare
432 1575 494 1621 ut
523 1566 749 1622 interius
776 1581 912 1638 opus
937 1576 1089 1622 tuum
1113 1568 1407 1623 secundum
1437 1568 1607 1623 Deum
1633 1570 1704 1624 sit
1731 1576 1788 1624 et

205 1656 393 1711 vincat
433 1654 720 1712 exterioris
762 1656 997 1712 hominis
1032 1657 1328 1726 passiones.
1363 1657 1583 1713 Dicebat
1622 1658 1789 1715 abbas

204 1744 643 1813 Joannes:Quia
688 1746 893 1802 fecerat
936 1748 1224 1817 aliquando
1265 1748 1496 1818 plectam
1541 1750 1606 1805 ad
1654 1753 1787 1806 duas

204 1847 454 1909 sportas,
494 1846 549 1893 et
582 1839 833 1908 expendit
864 1854 983 1894 eam
1014 1841 1068 1893 in
1094 1854 1255 1894 unam
1287 1851 1558 1910 sportam,
1596 1849 1652 1897 et
1677 1859 1784 1897 non

1892 656 2087 710 sectari
2114 662 2389 725 appetunt,
2432 653 2527 709 sed
2554 653 2869 723 priusquam
2907 654 2960 709 in
2987 654 3068 709 eis
3085 661 3184 718 ,‘ut
3210 653 3493 717 diximus,

1891 744 2157 799 desideria
2204 744 2343 797 bona
2372 743 2718 807 roborentur,
2750 742 2998 811 quaedam
3037 742 3159 797 illos
3191 742 3489 812 praesentis:

1892 836 2071 891 saeculi
2098 836 2429 907 prosperitas
2460 834 2676 904 accipit,
2702 850 2822 904 quae
2849 849 2943 889 eos
2978 836 3139 891 rebus
3186 834 3476 890 exteriori-

1891 928 1992 984 bus
2015 928 2288 999 implicat,
2319 936 2375 983 et
2402 942 2591 984 eorum
2618 935 2879 989 mentem,
2911 927 3037 981 dum
3064 941 3095 980 a
3124 926 3308 981 calore
3345 924 3495 978 inti-.

1891 1018 1965 1073 mi
1992 1019 2203 1073 ardoris
2226 1019 2490 1083 retrahit,
2523 1016 2676 1087 quasi
2704 1031 2771 1071 ex
2812 1016 3012 1085 frigore
3049 1017 3377 1088 exstinguit,
3417 1024 3477 1070 et

1892 1111 2246 1182 quidquid‘in
2276 1111 2356 1166 eis
2383 1112 2448 1166 de
2470 1125 2593 1165 sero
2624 1109 2836 1164 fervore
2875 1123 3136 1178 apparere
3162 1108 3469 1171 videbatur,

1892 1202 2168 1259 interficit.
2201 1201 2262 1257 Si
2287 1203 2417 1273 quid
2444 1203 2569 1258 boni
2605 1200 2835 1256 fortasse
2876 1200 3122 1255 inﬁrmus
3151 1215 3216 1256 ac
3257 1201 3474 1270 tepidus

1891 1295 2189 1349 monachus
2218 1309 2379 1364 agere
2413 1294 2671 1364 ceperit,
2701 1294 3014 1363 priusquam
3054 1292 3110 1345 in
3139 1307 3204 1347 eo
3231 1307 3329 1363 per
3353 1293 3472 1349 lon-

1892 1386 2185 1456 gitudinem
2216 1388 2476 1459 temporis
2517 1388 2879 1452 convalescat,
2918 1386 2985 1441 ad
3028 1385 3299 1441 exteriora
3338 1384 3491 1440 diia-'

1890 1474 2057 1544 bitur,
2087 1486 2143 1534 et
2167 1492 2423 1536 perverse
2466 1478 2667 1533 deserit
2694 1492 2814 1547 qua:
2842 1484 2988 1532 recte
3020 1474 3305 1530 inchoasse
3325 1474 3474 1529 vide-

1890 1567 2070 1623 batur.
2119 1568 2177 1623 In
2218 1569 2450 1624 terrenis
2510 1570 2706 1638 quippe
2753 1568 2962 1622 actibus
3013 1565 3172 1621 valde
3226 1564 3473 1636 frigescit

1892 1661 2137 1725 animus,
2168 1662 2212 1715 si
2243 1662 2469 1723 necdum
2503 1661 2665 1715 fuerit
2687 1676 2786 1730 per
2808 1660 2998 1714 intima
3023 1660 3161 1715 dona
3189 1658 3469 1714 solidatus.

1892 1747 2186 1804 Sciendum
2210 1764 2553 1819 summopere
2581 1760 2665 1804 est
2693 1750 2821 1819 quia
2846 1750 3166 1819 plerumque
3192 1748 3475 1803 monachis

1891 1839 1995 1893 hoc
2032 1840 2253 1894 evenire
2290 1840 2571 1894 consuevit
2609 1840 2723 1911 (qui
2765 1840 2935 1894 Deum
2958 1855 3097 1909 puro
3138 1852 3200 1894 ac
3237 1838 3474 1908 simplici

204 1932 489 1988 intellexit.
533 1931 663 1986 Erat
709 1932 852 1986 enim
894 1947 1047 1986 mens
1080 1931 1196 2000 ejus
1242 1941 1503 2002 occupata
1550 1936 1610 1989 in
1653 1950 1784 1990 con-
1814 1932 1861 1990 B
1889 1931 2068 1985 studio
2095 1945 2204 1985 non
2229 1930 2551 2002 sequuntur)
2581 1933 2725 2000 quod
2756 1932 2811 1985 in
2840 1931 2981 1986 libro
3008 1932 3154 1987 beati
3197 1929 3299 1986 Job
3336 1933 3476 1988 scri-

203 2023 555 2093 templatione
587 2022 702 2077 Dei.
746 2022 893 2077 Dixit
931 2022 1099 2078 abbas
1130 2022 1391 2093 Serapion
1424 2042 1438 2079 :
1468 2024 1601 2091 Quia
1642 2026 1783 2081 sicut

204 2113 406 2167 milites
446 2113 789 2182 imperatoris
819 2112 962 2180 (cum
987 2121 1113 2168 ante
1148 2113 1324 2183 ipsum
1345 2115 1508 2186 stant)
1543 2131 1649 2170 non
1681 2132 1780 2171 au-

202 2203 334 2259 dent
370 2205 434 2258 ad
465 2206 745 2259 dexteram
780 2211 873 2257 aut
910 2204 1184 2257 sinistram
1214 2205 1523 2274 respicere:
1559 2207 1632 2261 ita
1668 2223 1783 2262 mo-

201 2299 415 2352 nachus
449 2298 492 2351 si
520 2304 629 2352 stat
661 2297 713 2351 in
743 2303 1034 2365 conspectu
1061 2297 1296 2363 Domini,
1328 2306 1384 2351 et
1417 2298 1654 2353 intentus
1697 2308 1783 2355 est

199 2388 353 2442 omni
382 2389 513 2442 hora
548 2388 601 2441 in
634 2388 826 2441 timore
851 2388 998 2456 ejus,
1027 2387 1163 2441 nihil
1200 2397 1282 2442 est
1303 2389 1368 2443 de
1396 2404 1502 2458 quo
1531 2391 1784 2446 adversa-

198 2477 318 2532 rius
339 2493 462 2531 eum
494 2486 699 2532 terrere
720 2478 908 2546 possit.
933 2476 1078 2531 Dixit
1101 2477 1265 2532 abbas
1291 2478 1609 2549 Hypericius
1636 2499 1649 2535 :
1673 2482 1780 2537 Co-

195 2567 393 2636 gitatio
425 2575 514 2620 tua
539 2582 757 2635 semper
790 2567 860 2621 sit
894 2567 946 2620 in
977 2581 1144 2637 regno
1170 2566 1432 2622 caelorum
1454 2608 1467 2633 ,
1500 2577 1555 2623 et
1582 2570 1690 2624 cito
1725 2571 1781 2625 in

195 2655 572 2711 hzereditatem
617 2657 850 2725 accipies
892 2654 1040 2709 illud.
1090 2656 1341 2725 Dixitque
1389 2658 1627 2713 iterum:
1661 2660 1778 2715 Vita

197 2748 453 2802 monachi
473 2745 626 2815 juxta
666 2747 1020 2801 imitationem
1060 2747 1369 2817 angelorum
1401 2748 1526 2814 ﬁat,
1557 2751 1780 2806 combu-

199 2855 330 2896 rens
360 2847 519 2909 atque
545 2853 868 2894 consumens
890 2847 1132 2908 peccata.
1170 2839 1315 2894 Dixit
1337 2840 1502 2895 abbas
1533 2841 1723 2898 Matois
1760 2862 1773 2897 :

196 2932 414 2998 Quanto
438 2931 609 3002 magis
637 2945 697 2985 se
720 2932 1059 3000 approximat
1102 2933 1263 2986 homo
1290 2933 1358 2987 ad
1396 2933 1589 2999 Deum,
1626 2943 1778 2991 tanto

198 3023 433 3092 amplius
459 3037 518 3078 se
549 3031 889 3093 peeeatorem
920 3026 1087 3081 videt.
1131 3025 1298 3082 Isaias
1334 3026 1477 3082 enim
1516 3030 1777 3098 propheta

196 3116 391 3173 videns
418 3118 727 3186 Dominum,
759 3120 1017 3176 miserum
1051 3136 1109 3176 se
1130 3129 1185 3176 et
1205 3122 1539 3179 immundum
1563 3126 1776 3182 dicebat

200 3206 339 3282 (Isa.
365 3210 461 3280 vi).
489 3210 630 3266 Dixit
657 3212 876 3282 quidam
898 3229 1060 3269 senex
1092 3232 1105 3267 :
1137 3213 1291 3270 Sicut
1315 3231 1474 3271 nemo
1498 3218 1659 3271 audet
1683 3218 1777 3273 iae-

1886 2031 2041 2091 ptum
2066 2030 2150 2077 est
2199 2040 2211 2076 :
2245 2021 2593 2093 Congregatio
2623 2024 2907 2093 hypocrin
2949 2024 3144 2078 sterifis
3181 2024 3323 2095 (Job.
3353 2025 3470 2098 xv).

1890 2110 2091 2183 (Greg.,
2150 2111 2287 2166 Mor.
2316 2105 2374 2166 Ἰ.
2417 2129 2518 2177 xu,
2562 2130 2607 2166 c.
2648 2100 2763 2184 27..)
2791 2112 2978 2183 Cmpta
3017 2114 3161 2168 enim
3186 2113 3327 2169 bona
3359 2131 3468 2170 non

1887 2206 2215 2271 amitterent,
2237 2206 2282 2260 si
2300 2206 2593 2276 hypocrita:
2606 2221 2711 2260 non
2728 2205 2974 2261 fuissent.
2991 2205 3332 2278 Congregant
3344 2222 3474 2264 vero

1885 2302 1940 2350 et
1994 2296 2289 2366 hypocrita:
2346 2299 2482 2351 bona
2527 2311 2726 2367 opera,
2775 2299 2871 2353 sed
2913 2313 3101 2353 eorum
3143 2298 3342 2355 sterilis
3388 2307 3476 2356 est

1886 2388 2003 2457 ipsa
2030 2389 2377 2458 congregatio
2405 2406 2418 2441 :
2451 2389 2575 2457 quia
2601 2403 2699 2457 per
2726 2390 2829 2445 hoc
2854 2390 2995 2459 quod
3018 2400 3200 2460 agunt,
3235 2389 3471 2445 fructum

1887 2479 2127 2548 recipere
2167 2480 2222 2533 in
2254 2489 2455 2534 aeterna
2496 2481 2850 2536 retributione
2892 2496 2999 2537 non
3049 2491 3328 2552 appetunt.
3370 2485 3475 2538 Fe-

1887 2568 2045 2621 c'undi
2096 2583 2162 2624 ac
2206 2569 2406 2625 virides
2450 2570 2502 2625 in
2551 2572 2663 2626 suis
2707 2572 2961 2641 operibus
3007 2571 3260 2629 humanis
3301 2573 3473 2631 oculis

1882 2656 2155 2724 videntur,
2191 2660 2286 2714 sed
2331 2660 2383 2714 in
2411 2670 2698 2731 conspectu
2731 2662 2930 2717 occulti
2961 2661 3163 2731 judicis
3193 2663 3472 2721 infecundi

1884 2757 1940 2805 et
1967 2749 2104 2804 aridi
2146 2760 2426 2821 apparent.
2458 2753 2646 2807 Pravze
2673 2755 3060 2809 monachorum
3094 2765 3304 2813 mentes
3328 2764 3470 2813 tem-

1882 2842 2145 2911 poralium
2191 2859 2374 2897 rerum
2420 2844 2680 2899 tumultus
2720 2845 2861 2899 intra
2907 2846 3226 2918 semetipsos
3252 2863 3474 2905 versare

1883 2946 1987 2985 nun
2019 2941 2260 2999 cessant,
2298 2934 2462 2988 etiam
2498 2950 2621 2990 cum
2644 2944 2855 2991 vacant.
2879 2936 2936 2990 In
2972 2938 3302 3009 cogitatione
3325 2940 3473 2995 enim

1882 3033 2101 3078 servant
2127 3025 2337 3095 depicta
2367 3042 2487 3097 qum
2522 3037 2702 3083 amant
2729 3068 2744 3094 ,
2774 3037 2829 3083 et
2860 3031 3108 3098 quamvis
3146 3029 3277 3086 nihil
3317 3040 3472 3089 exte-

1883 3114 1997 3169 rius
2039 3114 2268 3181 faciant,
2306 3118 2447 3187 apud
2498 3120 2817 3188 semetipsos
2864 3128 3045 3175 tamen
3093 3122 3195 3177 sub
3234 3122 3474 3193 pondere

1882 3203 2267 3273 inquietudinis
2315 3208 2482 3276 quieti
2521 3208 2786 3267 laborant.
2830 3208 3038 3276 Quibus
3074 3210 3120 3265 si
3156 3212 3472 3268 earumdem

198 3280 333 3357 ἀει-ο
368 3316 488 3357 eum
508 3343 523 3368 ν
550 3303 641 3374 qui
675 3280 832 3373 iuxta
874 3305 1253 3375 imperatorem
1284 3314 1389 3372 est,
1427 3308 1503 3363 ita
1545 3307 1774 3365 satanas
1802 3280 1846 3343 C
1879 3308 2058 3347 rerum
2106 3296 2501 3353 administratio
2530 3300 2855 3369 prtebeatur,
2877 3304 3198 3373 semetipsos
3227 3302 3471 3362 funditus

196 3406 311 3446 non
345 3394 541 3462 poterit
579 3394 733 3451 nobis
776 3395 976 3466 aliquid
1008 3412 1220 3462 nocere,
1269 3398 1316 3454 si
1360 3400 1541 3455 anima
1587 3412 1776 3457 nostra

197 3481 477 3539 inbzrserit
506 3484 636 3540 Deo.

752 3576 980 3634 CAPUT
1018 3577 1207 3634 XXVI.

376 3662 455 3717 De
489 3665 705 3719 remissa
735 3669 1124 3723 conversatione
1162 3674 1559 3727 monachorum.

272 3750 463 3823 (lbid.,
503 3752 541 3807 ι.
579 3769 617 3808 ιι
647 3752 819 3821 Sent.,
847 3774 894 3810 ε.
929 3756 1040 3828 IO.)
1069 3756 1261 3813 Multos
1295 3760 1519 3816 remissa
1554 3777 1776 3819 conver-

194 3842 339 3897 satio
369 3840 422 3896 in
464 3843 722 3913 pristinos
759 3859 975 3900 errores
1005 3847 1247 3912 reducit,
1280 3862 1344 3903 ac
1383 3849 1596 3905 vivendi
1640 3861 1776 3906 tem-

192 3948 331 4003 pore
358 3934 596 3990 resolvit.
623 3937 857 4007 Tepidus
884 3939 936 3993 in
969 3943 1380 3994 conversatione
1411 3941 1582 3997 otiosa
1609 3944 1774 4001 verba

191 4036 251 4082 et
299 4044 464 4083 vanas
511 4029 862 4099 cogitationes
925 4033 1116 4086 noxias
1168 4046 1288 4087 esse
1337 4047 1443 4086 non
1488 4036 1772 4104 conspicit.

191 4123 349 4192 Quod
377 4124 423 4179 si
451 4139 481 4178 a
509 4131 728 4195 torpore
762 4125 958 4179 mentis
984 4124 1317 4195 evigilaverit
1336 4166 1350 4190 ,
1380 4142 1443 4182 ea
1483 4142 1603 4196 qua:
1635 4128 1772 4184 levia

189 4214 562 4280 existimabat,
595 4214 878 4269 confestim
904 4216 1056 4285 quasi
1088 4216 1356 4271 horrenda
1379 4226 1539 4286 atque
1564 4220 1771 4273 atrocia

185 4307 546 4377 pertimescit.
588 4306 777 4363 Omnis
806 4322 896 4363 ars
927 4307 1109 4362 smculi
1137 4304 1298 4376 hujus
1340 4317 1590 4365 strenuos
1625 4327 1775 4365 ama-

188 4405 342 4451 tores
376 4397 573 4462 habet,
610 4406 666 4452 et
694 4398 760 4452 ad
795 4398 1196 4468 exsequendum
1230 4401 1677 4470 promptissimos.
1708 4403 1773 4457 Et

186 4487 300 4542 hoc
321 4488 542 4557 proinde
570 4489 629 4543 ﬁt
647 4529 662 4556 ,
690 4489 817 4559 quia
845 4498 1166 4559 praesentem
1195 4491 1359 4545 habet
1382 4493 1562 4562 operis
1587 4495 1668 4548 sui
1692 4511 1775 4550 re-

186 4581 644 4636 munerationem.
686 4579 790 4635 Ars
835 4595 966 4636 vero
1009 4581 1173 4635 divini
1228 4566 1430 4637 a’moris
1485 4584 1770 4655 plerosque

1880 3383 2152 3439 deserunt.
2214 3388 2372 3443 Curis
2430 3390 2573 3443 enim
2620 3392 2968 3448 saecularibus
3024 3395 3262 3461 intenti,
3314 3405 3471 3453 tanto

1880 3477 2304 3536 insensibiliorcs
2348 3481 2495 3537 intus
2536 3481 2798 3539 efﬁcimur
2832 3526 2846 3551 ,
2907 3495 3109 3556 quanto
3139 3489 3205 3544 ad
3238 3501 3301 3544 ea
3349 3505 3470 3560 qum

1877 3566 2011 3623 foris
2045 3579 2169 3625 sunt
2195 3579 2279 3626 stu
2294 3573 2548 3629 ,liosiores
2575 3575 2839 3631 videmur.
2870 3575 3102 3648 (Gregr.,
3136 3579 3276 3634 hom.
3315 3578 3383 3634 Π
3410 3581 3469 3636 in‘

1878 3659 2108 3733 Evang.)
2142 3663 2251 3718 Usu
2279 3672 2333 3718 et
2360 3681 2491 3719 cura
2516 3667 2718 3721 terreni
2739 3667 2992 3724 desiderii
3017 3669 3325 3727 obdurescit
3354 3672 3470 3727 ani-

1876 3766 2019 3818 mus,
2051 3763 2102 3808 et
2132 3754 2259 3809 dum
2296 3756 2414 3826 ipso
2443 3771 2542 3811 suo
2572 3772 2672 3812 usu
2709 3758 2879 3813 durus
2908 3758 3140 3814 efiicitur
3166 3776 3266 3831 per
3296 3763 3467 3818 actio-

1876 3859 2000 3898 nem
2023 3846 2234 3913 scccuii,
2267 3849 2333 3901 ad
2356 3854 2423 3902 ‘ea
2451 3850 2678 3905 emolliri
2706 3865 2813 3905 non
2851 3850 3016 3917 valet,
3050 3865 3170 3921 qua:
3192 3855 3468 3924 pertinent

1875 3934 1944 3988 ad
1970 3936 2292 3992 charitatem
2319 3940 2436 3996 Dei.
2467 3942 2666 3996 Sancta
2691 3941 2932 3997 Ecclesia
2971 3943 3037 3998 de
3060 3946 3318 4000 membris
3353 3948 3468 4004 suis

1875 4024 2275 4083 infirmantibus
2296 4031 2427 4086 dicit
2450 4047 2465 4086 :
2492 4030 2791 4087 Posuerunt
2815 4050 2896 4088 me
2911 4035 3176 4088 custodem
3198 4037 3253 4090 in
3275 4039 3462 4103 vineis,

1874 4113 2076 4169 vineam
2118 4134 2287 4171 meam
2323 4138 2427 4175 non
2476 4124 2730 4176 custodiri
2757 4122 2910 4195 (Can.
2958 4123 3021 4194 1).
3061 4123 3228 4180 Vinea
3266 4128 3469 4197 quippe

1874 4213 2078 4271 nostra,
2118 4209 2359 4265 actiones
2401 4219 2545 4276 sunt,
2591 4226 2728 4282 quas
2772 4227 2871 4266 usu
2919 4212 3220 4281 quotidiani
3263 4215 3464 4271 laboris

1873 4298 2193 4354 excolimus.
2242 4298 2350 4355 Sed
2388 4302 2639 4357 custodes
2688 4304 2743 4357 in
2774 4302 2947 4357 vineis
2973 4305 3166 4373 positi,
3218 4314 3463 4363 nostram

1872 4393 2089 4448 vineam
2135 4393 2357 4447 minime
2403 4394 2735 4449 custodimus
2773 4412 2787 4448 :
2836 4396 2962 4464 quia
3011 4411 3133 4450 cum
3185 4399 3464 4454 extraneis

1874 4486 2179 4544 actionibus
2209 4485 2583 4554 implicamur,
2612 4486 2973 4541 ministerium
3000 4487 3230 4543 actionis
3261 4498 3464 4545 nostra!

1872 4578 2214 4650 negligimus.
2240 4574 2385 4630 Dixit
2407 4576 2577 4630 abbas
2600 4575 2787 4646 Sysois
2818 4595 2831 4631 :
2858 4578 2989 4633 Esto
3012 4579 3459 4650 contemptibilis,

184 4671 357 4727 habet
384 4679 676 4727 sectatores
702 4671 1003 4743 languidos,
1038 4671 1267 4741 tepidos,
1304 4672 1520 4742 pigritia
1549 4681 1603 4728 et
1633 4654 1772 4729 incr-
1795 4654 1849 4714 Ῑ)
1874 4680 1929 4726 et
1957 4670 2263 4725 voluntates
2302 4676 2423 4722 tuas
2468 4677 2591 4737 post
2635 4676 2847 4739 tergum
2878 4677 3028 4723 tuum
3072 4664 3294 4739 projice.
3328 4672 3462 4729 Esto

182 4762 268 4815 tia
308 4762 633 4832 congelatos.
666 4760 772 4816 Sed
807 4763 911 4817 hoc
937 4761 1180 4831 proinde,
1214 4763 1357 4830 quod
1389 4762 1541 4818 labor
1578 4779 1768 4819 eorum

182 4869 301 4908 non
325 4867 423 4923 pro
444 4853 720 4922 praesenti,
752 4853 843 4907 sed
876 4867 977 4921 pro
1002 4850 1181 4907 futura
1208 4855 1648 4910 remuneratione
1668 4856 1750 4910 dif
1752 4885 1773 4897 -

183 4944 385 4998 fertur.
426 4944 656 5013 ldeoque
685 4944 810 4998 dum
835 4959 1022 4999 eorum
1060 4944 1300 4999 laborem
1323 4946 1589 5000 mercedis
1610 4947 1770 5015 retri-

178 5035 345 5089 butio
389 5049 495 5088 non
543 5035 725 5088 statim
780 5034 1146 5102 consequitur,
1192 5050 1287 5104 spe
1330 5050 1465 5104 pene
1508 5035 1770 5090 dissoluta

178 5126 565 5196 languescunt.
597 5125 749 5182 Unde
775 5133 832 5179 et
869 5141 1060 5196 magna
1091 5126 1196 5179 illis
1222 5125 1388 5197 gloria
1415 5134 1767 5196 praeparatur,

177 5217 283 5287 qui
315 5216 469 5270 honre
494 5216 919 5271 conversationis
960 5224 1016 5270 et
1040 5215 1165 5270 vita:
1190 5215 1452 5284 principia
1482 5224 1771 5286 augmento

178 5305 437 5362 solidiori
484 5312 883 5369 consummant,
927 5312 1089 5373 atque
1137 5319 1203 5359 eo
1243 5304 1311 5358 ad
1358 5305 1769 5372 promerendam

183 5396 608 5451 retributionem
654 5395 913 5449 clariores
953 5403 1343 5463 prmpirantur,
1403 5407 1511 5464 quo
1560 5393 1772 5448 firmius

177 5487 314 5543 duri
366 5487 577 5541 itineris
622 5487 837 5541 labores
882 5493 936 5540 et
985 5486 1242 5539 inclinant
1275 5492 1330 5539 et
1365 5492 1765 5540 consummant.

178 5578 410 5651 (δυτψ,
454 5578 593 5633 Mor.
627 5579 665 5633 ι.
698 5595 798 5642 xu,
842 5595 888 5632 ε.
916 5576 1030 5648 28.)
1075 5577 1300 5644 Quidam
1330 5579 1505 5647 primo
1542 5594 1771 5633 conver-

176 5671 366 5730 sionis
405 5671 585 5726 calore
623 5671 690 5724 ad
737 5670 965 5725 virtutes
993 5684 1053 5723 se
1098 5669 1385 5739 accingunt
1425 5686 1438 5722 :
1479 5670 1770 5726 accedente

173 5778 328 5819 vero
355 5777 669 5833 progressu,
699 5761 826 5816 dum
858 5760 1210 5815 immoderate
1238 5758 1467 5813 terrenis
1496 5760 1658 5814 rebus
1684 5760 1768 5813 in-

176 5857 492 5923 cumbuut,
548 5855 767 5928 pulvere
826 5854 996 5911 infimi
1052 5854 1334 5929 _appetitus
1387 5853 1766 5911 obscurantur.

1870 4763 2012 4817 liber
2038 4769 2091 4816 et
2123 4776 2347 4816 securus
2376 4774 2407 4814 a
2438 4760 2789 4816 saecularibus
2815 4761 2964 4816 curis
2983 4802 2998 4827 ,
3036 4769 3091 4817 et
3119 4764 3345 4820 habebis
3373 4781 3462 4820 re-

1872 4856 2076 4926 quiem.
2101 4852 2424 4907 Dixitsenex
2449 4869 2463 4905 :
2489 4852 2609 4907 Vita
2632 4852 2881 4907 monachi
2907 4852 3024 4909 haec
3045 4862 3163 4909 est:
3185 4856 3454 4925 operatio;

1872 4946 2197 5012 obedientia,
2230 4944 2509 5000 meditatio
2528 4984 2542 5009 ,
2571 4952 2634 4998 ut
2662 4959 2765 4998 non
2788 4942 3014 5013 judieet,
3046 4960 3155 5000 non
3184 4946 3454 5012 detrahat,

1873 5054 1980 5093 non
2024 5043 2344 5101 murmurct,
2393 5050 2571 5105 neque
2620 5035 2831 5092 curiose
2868 5042 3010 5107 agat,
3049 5050 3226 5105 neque
3270 5036 3458 5092 audire

1874 5131 2051 5185 aliena
2076 5128 2321 5183 delectet.
2353 5125 2625 5196 Scriptum
2650 5134 2734 5181 est
2752 5125 2900 5181 enim
2925 5144 2938 5180 :
2971 5125 3074 5192 Qui
3104 5125 3322 5198 diligitis
3351 5124 3459 5180 Do-

1873 5222 2094 5285 minum,
2122 5220 2261 5274 adite
2281 5217 2481 5273 malum
2504 5217 2677 5288 (Psal.
2711 5218 2880 5279 xcvi).

2418 5308 2648 5365 CAPUT
2694 5308 2904 5365 XXVII.

2444 5398 2520 5453 De
2541 5397 2876 5455 abstinentia.

1944 5491 2058 5547 Hoc
2081 5498 2164 5546 est
2183 5488 2481 5560 perfectum
2503 5497 2559 5544 et
2586 5487 2905 5544 rationabile
2925 5483 3210 5554 jejunium,
3234 5477 3455 5556 quando

1875 5588 2062 5637 noster
2089 5582 2248 5635 homo
2270 5580 2506 5637 exterior
2525 5578 2757 5649 jejunat,
2792 5576 3018 5631 interior
3046 5584 3185 5630 orat.
3216 5576 3458 5635 Facilius

1874 5686 1974 5741 per
2006 5668 2266 5741 jejunium
2314 5669 2490 5725 oratio
2540 5674 2788 5737 penetrat
2836 5663 3053 5719 omium.
3113 5664 3265 5727 Tunc
3309 5667 3456 5722 enim

1877 5765 2041 5818 homo
2062 5761 2326 5832 spiritalis
2350 5761 2593 5823 effectus,
2619 5756 2825 5826 angelis
2851 5753 3212 5827 eonjungitur,
3237 5759 3456 5828 Deoque

1876 5853 2099 5910 liberius
2127 5853 2426 5925 copulatur.
2458 5850 2563 5906 Per
2591 5847 2856 5919 jejunium
2891 5848 3056 5903 etiam
3085 5849 3296 5907 occulta
3334 5864 3454 5923 my-
