4020 6462
499 424 605 483 69.3

1778 399 2131 457 SMARAGDI
2167 397 2339 451 ΑΒΒΛ
2352 396 2461 450 TIS

3684 386 3800 444 6'24

491 537 782 598 storiarum
825 528 1122 586 caelestium
1172 522 1481 578 revelantur
1505 561 1519 582 ,
1569 515 1846 584 divinique
1901 526 2087 567 sacra-
2118 514 2162 572 Α
2193 525 2290 560 nus
2321 506 2612 560 eunuchis:
2643 503 2787 558 Dabo
2814 503 2885 556 eis
2916 503 2968 556 in
2992 502 3146 555 domo
3171 517 3284 554 mea
3306 509 3354 553 et
3384 500 3438 553 in
3463 499 3633 551 inuris
3663 499 3798 550 meis

493 627 663 685 menti
684 638 880 680 arcana
905 619 1231 690 panduntur.
1265 613 1356 667 Sic
1385 623 1617 678 namque
1643 604 1854 669 Daniel,
1888 601 2082 671 angelo

497 717 802 779 revelante,
833 709 1217 781 mysteriorum
1243 711 1584 758 sacramenta
1619 709 1949 768 cognoscere
1982 707 2089 746 me-

499 813 630 869 ruit.
666 809 789 866 [ἷξες
819 803 962 858 enim
991 799 1162 854 virtus
1190 804 1245 850 et
1270 793 1585 861 angelorum
1621 784 2087 843 manifestationes

498 912 553 958 et
573 912 758 957 eorum
788 891 1226 948 annuntiationes
1248 883 1507 941 ostendit.
1541 878 1770 948 Jejunia,
1801 874 1961 930 fortia
1985 871 2090 926 tela

497 998 626 1046 sunt
666 989 925 1042 adversus
964 986 1298 1038 tentameuta
1327 974 1736 1032 daemoniorum.
1784 966 1905 1022 Cito
1947 964 2089 1017 enim

496 1098 594 1152 per
625 1076 1010 1133 abstinentiam
1036 1073 1416 1128 devineuntur.
1456 1064 1610 1121 Unde
1638 1062 1803 1115 etiam
1833 1055 2092 1111 Dominus

501 1171 752 1226 Salvator
772 1174 977 1229 uoster,
1007 1176 1194 1219 eorum
1223 1161 1476 1213 incursus
1501 1152 1722 1222 jejuniis
1753 1157 1808 1202 et
1833 1142 2095 1200 orationi-

497 1265 602 1321 bus
633 1266 934 1332 prznmonet
975 1267 1231 1324 superare
1269 1251 1457 1305 dicens
1488 1262 1504 1301 :
1542 1245 1656 1298 Hoc
1699 1257 1863 1313 genus
1899 1239 2096 1292 da'mo-

500 1355 712 1407 niorum
741 1367 845 1404 non
880 1347 1115 1418 ejicitur,
1151 1343 1255 1397 nisi
1281 1357 1374 1411 per
1411 1338 1704 1393 orationem
1739 1341 1788 1386 et
1823 1330 2093 1401 jejunium

504 1442 700 1515 (Marc.
744 1441 840 1513 tu).
878 1436 1146 1494 Immundi
1186 1435 1328 1490 enim
1359 1431 1584 1500 spiritus
1610 1427 1736 1482 illuc
1771 1438 1894 1478 sese
1923 1420 2096 1490 magis

505 1512 774 1601 injiciunt,
801 1512 890 1584 ubi
907 1529 1028 1598 plus
1050 1527 1234 1580 vident
1259 1537 1398 1578 esea:
1425 1529 1479 1575 et
1505 1527 1683 1589 potus.
1715 1512 1904 1570 Sancti
1930 1525 2098 1579 quan-

509 1598 601 1676 diu
625 1621 678 1675 in
703 1618 863 1688 hujus
884 1617 1068 1674 saeculi
1091 1616 1200 1670 vita
1225 1612 1549 1675 inhabitant,
1579 1606 1848 1663 desiderio
1874 1598 2096 1671 superni

509 1711 654 1767 roris
665 1725 862 1780 corpus
875 1723 1033 1764 suum
1047 1705 1258 1761 aridum
1281 1709 1520 1774 portant.
1538 1699 1690 1755 Unde
1703 1705 1758 1752 et
1770 1697 1823 1750 in
1848 1693 2091 1747 Psalmo:

513 1801 692 1860 Sitivit
729 1801 786 1853 in
815 1809 863 1854 te
897 1799 1075 1852 anima
1100 1811 1238 1860 mea,
1275 1809 1432 1865 quam
1453 1787 1815 1859 multipliciter
1853 1783 1946 1837 tibi
1974 1797 2097 1835 caro

2193 598 2387 661 locum,
2427 606 2474 650 et
2521 611 2706 648 nomen
2752 594 2938 648 melius
2981 611 3013 646 a
3051 592 3176 661 {iliis
3211 602 3258 644 ct
3290 591 3506 660 ﬁliabus
3533 630 3550 653 ,
3599 606 3796 642 nomen

2189 687 2559 762 sempiternum
2577 685 2713 738 dabo
2736 685 2828 746 eis,
2854 683 2993 754 quod
3018 698 3121 736 non
3141 681 3326 752 peribit
3351 679 3489 752 (Isa.
3516 680 3656 747 Lvt).
3686 678 3801 734 Nec

2191 782 2414 836 dubium
2449 779 2591 849 quod
2618 778 2710 847 qui
2749 776 2886 832 casti
2917 780 3270 844 perseverant
3306 779 3363 825 et
3385 769 3656 840 virgines,
3702 783 3801 822 an-

2191 873 2324 942 gelis
2346 872 2441 926 Dei
2464 871 2770 925 elliciantur
2791 866 3045 937 aequales.
3070 864 3310 918 Amanda
3335 871 3422 918 est
3443 860 3802 932 pulchritudo

2193 961 2495 1026 castitatis,
2527 958 2680 1027 cujus
2713 959 2996 1028 degustato
3026 954 3342 1018 delectatio,
3384 952 3604 1006 dulcior
3644 951 3801 1004 inve-

2193 1054 2340 1108 nitur
2376 1067 2539 1122 quam
2580 1050 2783 1106 carnis.
2816 1048 3051 1103 Castitas
3092 1045 3237 1100 enim
3263 1044 3475 1099 fructus
3502 1043 3801 1098 suavitatis

2192 1152 2298 1208 est,
2326 1141 2670 1214 pulchritudo
2686 1139 2942 1194 inviolata
2965 1147 3300 1193 sanctorum.
3331 1135 3574 1189 Castitas
3588 1136 3803 1188 securi-

2195 1245 2278 1291 tas
2303 1242 2386 1290 est
2417 1232 2636 1296 mentis,
2671 1240 2727 1286 et
2752 1231 2956 1285 sanitas
2979 1228 3246 1298 corporis.
3275 1225 3420 1280 Nihil
3446 1226 3682 1294 prodest
3715 1225 3799 1278 in-

2196 1329 2472 1398 corruptio
2496 1326 2701 1389 carnis,
2744 1325 2838 1379 ubi
2882 1338 2985 1378 non
3017 1329 3104 1377 est
3133 1321 3418 1391 integritas
3459 1318 3690 1382 mentis,
3723 1319 3806 1370 ni-

2197 1421 2382 1490 hilque
2426 1417 2570 1472 valet
2608 1416 2868 1470 mundum
2903 1429 3023 1468 esse
3065 1427 3293 1482 corpore
3337 1411 3388 1464 ei
3431 1409 3526 1480 qui
3564 1407 3806 1479 pollutus

2201 1520 2286 1567 est
2312 1517 2509 1564 mente.
2535 1508 2681 1562 Dixit
2709 1521 2895 1571 senex,
2925 1504 3051 1574 quia
3077 1503 3342 1558 securitas
3366 1509 3420 1555 et
3445 1501 3808 1555 taciturnitas

2197 1615 2251 1661 et
2288 1604 2499 1660 occulta
2539 1599 2846 1664 meditatio,
2883 1597 3106 1668 pariunt
3144 1595 3497 1658 castitatem;
3545 1593 3810 1663 gloriatio

2198 1698 2482 1762 monachi,
2525 1695 2855 1750 abstinentia
2879 1708 3128 1748 escarum
3164 1698 3221 1745 et
3247 1706 3278 1745 a
3311 1689 3669 1759 multiloquio
3697 1689 3808 1742 lin-

2199 1805 2335 1859 guzn.
2378 1788 2525 1842 Dixit
2559 1787 2727 1840 abbas
2753 1785 3008 1840 Ptnmen:
3046 1782 3202 1838 Sicut
3234 1780 3511 1851 spatarius
3540 1779 3814 1849 principis

508 1911 627 1950 mea
658 1891 829 1964 (Psal.
853 1889 1009 1959 txu).
1037 1888 1176 1943 Caro
1202 1887 1348 1942 enim
1375 1896 1504 1939 tunc
1520 1883 1688 1938 Deum
1713 1880 1846 1944 sitit,
1877 1873 2090 1948 quando
2117 1880 2166 1939 B
2192 1879 2400 1933 assistit
2445 1876 2495 1931 ei
2543 1875 2798 1930 continuo
2859 1886 3073 1942 semper
3130 1879 3355 1941 paratus
3375 1910 3390 1934 ,
3452 1869 3531 1922 ita
3592 1875 3814 1936 oportet

511 2000 611 2055 per
637 1982 901 2052 jejunium
932 1979 1166 2034 abstinet
1204 1985 1258 2031 et
1291 1975 1508 2030 arescit.
1545 1969 1886 2027 Abstinentia
1927 1974 1981 2021 et
2019 1965 2098 2019 vi-

510 2075 694 2132 viﬁcat
738 2081 794 2128 et
833 2072 1040 2127 occidit
1069 2085 1082 2124 :
1112 2069 1346 2122 vivificat
1381 2066 1637 2128 animam,
1686 2075 1885 2130 corpus
1917 2063 2096 2112 necat.

514 2164 727 2234 Jejunia
760 2179 884 2220 cum
917 2151 1076 2217 bonis
1114 2162 1367 2230 operibus
1404 2158 1516 2212 Deo
1560 2153 1908 2224 acceptabilia
1955 2158 2098 2205 sunt.

515 2257 618 2324 Qui
657 2263 839 2311 autem
873 2269 902 2307 a
933 2253 1068 2308 cibis
1105 2252 1377 2306 abstinent
1405 2257 1460 2304 et
1487 2261 1651 2318 prave
1678 2253 1875 2316 agunt,
1904 2243 2106 2297 dmmo-

515 2362 615 2403 nes
643 2346 957 2414 imitantur,
987 2345 1184 2414 quibus
1207 2358 1332 2398 esca
1358 2357 1464 2395 non
1496 2346 1600 2404 est,
1624 2348 1677 2392 et
1702 2335 1941 2405 nequitia
1963 2348 2106 2388 sem-

515 2455 616 2510 per
640 2449 743 2495 est.
768 2439 859 2494 Ille
882 2448 1064 2493 autem
1088 2438 1224 2493 bene
1249 2436 1482 2491 abstinet
1508 2449 1536 2487 a
1563 2432 1698 2488 cibis
1713 2430 1803 2500 qui
1831 2444 1861 2482 a
1887 2425 2106 2481 malitia!

518 2530 752 2594 actibus,
783 2536 839 2584 et
879 2543 909 2583 a
938 2528 1124 2584 mundi
1149 2527 1356 2597 jcjunat
1383 2523 1785 2579 ambitionibus.
1820 2516 2108 2588 Spernitur

519 2620 786 2692 jejunium
821 2609 1042 2690 quodin
1070 2633 1296 2689 vespero
1324 2614 1620 2684 repletione
1647 2612 1894 2667 ciborum
1925 2606 2108 2662 relici-

526 2724 639 2767 tur.
666 2711 853 2781 Neque
880 2712 1026 2764 enim
1055 2709 1350 2779 reputanda
1381 2716 1464 2761 est
1491 2704 1840 2767 abstinentia,
1879 2701 1969 2756 ubi
1994 2699 2113 2755 fue-

525 2803 600 2856 rit
642 2801 848 2856 ventris
885 2800 1145 2854 saturitas
1183 2799 1488 2852 subsecuta.
1535 2794 1821 2865 Spernitur
1844 2790 2114 2860 jejunium

527 2889 673 2960 quod
705 2890 759 2943 in
794 2903 1022 2959 vespero
1062 2887 1268 2942 deliciis
1307 2893 1706 2955 compensatur.
1755 2882 1889 2937 Cum
1933 2888 2116 2934 nostra

533 2997 760 3052 corpora
783 2996 881 3050 per
902 2981 1281 3036 abstinentiam
1314 2981 1614 3044 domamus,
1641 2977 1767 3047 quid
1781 2975 1928 3030 aliud
1953 2989 2118 3045 quam

533 3074 774 3130 carnalia
814 3073 1082 3129 sacrificia
1122 3072 1475 3143 omnipotenti
1511 3072 1735 3125 Domino
1764 3066 2120 3124 exhibemus?

540 3164 695 3219 Sicut
732 3179 830 3235 per
867 3163 1091 3218 Paulum
1138 3163 1336 3217 dicitur
1380 3180 1393 3215 :
1443 3160 1510 3214 Ut
1559 3159 1843 3214 eirltibeatis
1901 3172 2121 3226 corpora

2199 1973 2435 2027 animam
2487 1984 2707 2038 semper
2763 1983 2884 2022 esse
2928 1974 3174 2037 paratam
3227 1965 3494 2018 adversus
3548 1961 3812 2032 spiritum

2202 2064 2605 2122 fornicationis.
2645 2062 2869 2118 Dicebat
2915 2061 3084 2115 abbas
3119 2059 3390 2113 Antonius
3428 2075 3441 2110 :
3485 2056 3648 2112 Scire
3681 2070 3814 2108 con-

2202 2155 2355 2212 venit
2376 2155 2520 2225 quod
2545 2161 2672 2210 sunt
2696 2165 2810 2208 tres
2835 2152 3145 2221 corporales
3166 2158 3342 2205 motus
3375 2167 3389 2204 :
3425 2165 3568 2204 unus
3589 2131 3847 2218 quidem.

2204 2249 2501 2315 naturalis,
2530 2248 2666 2303 alter
2696 2255 2878 2302 autem
2913 2260 2980 2300 ex
3004 2243 3336 2314 plenitudine
3369 2241 3631 2296 ciborum
3653 2280 3670 2302 ,
3711 2247 3816 2292 ter-

2205 2344 2316 2398 tius
2347 2357 2475 2396 vero
2503 2356 2571 2396 ex
2596 2339 2990 2394 daemoniorum
3017 2333 3443 2404 impugnatione.
3476 2331 3589 2386 Sed
3625 2340 3815 2384 contra

2207 2436 2306 2490 hos
2331 2449 2520 2488 omnes
2545 2432 2747 2486 bonum
2774 2438 2857 2486 est
2893 2427 3169 2484 custodire
3201 2425 3344 2495 quod
3369 2423 3650 2492 scripturn
3685 2430 3772 2476 est
3803 2439 3815 2472 :

2211 2525 2368 2581 Omni
2399 2525 2637 2580 custodia
2667 2539 2816 2578 serva
2840 2539 2931 2576 cor
2959 2530 3109 2574 tuum
3150 2517 3334 2588 (Prov.
3369 2518 3472 2587 tv).

2762 2612 2989 2669 CAPUT
3042 2611 3239 2666 XXIX.

2499 2707 2574 2762 De
2611 2705 2892 2761 tolerantia
2929 2703 3120 2756 divina:
3159 2699 3520 2770 correptionis.

2288 2800 2472 2872 (Isid.,
2504 2798 2596 2851 lib.
2627 2812 2690 2852 ιιι
2734 2794 2908 2858 Sent.,
2940 2809 3057 2862 cap.
3103 2789 3184 2862 4.)
3223 2788 3560 2843 Murmurare
3614 2785 3680 2839 in
3729 2784 3824 2838 ﬂa-

2217 2892 2371 2962 gellis
2418 2889 2511 2944 Dei
2561 2895 2814 2958 peccator
2841 2886 3004 2939 homo
3042 2897 3152 2938 non
3187 2881 3366 2943 debet,
3409 2879 3538 2948 quia
3575 2878 3826 2930 maxime

2215 2999 2314 3054 per
2363 2984 2465 3037 hoc
2504 2979 2647 3049 quod
2685 2976 2998 3046 corripitur,
3040 2971 3379 3028 emendatur.
3426 2968 3827 3036 Unusquisque

2219 3084 2399 3131 autem
2429 3082 2557 3128 tunc
2582 3071 2754 3126 levius
2791 3076 2966 3140 portat
2993 3066 3135 3136 quod
3159 3062 3382 3134 patitur,
3408 3060 3452 3113 si
3479 3075 3576 3112 sua
3606 3059 3830 3113 discus-

2222 3167 2354 3222 serit
2383 3165 2540 3226 mala,
2576 3177 2675 3232 pro
2701 3161 2898 3230 quibus
2945 3158 3018 3212 illi
3063 3155 3296 3210 infertur
3326 3151 3616 3206 retributio
3653 3149 3830 3218 justa.

534 3266 705 3326 uestra
749 3257 972 3310 hostiam
1022 3256 1270 3309 viventem
1327 3251 1498 3323 (Rom.
1535 3251 1655 3322 xu).
1691 3247 1952 3320 Egregius
1986 3245 2121 3314 psal-

2230 3258 2413 3312 Discat
2458 3269 2562 3308 non
2618 3264 2959 3307 murmurare
3007 3247 3099 3316 qui
3146 3243 3287 3299 mala
3332 3243 3558 3312 patitur,
3605 3241 3834 3294 etiamsi

537 3351 699 3406 mista
740 3349 910 3404 David
940 3347 1140 3402 nullam
1181 3359 1300 3400 esse
1339 3343 1721 3398 abstinentiam
1761 3341 1880 3396 sine
1909 3352 2134 3394 concor-

540 3443 628 3497 dia
691 3440 980 3511 designaus
1009 3478 1024 3502 ,
1089 3437 1166 3490 ait
1218 3433 1500 3489 :Laudate
1537 3449 1654 3487 eum
1701 3432 1756 3485 in
1799 3440 2046 3501 tympano
2085 3435 2136 3480 et

537 3534 695 3587 choro
735 3529 907 3603 (Psal.
945 3529 1052 3599 CL).
1083 3527 1141 3582 In
1184 3536 1436 3598 tympano
1468 3526 1669 3580 ctenim
1698 3523 1905 3577 corium
1932 3521 2134 3576 siccum

544 3633 784 3690 resonat,
834 3625 886 3678 in
920 3623 1086 3677 choro
1121 3629 1300 3676 autem
1328 3633 1489 3674 voces
1525 3617 1866 3672 concorditer
1895 3621 2131 3667 cantant.

542 3717 685 3786 Quid
728 3716 873 3770 enim
911 3729 1008 3784 per
1049 3722 1384 3785 tympanum,
1423 3709 1524 3763 nisi
1562 3705 1908 3768 abstinentia,
1934 3701 2136 3771 etquid

539 3825 640 3880 per
680 3809 932 3871 chorum,
982 3805 1086 3859 nisi
1136 3802 1420 3858 charitatis
1461 3797 1751 3854 concordia
1782 3791 2136 3864 designatur?

543 3897 749 3969 (Greg.,
779 3897 928 3950 Past.
963 3894 1120 3948 Curta
1158 3911 1208 3963 p.
1240 3909 1322 3957 ιιι,
1352 3891 1495 3946 adut.
1544 3890 1654 3959 23.)
1697 3886 1800 3954 Qui
1846 3885 2029 3954 itaque
2057 3883 2136 3938 sic

543 3989 930 4045 abstinentiam
975 3991 1144 4050 tenet,
1193 3992 1253 4038 ut
1286 3982 1632 4038 concordiam
1672 3979 1908 4040 deserat,
1957 3975 2141 4028 laudat

545 4083 762 4154 quidem
789 4081 841 4135 in
875 4088 1129 4150 tympano
1150 4117 1165 4142 ,
1203 4076 1297 4131 sed
1321 4091 1425 4128 non
1473 4073 1654 4127 laudat
1692 4070 1744 4124 in
1775 4071 1960 4124 choro.
1993 4065 2138 4120 Dixit

546 4175 768 4245 quidam
799 4187 963 4228 senex
999 4188 1010 4224 :
1041 4169 1335 4238 Propterea
1378 4173 1598 4236 amputo
1638 4178 1670 4217 a
1711 4176 1798 4216 me
1826 4157 2141 4214 delectatio-

550 4284 651 4325 nes
671 4264 921 4340 carnales
940 4303 955 4329 ,
993 4270 1053 4317 ut
1079 4261 1243 4316 etiam
1269 4258 1559 4314 iracundiae
1585 4253 1902 4309 occasiones
1926 4248 2142 4303 abscin-

549 4361 697 4414 dam.
742 4357 869 4411 Scio
907 4355 1052 4409 enim
1084 4367 1204 4407 eam
1229 4365 1442 4419 semper
1473 4347 1736 4401 adversus
1770 4357 1857 4397 me
1897 4352 2140 4410 pugnare

546 4466 652 4522 pro
703 4445 1170 4509 delectationibus,
1211 4450 1266 4496 et
1294 4439 1621 4495 conturbare
1659 4443 1894 4490 mentem
1939 4445 2140 4496 meam,

553 4521 609 4597 et
638 4538 969 4595 intellectum
1006 4548 1185 4589 meum
1214 4530 1503 4601 expellere.
1533 4526 1680 4582 Dixit
1715 4525 1883 4580 abbas
1905 4521 2142 4577 Joannes

553 4631 764 4704 pusillae
784 4635 1025 4685 staturae.
1049 4624 1186 4692 Quia
1209 4623 1255 4679 si
1279 4620 1511 4676 voluerit
1531 4634 1628 4673 rex
1651 4617 1844 4687 aliquis
1866 4614 2139 4669 civitatem

555 4725 903 4784 inimicorum
931 4730 1115 4776 tenere
1138 4759 1154 4784 ,
1194 4719 1345 4789 prius
1375 4727 1572 4783 aquam
1601 4718 1747 4789 tenet
1776 4717 1830 4764 et
1858 4722 2012 4762 escas
2049 4718 2142 4759 eo-

559 4832 714 4880 rum,
748 4822 804 4870 et
827 4813 905 4868 sic
932 4810 1140 4865 inimici
1171 4788 1260 4863 sui
1291 4815 1347 4860 et
1375 4805 1517 4858 fame
1547 4788 1949 4870 periclitantes,
1980 4793 2148 4863 subji-

561 4911 782 4964 ciuntur
802 4906 872 4960 ei.
905 4903 961 4957 Si
1006 4903 1058 4956 in
1081 4898 1290 4968 jejunio
1327 4904 1383 4950 et
1421 4894 1563 4947 fame
1591 4897 1940 4946 conversetur
1965 4886 2146 4947 homo,

563 4998 771 5055 inimici
790 4997 906 5067 ejus
925 4993 1016 5064 qui
1035 4991 1326 5048 sollicitant
1347 4981 1770 5052 animum,prius
1785 4978 2148 5034 infirmantur.

1115 5105 1343 5163 CAPUT
1394 5099 1632 5157 XXVIII.

1134 5199 1212 5252 De
1264 5195 1604 5250 continentia.

639 5297 684 5350 A
729 5295 838 5349 Deo
876 5293 1038 5346 datur
1085 5287 1426 5350 continentia,
1457 5285 1548 5338 sed
1585 5283 1742 5353 petite
1790 5289 1840 5334 et
1889 5277 2156 5348 accipietis

573 5388 863 5459 (Sup.vm,
890 5382 1081 5437 Matth.
1099 5397 1194 5446 vn,
1230 5380 1356 5434 an.
1377 5378 1473 5449 XI).
1501 5377 1651 5431 Tunc
1673 5385 1854 5430 autem
1881 5373 2154 5435 tribuitur,

575 5476 790 5546 quando
815 5475 882 5529 ad
907 5475 1075 5528 Deum
1107 5471 1308 5543 gemitu
1339 5472 1552 5523 interno
1575 5466 1836 5536 pulsatur.
1868 5463 2154 5519 Geminum

575 5575 664 5623 est
694 5568 894 5621 bonum
929 5565 1213 5635 virginitas
1233 5603 1246 5625 ,
1285 5561 1413 5629 quia
1442 5567 1498 5613 et
1526 5559 1578 5611 in
1605 5559 1708 5612 hoc
1735 5555 1936 5610 mundo
1960 5552 2158 5608 sollici-

577 5655 820 5713 tudinem
854 5654 1034 5708 saeculi
1067 5651 1288 5713 amittit,
1317 5657 1372 5702 et
1407 5648 1461 5700 in
1491 5645 1672 5699 futuro
1703 5651 1963 5698 aeternum
1995 5641 2156 5695 castio

581 5747 710 5803 tatis
753 5745 1031 5815 prtemium
1070 5741 1316 5810 percipit.
1357 5736 1608 5805 Virgines
1643 5733 1909 5788 feliciores
1950 5747 2068 5785 esse
2106 5730 2158 5783 iu

581 5839 693 5892 vita
721 5845 920 5890 aeterna
943 5833 1109 5888 Isaias
1138 5839 1388 5894 testatur,
1419 5827 1512 5897 qui
1540 5826 1615 5881 ait
1645 5843 1655 5878 :
1686 5823 1811 5877 "rec
1833 5821 1958 5874 dicit
1989 5819 2160 5872 Domi-

2233 3354 2449 3424 ignorat
2475 3363 2574 3403 cur
2619 3346 2761 3401 mala
2791 3343 3024 3414 patitur;
3059 3348 3114 3394 et
3154 3353 3252 3408 per
3285 3339 3387 3392 hoc
3424 3333 3571 3403 juste
3600 3348 3673 3387 se
3724 3332 3834 3402 pati

2235 3421 2551 3502 arbitretur,
2579 3453 2679 3506 pro
2713 3448 2778 3489 eo
2810 3433 2957 3507 quod
2986 3432 3054 3486 ab
3081 3429 3172 3483 illo
3203 3428 3476 3498 judicatur
3503 3421 3671 3490 cujus
3701 3440 3836 3476 nim-

2235 3548 2398 3603 quam
2439 3531 2637 3599 injusta
2676 3525 2876 3595 judicia
2923 3531 3068 3578 sunt.
3107 3520 3208 3586 Qui
3255 3516 3458 3588 ﬂagella
3490 3516 3764 3579 sustinet,
3786 3523 3838 3567 et

2235 3631 2419 3679 contra
2457 3622 2622 3674 Deum
2655 3622 2978 3678 murmurat,
3018 3612 3287 3684 justitiam
3324 3607 3621 3676 iudicantis
3673 3621 3838 3659 accu-

2237 3723 2338 3769 sat.
2379 3686 2481 3778 Qtii
2510 3725 2640 3762 vero
2671 3723 2729 3762 se
2767 3707 3042 3775 cognoscit
3075 3719 3105 3756 a
3138 3701 3286 3769 justo
3318 3699 3502 3767 judice
3532 3697 3648 3766 pati
3692 3696 3838 3766 quod

2238 3805 2488 3866 sustinet,
2537 3798 2750 3855 etiamsi
2790 3812 2888 3866 pro
2936 3810 3044 3864 quo
3078 3793 3280 3863 patitur
3328 3791 3559 3859 ignorat,
3587 3802 3696 3856 per
3738 3788 3838 3841 hoc

2233 3896 2345 3966 jam
2380 3892 2716 3964 justificatur
2744 3889 2886 3957 quod
2911 3895 2966 3941 et
2994 3885 3231 3953 seipsum
3265 3888 3485 3935 accusat
3529 3889 3587 3932 et
3616 3877 3723 3931 Dei
3751 3879 3839 3947 ju-

2239 3989 2442 4043 stitiam
2487 3985 2688 4038 laudat.
2741 3979 2918 4051 (Greg.
2959 3979 3014 4031 in
3061 3993 3109 4029 c.
3160 3991 3212 4029 tv
3244 3973 3362 4036 Job,
3409 3971 3498 4024 lib.
3529 3986 3588 4036 ιτ,
3633 3987 3690 4023 c.
3739 3970 3837 4032 26;

2257 4077 2416 4141 Isid.,
2443 4074 2534 4128 lib.
2572 4090 2632 4127 ιιι
2665 4071 2838 4134 Sent.,
2872 4085 2988 4138 cap.
3033 4065 3103 4131 ις
3149 4063 3392 4134 Cregor.,
3422 4060 3513 4114 lib.
3563 4077 3663 4122 vlt,
3727 4078 3777 4113 ε.
3810 4060 3842 4112 3

2242 4164 2462 4236 Moral.)
2488 4163 2570 4217 Ad
2599 4175 2849 4230 magnam
2881 4157 3174 4211 utilitatem
3217 4154 3399 4208 divino
3429 4151 3641 4221 judicio
3689 4165 3842 4204 mens

2236 4257 2372 4330 justi
2399 4255 2631 4311 diversis
2671 4251 2984 4322 passionum
3014 4245 3405 4301 tentationibus
3452 4242 3720 4312 agitatur,
3750 4253 3844 4309 pro

2243 4350 2441 4420 quibus
2471 4346 2517 4401 si
2547 4347 2658 4400 Deo
2688 4341 2888 4411 gratias
2909 4338 3102 4411 egerit,
3125 4350 3344 4404 suaeque
3367 4333 3540 4402 culpa:
3570 4333 3727 4401 quod
3766 4340 3844 4383 ta-

2244 4441 2386 4495 libus
2414 4437 2610 4506 dignus
2645 4434 2736 4498 sit,
2771 4428 3142 4502 imputaverit,
3169 4427 3275 4481 hoc
3301 4423 3444 4493 quod
3473 4437 3541 4476 ex
3587 4422 3842 4491 passione

2247 4534 2440 4590 tolerat
2465 4530 2515 4584 ei
2544 4543 2644 4598 pro
2689 4525 2980 4580 virtutibus
3026 4521 3390 4592 reputabitur,
3436 4516 3569 4586 quia
3619 4524 3674 4567 et
3711 4513 3846 4568 divi-

2248 4641 2374 4682 nam
2401 4621 2646 4694 agnoscit
2675 4617 2962 4688 justitiam,
3009 4623 3064 4669 et
3113 4627 3266 4668 suam
3309 4609 3524 4678 culpam
3567 4604 3841 4674 intelligit.

2248 4717 2524 4773 Justorum
2549 4727 2704 4768 meus
2732 4726 2838 4765 non
2890 4707 3063 4763 solum
3109 4702 3396 4776 perpendit
3431 4699 3579 4769 quod
3624 4697 3842 4760 tolerat,

2253 4807 2345 4862 sed
2369 4806 2484 4875 jam
2511 4811 2672 4873 pavet
2699 4800 2843 4871 quod
2872 4805 3062 4853 restat.
3095 4796 3250 4851 Videt
3290 4791 3470 4862 qualia
3501 4790 3557 4843 in
3594 4790 3698 4842 hac
3739 4787 3843 4839 vita

2251 4897 2474 4969 patitur,
2508 4893 2700 4948 metuit
2724 4906 2790 4946 ne
2815 4898 2939 4960 post
2963 4889 3078 4942 lizec
3106 4885 3354 4956 graviora
3381 4881 3645 4950 patiatur.
3679 4877 3845 4946 Luget

2255 4989 2380 5058 quia
2422 4987 2477 5040 in
2508 4983 2668 5052 hujus
2713 4981 2972 5037 caacitatis
3010 4977 3262 5033 exsilium
3313 4990 3343 5028 a
3380 4972 3627 5043 paradisi
3654 4970 3845 5041 gaudio

2256 5081 2490 5137 cecidit:
2526 5079 2677 5132 timet
2702 5093 2769 5131 ne
2795 5084 3000 5131 etcum
3033 5072 3286 5129 exsilium
3319 5068 3672 5137 relinquitur,
3707 5080 3848 5121 mors

2256 5181 2460 5228 aeterna
2488 5169 2866 5236 subsequatur.
2902 5164 3023 5218 iam
3045 5176 3176 5232 ergo
3200 5159 3526 5215 sententiam
3569 5158 3772 5212 tolerat
3798 5156 3849 5208 in

2258 5279 2441 5336 paena,
2478 5261 2573 5316 sed
2608 5259 2784 5314 minas
2821 5257 2998 5311 adhuc
3024 5254 3215 5309 aeterni
3250 5252 3452 5322 judicis
3480 5249 3744 5304 formidat
3784 5262 3852 5302 ex

2259 5357 2436 5426 culpa.
2453 5353 2618 5408 Recte
2638 5365 2766 5421 ergo
2787 5365 2883 5420 per
2897 5347 3234 5402 Psalmistam
3251 5343 3449 5398 dicitur
3466 5360 3479 5394 :
3498 5341 3565 5394 In
3590 5358 3675 5394 me
3689 5352 3857 5391 trau-

2257 5449 2428 5502 ierunt
2477 5446 2572 5499 ira:
2616 5453 2720 5496 tute
2747 5481 2762 5504 ,
2802 5450 2849 5493 et
2886 5449 3110 5493 terrores
3155 5437 3232 5488 tui
3286 5432 3728 5487 conturbauerunt
3776 5442 3857 5481 use

2262 5537 2434 5611 (Psal.
2468 5535 2731 5605 Lxxxvn).
2764 5530 2969 5586 Interni
2998 5529 3196 5598 quippe
3212 5525 3413 5594 judicis
3437 5529 3730 5592 postquam
3763 5519 3859 5571 ira

2260 5610 2666 5701 pertranseunt,
2703 5625 2868 5680 etiam
2910 5631 3148 5677 terrores
3184 5615 3532 5677 conturbant,
3573 5612 3704 5680 quia
3741 5610 3860 5679 jam

2263 5699 2408 5775 aliud
2456 5719 2524 5774 de
2573 5713 2916 5773 damnatione
2961 5711 3222 5782 patimur,
3276 5714 3331 5760 et
3378 5701 3557 5757 adhuc
3615 5702 3767 5755 aliud
3798 5699 3865 5752 de

2269 5823 2469 5869 :eterna
2501 5811 2706 5865 ultione
2740 5805 3111 5864 formidamus.
3139 5798 3280 5871 (Huc
3321 5812 3480 5865 usque
3518 5793 3704 5865 (ἔνθα.)
3737 5789 3867 5848 Glo-
