4020 6476
242 367 355 428 623

1453 357 1760 416 DIADEMA
1800 355 2305 414 MONACHORUM.

3407 350 3518 409 626

236 480 406 538 riatio
454 486 637 534 autem
682 475 932 532 monachi
978 473 1238 547 patientia
1289 472 1343 527 in
1391 469 1826 526 tribulationibus
1854 473 1905 534 Α
1929 465 2036 520 Aut
2064 465 2186 535 quis
2228 478 2376 520 sanae
2421 462 2789 535 intelligentiae
2818 460 2885 517 de
2919 461 3267 547 percussione
3310 476 3410 517 sua
3433 461 3518 518 in-

234 572 400 643 ejus,
451 575 508 625 et
552 566 931 637 longanimitas
991 581 1114 620 cum
1167 563 1451 619 charitate.
1504 560 1692 615 Sancti
1730 559 1831 614 viri

234 668 447 732 quanto
502 658 678 728 magis
729 672 789 712 se
839 655 1084 711 exterius
1138 652 1485 723 despiciendo
1538 649 1830 718 dejiciunt,

235 761 395 808 tanto
425 748 658 821 amplius
686 747 914 803 interius
944 746 1337 801 revelationum
1382 740 1832 812 contemplatione

232 848 558 913 pascuntur.
582 837 730 907 Quos
759 838 904 893 enim
931 836 1169 892 exterius
1198 835 1252 890 in
1279 833 1404 889 ﬂetu
1437 833 1679 889 continuet
1702 846 1833 887 con-

233 932 400 988 vallis
428 929 771 997 humilitatis,
797 943 891 987 eos
912 927 1140 984 interius
1165 926 1413 1001 sublevat
1431 939 1688 981 ascensus
1708 937 1834 978 con-

234 1022 636 1097 templationis.

819 1110 1048 1168 CAPUT
1084 1109 1256 1165 XXX.

420 1251 427 1254 _
779 1199 856 1254 De
902 1198 1128 1271 ﬂagellis
1176 1197 1297 1252 Dei.

313 1292 497 1367 (Isid.,
538 1291 632 1347 lib.
658 1307 719 1347 ιιι
746 1288 920 1357 Sent.,
945 1307 1061 1361 cap.
1100 1288 1176 1361 1.)
1202 1286 1462 1344 Ordinata
1490 1293 1576 1340 est
1602 1283 1833 1340 misera-

237 1387 321 1440 tio
348 1384 467 1450 Dei,
501 1399 622 1455 qua:
653 1383 805 1454 prius
843 1382 932 1437 hic
959 1381 1231 1436 hominem
1276 1394 1376 1449 per
1406 1377 1617 1448 ﬂagella
1642 1392 1674 1431 a
1702 1389 1831 1446 pec-

236 1474 382 1530 catis
419 1474 698 1540 emundat,
726 1479 782 1527 et
814 1481 999 1543 postea
1044 1471 1114 1525 ab
1155 1479 1359 1525 aeterno
1392 1466 1656 1538 supplicio
1697 1466 1832 1521 libe-

237 1575 347 1622 rat.
376 1567 592 1621 Electus
618 1564 764 1620 enim
789 1563 884 1617 Dei
910 1562 1185 1618 doloribus
1212 1560 1336 1614 vita:
1361 1559 1522 1630 hujus
1551 1557 1824 1623 atteritur,

236 1668 300 1713 ut
328 1656 620 1729 perfectior
664 1654 792 1709 vitae
837 1652 1033 1707 futura:
1072 1651 1293 1721 praemia
1328 1649 1585 1704 lucretur.
1616 1647 1829 1717 Nequa-

237 1765 407 1822 quam
455 1748 599 1803 Deus
643 1744 979 1815 deliuquenti
1011 1742 1232 1813 parcit:
1270 1740 1525 1810 quoniam
1571 1748 1826 1809 peccato-

238 1821 360 1893 rem
383 1844 478 1892 aut
500 1835 708 1906 ﬂagello
729 1834 1014 1904 temporali
1052 1833 1117 1888 ad
1148 1832 1525 1903 purgationem
1552 1830 1699 1896 ferit,
1732 1838 1827 1884 aut
1853 1821 1901 1879 B

236 1929 442 1999 judicio
475 1940 699 1986 aeterno
719 1928 1049 2000 puniendum
1079 1926 1355 1996 relinquit,
1388 1933 1482 1980 aut
1519 1925 1633 1994 ipse
1677 1924 1732 1978 in
1769 1939 1827 1979 se

236 2023 405 2078 homo
446 2020 760 2093 paenitendo
794 2019 950 2090 punit
981 2018 1124 2089 quod
1160 2016 1299 2072 male
1338 2015 1583 2080 admisit;
1616 2029 1680 2069 ac
1705 2029 1831 2084 pro-

236 2110 368 2167 inde
394 2118 478 2166 est
499 2110 643 2181 quod
672 2110 814 2165 Deus
849 2108 1184 2178 deliuquenti
1204 2122 1311 2162 non
1339 2106 1536 2177 parcit.
1565 2104 1702 2159 Justi
1730 2119 1830 2175 per

235 2203 559 2276 temporalia
608 2200 820 2272 ﬂagella
872 2200 943 2255 ad
999 2208 1205 2256 aeterna
1271 2198 1562 2269 proficiunt
1611 2199 1824 2270 gaudia.

233 2293 475 2365 Ideoque
499 2302 555 2349 et
566 2291 746 2363 justus
771 2293 825 2347 in
846 2294 1022 2363 ptenis
1042 2292 1299 2363 gaudere,
1327 2300 1382 2345 et
1404 2291 1601 2360 impius
1627 2290 1683 2345 in
1703 2305 1829 2360 pro-

235 2386 594 2455 speritatibus
612 2385 803 2439 timere
830 2384 1010 2439 debet.
1035 2382 1219 2453 Neque
1232 2381 1381 2452 justo
1400 2397 1574 2452 neque
1597 2383 1828 2452 reprobo

234 2479 386 2534 Deus
422 2477 851 2533 misericordiam
885 2484 943 2532 et
982 2476 1250 2547 justitiam
1286 2474 1571 2531 abstrahit.
1615 2473 1747 2528 Nam
1773 2483 1828 2530 et

233 2572 413 2627 bonos
440 2571 529 2625 hic
554 2584 653 2640 per
673 2568 1014 2625 afﬂictionem
1037 2566 1265 2639 judicat,
1289 2577 1347 2624 et
1380 2568 1488 2624 illic
1516 2578 1827 2624 remunerat

232 2676 339 2732 per
358 2660 758 2715 miserationem
783 2676 797 2725 ;
830 2667 885 2715 et
911 2659 1081 2714 malos
1107 2659 1195 2714 hic
1224 2667 1539 2716 remunerat
1562 2675 1662 2730 per
1685 2668 1825 2715 tem-

235 2752 480 2826 poralem
509 2751 870 2818 clementiam,
901 2760 957 2808 et
983 2751 1092 2807 illic
1124 2751 1278 2822 punit
1321 2766 1421 2821 per
1442 2761 1702 2807 aaternam
1736 2752 1823 2823 ju-

234 2846 467 2903 stitiam.
497 2844 555 2899 ln
584 2844 686 2900 hac
714 2844 858 2900 enim
887 2845 994 2899 vita
1024 2844 1168 2899 Deus
1208 2844 1385 2914 parcit
1417 2842 1617 2913 impiis,
1647 2851 1704 2898 et
1743 2854 1825 2898 ta-

236 2954 367 2994 men
392 2951 502 2993 non
532 2935 708 3006 parcit
735 2933 950 2999 electis;
1004 2934 1058 2988 in
1104 2932 1193 2988 illa
1229 2942 1419 3002 parcet
1460 2932 1668 2999 electis,
1715 2948 1821 2988 non

237 3039 424 3086 tamen
449 3035 638 3100 parcet
665 3026 883 3096 iniquis.
905 3024 1034 3080 Plus
1059 3024 1354 3095 corripitur
1380 3022 1611 3095 ﬂagello,
1641 3025 1767 3094 quia
1790 3041 1821 3079 a

236 3119 354 3174 Deo
375 3117 635 3188 diligitur,
663 3116 709 3172 si
737 3114 1062 3187 peccaverit,
1090 3115 1304 3170 dicente
1330 3114 1493 3168 Amos
1514 3114 1775 3184 propheta
1803 3128 1818 3169 :

237 3208 625 3265 Tantummodo
644 3225 730 3263 vos
751 3208 965 3279 cognovi
984 3222 1048 3261 ex
1069 3206 1305 3260 omnibus
1328 3206 1626 3261 nationibus
1647 3216 1818 3273 terrae,
1848 3179 1892 3242 C

233 3300 435 3355 idcirco
486 3298 704 3354 uisitabo
739 3314 896 3369 super
936 3314 1023 3352 ros
1075 3313 1250 3351 omnes
1290 3297 1589 3368 iniquitates
1628 3307 1823 3352 vestras

235 3391 423 3463 (Amos
452 3389 557 3463 ιιι).
588 3390 729 3445 Nam
768 3406 921 3465 quem
949 3388 1120 3460 diligit
1161 3389 1413 3444 Dominus
1455 3390 1691 3462 corripit,
1723 3392 1825 3461 ﬂa-

234 3481 394 3557 gellat
421 3492 594 3537 autem
647 3498 850 3537 omnem
877 3481 1048 3551 ﬁlium
1095 3497 1247 3553 quem
1284 3482 1462 3553 recipit
1509 3480 1665 3555 (Ileb.
1700 3482 1820 3553 xu).

234 3571 401 3646 (Isid.
443 3571 598 3645 ibid.)
643 3571 812 3627 Valde
857 3572 1220 3627 necessarium
1257 3580 1339 3627 est
1360 3571 1674 3642 j‘ustum,in
1723 3572 1826 3628 hac

233 3665 350 3719 vita
387 3673 443 3720 et
467 3665 614 3722 vitiis
659 3666 880 3731 tentari,
923 3672 978 3721 et
1021 3665 1296 3721 verberari
1334 3664 1568 3736 ﬂagello,
1609 3675 1669 3720 ut
1697 3666 1825 3721 dum

234 3756 387 3812 vitiis
420 3756 687 3826 pulsatur,
726 3757 792 3812 de
844 3757 1135 3813 virtutibus
1184 3772 1290 3812 non
1319 3758 1597 3828 superbiat
1635 3771 1657 3813 :
1697 3758 1825 3813 dum

232 3867 370 3908 vero
391 3859 486 3907 aut
508 3851 674 3907 animi
703 3861 797 3907 aut
834 3853 1014 3908 carnis
1048 3852 1233 3908 dolore
1271 3853 1546 3917 atteritur,
1573 3867 1603 3907 a
1639 3851 1825 3907 mundi

237 3958 425 3999 amore
446 3943 760 3999 retrahitur.
792 3942 1040 4014 (Isidor.,
1066 3942 1179 3997 loco
1215 3942 1420 4015 citato.)
1454 3943 1651 3998 Durius
1679 3943 1825 3997 circa

239 4050 369 4091 suos
392 4033 594 4089 electos
622 4032 677 4088 in
698 4033 803 4089 hac
827 4033 939 4088 vita
961 4032 1105 4088 Deus
1126 4033 1257 4103 agit,
1280 4039 1339 4086 ut
1360 4033 1486 4087 dum
1512 4031 1826 4088 fortioribus

237 4126 435 4199 ﬂagelli
465 4127 698 4182 stimulis
731 4125 1020 4194 feriuntur,
1071 4126 1217 4181 nullo
1255 4126 1653 4182 oblectamento
1686 4141 1826 4197 prac-

236 4216 414 4275 sentis
451 4217 576 4274 vita:
619 4218 974 4284 delectentur,
1017 4218 1110 4273 sed
1146 4216 1421 4273 caelestem
1448 4217 1704 4288 patriam,
1732 4217 1825 4271 ubi

236 4315 391 4363 certa
430 4309 647 4379 requies
690 4316 1053 4378 exspectatur,
1084 4308 1451 4363 indesinenter
1494 4306 1822 4361 desiderent.

236 4397 574 4453 Admovendi
603 4404 731 4453 sunt
772 4398 925 4468 aegri,
957 4406 1016 4452 ut
1043 4413 1110 4454 eo
1153 4412 1213 4452 se
1245 4398 1337 4453 Dei
1381 4396 1520 4453 ﬂlios
1566 4398 1822 4462 sentiant,

236 4504 347 4559 quo
369 4488 486 4544 illos
511 4487 807 4559 disciplinae
828 4488 1034 4560 ﬂagella
1058 4489 1346 4577 castiggnt.
1390 4487 1504 4543 Nisi
1530 4488 1674 4543 enim
1700 4502 1821 4543 cor-

236 4580 410 4650 reptis
430 4580 553 4635 ﬂliis
580 4579 947 4634 haereditatem
978 4580 1108 4634 dare
1135 4580 1460 4650 disponeret,
1487 4577 1703 4633 erudire
1726 4592 1820 4633 eos

235 4685 338 4742 per
365 4669 640 4727 molestias
686 4686 791 4726 non
839 4678 1074 4726 curaret.
1117 4669 1349 4740 Lapides
1393 4669 1686 4725 sanctuarii
1722 4669 1821 4725 Do-

234 4761 374 4818 mini
402 4770 554 4818 extra
598 4762 739 4817 tunsi
781 4770 928 4827 sunt,
978 4772 1039 4817 ut
1085 4759 1140 4815 in
1191 4761 1594 4816 constructione
1637 4761 1821 4831 templi

235 4851 443 4921 absque
467 4850 646 4906 mallei
677 4852 855 4906 sonitu
884 4860 1215 4922 ponerentur
1237 4850 1359 4923 (III
1387 4851 1517 4923 Reg.
1548 4852 1626 4925 vr)
1654 4870 1668 4905 :
1694 4854 1820 4923 quia

231 4940 490 4997 videlicet
524 4957 667 4996 nunc
697 4940 829 4997 foris
871 4958 967 5013 per
996 4942 1204 5014 ﬂagella
1247 4943 1541 5010 tundimur,
1583 4951 1644 4998 ut
1674 4944 1819 5000 intus

233 5029 441 5099 templo
461 5030 557 5085 Dei
579 5031 918 5102 postmodum
943 5031 1059 5086 sine
1080 5030 1361 5102 disciplina
1389 5040 1445 5087 et
1473 5034 1819 5102 percussione

235 5120 608 5190 disponamur,
636 5129 903 5190 quatenus
929 5121 1184 5192 quidquid
1230 5123 1285 5177 in
1331 5123 1485 5177 nobis
1512 5133 1595 5179 est
1624 5139 1815 5193 supcr-

232 5211 425 5278 ﬂuum,
457 5213 619 5268 modo
662 5214 941 5284 percussio
974 5222 1199 5280 resecet,
1238 5223 1294 5270 et
1332 5224 1458 5271 tunc
1489 5215 1600 5271 sola
1634 5233 1731 5273 nos
1760 5218 1817 5274 in

232 5301 466 5358 aedificio
508 5303 795 5359 concordia
833 5304 1114 5358 charitatis
1142 5303 1289 5376 liget.
1320 5304 1654 5360 Admonendi
1692 5317 1817 5361 sunt

229 5392 367 5463 aegri
397 5400 661 5463 quatenus
698 5394 972 5463 patientiae
1004 5394 1260 5450 virtutem
1288 5404 1522 5461 servent,
1556 5406 1613 5451 ut
1643 5397 1814 5453 inces-

229 5489 423 5537 santer
447 5494 646 5552 quanta
674 5484 1001 5555 Redemptor
1025 5493 1209 5539 noster
1234 5487 1302 5541 ab
1326 5487 1389 5542 iis
1429 5503 1565 5557 quos
1594 5503 1816 5545 creave-

231 5578 325 5629 rat
360 5573 581 5642 pertulit
614 5575 754 5628 mala
793 5574 1153 5630 considerent.
1202 5575 1312 5631 Cur
1339 5579 1520 5648 itaque
1560 5593 1809 5650 asperum

230 5664 499 5731 creditur,
533 5673 591 5719 ut
621 5683 650 5719 a
688 5665 798 5721 Deo
822 5667 983 5721 homo
1014 5665 1204 5721 toleret
1240 5666 1444 5738 ﬂagella
1489 5685 1587 5740 pro
1628 5672 1805 5737 malis,

232 5754 282 5809 si
312 5761 460 5809 tanta
505 5755 645 5811 Deus
674 5757 739 5811 ab
769 5756 1073 5812 hominibus
1098 5757 1316 5829 pertulit
1342 5758 1479 5813 mala
1506 5774 1605 5832 pro
1629 5760 1801 5818 bonis.

1847 4538 1898 4598 D

1929 568 2116 631 gratus
2143 558 2359 621 existat,
2410 557 2457 613 si
2509 557 2625 626 ipse
2670 557 2798 613 hinc
2824 556 2942 611 sine
2971 536 3182 626 ﬂagello
3222 570 3331 611 non
3358 553 3516 623 exiit,

1931 651 2023 722 qui
2059 652 2163 706 huc
2189 651 2307 706 sine
2330 658 2554 721 peccato
2572 649 2741 703 venit.

2497 740 2726 796 CAPUT
2751 739 2944 795 XXXI.

2412 833 2486 886 De
2505 831 2817 902 inﬁrmitate
2841 833 3037 887 carnis.

2001 926 2185 998 (Isid.,
2208 926 2299 980 lib.
2330 941 2390 980 ιιι
2423 924 2596 989 Sent.,
2618 940 2737 993 cap.
2761 923 2839 995 5.)
2862 923 3134 990 Quosdam
3163 923 3353 980 videns
3373 922 3516 980 Deus

1929 1020 2072 1076 nolle
2100 1022 2319 1093 proprio
2347 1028 2473 1076 voto
2513 1019 2735 1090 corrigi,
2777 1018 3165 1074 adversitatum
3209 1018 3384 1088 tangit
3418 1017 3519 1074 sti-

1929 1114 2125 1181 mulis;
2165 1112 2428 1186 quosdam
2478 1113 2641 1168 etiam
2687 1109 2980 1182 prmsciens
3025 1109 3253 1166 multum
3290 1125 3518 1182 peccare

1930 1224 2091 1280 posse
2132 1208 2184 1262 in
2213 1206 2463 1271 salutem,
2512 1202 2749 1274 ﬂagellat
2781 1217 2878 1258 eos
2907 1200 3150 1271 corporis
3176 1200 3514 1264 infirmitate,

1930 1312 1998 1355 ne
2023 1306 2268 1369 peccent,
2304 1306 2365 1352 ut
2408 1298 2489 1354 eis
2521 1297 2706 1353 utilius
2745 1298 2816 1353 sit
2849 1296 3026 1367 frangi
3059 1294 3408 1365 languoribus
3446 1293 3518 1350 ad

1931 1389 2180 1455 salutem,
2211 1404 2373 1460 quam
2410 1404 2632 1445 manere
2661 1388 2960 1444 incolumes
2987 1387 3055 1442 ad
3088 1385 3512 1441 damnationem.

1930 1479 2378 1548 Quivalentiores
2406 1487 2531 1535 sunt
2565 1485 2620 1533 et
2646 1478 2784 1544 sani,
2819 1477 2951 1532 utile
2986 1484 3070 1531 est
3099 1473 3208 1529 illis
3248 1472 3514 1528 inﬂrmari

1928 1584 1985 1630 et
2007 1590 2113 1629 non
2134 1589 2383 1644 peccare,
2416 1589 2486 1629 ne
2514 1590 2613 1644 per
2646 1574 2888 1645 vigorem
2916 1572 3106 1628 salutis
3147 1570 3352 1626 illicitis
3393 1584 3513 1624 sor-

1929 1664 2182 1720 didentur
2208 1665 2562 1735 capiditatum
2599 1671 2656 1718 et
2683 1663 2909 1718 luxuriae
2934 1661 3236 1718 desideriis.
3269 1661 3365 1716 Est
3388 1676 3515 1731 per-

1930 1755 2135 1809 niciosa
2158 1754 2364 1809 sanitas
2385 1770 2504 1825 quae
2523 1754 2591 1809 ad
2612 1754 3030 1809 inobedientiam
3052 1752 3325 1808 hominem
3345 1752 3512 1816 ducit,

1929 1854 2012 1902 est
2037 1854 2093 1901 et
2109 1845 2340 1901 salubris
2360 1845 2671 1911 infirmitas,
2695 1861 2816 1915 qua:
2837 1861 2936 1916 per
2957 1844 3193 1899 divinam
3218 1844 3515 1914 correptio-

1928 1952 2052 1993 nem
2074 1946 2308 1992 mentem
2335 1953 2366 1992 a
2393 1936 2590 1992 duritia
2621 1936 2839 2005 frangit.
2883 1936 3032 1991 Dixit
3078 1944 3262 1991 sancta
3292 1934 3514 2007 Syucle-

1929 2031 2059 2096 tica,
2099 2032 2223 2100 quia
2251 2031 2498 2087 diabolus
2537 2029 2882 2085 infirmitates
2923 2028 3182 2098 quasdam
3210 2026 3513 2096 expetendo

1928 2122 2188 2175 adversus
2216 2135 2339 2175 eum
2370 2120 2463 2192 qui
2502 2119 2792 2175 tentandus
2820 2127 2903 2174 est
2927 2117 3168 2182 adhibet,
3199 2123 3257 2171 ut
3294 2130 3393 2186 per
3416 2130 3512 2170 eas

1926 2209 2298 2280 pusillanimes
2320 2208 2525 2265 faciens
2546 2208 2860 2274 monachos,
2882 2210 3169 2265 conturbet
3189 2207 3510 2263 charitatem

1926 2315 2135 2365 eorum,
2166 2314 2329 2369 quam
2362 2299 2632 2355 habebant
2658 2300 2725 2354 ad
2754 2298 2945 2354 Deum.
2972 2297 3081 2354 Sed
3104 2297 3352 2368 quamvis
3379 2311 3511 2352 con-

1927 2394 2138 2448 cidatur
2160 2408 2375 2464 corpus,
2428 2400 2483 2449 et
2522 2392 2763 2449 febribus
2785 2391 2979 2447 validis
3011 2389 3396 2456 inﬂammetur,
3425 2391 3509 2444 in-

1926 2501 2089 2556 super
2123 2486 2336 2540 etiamsi
2382 2485 2734 2541 intolerabilis
2778 2486 2848 2542 sit
2902 2484 3140 2549 afﬂictio,
3190 2484 3236 2539 si
3283 2482 3504 2553 quidem

1923 2586 2177 2649 peccator
2211 2593 2270 2633 es
2294 2578 2385 2649 qui
2419 2579 2534 2633 haec
2562 2581 2818 2645 sustines,
2874 2576 3161 2634 recordare
3194 2573 3363 2629 futuri
3406 2587 3509 2629 sae-

1925 2669 2032 2724 culi
2059 2682 2264 2739 paenas,
2295 2676 2555 2722 tetcrnum
2596 2667 2772 2739 ignem
2812 2675 2866 2722 et
2905 2667 3183 2738 judicialia
3214 2675 3505 2734 tormenta,
3576 2732 3587 2739 λ

1925 2770 1979 2817 et
2005 2761 2078 2815 ita
2122 2777 2230 2816 non
2275 2759 2494 2816 deficies
2529 2760 2597 2815 ab
2633 2761 2716 2816 eis
2741 2774 2861 2831 qua:
2899 2760 2951 2814 in
2989 2760 3245 2833 praesenti
3297 2759 3509 2815 contin-

1923 2860 2056 2924 gunt
2082 2871 2094 2907 :
2133 2853 2356 2923 insuper
2379 2859 2434 2906 et
2456 2850 2713 2922 gaudebis
2740 2850 2864 2921 quia
2897 2850 3136 2907 visitavit
3165 2857 3216 2906 te
3250 2849 3417 2915 Deus,
3451 2859 3508 2904 et

1925 2946 2055 3001 illud
2094 2944 2517 3000 famosissimum
2545 2944 2746 2999 dictum
2772 2943 2827 2999 in
2855 2943 3035 3015 lingua
3069 2942 3284 3008 habeto,
3319 2941 3374 2996 id
3401 2947 3504 3006 est,

1924 3033 2200 3106 Castigans
2230 3034 2501 3105 castigavit
2529 3050 2610 3089 me
2644 3032 2924 3098 Dominus,
2949 3042 2995 3088 et
3021 3032 3178 3089 morti
3208 3048 3310 3087 non
3335 3030 3506 3085 tradi-

1924 3126 2000 3179 dit
2031 3142 2111 3179 me
2142 3124 2314 3197 (Psal.
2354 3124 2543 3196 cxvn).
2578 3123 2636 3179 Si
2668 3123 2870 3178 ferrum
2904 3139 2984 3188 es,
3016 3138 3173 3194 Spera
3202 3122 3507 3178 adhibitum

1925 3217 2021 3274 tibi
2044 3217 2400 3289 ignem,.quia
2425 3217 2470 3272 si
2493 3217 2669 3288 justus
2693 3231 2773 3281 es,
2803 3224 2859 3272 et
2903 3218 3018 3271 haec
3043 3217 3270 3288 pateris,
3299 3217 3367 3271 de
3392 3230 3509 3270 ma-

1924 3310 2044 3382 gnis
2091 3308 2157 3364 ad
2196 3308 2401 3378 majora
2449 3308 2804 3379 promoveris.
2861 3306 3066 3362 Aurum
3122 3321 3203 3371 es,
3260 3307 3354 3361 sed
3407 3310 3507 3376 per

1926 3401 2105 3474 ignem
2142 3399 2424 3470 probatior
2453 3399 2583 3454 eris.
2622 3396 2679 3453 Si
2717 3397 2977 3462 febribus,
3007 3398 3053 3452 si
3083 3397 3261 3468 rigore
3285 3395 3504 3468 frigoris

1924 3491 2227 3563 castigaris,
2256 3505 2463 3546 memor
2488 3496 2605 3544 esto
2637 3487 2780 3559 quod
2802 3486 3081 3558 Scriptura
3102 3487 3232 3542 dicit
3261 3505 3273 3541 :
3311 3485 3508 3563 Trana-

1924 3585 2109 3639 ivimus
2129 3600 2222 3655 per
2259 3583 2429 3655 ignem
2466 3592 2515 3636 et
2543 3597 2754 3653 aquam,
2792 3590 2839 3635 ct
2880 3579 3032 3634 ducit
3072 3595 3164 3635 nos
3208 3580 3263 3635 in
3296 3562 3510 3649 re'frige-

1925 3677 2059 3730 rium
2090 3674 2262 3747 (Psal.
2289 3672 2438 3747 va).
2466 3671 2523 3728 Si
2552 3670 2839 3728 infirmitas
2871 3671 3096 3728 molesta
3138 3671 3293 3731 nobis
3318 3670 3505 3737 fuerit,

1923 3782 2031 3821 non
2070 3765 2481 3832 contristemur,
2526 3771 2783 3833 tanquam
2819 3764 2911 3835 qui
2955 3779 3056 3835 pro
3095 3763 3408 3819 infirmitate
3450 3772 3508 3819 et

1924 3855 2145 3912 vulnere
2172 3856 2416 3928 corporis
2463 3870 2571 3911 non
2609 3870 2896 3926 possumus
2937 3864 3085 3910 stare
3130 3854 3199 3910 ad
3240 3854 3508 3910 orandum

1924 3954 2017 4001 aut
2042 3944 2377 4016 psallendum
2420 3945 2490 4001 ad
2530 3960 2736 4005 vocem.
2769 3943 2896 4000 Haec
2930 3953 3109 4000 autem
3138 3944 3319 3999 omnia
3349 3943 3507 3999 nobis

1923 4037 2210 4107 proficient
2255 4037 2322 4093 ad
2368 4037 2693 4092 destruenda
2747 4036 2990 4108 corporis
3042 4035 3328 4099 desideria,
3374 4049 3506 4104 quo-

1924 4128 2071 4183 niam
2094 4126 2298 4197 jejunia
2318 4135 2373 4182 et
2401 4127 2614 4183 labores
2638 4135 2859 4198 propter
2899 4134 3082 4196 turpes
3120 4124 3506 4181 delectationes

1925 4220 2082 4276 nobis
2103 4219 2395 4274 constituta
2424 4226 2569 4273 sunt.
2611 4218 2671 4273 Si
2697 4219 2861 4289 igitur
2901 4217 3164 4290 aegritudo
3193 4216 3298 4271 ista
3327 4223 3507 4270 retun-

1926 4310 2004 4365 dit
2024 4308 2311 4379 superﬂua,
2333 4307 2400 4363 de
2421 4308 2506 4363 his
2526 4308 2880 4364 observandis
2899 4308 3037 4363 ratio
3056 4317 3157 4364 est.
3181 4306 3335 4363 Sicut
3358 4306 3505 4363 enim

1925 4415 2121 4471 magno
2151 4410 2205 4454 et
2235 4397 2360 4454 forti
2394 4398 2749 4454 medicamine
2793 4397 3032 4453 exitialia
3080 4396 3148 4452 ab
3180 4396 3507 4469 aegritudine

1926 4491 2168 4561 corporis
2196 4491 2324 4546 vitia
2373 4489 2708 4555 reciduntur,
2754 4497 2810 4543 et
2835 4489 2951 4543 haec
2979 4496 3061 4543 est
3086 4503 3277 4559 magna
3303 4489 3503 4552 virtus,

1921 4583 2134 4654 quando
2170 4582 2574 4637 infirmitatibus
2621 4580 2903 4636 tolerantia
2931 4580 3190 4645 adhibita,
3220 4589 3274 4636 et
3301 4582 3506 4652 gratia-

1922 4688 2042 4733 rum
2084 4672 2227 4727 actio
2271 4673 2382 4727 Deo
2419 4670 2582 4726 fuerit
2616 4672 2801 4726 missa.
2845 4669 2905 4726 Si
2951 4671 3249 4727 amittimus
3292 4672 3501 4740 oculos,

1922 4776 2031 4816 non
2051 4759 2287 4815 feramus
2320 4760 2577 4832 graviter.
2606 4760 2945 4816 Extollentia:
2982 4761 3127 4815 enim
3172 4762 3504 4819 instrumen-

1922 4857 2038 4904 tum
2062 4850 2345 4905 amisimus
2366 4858 2421 4906 et
2448 4850 2793 4908 interioribus
2833 4852 3003 4908 oculis
3041 4852 3266 4925 gloriam
3288 4855 3501 4910 Domini

1922 4939 2284 5010 speculamur.
2325 4938 2486 4995 Surdi
2513 4938 2641 4995 facti
2682 4957 2888 5008 sumus,
2918 4959 3025 4998 non
3069 4959 3340 5010 curemus,
3370 4946 3499 5013 quia

1919 5030 2162 5085 auditum
2189 5045 2385 5084 vanum
2424 5030 2721 5087 amisimus.
2751 5032 2940 5089 Manus
2977 5041 3175 5089 nostra:
3211 5050 3279 5090 ex
3318 5034 3499 5103 aliqua

1917 5120 2168 5191 passione
2186 5119 2479 5177 debilitata:
2506 5131 2650 5187 sunt,
2696 5125 2792 5179 sed
2834 5125 3119 5181 interiores
3156 5135 3372 5197 paratas
3409 5128 3501 5181 ha-

1917 5208 2105 5264 bemus
2132 5210 2388 5265 adversus
2414 5210 2617 5267 inimici
2644 5216 2984 5271 tentationes.
3017 5216 3305 5272 infirmitas
3325 5223 3497 5272 totum

1917 5314 2116 5369 corpus
2144 5310 2388 5355 nostrum
2438 5310 2603 5371 tenet,
2651 5306 3022 5364 sed‘interiori
3069 5308 3268 5363 homini
3309 5317 3496 5367 nostro

1916 5397 2124 5453 sanitas
2144 5399 2359 5453 crescit.

2464 5493 2692 5551 CAPUT
2729 5494 2943 5551 XXXII.

2334 5584 2411 5639 De
2430 5586 2762 5641 tribulatione
2779 5587 3064 5656 justorum.

1981 5672 2159 5744 (Isid.,
2205 5674 2293 5729 lib.
2342 5692 2405 5732 ιιι
2440 5676 2609 5741 Sent.,
2658 5693 2704 5730 c.
2750 5676 2863 5747 58.)
2910 5675 3091 5732 Justus
3137 5679 3188 5733 in
3244 5679 3488 5736 adversis

1906 5765 2121 5839 probari
2163 5779 2221 5821 se
2263 5774 2628 5836 recognoscat,
2659 5780 2765 5821 non
2792 5766 2966 5838 dejici.
2998 5767 3108 5824 Viri
3150 5770 3322 5824 sancti
3358 5770 3477 5841 plus
