4020 6460
518 307 624 366 027

1811 302 1946 359 SMA
1955 303 2166 359 RAGDI
2203 303 2497 360 ABBATIS

3694 308 3808 369 69.8

508 417 816 475 formidant
837 432 1099 489 prospera
1146 418 1331 474 mundi
1377 433 1541 490 quam
1579 418 1831 487 adversa,
1855 416 1981 489 quia
2013 418 2109 473 Dei
2136 418 2190 479 Α
2214 417 2311 473 sed
2332 417 2513 487 potius
2531 418 2729 474 erudit.
2759 418 2998 476 Sollicite
3034 421 3211 476 hostis
3236 419 3462 478 insidias
3497 421 3816 496 intelligere

508 528 710 581 pet-vos
743 527 1004 583 prospera
1033 511 1218 566 mundi
1247 510 1527 579 dejiciunt,
1559 512 1783 567 adversa
1827 527 1956 567 vero
1981 527 2109 567 eru-
2203 507 2413 578 pariter
2455 516 2512 563 et
2558 523 2751 565 cavere
2778 509 2869 564 Dei
2904 525 3120 566 servum
3154 519 3389 581 oportet,
3427 512 3622 582 sicque
3648 515 3817 570 inno-

512 603 689 658 diunt.
714 602 950 671 Ideoque
973 602 1149 656 sancti
1188 601 1291 654 viri
1327 601 1631 656 constantia
1658 600 1733 655 ita
1763 610 1982 671 portare
2011 601 2105 656 de—

513 696 607 749 bet
642 695 885 756 adversa,
913 701 973 747 ut
1000 692 1176 762 frangi
1211 708 1319 748 non
1364 701 1546 762 queat.
1596 692 1748 747 Tunc
1776 693 1951 761 magis
1977 700 2105 746 sunt

512 785 613 840 Dei
642 786 784 841 oculi
812 800 974 853 super
1004 783 1197 853 justus,
1226 783 1442 854 quando
1478 767 1770 852 eos'allligi
1802 782 1872 837 ab
1902 783 2106 853 iniquis

510 876 851 947 providentia
880 890 1117 945 superna
1143 874 1426 944 permittit.
1470 873 1606 929 Nam
1649 882 1777 929 tunc
1797 874 1878 928 eis
1910 875 2106 946 gaudia

514 967 879 1037 disponuntur
919 976 1153 1032 aeterna,
1199 967 1415 1037 quando
1453 965 1706 1036 praesenti
1757 965 2105 1021 tribulatione

512 1059 837 1131 probantur.
885 1057 1086 1113 Omnes
1143 1057 1268 1113 vitm
1319 1054 1477 1125 hujus
1526 1054 1902 1112 tribulationes
1949 1057 2106 1126 aquis

510 1157 907 1225 comparantur
938 1148 1407 1218 prmtercuntibus.
1435 1148 1729 1218 Propterea
1753 1149 1877 1217 quia
1902 1148 1948 1204 si
1978 1149 2105 1217 quid

514 1240 573 1296 in
603 1240 708 1297 hac
737 1240 847 1296 vita
872 1239 1237 1296 tribulationis
1263 1238 1539 1301 acciderit,
1568 1253 1676 1293 non
1702 1245 1809 1292 stat
1837 1239 1931 1295 sed
1968 1239 2107 1295 cele-

515 1332 656 1390 riter
685 1334 901 1389 transit.
934 1332 1036 1399 Qui
1058 1334 1182 1387 vitze
1210 1330 1406 1385 futura:
1448 1330 1671 1400 praemia
1700 1330 1985 1400 diligenter
2013 1345 2109 1385 ex-

518 1425 719 1497 cogitat
741 1465 767 1490 ,ν
817 1424 960 1481 mala
1003 1423 1186 1479 omnia
1230 1423 1352 1477 vitae
1398 1421 1683 1491 pnesentis
1735 1421 2110 1490 aequanimiter

516 1524 738 1587 portat:
776 1515 1032 1587 quoniam
1063 1528 1130 1569 ex
1160 1513 1305 1568 illius
1336 1512 1618 1568 dulcedine
1660 1511 1820 1581 hujus
1849 1512 2111 1565 amaritu-

519 1606 704 1661 dinem
746 1613 1025 1676 temperat,
1076 1613 1132 1660 et
1175 1620 1240 1659 ex
1285 1604 1588 1658 mternitatc
1621 1603 1762 1658 illius
1789 1604 2109 1658 brevitatem

512 1695 684 1771 huius
712 1696 939 1770 despicit
966 1694 1354 1750 transitoriam.
1387 1693 1524 1759 Quia
1552 1708 1683 1748 vero
1718 1693 1811 1762 qui
1839 1693 1893 1747 in
1926 1692 2111 1747 dolore

520 1795 817 1860 gravantur
851 1787 1053 1851 carnis,
1082 1784 1395 1854 cupiditatis
1419 1792 1476 1838 et
1511 1783 1739 1837 luxuriae
1777 1790 1833 1837 et
1855 1782 2111 1836 vitiorum
2141 1770 2187 1828 B

521 1891 845 1937 ceterorum
890 1878 1031 1935 mala
1066 1893 1173 1933 non
1223 1883 1499 1947 appetunt,
1542 1874 1665 1945 plus
1693 1873 1913 1944 prodest
1953 1871 2115 1926 saluti

518 1970 751 2026 tentatio
779 1969 961 2025 saeculi
990 1983 1153 2038 quam
1180 1966 1532 2040 prosperitas.
1568 1964 1701 2019 Nam
1747 1980 1812 2019 ex
1846 1962 2117 2034 prosperi-

507 2069 638 2117 -tatc
665 2061 722 2116 in
751 2060 992 2117 deterius
1018 2060 1148 2126 itur,
1178 2074 1245 2115 ex
1278 2058 1593 2115 tentationis
1627 2057 1809 2112 dolore
1839 2056 1893 2110 in
1921 2055 2115 2110 melius

518 2150 823 2223 proficitur.
890 2149 1271 2220 Unusquisque
1328 2150 1394 2204 al
1457 2148 1812 2204 tentationem
1872 2147 2113 2201 animum

518 2254 833 2313 praeparare
874 2240 1052 2296 debet.
1079 2239 1256 2294 Minus
1290 2239 1437 2295 enim
1484 2240 1610 2295 dum
1640 2245 1908 2307 speratur,
1941 2243 2115 2291 tenta-

514 2332 604 2397 tio
631 2338 852 2402 gravat;
886 2330 1019 2385 dore
1062 2337 1240 2387 autem
1280 2329 1498 2402 premit,
1548 2328 1591 2384 si
1627 2344 1733 2384 non
1776 2334 1990 2398 sperata
2020 2325 2115 2380 ad-

520 2423 755 2480 venerit.
794 2420 1073 2492 Sapientis
1120 2429 1207 2477 est
1257 2426 1446 2477 contra
1488 2419 1669 2475 omnia
1722 2418 1947 2473 adversa
1989 2423 2115 2469 ante

520 2512 817 2581 meditari;
863 2526 965 2568 nec
992 2512 1211 2568 evenire
1240 2526 1400 2566 casus
1428 2510 1607 2575 debet,
1648 2524 1808 2579 quem
1852 2523 1960 2562 non
1987 2521 2116 2560 con-

518 2606 644 2662 silia
670 2605 790 2678 ejus
818 2605 1171 2676 przeveniant.
1225 2602 1379 2673 (mea
1425 2600 1561 2661 Isid.
1609 2600 1709 2654 loc.
1752 2597 1956 2671 citato.)
1988 2596 2115 2651 Haec

523 2711 693 2752 causa
720 2704 805 2752 est
844 2694 987 2767 quod
1017 2694 1086 2749 ab
1134 2691 1348 2760 injustis
1373 2689 1507 2767 justi
1556 2690 1810 2744 sinuntur
1850 2685 2012 2755 alllgi,
2053 2694 2115 2740 ut

520 2785 735 2845 scilicet
768 2786 898 2840 dum
925 2784 1107 2839 futura
1156 2783 1386 2838 audiunt
1411 2782 1549 2836 bona
1581 2795 1703 2850 qum
1733 2778 1980 2849 cupiunt,
2000 2792 2113 2846 -pa-

516 2862 734 2933 ﬁantur
765 2875 931 2933 etiam
974 2874 1117 2930 mala
1157 2872 1448 2943 przrsentia
1492 2886 1611 2940 qua:
1661 2868 2110 2939 perhorrescunt;

523 2974 690 3037 atque
740 2964 810 3025 ad
853 2963 1150 3019 faciliorem
1201 2962 1409 3015 exitum
1464 2959 1591 3015 dum
1637 2971 1790 3012 amor
1832 2962 2111 3025 provocat,

524 3056 801 3114 cruciatus
842 3054 1102 3125 impellat.
1133 3052 1302 3113 David
1329 3050 1613 3107 Psalmista
1643 3049 1720 3102 ait
1745 3061 1759 3103 :
1795 3046 1873 3101 Tu
1901 3063 1952 3101 es
1984 3046 2113 3100 mihi

521 3147 783 3219 refugium
813 3163 845 3200 a
873 3162 1117 3217 pressura
1152 3160 1270 3216 qua:
1310 3140 1650 3198 circumdedit
1689 3156 1790 3205 me,
1829 3136 2110 3193 exsultatio
2138 3126 2183 3189 C

518 3256 661 3306 mea,
692 3238 887 3294 redime
912 3254 993 3292 me
1033 3254 1065 3290 a
1108 3233 1554 3291 circumdantibus
1596 3249 1676 3286 me
1717 3230 1891 3301 (Psal.
1933 3229 2107 3299 xxxt).

519 3329 663 3387 Ecce
690 3328 846 3402 quasi
881 3329 937 3384 in
968 3337 1126 3383 nocte
1163 3340 1473 3398 prcssuram
1518 3324 1782 3389 nominat,
1828 3330 1885 3377 et
1928 3330 2112 3375 tamen

519 3421 870 3478 liberatorem
894 3436 1050 3476 suum
1085 3420 1226 3475 inter
1258 3418 1537 3489 angustias
1570 3416 1989 3472 exsultationem
2018 3429 2115 3470 vo-

523 3523 635 3571 cat.
670 3514 828 3575 Foris
871 3512 1088 3583 quidem
1133 3529 1236 3568 nox
1267 3519 1387 3568 erat
1428 3512 1482 3565 in
1513 3510 1934 3566 circumdatione
1964 3523 2113 3578 prcs-

524 3625 686 3675 surae,
716 3610 810 3666 sed
837 3610 985 3667 intus
1022 3606 1265 3663 carmina
1289 3607 1617 3661 resonabant
1657 3605 1723 3659 de
1749 3602 2114 3658 consolatione

523 3697 747 3753 laetitiae.
771 3696 990 3752 Electus
1011 3696 1238 3766 quisque
1261 3696 1385 3751 dum
1414 3693 1740 3749 circumdari
1769 3707 1825 3747 se
1847 3692 2114 3763 pressuris

525 3796 738 3854 narrat,
767 3796 826 3843 et
853 3796 1032 3843 tamen
1075 3787 1245 3842 Deum
1276 3785 1377 3841 sibi
1403 3783 1820 3840 exsultationem
1849 3784 2111 3847 nominat,

522 3882 713 3955 procul
757 3881 918 3938 dubio
953 3880 1108 3950 quasi
1150 3894 1368 3934 carmen
1419 3879 1474 3932 in
1523 3885 1683 3932 nocte
1718 3884 1919 3938 cantat,
1958 3883 2016 3929 ut
2047 3874 2114 3928 ad

524 3972 907 4045 subsequentis
932 3972 1056 4027 vita:
1091 3971 1233 4025 diem
1276 3969 1405 4025 felix
1442 3969 1745 4040 perveniat.
1798 3968 1945 4022 Dixit
1991 3967 2114 4037 qui~

524 4068 653 4124 dam
690 4082 905 4124 senex:
959 4063 1018 4121 Si
1069 4063 1278 4120 venerit
1322 4062 1527 4117 homini
1580 4059 1804 4117 tentatio
1855 4058 2116 4131 (undique

526 4158 671 4214 enim
697 4155 1126 4226 multiplicantur
1152 4152 1547 4223 tribulationes)
1570 4157 1630 4205 ut
1647 4149 2002 4221 pusillanimis
2023 4148 2117 4202 fiat

525 4260 583 4306 et
606 4255 929 4313 murmuret,
968 4255 1025 4302 tu
1066 4254 1247 4301 tamen
1290 4245 1334 4300 si
1365 4252 1414 4300 te
1439 4242 1789 4314 occupaverit
1830 4240 2118 4296 infirmitas

527 4342 794 4413 corporis,
818 4341 926 4399 noli
948 4336 1305 4409 pusillanimis
1332 4335 1472 4401 fieri,
1504 4347 1678 4402 neque
1703 4332 1924 4388 moleste
1952 4330 2121 4387 susci-

525 4435 667 4504 pias,
696 4433 823 4503 quia
867 4432 981 4503 ipse
1026 4430 1285 4485 Dominus
1310 4442 1407 4497 pro
1437 4436 1489 4483 te
1515 4426 1720 4496 cogitat
1742 4425 1808 4480 de
1838 4423 2110 4479 omnibus.

515 4524 782 4594 .Nuuquid
808 4523 925 4578 sine
950 4523 1068 4591 ipso
1095 4519 1265 4574 vivis?
1291 4518 1565 4573 Patienter
1600 4530 1731 4586 ergo
1756 4513 1900 4570 ferre
1927 4515 2111 4581 debes,

528 4622 590 4670 et
610 4628 803 4685 rogare
833 4628 957 4668 eum
986 4620 1044 4667 ut
1069 4612 1231 4667 donet
1257 4609 1353 4664 tibi
1381 4623 1501 4678 quae
1530 4606 1842 4676 expediunt,
1873 4607 1978 4661 hoc
2008 4614 2111 4673 est,

530 4703 760 4773 utquod
787 4702 1033 4758 voluntas
1063 4700 1231 4772 ipsius
1273 4706 1356 4755 est
1396 4697 1586 4764 facias,
1633 4703 1685 4751 et
1714 4695 1840 4752 sede
1866 4712 1987 4754 eum
2014 4712 2115 4769 pa-

530 4796 723 4853 tientia
744 4794 1077 4852 manducans
1097 4792 1243 4863 quod
1264 4792 1432 4847 habes
1463 4791 1515 4845 in
1544 4789 1829 4849 charitate.

1065 4883 1290 4941 CAPUT
1349 4881 1586 4937 XXXIII.

987 4977 1077 5032 De
1136 4973 1665 5030 tentationibus.

606 5069 789 5143 (Isid.,
814 5070 905 5126 lib.
932 5087 993 5126 tu
1033 5069 1206 5135 Sent.,
1249 5086 1365 5139 cup.
1410 5068 1489 5140 5.)
1536 5067 1719 5123 Multis
1748 5066 2118 5123 calamitatum

533 5160 924 5217 tentationibus
951 5174 1105 5215 mens
1127 5159 1257 5230 justi
1290 5158 1344 5212 in
1386 5158 1491 5215 hac
1528 5158 1637 5211 vita
1684 5156 1949 5225 pulsatur,
1978 5156 2121 5212 unde

468 5248 471 5249 ⁷
533 5259 592 5307 et
617 5259 768 5322 Optat
793 5249 862 5305 ab
894 5252 995 5308 hoc
1015 5249 1211 5306 saeculo
1238 5246 1479 5302 funditus
1506 5247 1681 5312 evelli,
1709 5262 1817 5317 quo
1854 5255 1909 5302 et
1930 5262 2123 5302 terum-

534 5344 620 5399 nis
645 5352 853 5410 careat,
884 5352 939 5398 et
970 5342 1132 5397 fixam
1162 5340 1272 5395 illic
1318 5338 1667 5394 securitatem
1709 5338 1963 5395 inveniat.
1998 5337 2117 5393 Non

538 5434 770 5503 amplius
796 5441 971 5489 tentat
1012 5432 1215 5487 electos
1241 5429 1505 5495 diabolus,
1547 5444 1707 5497 quam
1740 5429 1835 5483 Dei
1870 5429 2117 5485 voluntas

535 5522 816 5592 permittit.
872 5520 1151 5577 Teutando
1197 5529 1378 5574 autem
1429 5526 1738 5573 sanctorum
1788 5516 2118 5585 profectibus

538 5611 727 5666 servit.
764 5611 879 5667 Etsi
922 5612 1132 5677 nolens,
1159 5608 1377 5665 utilitati
1405 5615 1584 5661 tamen
1613 5613 1925 5662 sanctorum
1952 5609 2119 5664 servit

539 5700 804 5771 diabolus,
836 5703 1050 5774 quando
1090 5715 1183 5759 eos
1212 5696 1601 5758 tentationibus
1629 5695 1742 5752 suis
1767 5712 1874 5754 non
1898 5697 2111 5770 decipit,

2206 600 2382 654 centia
2420 600 2547 655 vitm
2588 601 2826 657 existere
2869 602 3190 673 simplicem,
3234 611 3294 657 ut
3336 611 3519 658 tamen
3556 612 3819 676 oporteat

2205 706 2328 746 cum
2363 692 2710 769 simplicitate
2748 709 2869 749 esse
2912 696 3259 764 prudentem.
3308 694 3411 762 Qui
3457 698 3816 766 prudentiam

2206 780 2536 851 simplicitati
2565 798 2670 837 non
2700 783 2913 849 miscet,
2960 783 3116 854 juxta
3162 786 3505 855 prophetam,
3547 785 3817 842 Columbo

2206 882 2282 928 est
2306 872 2542 939 seducta,
2573 890 2679 928 non
2711 875 2905 930 habens
2944 892 3036 930 eor
3067 874 3241 946 (Ome
3276 877 3398 946 vn).
3422 878 3534 935 Sed
3572 879 3703 934 ideo
3727 895 3818 935 co-

2206 964 2411 1031 lumba,
2452 966 2579 1037 quia
2618 968 2875 1037 simplex;
2908 968 3031 1023 ideo
3071 976 3251 1023 autem
3289 984 3385 1024 cor
3422 987 3533 1025 non
3577 970 3815 1036 habens,

2207 1056 2332 1125 quia
2356 1057 2540 1127 ignara
2569 1058 2871 1126 prudentia:
2890 1067 2995 1113 est.
3019 1058 3078 1113 In
3102 1059 3276 1114 oculis
3305 1060 3607 1115 electorum
3633 1072 3817 1116 terror

2208 1147 2325 1217 ejus
2344 1148 2467 1201 vilis
2488 1157 2589 1202 est.
2620 1147 2702 1202 Ab
2725 1149 3020 1205 incredulis
3041 1159 3101 1205 ut
3118 1150 3203 1204 leo
3229 1151 3485 1215 timetur;
3519 1167 3553 1205 a
3575 1151 3818 1205 fortibus

2210 1238 2263 1293 in
2296 1238 2399 1293 (ide
2424 1247 2484 1294 ut
2508 1240 2709 1293 vermis
2753 1240 3141 1305 contemnitur,
3185 1250 3348 1309 atque
3376 1240 3444 1294 ad
3470 1249 3816 1295 momentum

2209 1328 2448 1384 offensus
2479 1330 2778 1400 repellitur.
2815 1329 3072 1386 Diabolus
3093 1331 3236 1386 enim
3259 1346 3485 1400 serpens
3515 1340 3605 1385 est
3644 1331 3817 1386 lubri-

2211 1436 2326 1485 cus,
2343 1421 2496 1490 cujus
2521 1421 2568 1475 si
2594 1420 2778 1489 capiti,
2793 1420 2846 1474 id
2864 1429 2947 1475 est
2964 1421 3155 1492 prima:
3174 1421 3530 1494 suggestioni,
3544 1436 3657 1475 non
3680 1422 3818 1475 resi-

2213 1512 2393 1576 stitur,
2412 1519 2556 1565 totus
2580 1511 2636 1566 in
2664 1510 2877 1566 interna
2898 1510 3082 1566 cordis
3102 1510 3252 1582 (dum
3272 1525 3379 1565 non
3409 1511 3673 1579 sentitur)
3696 1510 3819 1564 illa-

2211 1604 2377 1660 bitur.
2403 1603 2787 1658 Tentationum
2817 1603 3204 1658 diabolicarum
3228 1602 3382 1657 initia
3410 1601 3635 1680 fragilia
3664 1610 3814 1666 sunt,

2213 1711 2334 1765 quae
2362 1694 2407 1750 si
2445 1709 2552 1749 non
2573 1702 2891 1759 caveantur,
2926 1694 3019 1749 sed
3047 1709 3145 1764 per
3173 1708 3332 1749 usum
3367 1694 3424 1747 in
3463 1692 3817 1746 consuetudi-

2216 1802 2341 1842 nem
2373 1794 2672 1852 transeant,
2720 1786 2776 1842 in
2820 1787 3130 1842 novissimis
3150 1784 3367 1841 fortiter
3395 1771 3813 1849 convalescunt,

2215 1875 2290 1930 ita
2320 1884 2378 1930 ut
2406 1884 2501 1929 aut
2544 1891 2818 1946 nunquam
2866 1885 2960 1931 aut
2987 1892 3110 1931 cum
3146 1874 3459 1930 difficultate
3501 1875 3811 1930 vincantur.

2216 1968 2349 2024 Cum
2372 1968 2427 2023 in
2466 1978 2577 2024 tota
2608 1970 2716 2025 vita
2746 1970 2992 2025 diabolus
3036 1970 3383 2040 prmvarirari
3414 1970 3703 2027 hominem
3725 1987 3816 2025 cu-

2213 2059 2345 2128 piat,
2391 2059 2623 2129 amplius
2667 2067 2846 2113 tamen
2874 2060 3097 2115 molitur
3126 2060 3180 2115 in
3214 2059 3321 2114 fine
3353 2060 3641 2130 decipere.
3682 2059 3817 2114 [line

2214 2157 2299 2205 est
2331 2150 2477 2219 quod
2506 2150 2558 2205 in
2603 2150 2870 2221 principio
2911 2159 3098 2206 contra
3140 2149 3540 2220 protoplastum
3575 2150 3816 2220 serpenti

2214 2248 2297 2298 est
2340 2241 2540 2296 dictum
2597 2240 2750 2312 (Gen.
2795 2241 2877 2314 ιιι)
2911 2241 3022 2296 :Et
3067 2252 3127 2296 tu
3176 2241 3519 2296 insidiaberis
3566 2241 3815 2297 ralem

2213 2331 2359 2401 ejus;
2380 2331 2505 2401 quia
2528 2332 2784 2387 nimirum
2813 2332 3086 2388 hominem
3109 2347 3272 2402 quem
3294 2331 3552 2389 diabolus
3575 2333 3639 2387 in
3658 2346 3817 2389 mrsu

2212 2421 2500 2492 prmteritm
2529 2421 2653 2475 vita:
2677 2437 2784 2476 non
2818 2422 3037 2492 decipit,
3085 2422 3141 2476 in
3193 2422 3511 2476 novissimis
3560 2422 3818 2492 supplau-

2214 2523 2332 2572 tare
2378 2515 2632 2585 disponit.
2664 2515 2897 2571 Proinde
2922 2516 3171 2586 quamvis
3218 2514 3450 2584 quisquc
3497 2515 3575 2569 sit
3616 2512 3815 2583 justus,

2213 2621 2489 2675 nunquam
2522 2613 2700 2661 tamen
2736 2613 2906 2660 tutum
2936 2612 3095 2660 estut
3119 2605 3191 2659 sit
3220 2603 3274 2658 in
3298 2605 3400 2659 hac
3420 2604 3537 2658 vita
3562 2619 3813 2670 secums,

2213 2697 2307 2752 sed
2342 2710 2555 2766 semper
2596 2696 2817 2777 humilis
2844 2704 3055 2761 caveat,
3110 2710 3435 2765 semperque
3484 2711 3562 2751 ne
3606 2696 3666 2749 in
3718 2694 3816 2749 fine

2214 2795 2337 2842 ruat
2363 2786 2625 2842 sollicitus
2650 2787 3015 2856 pertimescat.
3044 2786 3300 2842 Diabolus
3323 2793 3550 2841 sanctos
3575 2786 3819 2841 homines

2213 2895 2318 2937 non
2368 2878 2598 2933 tenendo
2651 2877 2921 2947 possidet,
2972 2878 3067 2934 sed
3125 2876 3383 2932 tentando
3444 2879 3813 2946 persequitur.

2212 2967 2348 3023 Nam
2373 2967 2497 3037 quia
2523 2982 2631 3023 non
2673 2967 2726 3021 in
2758 2967 2839 3021 eis
2878 2967 3207 3022 intrinsecus
3237 2975 3459 3037 regnat,
3500 2977 3706 3021 contra
3733 2982 3818 3022 eos

2214 3057 2555 3113 extrinsecus
2579 3065 2810 3127 pugnat;
2829 3066 2882 3113 et
2903 3058 2994 3128 qui
3017 3057 3245 3111 interius
3266 3057 3453 3111 amisit
3488 3058 3813 3121 dominium,

2215 3148 2455 3205 exterius
2476 3155 2778 3203 commovet
2806 3147 3023 3202 bellum.
3048 3147 3301 3205 Diabolus
3320 3148 3550 3218 quando
3574 3148 3819 3218 decipere

2215 3254 2542 3311 quemquam
2586 3239 2822 3308 quzcrit,
2882 3238 3034 3309 prius
3080 3247 3331 3293 naturam
3386 3238 3817 3308 uniuscujusque

2214 3331 2467 3398 intendit,
2499 3338 2554 3386 et
2576 3331 2699 3385 inde
2737 3346 2795 3385 se
2844 3329 3099 3399 applicat,
3132 3329 3276 3384 unde
3317 3337 3511 3400 aptum
3546 3331 3815 3385 hominem

2213 3422 2281 3477 ad
2310 3425 2644 3493 peccandum
2676 3422 2993 3492 inspexerit.
3023 3422 3102 3479 Ex
3128 3438 3191 3476 ea
3216 3431 3372 3491 parte
3412 3423 3676 3477 homines
3712 3422 3816 3477 dia-

2213 3514 2371 3570 bolus
2399 3524 2593 3582 tentat,
2619 3531 2726 3586 qua
2751 3529 2844 3570 eos
2865 3529 2964 3584 per
2988 3522 3393 3569 excrescentem
3426 3513 3721 3569 humorem
3744 3514 3818 3567 fa-

2214 3606 2320 3660 cile
2343 3604 2588 3660 inclinari
2612 3605 2680 3660 ad
2703 3605 2832 3659 vitia
2853 3603 3141 3673 conspicit,
3165 3612 3223 3657 ut
3248 3603 3551 3659 secundum
3577 3603 3816 3658 humoris

2215 3698 2651 3766 conspersioncm
2668 3697 2922 3752 adhibeat
2936 3704 2990 3750 ct
3013 3696 3385 3752 tentationem.
3404 3695 3554 3766 Lege
3575 3695 3813 3759 Balaam,

2215 3788 2306 3859 qui
2341 3788 2395 3841 in
2434 3788 2604 3858 figura
2653 3787 2853 3842 diaboli
2890 3797 3080 3843 contra
3117 3786 3373 3858 populum
3406 3788 3630 3841 Domini
3663 3803 3731 3841 ex
3756 3802 3816 3842 ea

2215 3889 2369 3950 parte
2394 3880 2639 3950 prmeipit
2660 3880 2991 3955 perniciosos
3004 3879 3343 3949 prmtcndcre
3363 3879 3621 3950 laqueos,
3634 3897 3701 3935 ex
3716 3894 3816 3951 qua

2216 3972 2384 4027 sensit
2415 3987 2509 4028 eos
2536 3972 2747 4027 facilius
2787 3987 2908 4026 esse
2940 3971 3190 4040 lapsuros
3243 3967 3438 4041 (Num.
3482 3970 3659 4041 xxiv).
3688 3969 3817 4023 Nam

2216 4072 2269 4116 et
2296 4062 2387 4133 qui
2438 4079 2647 4134 aquam,
2679 4062 2875 4118 alicubi
2921 4062 3155 4127 deducit,
3203 4078 3309 4116 non
3361 4078 3486 4117 eam
3526 4078 3631 4133 per
3657 4063 3817 4117 aliam

2214 4166 2423 4228 partem
2464 4156 2790 4229 mittit,‘nisi
2818 4155 2909 4210 ubi
2939 4155 3197 4224 impetum
3233 4154 3349 4225 ejus
3371 4153 3630 4209 intendit.
3661 4154 3817 4209 Aliud

2217 4258 2300 4303 c;t
2337 4249 2541 4304 intrare.
2577 4250 2632 4305 in
2680 4258 2917 4304 mentem
2960 4246 3280 4319 cujusquam
3323 4248 3640 4325 diabolum,
3672 4248 3815 4303 aliud

2216 4355 2347 4396 vero
2389 4341 2711 4395 inhabitare.
2754 4339 2890 4395 Nam
2919 4347 2973 4395 et
3003 4339 3056 4395 in
3089 4340 3253 4394 corda
3285 4326 3607 4395 sanctor'um
3636 4341 3812 4410 ingre-

2218 4432 2383 4497 ditur,
2424 4431 2550 4486 dum
2596 4429 2765 4485 malas
2821 4430 3190 4501 suggestiones
3240 4430 3511 4495 insinuat;
3560 4430 3667 4485 sed
3711 4444 3813 4483 non

2219 4524 2428 4579 habitat
2462 4523 2515 4577 in
2539 4521 2639 4586 eis,
2668 4522 2793 4590 quia
2826 4522 2879 4575 in
2910 4537 3066 4575 suum
3094 4536 3293 4591 corpus
3312 4535 3420 4574 non
3450 4536 3549 4576 eos
3582 4520 3813 4575 traducit

2220 4612 2351 4686 [Al.,
2379 4610 2720 4682 transducit].
2753 4610 2853 4677 Qui
2883 4626 3011 4666 vero
3040 4611 3093 4665 in
3112 4625 3341 4681 corpore
3369 4609 3491 4679 ejus
3517 4620 3652 4664 sunt
3672 4611 3810 4679 ipsos

2218 4704 2507 4770 inhabitat,
2531 4703 2657 4773 quia
2684 4703 2785 4773 ipsi
2806 4709 2933 4757 sunt
2956 4701 3216 4772 templum
3243 4700 3382 4769 ejus.
3408 4700 3528 4755 Etsi
3555 4702 3811 4769 subrepat

2218 4793 2490 4849 mentibus
2518 4792 2813 4848 electorum
2858 4791 3126 4856 diabolus,
3172 4807 3279 4847 non
3319 4800 3503 4846 autem
3532 4791 3590 4844 in
3621 4792 3703 4845 eis
3740 4805 3813 4844 re-

2220 4882 2471 4951 quiescit,
2500 4882 2638 4936 sicut
2665 4881 2718 4936 in
2753 4881 3006 4936 cordibus
3035 4881 3410 4951 rcproborum,
3458 4897 3591 4934 nam
3640 4881 3813 4935 calore

2222 4971 2348 5026 fidei
2390 4987 2515 5026 mox
2560 4972 2848 5035 excitatur,
2898 4978 2958 5024 ut
2990 4977 3147 5025 exeat
3192 4970 3260 5025 ab
3301 4970 3515 5026 electis.
3563 4969 3811 5025 Nonnulli

2215 5062 2330 5133 jam
2362 5064 2519 5118 avido
2562 5079 2656 5118 ore
2694 5062 2938 5118 diabolus
2971 5063 3346 5129 devoraverat,
3398 5078 3599 5119 rursus
3652 5063 3810 5118 divini

2215 5155 2404 5227 judicii
2433 5154 2643 5211 occulta
2676 5154 3023 5210 miseratione
3051 5156 3120 5209 ab
3152 5152 3269 5222 ejus
3295 5170 3392 5209 ore
3419 5154 3735 5225 eripiuntur
3761 5160 3813 5209 et

2223 5247 2383 5303 saluti
2426 5246 2803 5302 restituuntur.
2836 5244 2972 5300 Nam
3002 5260 3144 5316 saepe
3170 5244 3367 5301 multos
3394 5260 3537 5315 quos
3561 5247 3811 5315 antiquus

2222 5338 2393 5393 hostis
2421 5336 2645 5393 luxuriat
2672 5335 2928 5406 voragine
2959 5350 3169 5389 mersos
3216 5335 3408 5399 tenuit,
3453 5336 3704 5405 potentia
3736 5333 3811 5386 di.

2224 5430 2348 5484 vina
2373 5444 2471 5500 per
2497 5426 2871 5498 pmnitenliam
2902 5426 2970 5481 ab
3008 5423 3125 5493 ejus
3153 5424 3400 5480 faucibus
3423 5426 3616 5479 traxit.
3651 5424 3807 5478 Multa

2216 5520 2396 5592 justus
2435 5517 2660 5575 adversa
2702 5517 2755 5571 in
2790 5517 2971 5589 anima
3012 5516 3215 5585 patitur
3240 5514 3591 5584 instigatione
3616 5514 3810 5568 ἀπωθ-

2223 5626 2374 5677 num,
2397 5610 2491 5666 sed
2520 5608 2719 5665 talibus
2739 5605 3087 5662 tentamentis
3116 5605 3294 5677 perire
3318 5605 3445 5660 vitae
3464 5612 3686 5659 mternm
3707 5617 3808 5657 non

2223 5709 2422 5774 potest,
2458 5701 2583 5772 quia
2626 5700 2748 5771 pius
2795 5698 3053 5755 Dominus
3095 5696 3165 5752 ad
3205 5696 3613 5753 damnationem
3644 5694 3807 5764 culpa:
