4020 6470
1462 338 1765 395 DlADEllA
1802 338 2307 398 MONACHORUM.

3368 345 3491 402 ξϐδῸ

218 470 335 512 non
368 464 604 527 reputat,
625 455 770 528 quod
796 455 862 511 de
900 470 1008 512 sua:
1055 456 1351 528 majestatis
1393 458 1660 526 permissu
1698 473 1798 513 no-
1827 465 1877 525 Λ
1906 459 2171 512 mittatur.
2209 457 2312 524 Qui
2359 472 2490 513 vero
2536 458 2649 514 sola
2689 473 2848 530 poma
2887 458 3131 531 supplicii
3167 460 3221 517 in
3264 474 3323 517 se
3360 462 3495 519 vitia

217 548 341 605 lens
374 550 465 619 qui
510 550 713 621 patitur
738 556 936 619 portat.
970 548 1105 604 Nam
1152 549 1225 604 ibi
1273 563 1561 619 peccamus
1593 549 1680 603 ubi
1710 564 1806 618 per

216 640 573 710 cupiditatem
620 640 703 695 vel
755 640 1088 695 voluntatem
1136 640 1493 696 deﬂectimus.
1538 640 1638 695 Ubi
1682 655 1809 693 vero

213 731 491 787 violenter
516 732 836 796 addicimur,
887 732 990 787 etsi
1023 730 1232 787 facinus
1262 739 1356 785 aut
1390 729 1653 800 ﬂagitium
1700 745 1808 785 non

212 834 339 887 θειι,⁷
357 822 575 878 miseria
612 830 791 877 tamen
824 838 925 893 pro
961 821 1163 893 ﬂagitio
1208 830 1264 877 et
1293 820 1533 876 facinore
1559 829 1661 875 est.
1701 819 1810 874 Sed

213 915 313 985 qui
333 915 500 970 Deum
520 928 618 984 pro
637 913 872 981 irrogata
897 913 1079 968 laudat
1104 912 1344 977 miseria,
1365 913 1656 967 commisso
1686 924 1810 981 pro-

209 1007 307 1065 cul
338 1006 500 1064 dubio
536 1014 688 1063 caret
714 1005 976 1061 facinore.

745 1098 972 1154 CAPUT
1014 1098 1255 1154 XXXIV.

656 1188 735 1244 De
768 1189 1093 1244 multimodis
1116 1190 1365 1260 peccatis.

288 1280 493 1353 (Greg.,
517 1279 608 1334 lib.
638 1295 712 1345 tv,
743 1296 790 1333 c.
820 1280 914 1345 26,
938 1282 991 1333 in
1017 1297 1131 1350 cap.
1164 1296 1223 1334 ιιι
1253 1277 1401 1345 Job.)
1420 1278 1664 1346 Quatuor
1694 1292 1811 1332 mo-

209 1375 302 1431 dis
349 1358 707 1430 committitur
747 1381 1026 1443 peccatum
1055 1373 1107 1427 in
1132 1373 1313 1436 corde,
1355 1380 1588 1441 quatuor
1617 1385 1808 1440 perpe-

212 1477 397 1525 tratur
442 1476 499 1523 et
540 1482 724 1538 opere.
767 1468 1080 1522 Admittitur
1125 1468 1181 1521 in
1228 1467 1413 1531 corde,
1463 1466 1806 1535 suggestione

210 1560 545 1623 dmmonum,
579 1558 936 1613 delectatione
961 1559 1161 1622 carnis,
1194 1557 1549 1613 consensione
1580 1557 1798 1619 mentis,

206 1648 529 1704 defensione
541 1648 807 1703 elationis.
823 1647 1188 1703 Committitur
1199 1662 1379 1715 opere,
1397 1661 1537 1699 nunc
1552 1644 1804 1709 latenter,

212 1756 362 1799 nunc
392 1740 588 1809 palam,
622 1754 767 1795 nunc
794 1739 1199 1803 consuetudine,
1235 1753 1376 1792 nunc
1403 1736 1799 1807 desperatione.

1914 550 2175 619 reprimit,
2224 550 2472 618 quamvis
2510 565 2617 605 non
2660 552 2875 622 expleat
2917 567 3053 621 opus
3089 552 3327 623 peccati,
3362 543 3500 609 vivit

1913 644 2091 692 tamen
2137 638 2191 693 in
2221 654 2287 693 eo
2325 639 2573 695 voluntas
2602 642 2881 710 peccandi,
2914 643 3166 713 doletque
3202 643 3305 699 sibi
3342 644 3500 700 illici-

1913 737 2044 793 tum,
2080 732 2222 802 quod
2252 732 2334 786 lex
2368 733 2655 802 prohibere
2685 734 3036 804 dignoscitur.
3065 735 3158 791 llle
3198 751 3329 807 ergo
3355 748 3498 790 mer-

1910 820 2098 874 cedem
2146 820 2272 877 boni
2314 823 2494 892 operis
2536 823 2786 892 percipit,
2831 825 2923 894 qui
2963 826 3194 881 amando
3226 824 3493 893 justitiam

1911 906 2063 975 facit,
2102 924 2209 965 non
2257 910 2303 965 is
2347 912 2443 981 qui
2478 927 2598 967 eam
2637 913 2753 969 solo
2790 924 2935 969 metu
2981 929 3265 986 poenarum
3297 916 3495 973 invitus

1908 1001 2165 1054 custodit.
2226 1001 2398 1059 Omne
2456 1013 2737 1073 peccatum
2803 1014 3094 1076 antequam
3153 1009 3494 1072 admittatur,

1910 1088 2141 1158 amplius
2184 1093 2604 1161 pertimescitur.
2666 1095 2924 1163 Quamvis
2966 1106 3146 1155 autem
3194 1114 3357 1170 grave
3402 1100 3494 1163 sit,

1909 1180 2039 1237 dttm
2063 1184 2118 1237 in
2147 1200 2302 1238 usum
2339 1187 2570 1251 venerit,
2610 1187 2726 1243 leve
2755 1190 3118 1256 existimatur,
3153 1200 3209 1246 et
3234 1191 3354 1247 sine
3389 1191 3498 1247 ullo

1911 1284 2056 1329 metu
2086 1275 2462 1331 committitur.
2503 1277 2626 1333 Istis
2668 1277 2944 1335 fomitibus
2988 1280 3143 1349 quasi
3173 1280 3497 1349 quibusdam

1910 1365 2164 1436 gradibus
2185 1366 2442 1422 coalescit
2467 1381 2628 1423 omne
2647 1378 2951 1439 peccatum.
2974 1370 3243 1441 Cogitatio
3261 1385 3498 1441 namque

1908 1470 2073 1525 prava
2108 1455 2518 1513 delectationem
2550 1460 2714 1528 parit,
2742 1461 3031 1516 delectatio
3061 1461 3495 1527 consensionem,

1906 1548 2195 1602 consensio
2216 1548 2509 1615 actionem,
2526 1551 2668 1604 actio
2679 1551 3145 1618 consuetudinem,
3164 1553 3500 1607 consuetudo

1909 1639 2307 1694 necessitatem.
2338 1639 2537 1712 Sicque
2584 1642 2667 1696 his
2706 1628 2938 1698 vinculis
2984 1643 3146 1697 homo
3190 1642 3499 1713 implicatus

1907 1730 2141 1797 quadam
2167 1738 2357 1783 catena
2386 1731 2644 1785 vitiorum
2676 1739 2891 1787 tenetur
2924 1732 3199 1798 astrictus,
3231 1732 3305 1786 ita
3335 1740 3397 1786 ιιι
3431 1733 3501 1787 ab

212 1832 338 1887 Istis
356 1845 484 1903 ergo
509 1830 762 1902 gradibus
785 1840 840 1885 et
864 1830 1029 1885 corde
1052 1830 1470 1899 delinquitttr,et
1492 1841 1655 1897 opere
1683 1842 1805 1896 per-
1834 1816 1880 1874 B
1906 1835 1969 1875 ea
1996 1820 2153 1875 evelli
2182 1836 2525 1892 nequaquam
2567 1822 2767 1889 valeat,
2812 1824 2916 1880 nisi
2961 1824 3141 1879 divina
3176 1824 3352 1895 gratia
3383 1839 3500 1878 ma-

212 1931 477 1994 petratur.
513 1921 693 1993 (Isid.,
716 1920 806 1975 lib.
833 1937 871 1975 ιι
903 1919 1074 1985 Sent.,
1096 1936 1212 1990 cap.
1247 1918 1333 1983 17,
1364 1915 1794 1987 18,19,21,‘25.)

211 2013 414 2071 Tribus
445 2013 618 2068 modis
647 2020 927 2083 peccatum
955 2012 1180 2081 geritur,
1214 2010 1316 2064 hoc
1341 2017 1447 2073 est,
1476 2009 1798 2078 ignorantia,

212 2104 550 2168 infirmitate,
582 2102 870 2158 industria.
896 2102 1128 2157 Gravius
1168 2110 1250 2156 est
1296 2100 1610 2153 infirmitate
1636 2113 1804 2168 quam

210 2194 520 2267 ignorantia
541 2193 851 2262 delinquere
876 2211 890 2246 ε
922 2192 1141 2263 gravius
1170 2191 1433 2245 industria
1459 2204 1620 2258 quam
1653 2187 1804 2241 infir-

208 2285 401 2342 mitate
430 2297 676 2353 peccare.
718 2282 985 2337 [ndustria
1016 2295 1249 2350 namque
1276 2288 1466 2349 peccat
1500 2278 1589 2347 qui
1617 2276 1800 2332 studio

207 2389 281 2430 ac
305 2372 692 2430 deliberatione
728 2370 925 2426 mentis
968 2369 1171 2423 malum
1194 2369 1324 2438 agit.
1357 2366 1676 2419 lulirmitate
1707 2379 1803 2417 au-

209 2472 350 2529 tem,
380 2462 472 2532 qui
500 2476 629 2516 casu
656 2459 742 2515 vel
773 2458 1198 2528 prmeipitatione
1241 2455 1526 2524 delinquit.
1563 2452 1801 2522 Nequius

206 2562 397 2608 autem
423 2561 476 2608 et
502 2552 568 2607 de
597 2550 862 2605 industria
892 2557 1140 2618 peccant,
1189 2547 1281 2615 qui
1316 2561 1424 2600 non
1467 2544 1643 2599 soluat
1691 2557 1800 2596 non

207 2642 353 2698 bene
385 2641 590 2705 vivunt,
622 2639 718 2693 sed
742 2639 905 2693 etiam
946 2644 999 2691 et
1026 2637 1164 2693 bene
1193 2637 1435 2690 viventes
1464 2633 1532 2704 (si
1556 2630 1801 2702 possunt)

207 2747 253 2790 a.
286 2730 513 2786 veritate
539 2730 831 2784 divertunt.
879 2727 1015 2781 Sunt
1046 2735 1265 2796 peccata
1303 2725 1438 2780 levia
1462 2739 1582 2795 quae
1610 2723 1680 2777 ab
1721 2721 1803 2777 in-

206 2823 532 2894 cipientibus
567 2820 878 2891 quotidiana
924 2818 1292 2874 satisfactione
1327 2821 1648 2888 purgantur,
1680 2827 1800 2883 qua:

209 2922 395 2975 tamen
423 2926 455 2965 a
478 2909 747 2980 perfectis.
765 2909 896 2965 viris
922 2908 1067 2963 velut
1109 2922 1307 2977 magna
1331 2905 1559 2960 crimina
1599 2904 1802 2959 evitan-

209 3012 321 3060 tur.
348 3002 487 3070 Quid
510 3011 691 3071 autem
723 3001 967 3057 homines
994 3000 1061 3054 de
1082 2998 1291 3067 magnis
1316 2995 1613 3051 sceleribus
1637 3006 1800 3065 agere

208 3097 431 3162 debent,
454 3094 668 3165 quando
694 3094 858 3148 etiam
900 3091 1124 3163 perfecti
1159 3091 1296 3146 levia
1336 3103 1561 3158 qumque
1603 3086 1797 3142 delicta

1909 1925 2039 1964 num
2081 1910 2314 1979 jacentis
2367 1914 2755 1982 apprehendat.
2822 1913 3112 1969 Peccatum
3175 1915 3498 1981 admittere,
3558 1974 3567 1989 ε

1909 1999 2106 2054 cadere
2134 2010 2217 2056 est
2243 2002 2297 2056 in
2328 2012 2569 2072 puteum.
2596 2004 3056 2061 Consuetudinem
3081 2019 3212 2062 vero
3233 2006 3498 2075 peccandi

1908 2090 2110 2159 facere,
2144 2108 2208 2147 os
2229 2098 2376 2163 putei
2413 2104 2501 2150 est
2523 2105 2902 2167 coangustare,
2948 2113 3018 2155 ne
3044 2098 3093 2152 is
3117 2097 3209 2165 qui
3238 2096 3499 2151 ceciderit

1908 2181 2086 2235 valeat
2119 2183 2291 2237 exire.
2317 2183 2423 2239 Sed
2452 2185 2723 2240 interdum
2749 2186 2914 2241 etiam
2945 2186 3079 2240 tales
3105 2186 3245 2241 Deus
3279 2185 3495 2249 liberat,

1907 2271 2035 2326 dum
2061 2287 2248 2327 eorum
2281 2274 2713 2343 desperationem
2740 2277 2806 2331 ad
2838 2277 3248 2333 conversionem
3278 2276 3499 2332 liberta-

1909 2362 1980 2415 tis
2022 2372 2337 2417 commutat.
2374 2365 2493 2433 lpso
2519 2366 2662 2421 enim
2712 2368 3027 2433 miserante,
3060 2377 3283 2439 peccata
3308 2368 3495 2423 dimit-

1900 2460 2117 2517 tuntur,
2146 2469 2253 2522 quo
2288 2464 2605 2526 protegente
2641 2457 2702 2511 fit
2738 2473 2805 2513 ne
2843 2460 2899 2514 in
2941 2459 3183 2514 deterius
3221 2457 3500 2528 peccando

1906 2552 2084 2599 eatur.
2131 2544 2425 2615 Propterea
2466 2551 2813 2604 metuendum
2859 2560 2945 2605 est
2983 2550 3381 2611 ccutidentibus
3416 2548 3497 2604 ita

1905 2649 2065 2707 posse
2092 2636 2314 2701 salvari,
2336 2653 2404 2692 ne
2429 2638 2571 2693 forte
2600 2640 2724 2695 dum
2755 2649 3134 2711 exspectamus
3166 2658 3196 2695 a
3230 2641 3378 2695 vitiis
3406 2656 3493 2695 sa-

1902 2729 2044 2794 nari,
2076 2736 2132 2785 et
2154 2730 2283 2791 vitia
2329 2731 2768 2801 multiplicemus,
2808 2742 2864 2787 et
2909 2733 3140 2788 salutem
3173 2748 3280 2788 non
3322 2732 3496 2802 adipi-

1882 2833 2140 2875 scamur.
2168 2819 2311 2891 Ergo
2345 2822 2659 2878 studeamus
2699 2832 2793 2878 aut
2831 2839 2938 2878 non
2983 2824 3203 2888 cadere,
3243 2832 3339 2878 aut
3384 2824 3497 2879 cito

1902 2910 2152 2965 conversi
2181 2926 2213 2964 a
2239 2910 2393 2981 lapsu
2425 2926 2771 2983 consurgere.
2806 2914 2952 2969 Mora
3000 2916 3261 2985 peccandi
3302 2916 3495 2970 imma-

1899 2999 2127 3057 nitatem
2149 2999 2277 3055 facit
2296 3002 2537 3057 sceleris.
2563 3003 2717 3058 Unde
2737 3014 2791 3058 et
2811 3006 3074 3074 propheta
3100 3023 3113 3059 :
3149 3004 3261 3070 Vw,
3292 3005 3494 3077 inquit,

1899 3092 1990 3161 qui
2013 3092 2222 3146 trahitis
2249 3094 2574 3164 iniquitatem
2617 3098 2671 3150 in
2701 3097 2952 3165 funiculis
2973 3100 3245 3164 vanitatis,
3264 3109 3312 3153 et
3334 3099 3496 3171 quasi

209 3186 367 3257 quasi
393 3185 708 3257 gravissima
734 3182 1355 3254 lugent?Experimento
1383 3180 1649 3234 minorum
1670 3191 1796 3245 pec-
1825 3155 1869 3217 ί)
1903 3181 2168 3235 vinculum
2209 3182 2433 3252 plaustri
2470 3196 2742 3255 peccatum
2787 3186 2932 3257 (Isa.
2982 3188 3067 3260 v).
3112 3190 3301 3245 Trahit
3344 3155 3491 3244 enim

209 3286 458 3337 catorum
504 3276 708 3346 majora
750 3275 1013 3331 committi
1056 3289 1162 3329 non
1206 3273 1404 3327 debent
1442 3277 1684 3340 peccata,
1728 3281 1797 3322 ne

211 3370 406 3427 durius
430 3368 698 3423 feriantur
716 3380 816 3437 pro
840 3365 1051 3436 magnis
1071 3363 1384 3427 sceleribus,
1408 3362 1502 3431 qui
1523 3361 1591 3415 de
1618 3358 1801 3429 parvis

210 3460 414 3531 corrigi
441 3473 546 3513 non
572 3464 857 3512 noverunt.
893 3454 1103 3511 Judicio
1127 3462 1309 3509 autem
1350 3452 1531 3507 divino
1577 3452 1632 3505 in
1673 3466 1799 3505 rea-

210 3560 332 3607 tum
360 3549 675 3620 nequiorem
701 3548 977 3611 labuntur,
1005 3546 1098 3616 qui
1121 3544 1442 3615 distringere
1462 3544 1672 3599 minora
1702 3558 1802 3598 sua

212 3643 360 3703 facta
408 3648 779 3698 contemnunt.
821 3639 969 3695 Multi
996 3653 1028 3695 a
1055 3638 1282 3695 crimine
1311 3643 1573 3691 corruunt
1614 3635 1667 3688 in
1695 3633 1802 3688 cri-

211 3751 361 3800 men,
400 3734 492 3804 qui
527 3733 620 3788 Dei
656 3732 1017 3802 cognitionem
1053 3728 1337 3791 habentes,
1388 3727 1637 3781 timorem
1683 3721 1801 3791 ejus

211 3829 514 3899 negligunt,
566 3833 622 3880 et
669 3839 828 3895 quem
873 3829 1141 3878 noverunt
1190 3835 1289 3891 per
1334 3819 1652 3880 scientiam,
1703 3828 1801 3885 per

210 3920 483 3977 actionem
524 3930 633 3970 non
671 3920 1021 3970 venerantur.
1063 3911 1291 3980 Ideoque
1337 3912 1589 3966 sinuntur
1618 3910 1802 3967 divino

205 4010 414 4084 judicio
432 4007 709 4078 punienda
735 4004 1093 4067 committere,
1124 4013 1179 4057 ct
1200 4003 1255 4057 in
1273 4017 1492 4072 pmnam
1511 4004 1801 4059 commisso

210 4100 443 4157 facinori
495 4097 704 4152 facinus
751 4095 992 4151 deterius
1046 4095 1264 4149 addere.
1315 4094 1468 4164 Saepe
1516 4104 1799 4163 peccatum

210 4191 436 4247 alterius
466 4187 672 4259 peccati
717 4201 878 4242 causa
923 4192 1027 4248 est,
1074 4184 1218 4254 quod
1263 4184 1388 4239 dum
1416 4185 1795 4249 committitur,

211 4280 359 4336 aliud
401 4294 470 4333 ex
511 4278 626 4347 ipso
665 4276 821 4346 quasi
863 4290 972 4330 sua
988 4274 1200 4331 soboles
1234 4274 1411 4329 oritur
1437 4292 1450 4327 :
1481 4276 1623 4328 sicut
1649 4276 1799 4330 nasci

211 4372 352 4431 solet
400 4370 563 4425 libido
608 4385 673 4424 ex
716 4367 882 4423 nimia
920 4367 1125 4421 ventris
1169 4365 1423 4436 ingluvie.
1465 4365 1631 4419 Pinna
1672 4381 1801 4421 vero

1904 3270 2243 3340 iniquitatem
2304 3281 2364 3326 ut
2406 3272 2722 3342 funiculum,
2770 3278 2861 3346 qui
2911 3280 3088 3333 tardat
3127 3281 3369 3334 converti
3422 3282 3492 3335 ad

1902 3361 2095 3418 Deum.
2133 3361 2373 3417 Trahere
2409 3365 2554 3418 enim
2578 3365 2918 3435 iniquitatem
2960 3377 3042 3421 est
3071 3384 3276 3423 moram
3311 3369 3494 3425 facere

1904 3450 2199 3521 iniquitati.
2250 3451 2402 3508 Unde
2449 3463 2503 3507 et
2522 3453 2806 3509 Psalutista
2856 3476 2869 3509 :
2908 3456 3355 3529 Prolcugaverunt
3393 3461 3495 3514 ini-

1902 3541 2127 3611 quitates
2166 3558 2290 3596 suas
2314 3555 2332 3592 .‘
2367 3543 2624 3597 Dominus
2657 3543 2838 3613 justus
2868 3547 3093 3602 concidit
3128 3549 3349 3604 cervices
3375 3566 3495 3618 pec—

1906 3641 2141 3685 catorum
2174 3629 2348 3703 (Psal.
2381 3634 2629 3703 cxxvttt).

2446 3725 2674 3781 CAPUT
2731 3726 2949 3784 XXXV.

2190 3814 2256 3870 Ut
2284 3826 2398 3888 post
2424 3817 2627 3871 ruinam
2649 3820 2765 3889 quis
2785 3837 2998 3892 surgere
3021 3834 3196 3894 queat.

1979 3906 2182 3979 (Creg.,
2215 3906 2365 3963 Post.
2401 3909 2555 3965 Curre
2593 3921 2732 3981 part.
2774 3928 2871 3977 ιιι,
2910 3913 3052 3969 adm.
3107 3916 3221 3987 Q9.)
3259 3916 3490 3974 Peccata

1903 4003 2083 4056 carnis
2126 4002 2368 4071 experti,
2435 4001 2623 4081 saltem
2690 4013 2814 4073 post
2864 4006 3206 4076 naufragium
3260 4025 3491 4078 peccare

1903 4099 2195 4155 metuant,
2268 4098 2323 4145 et
2368 4090 2688 4171 perditionis
2744 4108 2854 4147 sua:
2910 4094 3222 4149 discrimina
3267 4098 3351 4151 vel
3405 4114 3493 4155 co-

1902 4182 2049 4250 gnita
2102 4183 2550 4253 perhorrescant.
2586 4184 2878 4259 Dicendum
2929 4195 3016 4240 est
3053 4186 3220 4257 lapsis
3248 4198 3307 4243 ut
3349 4205 3491 4260 pra:-

1903 4274 2063 4328 terita
2110 4282 2336 4344 peccata
2370 4274 2734 4341 considerent,
2761 4284 2923 4346 atque
2976 4278 3312 4334 imminentia
3339 4283 3491 4339 devi-

1903 4371 2034 4429 tent,
2067 4372 2334 4434 quatenus
2357 4374 2657 4421 transactus
2688 4366 2871 4435 culpas
2897 4367 2965 4422 ad
2986 4372 3302 4426 memoriam
3335 4389 3487 4432 revoc

210 4462 421 4537 peccati
480 4468 760 4531 peccatum
818 4458 1141 4521 admittitur,
1190 4458 1403 4526 quando
1450 4473 1549 4527 pro
1605 4459 2045 4558 meritoDcent,
2086 4467 2141 4513 et
2190 4458 2353 4531 pollui
2401 4459 2456 4513 in
2509 4458 2704 4515 futuris
2750 4462 3093 4518 erubescant.
3142 4466 3484 4527 Admonendi

210 4556 475 4627 cujusque
508 4553 711 4624 peccati
752 4553 861 4606 Deo
908 4551 1186 4606 descrente
1224 4551 1279 4605 in
1322 4551 1468 4605 aliud
1516 4562 1793 4622 peccatum

211 4646 456 4703 deterius
479 4646 605 4709 itur,
635 4643 702 4697 de
729 4657 836 4711 quo
860 4640 1091 4711 amplius
1125 4641 1219 4711 qui
1244 4642 1521 4696 admiserit
1546 4644 1762 4699 sordide
1781 4671 1793 4681 ο

212 4747 322 4790 tur.
350 4734 492 4802 Ergo
516 4733 823 4803 prmcedens
861 4740 1141 4802 peccatum
1180 4746 1343 4786 causa
1387 4741 1473 4787 est
1520 4735 1795 4803 sequentis

208 4825 443 4897 peccati,
471 4837 703 4892 sequens
730 4836 857 4876 vero
884 4829 1161 4890 peccatum
1191 4835 1348 4890 poena
1374 4830 1458 4877 est
1488 4824 1795 4892 prmceden-

213 4920 289 4972 tis
311 4917 511 4972 delicti.
557 4915 920 4970 Prmcedentia
968 4915 1148 4985 itaque
1186 4927 1407 4986 peccata
1453 4920 1792 4989 sequentium

210 5017 342 5064 sunt
387 5007 673 5062 criminum
720 5023 905 5072 causa,
956 5017 1013 5063 ut
1061 5008 1149 5063 illa
1194 5025 1314 5080 qua:
1349 5018 1649 5080 sequuntur
1686 5013 1796 5066 sint

208 5097 630 5174 prmcedentium
656 5112 834 5167 pcena.
861 5097 1293 5155 Praecedentium,
1309 5108 1652 5170 peccatorum
1680 5117 1793 5172 poe-

209 5205 283 5246 na
316 5189 431 5259 ipsa
473 5198 698 5243 vocatur
739 5188 1033 5254 induratio,
1065 5189 1290 5244 veniens
1319 5188 1385 5242 de
1429 5188 1604 5243 divina
1633 5188 1794 5259 justi-

210 5284 307 5337 tia.
347 5281 482 5337 Hinc
526 5289 609 5337 est
648 5281 790 5350 quod
815 5282 891 5334 ait
921 5281 1177 5351 propheta
1214 5299 1225 5334 :
1261 5280 1537 5335 Indurasti
1576 5298 1667 5335 cor
1700 5298 1795 5336 no-

207 5383 401 5438 strum,
442 5389 505 5426 ne
552 5371 846 5425 timeremus
890 5381 938 5425 te
962 5370 1097 5442 (Isa.
1142 5371 1316 5443 ant).
1357 5371 1513 5426 Aliud
1555 5379 1640 5427 est
1684 5387 1790 5426 non

208 5478 440 5536 peccare
457 5477 639 5519 amore
666 5462 969 5517 dilectionis
984 5461 1101 5525 Dei,
1131 5462 1275 5517 aliud
1300 5462 1493 5517 timore
1522 5461 1787 5533 supplicii.

209 5551 316 5620 Qui
344 5552 490 5607 enim
521 5565 704 5606 amore
727 5551 1009 5607 charitatis
1032 5551 1125 5605 Dei
1151 5568 1257 5606 non
1285 5564 1491 5623 peccat,
1524 5553 1792 5611 horrescit

208 5656 374 5699 Omne
402 5642 622 5709 malum,
652 5641 1023 5714 amplectendo
1038 5640 1262 5710 justitia:
1284 5644 1513 5711 bonum;
1539 5660 1640 5700 nec
1665 5661 1787 5700 eum

210 5732 444 5792 delectat
480 5744 779 5807 peccatum,
829 5735 1040 5792 etiamsi
1077 5735 1296 5793 sceleris
1328 5736 1619 5808 impunitas
1666 5754 1787 5810 pro-

1903 4558 2031 4604 sunt
2053 4558 2272 4621 peccata
2301 4550 2483 4606 carnis
2502 4552 2735 4621 experti,
2763 4562 2819 4607 ut
2844 4553 3083 4624 vigilanti
3110 4572 3240 4612 cura
3270 4563 3485 4630 conspi-

1902 4643 2047 4698 ciant
2090 4651 2212 4713 post
2257 4642 2450 4698 delicta
2499 4645 2655 4699 nobis
2704 4646 2773 4700 ad
2826 4660 2886 4700 se
2944 4648 3292 4708 redeuntibus
3339 4652 3484 4710 Deus

1901 4735 2170 4803 quomodo
2192 4738 2368 4789 Sllllllﬂ
2396 4751 2507 4791 sua":
2549 4735 2768 4804 pietatis
2797 4738 3084 4806 expandat,
3114 4740 3300 4797 dicens
3326 4744 3483 4800 nobis

1899 4840 1996 4898 per
2016 4825 2335 4894 prophetam
2361 4842 2373 4879 :
2404 4824 2573 4877 Erunt
2599 4826 2737 4880 oculi
2765 4827 2842 4880 tui
2864 4826 3087 4881 videntes
3110 4840 3481 4901 prtcceptorent

1900 4924 2070 4978 tuum,
2101 4923 2148 4968 et
2175 4930 2327 4967 aures
2353 4922 2458 4967 tua:
2487 4913 2698 4968 audient
2730 4915 2937 4970 verbum
2975 4928 3091 4988 post
3118 4928 3315 4988 tergunt
3367 4937 3481 4975 mo-

1897 5007 2085 5061 uentis.
2111 5005 2239 5060 "me
2286 5015 2359 5059 est
2385 5006 2495 5070 via,
2551 5007 2815 5063 ambulate
2865 5026 2957 5080 per
2996 5028 3142 5076 eam,
3197 5023 3303 5069 etc.
3337 5015 3472 5087 (lsa.

1896 5095 2050 5168 xxx).
2083 5095 2434 5167 Omnipotens
2457 5095 2600 5151 Deus
2629 5098 2780 5165 quasi
2819 5108 2942 5168 post
2970 5110 3175 5172 tergum
3207 5119 3305 5158 nos
3349 5106 3479 5162 sub-

1896 5202 2128 5257 sequens
2157 5194 2359 5251 monet,
2387 5186 2511 5256 quia
2536 5187 2698 5242 etiam
2723 5198 2844 5258 post
2872 5190 3080 5260 culpam
3112 5193 3178 5248 ad
3207 5208 3266 5248 se
3296 5194 3477 5252 redire

1894 5276 2207 5349 persuadet.
2239 5277 2503 5332 Aversum
2520 5287 2757 5344 revocat,
2781 5281 3067 5337 commissa
3092 5297 3196 5335 non
3228 5282 3471 5352 respicit,

1894 5368 2186 5425 revertenti
2216 5368 2391 5423 sinum
2413 5368 2631 5440 pietatis
2651 5371 2927 5441 expandit.
2959 5371 3154 5427 Vocem
3189 5387 3317 5443 ergo
3348 5383 3475 5444 post

1891 5467 2102 5531 tergum
2133 5459 2402 5515 monentis
2443 5461 2715 5527 audimus,
2743 5462 2788 5517 si
2808 5470 2931 5532 post
2955 5473 3174 5533 peccata
3202 5467 3391 5525 humili
3413 5478 3473 5529 et

1891 5551 2125 5607 contrito
2164 5551 2326 5607 corde
2355 5552 2698 5607 revertimur.
2727 5551 2993 5610 Debemus
3020 5555 3183 5626 igitur
3210 5558 3467 5629 pietatem

1890 5641 2132 5698 vocantis
2152 5644 2496 5709 erubescere,
2522 5644 2567 5698 si
2584 5641 2849 5713 justitiam
2874 5646 3126 5704 nolumus
3149 5648 3463 5720 formidare,

1891 5735 2017 5807 quia
2037 5742 2189 5791 tanto
2218 5734 2452 5807 graviori
2476 5733 2818 5804 improbitate
2848 5738 3225 5805 contemnitur,
3256 5749 3456 5808 quanto
