4020 6462
542 327 643 383 631

1826 319 2181 376 SllARAGDl
2221 319 2514 377 ABBATIS

3722 321 3832 379 63?.

542 452 597 499 et
620 447 963 511 contemptus
990 438 1165 496 adhuc
1192 452 1388 494 vocare
1414 451 1525 493 non
1549 434 1888 507 dedignatur.
1916 434 2120 508 (σι-εει..
2150 450 2199 509 Α
2227 452 2453 507 rumque
2491 452 2558 491 ex
2604 435 2760 493 bonis
2786 438 3041 508 operibus
3076 438 3335 495 discimus
3375 448 3643 510 quantam
3698 438 3832 496 vita:

540 535 684 589 hom.
717 530 804 597 10,
831 531 921 586 lib.
969 547 1013 597 ι,
1036 546 1192 601 super
1217 527 1507 595 Ezechiel.)
1551 526 1656 581 Per
1684 525 1963 583 Michaeam
1993 541 2122 595 pro-

536 624 761 696 phetam
784 622 1048 679 Dominus
1067 621 1197 676 dicit
1227 638 1241 674 :
1284 620 1355 674 Et
1383 621 1555 676 venies
1589 635 1753 689 usque
1799 618 1868 672 ad
1898 617 2124 688 Babylo.

538 729 684 780 item,
716 712 787 767 ibi
820 711 1121 767 liberaberis
1153 710 1337 782 (Mich.
1364 710 1460 782 tv).
1486 709 1727 780 Babylon
1753 709 1951 779 quippe
1995 723 2126 763 con-

537 802 685 859 fusio
736 802 1143 871 interpretatur.
1204 798 1357 868 Saepe
1407 799 1552 856 enim
1600 799 1696 868 qui
1732 806 2019 867 postquam
2069 795 2123 851 in

538 893 855 952 confusione
883 892 1140 948 vitiorum
1164 890 1442 957 ceciderit,
1463 891 1791 946 erubescens
1830 888 1973 947 mala
2002 902 2125 957 qua:

538 984 893 1053 perpetravit,
914 983 982 1040 ad
1011 981 1387 1053 paenitentiam
1419 978 1581 1044 redit,
1617 993 1784 1047 seque
1811 993 1842 1031 a
1865 977 1981 1033 suis
2004 976 2124 1044 lap-

536 1074 688 1129 sibus
713 1073 851 1129 bene
875 1072 1129 1138 vivendo,
1150 1071 1328 1142 erigit.
1360 1070 1499 1138 Quid
1518 1085 1649 1140 ergo
1675 1070 1800 1134 iste,
1820 1069 1923 1123 nisi
1955 1083 2126 1137 usque

535 1166 607 1222 ad
638 1166 972 1238 Babylonem
1005 1166 1172 1231 venit,
1200 1172 1256 1221 et
1301 1165 1376 1220 ibi
1401 1163 1663 1219 liberatus
1699 1162 1819 1217 est?
1866 1160 2115 1217 Nonnun-

535 1274 703 1327 quam
723 1259 1013 1328 quisquam
1032 1257 1359 1312 erubescens
1387 1255 1530 1311 mala
1557 1270 1677 1325 qua:
1709 1253 1839 1309 fecit
1865 1292 1881 1318 ,
1932 1259 2123 1308 contra

534 1363 596 1404 se
622 1349 798 1421 erigit,
828 1357 886 1404 et
930 1348 1071 1404 bene
1116 1347 1389 1417 operando
1439 1348 1508 1402 ad
1542 1354 1745 1401 statum
1786 1345 2124 1401 rectitudinis

537 1440 698 1496 redit.
728 1440 787 1496 ln
816 1440 1089 1511 Babylone
1116 1440 1297 1511 itaque
1324 1440 1586 1495 liberatus
1606 1448 1710 1505 est,
1738 1440 1830 1509 qui
1861 1454 1962 1509 per
1988 1440 2122 1499 divi-

537 1546 664 1586 nam
694 1532 924 1602 gratiam
956 1532 1260 1589 ostenditur
1301 1533 1467 1588 etiam
1495 1532 1564 1587 de
1594 1531 1908 1587 confusione
1941 1531 2120 1586 salva-

537 1630 646 1678 tus.
673 1621 938 1693 Pr0pheta
967 1638 1099 1694 ergo
1137 1612 1228 1677 ad'
1259 1623 1793 1693 transmigrationem
1838 1622 2076 1692 loquitur
2103 1663 2119 1688 ,

537 1727 663 1767 cum
692 1711 813 1767 illos
842 1713 1104 1783 increpat,
1132 1712 1226 1782 qui
1254 1729 1285 1766 a
1311 1720 1455 1767 statu
1498 1712 1841 1767 rectitudinis
1874 1715 1941 1769 ad
1971 1727 2122 1768 erro-

2224 526 2544 581 munditiam
2570 526 2623 580 in
2656 527 2984 597 cogitatione
3006 537 3406 582 construamus.
3451 529 3599 583 Pene
3625 539 3833 585 cuncta

2222 615 2362 671 bona
2390 632 2554 686 opera
2596 632 2661 672 ex
2688 618 3012 689 cogitatione
3048 619 3335 688 prodeunt,
3358 620 3454 674 sed
3495 629 3633 675 sunt
3685 636 3830 676 non—

2222 706 2368 761 nulla
2416 708 2756 778 cogitationis
2785 710 3066 773 acumina,
3097 725 3219 779 quas
3269 725 3339 764 ex
3370 711 3707 780 operatione
3733 726 3833 766 na—

2223 806 2463 852 scuntur.
2492 798 2629 854 Nam
2670 799 2813 855 sicut
2849 800 2917 855 ab
2942 800 3125 856 animo
3145 815 3283 871 Opus
3301 801 3561 865 sumitur,
3588 801 3669 856 ita
3710 819 3833 859 rur-

2222 901 2320 941 sus
2344 887 2412 942 ah
2427 902 2591 957 opere
2618 889 2834 944 animus
2869 889 3135 944 eruditur.
3176 890 3343 945 Valde
3370 905 3603 945 necesse
3627 900 3723 946 est
3770 901 3831 948 ut

2223 990 2347 1030 cum
2373 979 2626 1047 cogitatio
2646 987 2801 1033 extra
2831 995 2990 1034 usum
3020 980 3237 1035 ducitur
3258 1022 3274 1047 ,
3324 982 3583 1051 protinus
3622 986 3831 1041 mentis

2221 1067 2410 1123 oculus
2430 1070 2494 1123 ad
2510 1085 2676 1140 opera
2701 1077 2976 1126 transacta
3004 1080 3308 1128 revocetur.
3340 1073 3398 1127 In
3426 1074 3544 1129 sola
3570 1091 3832 1131 nonnun-

2223 1172 2385 1225 quam
2416 1160 2741 1229 cogitatione
2769 1160 3120 1231 delinquitur,
3151 1175 3207 1217 et
3232 1164 3361 1233 quia
3388 1180 3566 1235 usque
3593 1168 3664 1221 ad
3693 1184 3831 1239 optts

2221 1266 2329 1306 non
2351 1252 2596 1322 pervenit
2631 1253 2820 1324 culpa,
2871 1269 3047 1323 neque
3100 1255 3167 1310 ad
3216 1256 3522 1311 cruciatum
3575 1262 3832 1327 pervenit

2219 1341 2555 1410 pmnitentia.
2615 1341 2826 1414 (Greg.,
2868 1343 3008 1399 Mor.
3057 1344 3150 1399 lib.
3201 1363 3271 1412 ι,
3321 1364 3369 1401 c.
3401 1348 3505 1414 59;
3549 1349 3650 1403 lib.
3703 1367 3829 1416 ιη,

2220 1449 2267 1487 c.
2302 1432 2400 1498 20;
2428 1433 2520 1488 lib.
2552 1450 2627 1500 tv,
2663 1452 2711 1489 c.
2741 1436 2843 1500 35;
2878 1435 2969 1489 lib.
3012 1452 3075 1502 tt,
3098 1453 3147 1491 c.
3170 1436 3250 1508 v.)
3275 1436 3382 1492 Sed
3409 1439 3660 1509 cogitata
3690 1440 3829 1496 allii-

2220 1524 2331 1580 ctio
2355 1535 2589 1580 mentem
2620 1527 2783 1582 citius
2804 1527 2983 1598 erigit,
3001 1528 3127 1596 quia
3154 1529 3412 1583 nimirum
3442 1534 3832 1589 tantummodo

2221 1617 2454 1688 cogitata
2482 1618 2740 1689 iniquitas
2767 1619 2975 1689 polluit.
3007 1619 3161 1690 Saepe
3188 1636 3427 1690 namque
3461 1623 3571 1678 hoc
3617 1626 3769 1694 quod
3795 1641 3826 1678 a

2220 1718 2509 1778 conspectu
2534 1709 2732 1779 judicis
2752 1709 2863 1779 jam
2883 1711 3011 1765 ﬂetu
3036 1711 3433 1767 interveniente
3453 1713 3704 1769 deletum
3724 1725 3827 1775 est.

538 1804 617 1859 ris
640 1803 766 1859 vitia
796 1804 851 1859 in
882 1804 1357 1875 transmigratione
1386 1802 1716 1858 ceciderunt.
1745 1802 1935 1857 Frater
1963 1804 2125 1857 inter-
2153 1810 2199 1869 Β
2226 1799 2294 1852 ad
2323 1799 2564 1857 animum
2603 1816 2699 1870 per
2723 1802 3107 1872 cogitationem
3134 1803 3293 1869 redit,
3323 1811 3381 1858 et
3413 1804 3639 1860 devicta
3673 1807 3829 1877 culpa

537 1894 753 1965 rogavit
773 1909 958 1951 senem
978 1894 1188 1953 dicens:
1209 1893 1269 1948 Si
1294 1894 1584 1948 incurrerit
1603 1894 1902 1948 monachus
1928 1892 1983 1946 in
1998 1906 2126 1962 pec-

539 1993 744 2051 catum,
775 1992 833 2040 et
855 1983 1121 2055 al'lligatur
1146 2000 1244 2054 pro
1270 1999 1335 2039 eo
1361 1984 1488 2054 quia
1520 1985 1587 2040 de
1616 1983 1857 2055 profectu
1887 1985 1941 2038 in
1971 1985 2123 2040 dete—

538 2076 742 2129 riorem
766 2081 967 2130 statum
996 2075 1397 2145 pervenerit,et
1416 2074 1625 2131 laboret
1645 2075 1815 2131 donec
1841 2074 2125 2145 resurgat?

536 2169 894 2239 Respondeas
919 2177 1100 2224 autem
1131 2184 1295 2224 senex
1324 2169 1497 2224 dixit:
1534 2168 1828 2225 Monachus
1852 2169 1909 2223 in
1946 2177 2126 2223 tenta-

536 2261 744 2316 tionem
768 2260 1071 2326 incurrens,
1100 2260 1180 2316 sic
1203 2267 1287 2315 est
1322 2268 1577 2329 tanquam
1623 2262 1816 2315 domus
1841 2275 1962 2330 quae
1987 2259 2127 2315 ceci-

536 2351 638 2406 dit.
669 2351 803 2407 Etsi
831 2351 1046 2407 sobrius
1071 2350 1238 2406 fuerit
1257 2352 1312 2405 in
1333 2350 1660 2421 cogitatione
1689 2366 1808 2416 sua,
1834 2350 2129 2406 retedilicat

535 2458 659 2499 eam
709 2442 992 2499 inveniens
1043 2442 1296 2498 materias
1334 2443 1401 2498 ad
1442 2441 1728 2498 aedificium
1775 2440 2084 2512 profuturas
2110 2482 2128 2508 ,

537 2532 748 2589 habens
772 2533 950 2605 posita
981 2532 1350 2598 fundamenta,
1390 2540 1445 2587 et
1481 2531 1689 2602 lapides
1723 2540 1780 2586 et
1808 2546 2049 2595 arenam,
2075 2536 2129 2585 et

537 2635 733 2682 caetera
761 2642 882 2698 quae
911 2637 1040 2683 sunt
1066 2627 1409 2683 :edificationi
1441 2628 1772 2691 necessaria,
1792 2636 1849 2681 et
1878 2627 1952 2681 ita
1984 2626 2129 2681 velo-

537 2719 678 2773 citer
697 2718 816 2787 ejus
854 2717 1059 2774 fabrica
1087 2718 1320 2789 proﬁcit.
1351 2718 1430 2773 Ita
1472 2727 1557 2773 est
1586 2718 1886 2773 monachus
1910 2758 1925 2782 ,
1969 2718 2015 2773 si
2074 2718 2130 2773 in

536 2808 894 2864 tentationent
923 2808 1201 2874 ceciderit,
1228 2819 1282 2863 et
1302 2823 1599 2863 conversus
1630 2806 1795 2862 fuerit
1831 2808 1900 2863 ad
1948 2807 2130 2861 Domi-

536 2914 691 2964 num,
722 2897 885 2954 habet
928 2899 1217 2969 plurimum
1245 2908 1586 2969 apparatum,
1609 2899 2015 2954 meditationem
2050 2899 2132 2953 di-

538 2990 680 3043 vina:
724 2988 880 3060 legis,
909 2988 1266 3058 psalmodiam
1297 3029 1312 3055 ,
1360 3004 1496 3059 opus
1535 3003 1816 3055 manuum,
1844 3003 1966 3060 qua:
2004 2996 2131 3043 sunt

539 3078 890 3136 fundamenta
920 3078 1132 3136 aedilicii
1161 3079 1480 3149 spiritualis.

1068 3190 1296 3247 CAPUT
1360 3189 1603 3247 XXXVI.

1123 3284 1203 3340 De
1228 3284 1561 3356 cogitatione.

607 3374 791 3449 (Isid...
827 3375 865 3429 l.
912 3392 951 3431 ιι
996 3374 1255 3440 Sentent.,
1287 3392 1334 3430 c.
1369 3374 1487 3446 25.)
1525 3373 1791 3446 Bipartita
1847 3384 1934 3432 est
1965 3392 2128 3432 causa

537 3467 823 3538 peccandi,
856 3466 910 3522 id
930 3474 1035 3533 est,
1058 3481 1221 3536 opere
1255 3474 1311 3522 et
1334 3466 1681 3536 cogitatione,
1707 3482 1936 3537 quorum
1961 3483 2129 3524 unum

534 3559 795 3629 iniquitas
816 3557 1033 3624 dicitur,
1050 3558 1197 3627 quod
1209 3572 1372 3627 opere
1399 3556 1636 3629 geritur;
1664 3558 1811 3613 aliud
1830 3557 2093 3628 iniustitia
2109 3600 2125 3628 ,

539 3648 685 3718 quod
714 3647 1041 3719 cogitatione
1076 3648 1400 3703 admittitur.
1457 3648 1613 3704 Prius
1666 3656 1846 3703 autem
1870 3649 2012 3704 actio
2045 3664 2131 3704 re-

537 3737 773 3794 secanda
824 3746 931 3804 est,
960 3746 1147 3809 postea
1196 3739 1479 3810 cogitatio;
1530 3740 1681 3812 prius
1717 3756 1883 3813 prava
1929 3756 2126 3810 opera,

538 3829 883 3899 postmodum
911 3828 1197 3884 desideria.
1227 3830 1477 3885 Vicissim
1505 3839 1687 3886 autem
1742 3847 1773 3886 a
1800 3831 2131 3905 cogitatione
2174 3854 2193 3875 τ

539 3936 707 3990 opera
754 3921 1089 3991 procedunt,
1147 3931 1203 3978 et
1245 3922 1315 3978 ab
1349 3937 1510 3993 opere
1556 3922 1813 3994 cogitatio
1862 3925 2125 3981 nascitur.

540 4012 799 4081 Quamvis
822 4021 879 4070 et
896 4014 940 4070 si
968 4014 1037 4070 ab
1065 4029 1229 4085 opere
1251 4015 1391 4069 malo
1416 4015 1643 4086 quisque
1667 4024 1821 4072 vacet
1848 4058 1863 4083 ,
1909 4032 2009 4088 pro
2036 4034 2127 4073 so-

541 4105 649 4161 lius
677 4115 858 4161 tamen
883 4120 1062 4177 prava:
1081 4106 1425 4176 cogitationis
1454 4106 1659 4161 malitia
1688 4121 1794 4162 non
1816 4107 1924 4162 erit
1969 4107 2127 4163 inno-

539 4213 688 4253 cens.
715 4196 868 4255 Unde
893 4207 948 4253 et
970 4197 1227 4253 Dominus
1252 4213 1351 4268 per
1382 4194 1631 4252 Isaiam:
1650 4197 1883 4267 Auferte,
1912 4198 2085 4269 inquit
2110 4239 2125 4264 ,

540 4288 741 4343 malum
769 4288 1141 4358 cogitationum
1175 4298 1464 4344 vestrarum
1502 4289 1566 4343 ab
1601 4289 1765 4343 oculis
1800 4291 1927 4344 meis
1970 4290 2124 4361 (lsai.

541 4379 627 4448 ιι).
654 4377 771 4432 Non
797 4379 940 4433 enim
983 4378 1155 4433 solum
1181 4377 1360 4444 factis,
1404 4380 1497 4435 sed
1522 4388 1577 4434 et
1603 4380 2015 4454 cogitationibus
2039 4381 2130 4437 de-

541 4465 927 4537 linquimus,si
982 4466 1063 4521 eis
1089 4466 1275 4521 illicite
1320 4468 1731 4523 occurrentibus
1778 4468 2124 4524 delectemur.

472 4601 478 4606 .
545 4555 702 4611 Sicut
727 4556 909 4625 vipera
946 4570 979 4610 a
1009 4555 1135 4610 filiis
1160 4555 1215 4609 in
1252 4563 1407 4610 utero
1432 4556 1626 4626 positis
1653 4556 1888 4612 lacerata
1908 4559 2127 4627 perimi-

542 4652 658 4711 tur,
683 4643 757 4699 ita
783 4659 880 4700 nos
904 4643 1261 4715 cogitationes
1302 4653 1501 4700 nostrae
1538 4645 1680 4701 intra
1728 4661 1829 4701 nos
1871 4648 2127 4703 enutritae

542 4739 813 4805 occidunt,
845 4748 898 4795 et
925 4749 1199 4810 concepta:
1227 4741 1454 4797 interius
1486 4742 1702 4813 vipereo
1749 4760 1955 4800 veneno
2000 4762 2128 4801 con-

434 4844 450 4859 '
544 4838 796 4897 sumunt,
829 4830 1172 4902 animamque
1191 4839 1432 4888 nostram
1460 4833 1667 4889 crudeli
1715 4836 1937 4891 vulnere
1979 4838 2130 4907 peri-

544 4930 720 4976 munt.
748 4920 886 4976 Dum
919 4922 1291 4992 unusquisque
1346 4924 1526 4980 divina
1566 4925 1959 4983 illuminatioue
2007 4944 2132 5001 per-

546 5013 779 5077 venitur,
807 5013 991 5067 statim
1019 5013 1281 5071 molestiis
1331 5016 1568 5085 turpium
1598 5018 1980 5088 cogitationum
2007 5020 2129 5093 pul-

547 5114 719 5162 satur.
751 5105 858 5163 Sed
884 5106 980 5163 Dei
1000 5107 1406 5179 servusjudicio
1428 5111 1638 5168 timoris
1662 5114 1754 5167 Dei
1792 5122 2130 5172 tentamenta

548 5214 581 5252 a
614 5197 905 5266 semetipso
949 5197 1144 5267 rejicit,
1168 5200 1428 5271 bonisque
1456 5203 1754 5273 introjectis
1794 5208 2132 5279 cogitationi-

547 5287 651 5345 bus
671 5295 855 5359 turpes
883 5304 915 5343 a
941 5303 999 5344 se
1021 5290 1250 5360 repellit.
1285 5291 1476 5361 Magna
1498 5294 1808 5351 observatio
1831 5299 1976 5354 circa
2005 5316 2128 5355 cor-

550 5379 632 5435 dis
664 5388 749 5435 est
786 5378 1087 5436 custodiam
1123 5381 1422 5436 adhibenda
1449 5423 1464 5447 ,
1515 5384 1641 5453 quia
1696 5394 1789 5439 aut
1833 5386 1987 5442 bona:
2039 5396 2135 5442 aut

551 5471 707 5526 malae
744 5471 822 5526 rei
853 5471 927 5526 ibi
955 5472 1203 5529 consistit
1224 5473 1395 5544 origo.
1439 5474 1573 5529 Nam
1604 5517 1619 5540 ,
1671 5477 1812 5532 sicut
1873 5480 2136 5549 scriptum

552 5568 655 5626 est,
685 5578 748 5617 ea:
780 5563 936 5617 corde
977 5573 1164 5618 exeunt
1202 5566 1537 5635 cogitationes
1563 5566 1717 5621 mala:
1766 5567 1979 5641 (Matth.
2008 5571 2098 5641 xv)
2120 5614 2134 5637 ,

552 5653 695 5706 unde
733 5651 777 5706 si
800 5652 956 5720 prius
1009 5667 1188 5722 prava:
1241 5654 1551 5725 cogitationi
1583 5656 1904 5724 resistimus,
1943 5660 1994 5714 in
2023 5661 2138 5731 lap-

556 5757 678 5798 sum
705 5744 886 5815 operis
923 5759 1029 5800 non
1060 5746 1405 5804 incurrimus.
1442 5745 1587 5821 (liae
1639 5766 1798 5823 usque
1823 5751 1981 5828 Isid.)
2012 5754 2134 5811 Ple-

2225 1893 2293 1945 ad
2312 1891 2729 1947 delectationem
2757 1908 2951 1949 rursus
2979 1894 3258 1964 inserpere
3296 1896 3492 1951 nititur
3511 1939 3528 1961 ,
3573 1908 3746 1969 atque
3774 1900 3827 1953 in

2225 1982 2452 2051 antiquo
2471 1984 2769 2039 certamine
2798 1984 3005 2039 diutina
3033 1985 3339 2054 pulsatione
3366 1998 3669 2056 reparatur
3689 2030 3705 2056 ,
3756 1990 3829 2044 ita

2225 2081 2286 2128 ut
2311 2074 2454 2142 quod
2479 2075 2631 2145 prius
2651 2083 2777 2157 erat
2797 2076 2852 2132 in
2900 2092 3147 2146 corpore,
3178 2078 3285 2133 hoc
3331 2079 3654 2149 importuna
3685 2083 3830 2152 cogi-

2227 2163 2433 2218 tatione
2456 2167 2800 2235 postmodum
2827 2175 3075 2221 versetur
3095 2168 3150 2221 in
3174 2177 3377 2223 mente.
3404 2168 3547 2224 Cum
3580 2172 3723 2225 nihil
3754 2172 3830 2227 lo»

2224 2252 2304 2307 ris
2336 2268 2499 2321 opere
2535 2256 2735 2326 agitur,
2759 2257 2854 2312 sed
2875 2257 2990 2313 sola
3014 2257 3157 2313 intus
3179 2259 3513 2329 cogitatione
3547 2271 3827 2329 peccatur,

2226 2345 2472 2402 districto
2497 2363 2556 2402 se
2582 2356 2734 2403 reatu
2764 2365 2919 2405 mens
2946 2350 3165 2421 obligat,
3196 2352 3302 2406 nisi
3330 2353 3436 2407 hoc
3467 2353 3734 2409 sollicitis
3758 2356 3829 2409 Io-

2228 2438 2427 2493 mentis
2454 2447 2649 2510 tergat.
2681 2440 3005 2513 Plerumque
3041 2458 3229 2498 aurem
3270 2445 3454 2499 cordis
3483 2453 3827 2501 terrenarum

2230 2530 2619 2598 cogitationum
2660 2532 2816 2585 turba
2856 2531 2984 2586 dum
3033 2534 3344 2603 perstrepit,
3371 2534 3616 2599 claudit;
3674 2546 3829 2606 atque

2229 2617 2371 2671 intra
2399 2620 2751 2675 secretarium
2780 2622 2977 2677 mentis
3023 2632 3228 2691 quanto
3253 2624 3436 2678 minus
3463 2640 3733 2679 curarum
3752 2637 3830 2680 tn-

2229 2709 2613 2765 multuantium
2648 2727 2813 2766 sonus
2842 2714 3223 2783 compescitur,
3257 2721 3409 2770 tanto
3436 2717 3687 2786 amplius
3728 2732 3827 2772 vox

2227 2799 2569 2867 praesidentis
2588 2801 2786 2870 judicis
2805 2818 2910 2857 non
2933 2804 3169 2858 auditttr.
3192 2803 3600 2875 Nonnunquam
3634 2810 3692 2863 in
3722 2810 3830 2878 ipse

2228 2889 2493 2945 orationis
2515 2900 2714 2947 nostrae
2750 2895 3022 2948 sacrilicio
3052 2895 3372 2964 importunae
3395 2899 3830 2968 secngitationes

2228 2980 2504 3050 ingemat,
2532 2997 2653 3052 qua:
2678 2983 2780 3039 hoc
2806 2999 2998 3054 rapere
3015 2985 3102 3040 vel
3132 2986 3409 3041 maculare
3434 2988 3678 3043 valeant-
3690 2992 3826 3058 quod

2230 3071 2286 3126 in
2310 3073 2465 3129 nobis
2486 3074 2599 3130 Deo
2648 3074 2838 3131 ﬂentes
2886 3077 3247 3139 immolemus.
3278 3078 3483 3135 Omnes
3520 3081 3619 3151 qui
3653 3082 3739 3134 vel
3776 3081 3832 3135 il-

2157 3168 2202 3229 C
2235 3166 2380 3220 licita
2410 3175 2682 3237 appetunt,
2708 3170 2793 3224 vel
2821 3170 2874 3224 in
2905 3172 3009 3226 hoc
3034 3173 3235 3228 mundo
3268 3173 3442 3229 videri
3485 3176 3707 3245 aliquid
3744 3193 3830 3229 vo-

2231 3253 2367 3321 lunt,
2391 3256 2576 3313 densis
2622 3258 3010 3327 cogitationum
3036 3262 3358 3318 tumultibus
3384 3264 3442 3320 in
3472 3267 3648 3321 corde
3691 3283 3832 3321 com-

2231 3344 2559 3412 primuntur.
2585 3346 2734 3401 Mare
2761 3347 3029 3419 signiﬁcat
3054 3361 3288 3408 mentem
3312 3355 3578 3421 hominis,
3603 3366 3663 3411 et
3682 3360 3832 3427 quasi

2232 3435 2429 3493 ﬂuctus
2445 3439 2613 3493 maris
2635 3448 2761 3494 sunt
2776 3442 3129 3511 cogitationes
3160 3447 3380 3511 mentis,
3397 3463 3526 3517 quae
3542 3449 3832 3519 aliquando

2229 3544 2329 3599 per
2353 3530 2490 3584 iram
2533 3538 2884 3599 tumescunt,
2943 3547 3040 3604 per
3085 3536 3179 3590 Dei
3228 3538 3461 3606 gratiam
3522 3539 3830 3609 tranquillae

2230 3619 2387 3684 fiunt,
2417 3634 2517 3689 per
2564 3621 2749 3675 odium
2784 3637 2906 3677 cum
2961 3624 3323 3679 amaritudine
3349 3625 3618 3681 defluunt.
3684 3627 3833 3681 Mens

2228 3715 2426 3784 quippe
2458 3716 2696 3770 humana
2739 3726 2872 3786 quot
2922 3720 3249 3774 tentationes
3294 3722 3521 3789 patitur,
3551 3725 3714 3792 quasi
3759 3733 3834 3778 tot

2229 3804 2444 3861 ﬂatibus
2477 3813 2743 3860 movetur.
2800 3807 3125 3879 Plerumque
3179 3820 3416 3865 mentem
3461 3813 3710 3868 hominis
3753 3822 3830 3867 tu-

2228 3898 2431 3954 multus
2459 3898 2845 3969 eogitationum
2870 3901 3141 3971 deprimit,
3172 3902 3252 3956 ira
3290 3904 3605 3973 perturbat,
3625 3917 3683 3960 et
3708 3922 3827 3961 cum

2229 3989 2434 4044 recedit
2462 3989 2573 4054 ira,
2605 3991 2846 4045 succedit
2890 3992 3068 4061 inepta
3113 3992 3319 4047 l:etitia.
3369 3993 3570 4048 Frater
3610 3996 3829 4065 quidam

2230 4079 2587 4151 interrogavit
2606 4081 2867 4150 quosdam
2902 4081 3124 4138 Patrum
3153 4092 3338 4139 utrum
3376 4085 3643 4156 polluitur
3669 4088 3832 4142 homo

2229 4171 2443 4239 quando
2466 4186 2554 4226 res
2582 4172 2828 4227 sordidas
2856 4174 3092 4244 cogitat?
3111 4174 3178 4228 Et
3208 4176 3299 4229 alii
3324 4178 3584 4231 dicebant
3611 4196 3629 4230 :
3652 4178 3829 4232 Etiam

2229 4262 2515 4333 polluitur;
2534 4278 2640 4316 non
2656 4278 2941 4332 possumus
2958 4264 3156 4319 salvari
3178 4281 3296 4331 nos,
3313 4267 3407 4337 qui
3424 4267 3610 4322 idiota:
3623 4283 3827 4323 sumus.

2231 4356 2338 4410 Sed
2368 4355 2470 4412 hoc
2494 4358 2734 4426 pertinet
2784 4358 2854 4413 ad
2901 4359 3148 4421 salutem,
3182 4360 3227 4414 si
3251 4376 3313 4415 ea
3370 4375 3494 4430 qua:
3523 4362 3828 4432 cogitamus

2230 4447 2585 4516 corporaliter
2604 4464 2711 4502 non
2730 4448 3036 4505 fecerimus.
3055 4450 3197 4505 Dixit
3230 4451 3452 4522 quidam
3468 4468 3641 4508 senex
3668 4472 3682 4507 :
3718 4454 3828 4508 Non

2153 4525 2206 4585 D
2232 4540 2356 4609 quia
2385 4541 2588 4595 intrant
2615 4542 2969 4611 cogitationes
2999 4544 3154 4597 mala:
3179 4543 3230 4596 in
3255 4559 3375 4607 nos,
3406 4545 3831 4600 condemnamur

2230 4645 2297 4684 ex
2317 4645 2382 4685 eo
2404 4649 2418 4685 :
2443 4622 2535 4686 sed
2560 4614 2605 4685 si
2622 4630 2759 4685 male
2778 4632 2981 4686 utimur
3004 4633 3418 4702 cogitationibus
3428 4642 3489 4687 et
3514 4634 3629 4689 illis
3649 4650 3829 4688 assem

2230 4732 2348 4775 sum
2378 4721 2698 4790 praebemus.
2723 4720 2811 4775 Fit
2846 4721 2990 4775 enim
3014 4730 3074 4775 ut
3099 4729 3152 4776 et
3173 4736 3269 4790 per
3315 4722 3679 4792 cogitationes
3698 4739 3826 4776 nau-

2232 4810 2459 4881 fragium
2482 4811 2773 4881 patiamur,
2805 4821 2859 4866 et
2884 4826 2983 4881 pro
3012 4811 3433 4881 cogitationibus
3480 4826 3823 4867 coronemur.

2751 4941 2980 4998 CAPUT
3021 4942 3283 5001 XXXVII.

2857 5033 2936 5086 De
2965 5049 3221 5087 sermone.

2309 5124 2489 5196 (Isid.,
2514 5124 2604 5182 lib.
2636 5144 2674 5182 tt
2700 5126 2869 5193 Sent.,
2898 5144 3015 5197 cap.
3063 5125 3179 5198 29.)
3219 5126 3352 5185 Cum
3381 5128 3637 5197 quaedam
3666 5144 3825 5200 parva

2234 5216 2487 5272 vitiorum
2502 5218 2666 5272 verba
2696 5232 2803 5273 non
2827 5218 3116 5283 evitamus,
3150 5234 3345 5289 magno
3367 5218 3571 5290 linguae
3595 5220 3825 5289 prolabi-

2235 5322 2360 5361 mur
2380 5307 2624 5373 crimine,
2640 5316 2695 5363 et
2716 5308 2841 5362 dum
2873 5306 3015 5363 facta
3037 5311 3281 5377 quaedam
3307 5323 3412 5363 non
3436 5310 3630 5379 gravia
3663 5310 3827 5364 libere

2235 5411 2299 5465 ac
2321 5396 2437 5450 sine
2466 5404 2613 5450 metu
2640 5396 3031 5453 committimus
3059 5438 3075 5463 ,
3115 5397 3180 5451 ad
3225 5395 3410 5467 pejora
3459 5397 3674 5452 scelera
3709 5398 3829 5451 hor-

2235 5485 2400 5541 renda
2416 5486 2673 5556 peccandi
2700 5487 3089 5544 consuetudine
3118 5486 3369 5541 labimur.
3394 5487 3531 5541 Vani
3548 5501 3825 5542 sermones

2235 5577 2290 5632 in
2320 5592 2414 5631 ore
2441 5575 2733 5632 Christiani
2763 5592 2884 5634 esse
2930 5593 3035 5632 non
3060 5578 3274 5633 debent.
3306 5576 3449 5630 Nam
3477 5578 3616 5631 sicut
3665 5576 3823 5630 malos

2235 5684 2402 5720 mores
2441 5667 2574 5721 bona
2632 5666 2889 5739 colloquia
2924 5669 3215 5738 corrigunt,
3244 5668 3320 5721 ita
3373 5684 3541 5743 prava
3566 5668 3822 5736 colloquia

2236 5756 2395 5813 bonos
2443 5774 2609 5813 mores
2641 5768 2977 5829 corrumpunt
3032 5758 3084 5831 (1
3113 5757 3235 5813 Cor.
3284 5757 3397 5830 xv).
3450 5756 3703 5815 Custodia
3742 5760 3822 5811 ori
