4020 6472
231 347 340 404 653

1427 341 1736 397 ’DIADEMA
1775 341 2283 400 MONACIIORUM.

3389 349 3493 405 654

229 459 448 533 ponitur
482 454 652 528 (Psal.
689 453 838 526 exs),
875 452 1002 509 dum
1039 452 1266 524 quisque
1314 467 1424 508 non
1479 441 1548 509 se.
1577 453 1810 522 justum,
1839 457 1892 516 Α
1915 456 2069 526 petit,
2104 456 2248 526 quod
2278 455 2528 511 videlicet
2568 457 2808 526 aperitur
2837 467 2888 513 et
2925 457 3213 514 clauditur.
3258 459 3412 516 Unde
3441 471 3497 518 et

231 552 334 608 sed
359 549 520 621 (quod
549 547 718 618 magis
739 561 922 601 verum
948 544 1051 616 est)
1075 553 1415 614 peccatorem
1444 543 1660 599 fatetur.
1693 543 1813 598 Μα-

234 659 364 698 num
405 656 561 710 super
594 656 650 692 os
702 638 845 708 ponit
873 637 1013 708 (Job.
1047 637 1259 706 χχχιχ),
1293 636 1386 706 qui
1434 636 1589 690 bonis
1632 635 1813 704 operi-

232 734 339 790 bus
367 731 560 801 linguae
585 743 869 783 excessum
890 729 1083 798 cperit.
1118 727 1338 782 Manum
1374 743 1530 796 super
1557 744 1612 781 os
1647 727 1811 797 ponit,

235 825 335 894 qui
360 822 517 877 malae
546 821 833 876 locutionis
860 820 1045 889 culpas
1080 821 1234 875 home
1273 820 1501 875 actionis
1552 818 1816 873 velamine

235 914 393 985 tegit.
425 911 786 978 Quadrimoda
811 921 890 966 est
921 911 1135 968 dicendi
1162 911 1332 974 ratio,
1387 925 1494 979 qua
1520 909 1818 978 praeviden-

237 1005 370 1059 dum
384 1013 484 1067 est,
503 1003 652 1072 quid,
677 1003 906 1073 quando,
933 1003 1018 1058 cui
1043 1003 1126 1058 vel
1149 1003 1438 1072 quomodo,
1468 1001 1670 1071 aliquid
1695 1016 1818 1070 pro-

238 1086 469 1150 feratur.
495 1095 699 1150 Bonum
724 1095 918 1164 quippe
951 1094 1088 1148 bene
1127 1094 1362 1164 loquitur
1393 1133 1408 1158 ,
1451 1092 1544 1161 qui
1594 1108 1657 1146 ea
1700 1106 1820 1160 quae

241 1192 392 1240 recta
417 1192 544 1239 sunt
565 1184 842 1239 humiliter
875 1184 1178 1237 annuntiat.
1211 1182 1383 1238 Corde
1403 1184 1539 1237 bene
1561 1180 1818 1251 loquitur,

242 1279 336 1348 qui
365 1278 684 1333 charitatem
707 1293 812 1331 non
844 1277 1081 1332 simulat.
1111 1275 1216 1332 Ore
1241 1276 1376 1332 bene
1405 1276 1643 1345 loquitur
1668 1316 1682 1340 ,
1729 1273 1823 1344 qui

243 1370 530 1424 veritatem
553 1368 854 1422 annuntiat.
886 1369 1065 1423 Factis
1092 1369 1229 1422 bene
1255 1367 1521 1436 loquitur,
1570 1367 1662 1436 qui
1689 1366 1823 1421 alios

243 1461 404 1517 bonis
446 1459 705 1528 exemplis
732 1459 981 1514 aedificat.
1026 1459 1147 1514 Mali
1193 1459 1332 1513 mala
1362 1459 1686 1528 respondent
1728 1473 1824 1527 pro

244 1550 424 1614 bonis,
447 1556 502 1602 et
525 1548 752 1602 adversa
797 1564 893 1618 pro
930 1547 1222 1618 prosperis.
1263 1547 1395 1601 Boni
1439 1548 1579 1601 bona
1608 1562 1827 1616 respon-

247 1641 377 1694 dent
395 1653 495 1708 pro
521 1638 700 1704 malis,
726 1645 780 1692 et
819 1653 1077 1707 prospera
1123 1652 1222 1705 pro
1259 1635 1520 1690 adversis.
1553 1636 1826 1690 Adversus

247 1729 551 1785 convicium
584 1729 776 1799 lingua:
808 1730 1062 1786 fortitudo
1093 1731 1394 1786 adhibenda
1414 1738 1498 1784 est
1523 1730 1819 1799 patientiae,

1913 547 2066 600 nobis
2088 554 2244 600 caute
2270 545 2553 600 dicendum
2598 557 2710 612 est,
2767 558 3034 618 quatenus
3080 566 3142 605 os
3169 552 3403 607 discrete
3439 562 3497 609 et

1913 649 2151 704 congruo
2173 642 2417 702 tempore
2444 651 2548 689 νοις
2572 637 2801 705 aperiat,
2825 646 2880 693 et
2907 655 3119 694 rursum
3140 657 3381 710 congruo
3413 651 3498 696 ιιι-

1915 728 2199 783 citurnitas
2236 728 2473 783 claudat.
2503 728 2839 786 Admonendi
2870 742 2995 787 sunt
3022 735 3166 789 enim
3201 736 3396 806 singuli
3439 745 3502 791 ut

1916 818 1960 873 si
1987 819 2262 888 proximos
2292 819 2436 874 sicut
2462 834 2521 874 se
2559 820 2788 890 diligunt
2822 863 2836 887 ,
2889 825 3111 880 minime
3140 826 3244 880 illis
3284 834 3502 881 taceant

1916 910 2058 964 unde
2111 924 2204 964 eos
2258 910 2404 979 juste
2458 911 2876 981 reprehendunt.
2937 915 3097 970 Vocis
3141 915 3502 972 medicamine

1916 1009 2270 1070 utrorumque
2293 1001 2451 1056 saluti
2477 1003 2840 1068 concurritur,
2873 1003 3001 1057 dum
3047 1007 3114 1060 ab
3159 1007 3250 1060 illo
3282 1006 3374 1076 qui
3421 1007 3506 1061 in-

1918 1091 2026 1148 fert
2051 1095 2190 1147 actio
2216 1109 2383 1163 prava
2424 1094 2803 1163 compescitur,
2832 1102 2887 1148 et
2913 1095 2982 1149 ab
3010 1095 3114 1150 hoc
3141 1097 3233 1165 qui
3275 1097 3508 1152 sustinet

1919 1181 2119 1237 doloris
2143 1181 2322 1236 fervor
2346 1183 2568 1238 vulnere
2598 1189 2786 1251 aperto
2821 1190 3176 1252 temperatur.
3224 1185 3314 1254 (D.
3343 1184 3385 1240 ϐ
3395 1201 3501 1255 reg.

1923 1271 2136 1325 Pastor.
2154 1271 2308 1326 Cura:
2320 1290 2372 1342 p.
2392 1288 2474 1337 ιιι,
2497 1273 2708 1326 admon.
2728 1272 2838 1343 15.)
2856 1272 2957 1338 Qui
2979 1273 3346 1343 proximorum
3363 1276 3504 1329 mala

1922 1364 2237 1434 respiciunt,
2265 1371 2320 1417 et
2349 1372 2528 1419 tamen
2556 1365 2610 1418 in
2659 1365 2875 1419 silentio
2927 1364 3166 1435 linguam
3222 1378 3506 1434 premunt,

1923 1458 2081 1528 quasi
2109 1458 2410 1526 conspectis
2448 1457 2760 1512 vulneribus
2803 1473 2962 1512 usum
3011 1456 3356 1512 medicamini
3384 1457 3511 1512 sub-

1927 1549 2169 1612 trahunt,
2200 1557 2255 1602 et
2277 1563 2342 1604 eo
2365 1549 2557 1603 mortis
2582 1556 2831 1604 auctores
2860 1548 3017 1614 fiunt,
3045 1564 3151 1617 quo
3183 1547 3332 1602 virus
3368 1549 3512 1616 quod

1925 1647 2176 1712 poterant
2197 1654 2390 1694 curare
2444 1640 2751 1694 noluerunt.
2808 1639 3000 1694 Frater
3033 1639 3254 1709 quidam
3279 1638 3515 1691 interro-—

1927 1733 2072 1802 gavit
2096 1731 2378 1800 parvulum
2406 1732 2735 1785 monachum
2765 1730 2953 1785 dicens
2979 1748 2991 1784 :
3020 1730 3228 1784 Bonum
3242 1738 3325 1783 est
3340 1729 3508 1798 loqui,

247 1829 308 1874 ut
335 1821 559 1875 tentatio
587 1821 736 1875 verbi
765 1836 882 1890 quae
908 1820 1040 1876 foris
1063 1822 1355 1891 impugnat,
1390 1821 1688 1876 tolerantiae
1710 1821 1822 1874 vir-
1854 1837 1901 1896 Β
1928 1839 1998 1879 an
2024 1823 2239 1878 tacere?
2264 1822 2403 1876 Dicit
2445 1823 2496 1877 ei
2547 1837 2679 1891 puer
2707 1821 2795 1876 ille
2821 1843 2832 1875 :
2861 1821 2919 1876 Si
2947 1829 3072 1875 sunt
3095 1821 3259 1876 verba
3289 1821 3465 1875 otiosa
3495 1861 3510 1883 ,

248 1919 363 1966 tute
401 1911 610 1967 devicta
641 1912 897 1967 discedat.
929 1912 1151 1968 Dicebat
1171 1913 1390 1982 quidam
1437 1913 1659 1966 Patrum
1697 1912 1825 1982 quia

247 2001 377 2056 dum
416 2002 668 2056 sederent
703 2003 992 2072 aliquando
1037 2004 1314 2068 seniores,
1369 2011 1423 2057 et
1477 2003 1828 2072 loquerentur

249 2107 554 2147 sermonem
595 2092 662 2146 de
689 2093 1154 2157 aedificationibus,
1178 2100 1296 2147 erat
1357 2094 1498 2147 inter
1550 2107 1646 2148 eos
1691 2109 1828 2148 unus

247 2181 524 2249 providus,
553 2189 608 2236 et
637 2183 764 2237 vidit
793 2183 1012 2250 angelos
1038 2199 1229 2237 manus
1267 2185 1535 2253 agitantes
1565 2193 1619 2236 et
1647 2183 1830 2237 lavan-

249 2281 332 2325 tes
369 2289 480 2328 eos.
517 2274 588 2328 Ut
628 2282 804 2328 autem
835 2273 1034 2328 locutio
1061 2275 1297 2328 venisset
1327 2274 1621 2335 saecularis,
1659 2275 1831 2328 disce-

249 2364 449 2418 debant
476 2364 670 2434 angeli,
699 2373 754 2417 et
779 2364 1161 2418 volutabantur
1183 2365 1331 2434 porci
1356 2365 1410 2417 in
1435 2365 1612 2418 medio
1641 2379 1830 2418 eorum

247 2455 397 2525 pleni
424 2454 703 2518 fetoribus,
728 2463 782 2508 et
827 2454 1134 2524 polluerunt
1163 2455 1274 2509 e'os.
1317 2454 1450 2509 Cum
1498 2463 1677 2510 autem
1719 2471 1835 2510 rur—
1875 2472 1877 2474 ·

246 2557 350 2605 sus
391 2544 737 2614 loquerentur
792 2547 858 2600 de
895 2545 1273 2610 aedificatione,
1309 2547 1585 2601 venientes
1633 2547 1833 2600 iterum

253 2635 428 2704 angeli
453 2634 704 2689 lavabant
748 2651 860 2690 eos.
887 2634 1163 2690 Venerunt
1189 2649 1318 2705 ergo
1344 2636 1633 2704 aliquando
1675 2651 1833 2690 senes

251 2722 321 2775 ad
345 2721 592 2775 abbatem
635 2722 949 2788 Antonium,
981 2731 1036 2776 et
1073 2733 1191 2777 erat
1217 2740 1341 2778 cum
1367 2725 1445 2779 eis
1471 2726 1635 2778 etiam
1665 2725 1832 2782 abbas

249 2816 468 2887 Joseph.
502 2816 699 2873 Volens
725 2827 907 2872 autem
936 2819 1102 2874 abbas
1137 2820 1403 2874 Antonius
1430 2821 1661 2888 probare
1702 2835 1830 2886 eos,

252 2911 421 2964 movit
442 2925 745 2965 sermonem
774 2911 840 2966 de
891 2909 1190 2981 Scripturis
1220 2913 1444 2976 sanctis,
1469 2921 1529 2966 et
1559 2912 1724 2982 coepit
1750 2913 1834 2966 in-

253 3008 530 3070 terrogare
559 3017 589 3055 a
615 2999 921 3068 junioribus
941 3003 1070 3071 quid
1109 3010 1254 3056 esset
1292 3002 1395 3057 hoc
1437 3010 1530 3056 aut
1556 3002 1684 3056 illud
1713 3017 1832 3056 ver—

249 3091 416 3145 bum?
442 3091 506 3144 Et
533 3091 725 3161 singuli
750 3106 937 3146 eorum
965 3091 1238 3156 dicebant,
1261 3101 1420 3161 prout
1441 3099 1710 3161 poterant.
1740 3091 1832 3145 Ille

1929 1915 2137 1970 dimitte
2162 1928 2224 1968 ea
2252 1932 2264 1966 :
2297 1913 2341 1968 si
2373 1921 2555 1967 autem
2602 1915 2744 1968 bona
2772 1921 2897 1968 sunt
2924 1914 3114 1979 verba,
3139 1929 3246 1968 non
3272 1913 3362 1967 diu
3394 1927 3515 1982 per-

1928 2004 2136 2067 trahas,
2185 2003 2278 2057 sed
2311 2003 2422 2058 cito
2466 2003 2641 2058 incide
2693 2004 2834 2072 quod
2882 2003 3155 2073 loqueris,
3205 2008 3260 2057 et
3297 2004 3517 2071 quiesce

1928 2103 2004 2147 tu.
2032 2093 2177 2147 Dixit
2205 2107 2370 2148 senex
2394 2093 2612 2163 quidam
2639 2109 2652 2147 :
2683 2093 3063 2149 Taciturnitati
3090 2110 3312 2163 operam
3349 2095 3434 2157 da,
3462 2102 3518 2149 et

1927 2181 2062 2235 nihil
2086 2183 2306 2252 cogites,
2346 2190 2400 2237 et
2427 2181 2646 2236 intende
2685 2181 2997 2250 cogitationi
3037 2191 3179 2245 tuas,
3222 2182 3334 2236 sive
3363 2183 3518 2252 quie-

1927 2288 2088 2327 scens
2114 2274 2167 2326 in
2193 2273 2353 2338 lecto,
2384 2273 2497 2328 sive
2525 2289 2748 2343 surgens
2778 2287 2901 2328 cum
2931 2273 3124 2327 timore
3165 2271 3284 2336 Dei,
3313 2281 3368 2325 et
3402 2271 3518 2326 hazc

1929 2363 2156 2428 faciens,
2184 2363 2543 2432 malignorum
2573 2364 2808 2432 impetus
2853 2378 2962 2417 non
2993 2362 3226 2416 timebis.
3257 2361 3402 2415 Dixit
3423 2361 3518 2414 ab—

1929 2453 2028 2508 bas
2063 2461 2248 2523 paStor
2273 2469 2287 2506 :
2316 2453 2454 2520 Quia
2479 2453 2834 2524 interrogavit
2869 2453 3035 2507 abbas
3059 2451 3270 2522 Moyses
3291 2451 3517 2505 fratrem

1931 2545 2250 2599 Zachariam
2305 2554 2545 2615 tempore
2593 2560 2699 2614 quo
2734 2546 3086 2607 moriebatur,
3120 2543 3306 2597 dicens
3335 2557 3350 2596 :
3378 2540 3520 2606 Quid

1931 2637 2116 2690 vides?
2142 2635 2208 2689 Et
2233 2636 2320 2690 ille
2347 2637 2457 2690 dixi
2488 2636 2538 2690 ei
2569 2655 2581 2690 :
2620 2635 2764 2689 Nihil
2785 2635 2973 2689 melius
3003 2649 3165 2702 quam
3196 2642 3394 2696 tacere,
3416 2631 3520 2684 Pa-

1932 2737 2034 2782 ter.
2064 2726 2277 2780 Dixitei
2305 2745 2316 2780 :
2354 2728 2553 2781 Verum
2581 2737 2683 2792 est,
2715 2726 2810 2791 fili,
2843 2735 2979 2779 tace.
3009 2724 3151 2778 Dixit
3181 2724 3400 2792 quidam
3421 2723 3519 2777 ab.

1930 2823 2042 2877 hati
2069 2820 2316 2875 Ammoni
2342 2839 2354 2874 :
2380 2820 2438 2874 Si
2461 2822 2530 2874 sit
2551 2820 2851 2875 necessitas
2874 2833 2997 2873 cum
3025 2817 3202 2870 vicino
3230 2815 3518 2884 loquendi,

1930 2911 2143 2965 videtur
2173 2909 2268 2964 tibi
2298 2909 2356 2962 nt
2378 2909 2445 2963 de
2476 2907 2773 2975 Scripturis
2823 2922 2947 2962 cum
2973 2922 3037 2961 eo
3069 2905 3260 2975 loquar
3285 2945 3299 2968 ,
3347 2919 3416 2958 an
3453 2903 3522 2958 de

1929 2999 2109 3054 verbis
2135 3007 2189 3054 et
2215 2998 2494 3052 sententiis
2523 2997 2832 3051 seniorum?
2861 2996 3111 3064 Dixitque
3140 2995 3190 3047 ei
3219 3006 3384 3048 senex
3419 3009 3432 3046 :
3463 2989 3524 3079 Si

1930 3105 2036 3143 non
2070 3096 2223 3158 potes
2253 3075 2468 3153 tacere,
2517 3087 2719 3142 bonum
2747 3093 2833 3140 est
2880 3085 3055 3156 magis
3107 3092 3168 3138 ut
3223 3083 3291 3138 de
3341 3075 3526 3136 verbis

252 3190 435 3237 autem
457 3184 668 3238 dicebat
693 3201 706 3236 :
736 3183 976 3238 Necdum
1007 3185 1306 3239 invenistis.
1338 3185 1468 3238 Post
1487 3199 1674 3238 omnes
1701 3198 1831 3238 vero
1858 3174 1903 3235 C
1935 3181 2209 3234 seniorum
2234 3179 2491 3247 loquaris,
2523 3193 2685 3247 quam
2733 3178 2800 3231 de
2853 3176 3156 3245 Scriptura.
3216 3173 3522 3228 Periculum

253 3273 389 3328 dixit
415 3274 595 3328 abbati
621 3273 852 3344 Joseph:
887 3275 965 3329 Tu
1004 3277 1272 3345 quomodo
1291 3277 1425 3331 dicis
1452 3278 1672 3331 verbum
1697 3277 1832 3330 hoc?

252 3363 322 3419 Et
373 3366 461 3420 ille
517 3367 842 3436 respondit:
884 3368 1094 3422 Nescio.
1148 3369 1218 3423 Et
1281 3369 1417 3423 dixit
1465 3368 1632 3424 abbas
1666 3367 1834 3422 Anto-

252 3459 416 3514 nius:
458 3457 595 3514 Vere
629 3460 796 3514 abbas
837 3458 1036 3529 Joseph
1083 3461 1229 3515 solus
1272 3460 1475 3515 invenit
1523 3460 1697 3524 viam,
1741 3459 1833 3528 qui

253 3549 466 3602 nescire
492 3563 549 3602 se
576 3549 871 3618 respondit.
903 3548 1092 3602 Frater
1141 3551 1356 3619 quidam
1385 3550 1733 3618 interrogavit
1752 3564 1836 3603 se-

254 3651 380 3691 nem
401 3637 623 3691 dicens:
659 3637 715 3691 Si
743 3637 864 3706 quis
891 3636 1120 3693 fratrum
1164 3639 1343 3693 attulit
1377 3640 1444 3693 ad
1467 3655 1552 3693 me
1596 3641 1661 3694 de
1703 3639 1836 3695 foris

254 3742 552 3793 sermones,
577 3728 677 3793 vis,
705 3729 869 3792 abba,
920 3730 1096 3785 dicam
1134 3731 1182 3785 ei
1214 3739 1271 3784 ut
1302 3747 1407 3786 non
1436 3745 1529 3785 eos
1553 3731 1744 3785 afferat
1769 3732 1837 3785 ad

255 3818 380 3872 me?
418 3818 487 3872 Et
524 3821 798 3888 respondit
844 3820 894 3875 ei
925 3837 1128 3876 senex:
1163 3821 1300 3877 Noli.
1347 3823 1414 3876 Et
1453 3823 1583 3877 dicit
1629 3822 1835 3877 frater:

258 3904 471 3972 Quare?
513 3910 808 3988 Respondit
832 3926 997 3965 senex
1022 3931 1034 3965 :
1069 3910 1204 3977 Quia
1231 3928 1329 3968 nec
1355 3930 1454 3968 nos
1480 3914 1756 3983 potuimus
1786 3914 1838 3968 id

259 3998 549 4054 custodire.
579 3999 646 4055 Et
672 4000 807 4054 dixit
845 4000 1015 4056 frater
1041 4021 1053 4055 :
1089 4003 1227 4068 Quid
1251 4018 1380 4072 ergo
1408 4001 1568 4057 debet
1597 4002 1746 4056 ﬁeri?
1773 4003 1840 4056 Et

260 4087 537 4155 respondit
563 4088 613 4141 ei
649 4103 832 4144 senex.
889 4088 947 4144 Si
982 4090 1228 4145 volumus
1263 4091 1689 4147 taciturnitatem
1725 4106 1840 4144 ser-

261 4191 409 4242 vare,
434 4176 630 4233 sullicit
657 4180 900 4249 proximo
926 4181 1116 4234 modus
1138 4182 1272 4249 ipse.

766 4270 992 4326 CAPUT
1049 4271 1333 4325 XXXVIII.

818 4361 895 4415 De
922 4363 1297 4415 taciturnitate.

333 4448 543 4520 Lingua
585 4449 818 4507 discrete
856 4449 1117 4506 frenanda
1166 4462 1248 4506 est
1279 4491 1292 4516 ,
1344 4466 1450 4506 non
1490 4451 1846 4506 insolubiliter

1931 3269 2077 3323 enim
2103 3276 2188 3323 est
2221 3284 2327 3323 non
2369 3284 2616 3338 parvum.
2648 3267 2794 3320 Dixit
2843 3282 3008 3321 senex
3037 3281 3051 3320 :
3084 3266 3218 3331 Quia
3269 3267 3430 3319 homo
3477 3265 3525 3317 si

1931 3360 2154 3415 verbum
2180 3361 2397 3429 quidem
2427 3359 2640 3422 habeat,
2667 3371 2830 3426 opera
2859 3366 3040 3411 autem
3063 3371 3171 3410 non
3196 3356 3412 3420 habeat,
3440 3369 3524 3408 as-

1934 3448 2256 3503 similahitur
2284 3448 2464 3502 arbori
2495 3447 2713 3502 habenti
2741 3446 2889 3511 folia,
2922 3446 3157 3500 fructum
3186 3453 3367 3499 autem
3388 3459 3518 3497 non.

1936 3539 2088 3593 Sicut
2101 3539 2245 3592 enim
2258 3539 2420 3592 arbor
2437 3537 2699 3592 fructibus
2712 3536 2867 3605 plena
2883 3537 3047 3590 etiam
3062 3535 3206 3589 foliis
3218 3535 3430 3597 viridis,
3449 3534 3524 3587 ita

1936 3637 1993 3683 et
2009 3642 2187 3683 sermo
2203 3625 2553 3695 consequitur
2578 3627 2852 3680 hominem
2871 3625 2961 3694 qui
2993 3625 3338 3694 habetOpera
3359 3623 3522 3678 bona.

2477 3715 2704 3771 CAPUT
2745 3714 2989 3769 XXXIX.

2511 3808 2584 3862 De
2607 3806 2961 3878 multiloquio.

2010 3900 2279 3970 Scriptum
2304 3907 2386 3954 est
2412 3917 2424 3952 :
2452 3896 2518 3951 In
2548 3897 2857 3967 mutiloquio
2884 3914 2987 3951 non
3015 3897 3231 3966 eﬂ‘ugies
3259 3905 3527 3966 peccatum

1943 3990 2124 4063 (Prov.
2151 3992 2226 4062 x).
2255 3991 2320 4044 Et
2346 4009 2358 4044 :
2395 3989 2498 4054 Qui
2524 3988 2699 4042 multis
2727 3989 2894 4042 utitur
2915 3987 3106 4050 verbis,
3131 3985 3271 4041 la’dit
3294 3987 3527 4038 animum

1941 4100 2090 4137 suam
2110 4082 2300 4154 (Eccli.
2329 4081 2440 4151 xx).
2459 4079 2545 4142 Et,
2573 4080 2651 4133 vir
2670 4079 2940 4147 linguosus
2963 4092 3064 4129 non
3089 4076 3346 4143 dirigetur
3371 4089 3526 4142 super

1943 4184 2138 4228 terram
2168 4171 2338 4243 (Psal.
2375 4169 2619 4238 cxxxtx).
2651 4169 2720 4221 Et
2762 4168 2807 4222 si
2835 4167 2890 4220 in
2931 4165 3270 4232 multiloqnio
3303 4162 3528 4217 extolla—

1945 4278 2085 4328 mur,
2127 4277 2311 4317 coram
2344 4261 2570 4315 Domino
2601 4273 2708 4312 non
2753 4255 3103 4310 absolvimur.
3145 4253 3296 4309 Unde
3338 4251 3529 4306 melius

1947 4364 2028 4411 est
2051 4363 2112 4408 ut
2137 4353 2264 4407 illud
2299 4351 2580 4406 Dominum
2623 4356 2875 4419 rogantes
2906 4346 3188 4412 dicamus;
3219 4341 3386 4408 Pone,
3414 4341 3528 4395 Do-

1949 4449 2102 4510 mine,
2136 4444 2426 4500 custodium
2454 4442 2531 4496 ori
2561 4456 2694 4504 meo,
2719 4448 2765 4493 et
2796 4438 2988 4492 ostium
3011 4434 3422 4488 circumstantia:
3444 4432 3529 4486 la-

261 4539 573 4610 obliganda.
626 4539 897 4608 Scriptum
952 4555 1185 4609 namque
1217 4550 1301 4594 est
1332 4558 1343 4593 :
1389 4539 1606 4611 Sapiens
1658 4542 1843 4595 tacebit
1868 4531 1921 4590 D
1947 4540 2042 4594 biis
2070 4539 2197 4591 meis
2231 4535 2403 4606 (Psal.
2427 4533 2572 4605 ch).
2604 4533 2672 4586 Et
2706 4549 2721 4585 :
2771 4531 2896 4585 Non
2919 4527 3144 4582 declines
3167 4542 3256 4579 cor
3275 4541 3449 4578 meum
3473 4523 3532 4577 in

265 4647 429 4701 usque
448 4633 515 4684 ad
542 4640 741 4700 tempus
769 4630 958 4701 (Eccli.
983 4631 1097 4702 xx),
1131 4642 1188 4686 ut
1217 4633 1473 4687 nimirum
1505 4649 1625 4686 cum
1649 4647 1845 4702 oppor-

269 4730 460 4778 tunum
506 4722 834 4786 considerat,
879 4723 1172 4792 postposita
1213 4739 1441 4778 censura
1472 4723 1713 4788 silentii,
1768 4723 1846 4776 lo-

267 4814 484 4884 quendo
509 4829 627 4883 quae
658 4823 958 4886 congruunt
990 4815 1044 4869 in
1075 4831 1230 4872 usum
1272 4831 1331 4870 se
1359 4816 1607 4870 utilitatis
1636 4816 1844 4884 impen-

265 4906 379 4960 dat.
418 4906 494 4960 De
521 4907 727 4961 tacendi
751 4914 913 4976 atque
945 4908 1197 4976 loquendi
1225 4905 1454 4962 censura
1485 4924 1582 4977 per
1603 4907 1848 4963 Salomo-

267 5013 396 5053 ttetn
424 4997 658 5052 dicitur:
693 4996 914 5068 Tempus
964 4999 1206 5064 tacendi,
1264 5010 1312 5052 et
1361 5008 1560 5068 tempus
1603 4998 1846 5068 loquendi

270 5087 584 5160 (Eccli.nt).
614 5089 854 5143 Discrete
880 5090 1076 5159 quippe
1107 5090 1535 5144 vicissitudinum
1575 5088 1851 5159 pensanda

269 5192 401 5238 sunt
421 5193 684 5253 tempora,
718 5199 785 5237 ne
828 5193 920 5237 aut
967 5198 1088 5236 cum
1141 5182 1393 5251 restringi
1445 5181 1624 5250 lingua
1653 5181 1850 5244 debet,

268 5288 369 5342 per
397 5274 560 5328 verba
589 5273 847 5327 inutiliter
887 5271 1120 5334 deﬂuat,
1178 5279 1271 5325 aut
1295 5286 1418 5324 cum
1460 5269 1605 5338 loqui
1653 5268 1855 5322 utiliter

268 5379 473 5440 potest,
499 5369 842 5438 semetipsam
893 5369 1046 5438 pigre
1095 5367 1406 5435 restringat.
1436 5363 1714 5436 (Gregor.,
1759 5363 1850 5416 lib.

273 5479 346 5516 vn
379 5462 542 5528 Man,
563 5481 678 5532 cap.
712 5461 824 5533 26.)
868 5460 1077 5526 Quanta
1126 5460 1197 5514 sit
1224 5459 1426 5513 utilitas
1475 5456 1854 5511 taciturnitatis

273 5553 559 5610 Psalmista
589 5553 936 5608 considerans
965 5549 1041 5603 ait
1065 5569 1076 5601 :
1116 5549 1280 5613 Pone,
1305 5548 1541 5609 Domine,
1561 5546 1851 5599 custodiam

277 5647 360 5700 eri
394 5662 529 5710 meo,
554 5655 602 5700 et
629 5645 818 5699 ostium
849 5640 1255 5696 circumstantia:
1309 5638 1461 5692 labiis
1509 5638 1638 5691 meis
1679 5635 1850 5707 (Psal.

283 5739 428 5810 cst).
458 5738 573 5794 Non
605 5738 747 5792 enim
783 5734 905 5805 poni
935 5732 1016 5790 ori
1061 5746 1158 5787 suo
1188 5729 1480 5800 parietem,
1523 5729 1615 5784 sed
1655 5727 1853 5784 ostium

1948 4630 2098 4686 verba
2121 4628 2336 4682 malitia:
2357 4625 2568 4698 (lbid.).
2593 4622 2856 4694 [Gregor.,
2884 4620 2973 4672 lib.
2997 4634 3095 4683 vtt,
3123 4634 3170 4670 c.
3195 4616 3288 4680 25,
3314 4617 3368 4669 ιή
3395 4631 3442 4668 c.
3473 4628 3528 4668 vt

1950 4720 2097 4792 Job.)
2138 4716 2474 4774 Admonendi
2502 4723 2628 4769 sunt
2655 4710 2990 4778 multiloquio
3005 4716 3280 4772 vacantes,
3314 4715 3374 4760 ut
3397 4703 3532 4774 vigi-

1952 4811 2125 4865 lantes
2138 4808 2420 4877 aSpiciant,
2436 4813 2639 4874 quanto
2651 4817 2681 4857 a
2697 4799 3037 4856 rectitudinis
3053 4806 3195 4852 statu
3211 4797 3527 4865 depereunt,

1952 4902 2077 4956 dum
2093 4916 2189 4971 per
2204 4897 2515 4966 multiplicia
2533 4896 2696 4949 verba
2711 4893 3035 4947 dilabuntur.
3061 4891 3308 4944 Humana
3328 4886 3530 4942 etenim

1954 5009 2106 5050 mens
2127 5008 2280 5062 aqua:
2293 5003 2441 5045 more
2456 4987 2830 5050 circumclusa,
2853 4986 2920 5038 ad
2937 4981 3216 5052 superiora
3238 4977 3528 5048 colligitur,

1953 5085 2078 5155 quia
2108 5083 2245 5136 illud
2275 5079 2468 5149 repetit
2506 5077 2650 5131 unde
2693 5074 2988 5137 descendit,
3018 5079 3073 5124 et
3102 5069 3342 5123 relaxata
3374 5067 3534 5134 depc-

1956 5174 2049 5238 rit,
2080 5172 2205 5240 quia
2235 5185 2292 5224 se
2317 5185 2416 5238 per
2448 5165 2634 5221 infima
2665 5164 2926 5220 inutiliter
2952 5160 3175 5231 spargit.
3217 5156 3318 5222 Qui
3345 5168 3533 5221 super-

1956 5264 2144 5318 vacuis
2169 5261 2347 5316 verbis
2369 5276 2399 5313 a
2430 5257 2629 5313 silentii
2661 5257 2744 5310 sui
2772 5267 2999 5309 censura
3032 5250 3344 5316 dissipatur,
3377 5244 3530 5312 quasi

1957 5368 2038 5414 tot
2065 5358 2194 5412 rivis
2237 5365 2389 5411 extra
2435 5369 2494 5409 se
2540 5352 2776 5414 ducitur,
2806 5347 2948 5402 unde
2991 5352 3047 5398 et
3089 5341 3267 5395 redire
3308 5336 3534 5391 interius

1961 5463 2116 5504 mens
2143 5447 2211 5502 ad
2242 5446 2324 5501 sui
2354 5444 2716 5515 cognitionem
2746 5436 2851 5492 non
2877 5434 3090 5496 suﬂicit,
3121 5430 3245 5499 quia
3276 5441 3374 5498 per
3399 5425 3535 5480 lllllI-

1958 5539 2239 5610 tiloquium
2270 5551 2456 5606 sparsa
2480 5551 2510 5590 a
2537 5539 2744 5588 secreto
2773 5544 2829 5583 se
2861 5525 3061 5580 intima:
3088 5515 3534 5610 considerationis

1960 5608 2215 5690 excludit.
2244 5629 2435 5685 Totam
2463 5643 2592 5683 vero
2617 5639 2674 5679 se
2697 5617 3002 5676 insidiantis
3030 5613 3202 5670 hostis
3222 5608 3534 5666 vulneribus

1959 5725 2184 5796 detegit,
2210 5723 2335 5794 quia
2353 5737 2410 5778 se
2433 5717 2727 5775 munitione
2741 5709 2994 5769 custodiae
3008 5722 3114 5764 non
3139 5699 3529 5761 circumcludit.
