4020 6476
508 343 618 400 635

1812 322 2163 391 SMARAGDl
2200 328 2491 386 ABBATIS

505 456 567 513 In
580 454 893 511 Proverbiis
907 455 1165 526 scriptum
1189 460 1273 510 est
1294 452 1447 524 (Cap.
1475 448 1603 522 xxv)
1629 464 1644 503 :
1674 447 1827 505 Sicut
1847 446 1971 501 urbs
1994 460 2089 515 pa-
2114 445 2167 503 A
2190 455 2475 511 possumus
2499 438 2774 495 custodire
2791 450 2887 493 cor
2905 442 3172 501 nostrum,
3210 434 3257 490 si
3280 434 3463 506 lingua
3488 442 3684 491 nostra
3697 434 3796 506 ja-

506 556 623 602 tem
649 555 701 600 et
735 546 929 617 absque
949 560 1220 599 murorum
1250 544 1469 607 ambitu,
1500 543 1572 595 ita
1595 542 1672 595 uir
1689 540 1779 610 qui
1806 553 1908 592 non
1924 544 2089 607 potest

505 636 567 690 in
593 634 852 706 loquendo
886 634 1121 690 cohibere
1144 633 1394 703 spiritum
1431 646 1607 685 suum.
1647 628 1784 694 Quia
1804 626 1950 680 enim
1975 639 2093 677 mu-

509 741 697 785 rorum
733 727 1003 782 silentium
1044 741 1151 781 non
1177 723 1361 790 habet,
1393 730 1544 793 patet
1573 719 1777 776 inimici
1795 717 1991 788 jaculis
2016 714 2093 770 ci-

508 815 656 872 vitas
678 817 904 881 mentis,
936 822 1141 871 etcum
1166 828 1226 870 se
1252 828 1349 884 per
1368 813 1533 867 verba
1561 818 1715 865 extra
1745 808 2092 878 semetipsum

508 904 679 974 ejicit,
709 914 955 977 apertam
977 920 1038 962 se
1068 904 1379 960 adversario
1404 902 1659 959 ostendit.
1694 899 1957 972 (Gregor.,
1984 895 2093 950 Pa-

508 1005 642 1052 stor.
673 995 829 1051 Cum
857 1015 911 1067 p.
940 1012 1025 1062 ill,
1046 995 1263 1050 admon.
1300 992 1414 1065 15.)
1448 992 1772 1061 Plerumque
1807 1004 1906 1059 per
1930 1001 2093 1057 quos-

510 1088 637 1144 dam
659 1087 859 1158 gradus
889 1086 1154 1143 desidiosa
1180 1100 1333 1142 mens
1364 1086 1420 1139 in
1442 1084 1655 1140 foveam
1679 1083 1830 1152 lapsa
1859 1080 2091 1150 impelli-

510 1188 624 1244 tur,
650 1186 706 1234 et
726 1179 854 1233 dum
874 1178 1047 1234 otiosa
1073 1177 1233 1233 verba
1257 1191 1453 1232 cavere
1469 1175 1811 1246 negligimus,
1842 1172 1908 1228 ad
1930 1170 2094 1226 noxia

511 1265 892 1338 pervenimus,
922 1272 983 1319 ut
1005 1264 1158 1334 prius
1182 1264 1328 1335 loqui
1355 1264 1530 1319 aliena
1558 1262 1743 1328 libeat,
1769 1269 1825 1316 et
1851 1267 2093 1330 postmo-

514 1356 643 1411 dum
668 1354 1093 1411 detractionibus
1112 1355 1278 1409 vitam
1299 1368 1488 1408 eorum
1512 1353 1579 1408 de
1604 1351 1799 1422 quibus
1825 1350 2096 1422 loquimur

511 1446 782 1511 mordeat,
809 1445 878 1500 ad
905 1453 1207 1501 extremum
1233 1460 1364 1500 vero
1389 1460 1560 1514 usque
1580 1446 1648 1500 ad
1668 1454 1887 1513 apertas
1911 1443 2095 1515 lingua

511 1537 869 1593 contumelias
905 1544 1169 1605 erumpat.
1209 1536 1313 1591 Per
1342 1535 1748 1591 cffrenationem
1785 1533 1983 1605 lingua:
2009 1548 2096 1590 se-

511 1628 793 1683 minantur
828 1627 1053 1692 stimuli,
1097 1626 1347 1681 oriuntur
1373 1626 1522 1688 rixae,
1554 1624 1921 1680 accenduntur
1950 1623 2096 1682 faces

510 1718 783 1783 odiorum,
814 1733 919 1787 pax
960 1718 1321 1788 exstinguitur
1362 1716 1627 1773 cordium.
1659 1714 1864 1786 (Greg.,
1897 1714 2091 1769 Moral.

2193 545 2354 585 nuam
2375 541 2618 600 apertam
2640 528 2920 585 habuerit?
2938 526 3131 583 Frater
3149 527 3509 597 interrogavit
3528 528 3794 587 abbatem

2192 625 2470 681 Pastorem
2498 625 2687 681 dicens
2723 642 2738 679 :
2783 622 3063 691 Quomodo
3089 629 3305 691 oportet
3337 623 3679 677 monachum
3702 637 3795 678 se-

2193 714 2322 770 dere
2346 715 2402 769 in
2431 714 2603 771 cella:
2632 715 2699 769 Et
2722 713 3031 785 respondit:
3061 712 3333 780 Quantum
3369 714 3439 769 ad
3461 715 3521 769 id
3553 715 3709 785 quod
3736 717 3794 770 in

2192 805 2481 862 manifesto
2527 815 2633 872 est,
2676 807 2780 863 hoc
2810 816 2916 873 est,
2947 814 3009 862 ut
3040 806 3207 862 faciat
3243 822 3382 877 opus
3409 822 3703 873 manuum,
3738 816 3796 863 et

2193 896 2360 952 semel
2404 898 2683 963 comedat,
2731 906 2786 952 et
2823 905 3034 962 taceat,
3080 904 3138 952 et
3185 896 3502 952 meditetur.
3559 895 3795 952 Oeculte

2192 989 2339 1044 enim
2367 988 2630 1059 proﬁcere
2656 996 2837 1060 potest
2859 990 2915 1045 in
2935 988 3094 1055 cella,
3132 988 3238 1044 hoc
3267 995 3372 1054 est,
3399 996 3465 1043 ut
3484 987 3795 1055 redarguat

2193 1081 2545 1149 semetipsum
2587 1081 2653 1136 de
2691 1081 2936 1152 propriis
2969 1080 3285 1137 excessibus
3320 1078 3713 1149 unusquisque
3742 1076 3796 1131 in

2192 1170 2341 1226 omni
2369 1170 2487 1227 loco
2506 1172 2574 1227 ad
2593 1184 2753 1243 quem
2778 1172 3100 1241 porrexerit.

2803 1300 3034 1358 CAPUT
3071 1300 3184 1357 XL.

2772 1413 2850 1469 De
2901 1413 3199 1469 collatione.

2266 1521 2448 1595 (Isid..
2479 1523 2569 1579 lib.
2610 1538 2675 1579 tu
2702 1522 2875 1589 Seut.,
2918 1540 3034 1593 cap.
3072 1522 3186 1594 14.)
3221 1521 3357 1578 Cum
3399 1522 3470 1578 sit
3513 1523 3677 1581 utilis
3716 1524 3791 1581 ad

2195 1612 2569 1669 instruendum
2630 1614 2791 1669 lectio
2823 1654 2838 1680 ,
2902 1614 3140 1670 adhibita
3205 1622 3386 1669 tamen
3449 1614 3792 1680 collatione,

2196 1702 2458 1773 majorem
2508 1703 2919 1774 intelligentiam
2974 1704 3196 1774 praebet.
3253 1702 3442 1758 Melius
3501 1714 3593 1759 est
3640 1705 3795 1758 enim

506 1808 550 1865 ι.
572 1825 671 1876 vu,
702 1826 751 1864 c.
784 1807 898 1881 57.)
929 1808 1066 1874 Quia
1110 1807 1450 1878 multiloquio
1491 1807 1718 1877 quisque
1759 1806 2089 1871 deserviens,
2119 1812 2167 1873 Β
2196 1794 2445 1850 conferre
2491 1810 2654 1865 quam
2697 1796 2895 1865 legere.
2932 1793 3160 1850 Collatia
3195 1794 3590 1850 doeihilitatem
3632 1794 3791 1851 facit.

506 1900 884 1956 rectitudinem
899 1899 1127 1970 justitia:
1150 1907 1333 1954 tenere
1358 1914 1697 1969 nequaquam
1716 1899 1906 1969 possit,
1930 1905 2096 1953 testa-

506 2002 601 2047 tur
642 1990 909 2061 Propheta
953 1991 1045 2060 qui
1090 1995 1167 2045 ait
1210 2008 1225 2045 :
1282 1988 1371 2043 Vir
1406 1989 1678 2060 linguosus
1710 2005 1811 2043 non
1841 1989 2098 2059 dirigetur

505 2097 665 2151 super
711 2090 907 2135 terram
937 2079 1109 2151 (Psal.
1144 2081 1388 2152 cxxxtx).
1443 2080 1579 2136 Hinc
1607 2080 1860 2135 Salomon
1897 2080 2093 2134 iterum

508 2170 626 2227 ait:
674 2170 1104 2242 Iu'multiloquio
1137 2179 1405 2241 peccatum
1436 2187 1538 2224 non
1578 2170 1741 2225 deerit
1785 2169 1967 2237 (Prov.
2011 2168 2090 2240 Χ).

506 2262 677 2317 Isaias
709 2264 973 2333 pr0pheta
1012 2262 1136 2316 ait:
1167 2261 1352 2317 Cultus
1384 2263 1609 2333 justitia:
1651 2262 1916 2317 silentium
1955 2260 2090 2332 (Isa.

507 2353 708 2423 xxxii).
738 2352 1001 2407 Videlicet
1027 2353 1271 2408 indicans
1296 2352 1423 2422 quia
1465 2353 1661 2407 mentis
1696 2352 1912 2420 justitia
1937 2353 2095 2408 deso-

505 2442 667 2507 latur,
692 2444 908 2513 quando
926 2443 995 2498 ab
1023 2444 1377 2499 immoderata
1401 2444 1668 2499 locutione
1690 2458 1798 2498 non
1826 2444 2088 2513 parcitur.

504 2530 647 2587 Hinc
687 2531 921 2589 Iacobus
964 2535 1041 2589 ait
1068 2554 1082 2589 :
1115 2533 1174 2589 Si
1197 2536 1314 2606 quis
1346 2544 1496 2604 putat
1529 2550 1585 2588 se
1626 2533 1924 2603 religiosum
1958 2549 2089 2599 esse,

504 2638 611 2678 non
640 2624 909 2693 refrenans
938 2624 1172 2695 linguam
1201 2642 1373 2689 suam,
1399 2626 1489 2679 sed
1522 2625 1774 2678 seducens
1803 2641 1893 2678 cor
1912 2640 2086 2687 suum,

504 2712 666 2783 Itusz
693 2730 827 2769 vana
849 2724 925 2769 est
962 2715 1141 2785 religio
1163 2714 1372 2786 (Iacob.
1399 2714 1458 2786 I).
1492 2715 1649 2769 Pravi
1672 2716 1885 2783 quidem
1917 2714 2092 2768 homi-

504 2817 626 2868 nes,
658 2803 800 2859 sicut
822 2805 877 2857 in
906 2819 1068 2859 sensu
1104 2804 1251 2859 leves
1288 2813 1434 2869 sunt,
1472 2805 1544 2857 ita
1579 2804 1632 2857 in
1663 2805 1930 2859 locutione
1956 2820 2090 2873 pra:-

507 2892 738 2962 cipites,
772 2901 828 2949 et
868 2895 1098 2950 reticere
1135 2894 1520 2963 pertractanda
1560 2894 1976 2964 negliguntqute
2012 2895 2089 2949 lo-

505 2990 768 3051 quuntur,
802 2984 896 3038 sed
923 2982 1067 3052 quod
1106 2983 1243 3037 levis
1272 2984 1605 3038 conscientia
1634 2984 1891 3053 concipit,
1920 2984 2091 3039 levior

501 3071 754 3141 protinus
780 3072 959 3142 lingua
986 3072 1255 3143 producit.
1286 3072 1391 3127 Per
1431 3075 1778 3143 semetipsam
1809 3091 1907 3130 nos
1936 3077 2088 3131 Veri-

2193 1882 2331 1938 Nam
2382 1884 2676 1954 prepositis
2730 1884 3246 1953 interrogationibus
3283 1884 3564 1939 cunctatio
3600 1901 3795 1940 rerum

2193 1974 2521 2039 excluditur,
2552 1986 2607 2031 ct
2660 1989 2802 2045 saepe
2834 1974 3230 2045 objectionibus
3258 1974 3432 2030 latens
3457 1978 3669 2031 veritas
3698 1992 3793 2047 ap-

2192 2064 2471 2133 probatur.
2527 2063 2683 2130 Quod
2737 2064 2883 2119 enim
2926 2065 3218 2119 obscurum
3260 2070 3344 2119 est
3393 2072 3490 2118 aut
3535 2065 3791 2131 dubium,

2192 2154 2521 2211 conferendo
2564 2156 2671 2210 cito
2722 2155 3069 2224 perspicitur.
3128 2154 3280 2210 Sicut
3326 2155 3604 2211 instruere
3647 2156 3792 2210 solet

2192 2248 2448 2313 collatio,
2491 2248 2564 2302 ita
2603 2248 2876 2304 contentio
2916 2247 3164 2303 destruit.
3219 2246 3348 2302 Ilaec
3387 2248 3539 2302 enim
3596 2248 3792 2302 relicto

2191 2353 2353 2395 sensu
2395 2337 2657 2402 veritatis,
2700 2335 2823 2391 lites
2864 2343 3108 2405 generat,
3146 2344 3201 2391 et
3246 2337 3542 2406 pugnando
3571 2338 3778 2404 verbis,

2190 2430 2355 2484 etiam
2386 2428 2440 2482 in
2475 2429 2643 2483 Deum
2669 2428 3025 2498 blasphemat.
3053 2427 3237 2482 Lectio
3262 2428 3543 2482 memoria:
3571 2428 3783 2482 auxilio

2190 2527 2335 2590 eget.
2372 2518 2527 2585 Quod
2571 2520 2616 2574 si
2658 2518 2824 2574 fuerit
2866 2519 3190 2574 naturaliter
3225 2518 3466 2583 tardior,
3507 2518 3787 2590 frequenti

2190 2617 2373 2664 tamen
2414 2608 2761 2665 meditatione
2796 2608 3029 2676 acuitur,
3078 2625 3142 2665 ac
3197 2608 3406 2680 legendi
3459 2609 3788 2664 assiduitate

2188 2699 2478 2769 colligitur.
2514 2698 2667 2769 Smpe
2690 2698 2897 2770 prolixa
2918 2700 3078 2755 lectio
3100 2700 3457 2771 longitudinis
3482 2715 3653 2755 causa
3672 2715 3785 2754 me-

2190 2790 2419 2845 moriam
2440 2790 2665 2862 legentis
2687 2792 2983 2848 oblitterat.
3004 2792 3156 2859 Quod
3172 2793 3216 2848 si
3240 2793 3420 2848 brevis
3448 2793 3541 2855 sit,
3569 2792 3791 2848 suban-

2192 2889 2354 2952 toque
2403 2883 2542 2938 libro
2597 2887 2867 2942 sententia
2909 2894 3239 2942 retractatur
3271 2886 3328 2942 in
3373 2887 3600 2952 animo,
3648 2895 3778 2942 tunc

2189 2975 2308 3029 sine
2341 2975 2522 3030 labore
2546 2976 2741 3048 legitur
2769 2992 2784 3031 :
2811 2986 2865 3032 et
2887 2994 2951 3033 ea
2974 2993 3097 3047 qua:
3124 2977 3263 3033 lecta
3289 2986 3416 3033 sunt
3444 2978 3743 3034 recolendo
3760 3020 3779 3043 ,

2193 3068 2455 3122 memoria
2490 3069 2712 3125 minime
2740 3070 3017 3126 excidunt.
3059 3071 3461 3140 Aeeeptabilior
3482 3081 3574 3127 est
3605 3072 3782 3127 sensi-

500 3169 589 3216 tas
602 3161 854 3218 admonet
870 3164 1052 3218 dicens
1078 3181 1091 3216 :
1120 3162 1288 3218 Omne
1305 3164 1514 3218 verbum
1537 3166 1758 3220 otiosum
1772 3167 1911 3236 quod
1926 3167 2085 3221 locuti
2112 3156 2156 3217 C
2187 3158 2287 3214 bus
2312 3159 2471 3214 lectio
2501 3161 2663 3215 taeita
2681 3202 2696 3226 ,
2734 3177 2896 3231 quam
2923 3170 3130 3231 aperta.
3161 3161 3409 3231 Amplius
3438 3163 3592 3217 enim
3624 3163 3781 3218 intel-

500 3253 695 3323 fuerint
717 3254 973 3319 homines,
997 3256 1209 3311 reddent
1242 3255 1307 3309 tle
1328 3275 1387 3312 eo
1414 3260 1668 3313 rationem
1692 3259 1746 3313 iu
1777 3260 1862 3313 die
1887 3260 2085 3330 judicii

500 3340 716 3413 (Matth.
755 3346 874 3415 xu).
926 3344 1171 3401 Otiosum
1211 3350 1409 3419 quippe
1429 3350 1651 3404 verbum
1673 3356 1778 3413 est,
1824 3351 1970 3421 quod
1990 3359 2084 3405 aut

498 3433 712 3489 ratione
731 3433 893 3504 just-se
917 3440 1277 3506 necessitatis,
1308 3450 1400 3496 aut
1426 3442 1724 3497 intentione
1749 3443 1854 3511 pize
1882 3442 2084 3497 utilita-

504 3522 577 3578 tis
604 3533 772 3579 caret.
818 3525 877 3580 Si
919 3542 1048 3597 ergo
1073 3530 1214 3583 ratio
1241 3530 1307 3585 de
1342 3532 1518 3587 otioso
1551 3546 1801 3587 sermone
1827 3534 2080 3602 exigitur,

498 3628 787 3682 pensemus
826 3631 945 3685 qua:
989 3633 1149 3687 pcena
1194 3620 1531 3690 multiloquio
1579 3630 1819 3688 maneat,
1866 3623 1920 3677 in
1974 3638 2083 3693 quo

502 3702 667 3756 etiam
712 3720 809 3773 per
852 3707 1011 3761 noxia
1056 3711 1219 3764 verba
1274 3720 1547 3780 peccatur.
1600 3712 1747 3768 Dixit
1796 3713 2083 3783 aliquando

500 3791 665 3846 etiam
697 3794 864 3849 abbas
909 3794 1097 3867 Sysois
1135 3816 1146 3851 :
1186 3799 1379 3866 Crede,
1422 3802 1602 3867 crede,
1645 3803 1771 3873 quia
1815 3818 1941 3859 ecce
1988 3806 2084 3859 tri-

498 3884 650 3953 ginta
679 3901 849 3942 annos
875 3888 1068 3955 habeo,
1092 3892 1232 3959 quod
1257 3908 1363 3946 non
1386 3894 1645 3963 deprecor
1669 3896 1836 3950 Deum
1862 3906 2083 3967 propter

498 3984 822 4044 peccatum,
890 3978 987 4032 sed
1052 3995 1216 4036 orans
1275 3982 1378 4037 hoc
1435 3983 1559 4037 dico
1604 4001 1618 4037 :
1677 3985 1903 4040 Domine
1952 3984 2079 4041 Jesu

499 4064 734 4132 Christe,
772 4076 990 4140 protege
1018 4086 1155 4125 mea
1186 4071 1366 4142 lingua
1393 4088 1513 4127 mea
1564 4093 1577 4127 :
1627 4083 1681 4129 et
1726 4092 1895 4146 usque
1935 4092 2080 4133 nunc

497 4168 598 4226 per
635 4157 873 4228 singulos
918 4159 1033 4215 dies
1077 4178 1273 4217 corruo
1327 4179 1425 4233 per
1466 4165 1639 4234 ipsam
1695 4175 1751 4221 et
1800 4167 2074 4237 delinquo.

495 4244 681 4302 Abbas
710 4246 1014 4305 Macharius
1040 4251 1210 4321 major
1234 4252 1287 4306 iu
1315 4253 1503 4325 Scythi
1533 4256 1746 4311 dicebat
1771 4255 2032 4313 fratribus
2061 4275 2074 4312 :

499 4336 631 4394 Post
656 4338 849 4393 missas
880 4340 1134 4397 Ecclesia:
1167 4344 1333 4414 fugite
1354 4346 1570 4402 fratres.
1608 4348 1676 4402 Et
1696 4348 1831 4403 dixit
1857 4350 1907 4404 ei
1937 4367 2078 4406 unus

500 4427 669 4482 frater
692 4445 707 4481 :
743 4427 923 4495 Pater,
957 4446 1065 4500 quo
1090 4433 1349 4490 habemus
1378 4436 1563 4506 fugere
1584 4440 1813 4509 amplius
1835 4456 1865 4493 a
1891 4441 2078 4496 solitu-

2187 3249 2358 3305 lectus
2397 3251 2700 3315 instruitur,
2750 3253 2968 3323 quando
3008 3268 3115 3309 vox
3163 3253 3394 3324 legentis
3422 3255 3682 3324 quiescit,
3719 3264 3778 3308 et

2187 3342 2288 3396 sub
2316 3343 2535 3398 silentio
2574 3342 2758 3416 lingua
2791 3353 3062 3403 movetur.
3098 3345 3236 3401 Nam
3260 3346 3408 3402 clare
3435 3347 3695 3417 legendo,
3721 3356 3779 3403 et

2185 3448 2382 3502 corpus
2410 3434 2665 3501 lassatur,
2694 3444 2749 3492 et
2789 3437 2940 3493 vocis
2978 3451 3205 3492 acumen
3241 3437 3591 3494 obtunditur.
3623 3438 3781 3511 k(ille

2184 3544 2345 3597 usque
2371 3526 2532 3599 Isid.)
2575 3527 2722 3583 Dixit
2753 3528 2921 3584 abbas
2950 3529 3200 3600 Pelagius
3231 3548 3243 3584 :
3277 3528 3512 3601 Oportet
3539 3534 3777 3588 animam

2183 3619 2480 3673 secundum
2534 3618 2736 3675 Christi
2785 3620 3118 3674 voluntatem
3165 3630 3583 3676 conversantem
3610 3663 3627 3686 ,
3684 3632 3776 3677 aut

2183 3710 2394 3765 discere
2431 3708 2661 3765 ﬁdeliter
2697 3725 2819 3780 qua:
2863 3710 3056 3775 nescit,
3105 3717 3202 3765 aut
3245 3710 3443 3765 docere
3486 3711 3777 3767 manifeste

2181 3803 2324 3873 quod
2350 3803 2517 3857 novit.
2548 3802 2606 3857 Si
2630 3811 2810 3858 autem
2833 3811 3123 3873 utrumque
3147 3818 3268 3859 cum
3293 3804 3469 3873 possit
3506 3820 3616 3859 non
3641 3807 3774 3868 vult.

2182 3894 2407 3949 insania:
2451 3893 2640 3949 morbo
2670 3894 2899 3948 laborat.
2950 3893 3165 3948 initium
3203 3893 3349 3948 enim
3403 3894 3703 3950 recedendi
3738 3911 3772 3949 a

2181 3983 2316 4047 Deo,
2364 3981 2640 4037 fastidium
2687 3983 2945 4038 doctrina:
2983 3994 3084 4038 est.
3130 3982 3277 4037 Dixit
3317 3984 3491 4039 abbas
3531 3983 3772 4041 Pastor:

2180 4071 2317 4138 Quia
2339 4071 2433 4141 qui
2457 4071 2714 4142 querulus
2734 4082 2836 4135 est,
2880 4072 3181 4127 monachus
3204 4088 3311 4127 non
3342 4080 3460 4139 est;
3493 4074 3590 4143 qui
3619 4073 3775 4129 fratn‘

2180 4179 2279 4218 suo
2303 4164 2559 4229 detrahit,
2594 4164 2891 4219 monachus
2922 4179 3029 4218 non
3065 4173 3181 4228 est;
3211 4165 3305 4235 qui
3340 4166 3644 4222 iracundus
3672 4176 3772 4231 est,

2177 4256 2478 4309 monachus
2508 4271 2615 4310 non
2647 4261 2732 4309 est
2758 4271 2775 4319 ;
2814 4255 2907 4325 qui
2939 4264 3120 4310 autem
3163 4271 3292 4312 vere
3331 4260 3641 4314 monachus
3670 4269 3772 4323 est,

2178 4360 2391 4414 semper
2418 4353 2503 4400 est
2544 4345 2762 4399 humilis
2790 4353 2847 4400 et
2872 4347 3106 4415 quietus,
3138 4357 3195 4401 et
3243 4348 3519 4404 charitate
3557 4352 3770 4419 plenus,

2177 4445 2231 4493 et
2272 4438 2521 4491 timorem
2560 4436 2654 4491 Dei
2685 4451 2797 4505 prie
2820 4437 2992 4492 oculis
3022 4437 3207 4504 habet,
3244 4447 3302 4493 et
3331 4455 3430 4495 cor
3467 4456 3635 4496 suum
3674 4456 3770 4495 cu-

500 4517 627 4571 dine
649 4517 784 4572 ista?
824 4518 891 4573 Et
910 4520 998 4575 ille
1021 4524 1383 4591 respondebat
1402 4526 1628 4597 digitum
1651 4544 1804 4583 suum
1829 4532 2077 4599 ponendo
2107 4528 2154 4586 D
2181 4530 2365 4584 stodit.
2398 4528 2764 4599 Interrogatus
2791 4544 2956 4584 senex
2987 4529 3116 4598 quid
3142 4537 3229 4584 est
3256 4531 3401 4598 quod
3429 4529 3658 4601 legitur,
3692 4532 3772 4585 via

500 4606 556 4661 in
580 4622 695 4674 ore,
726 4608 911 4664 dicens
936 4629 949 4663 :
974 4610 1123 4666 Istud
1143 4621 1226 4669 est
1250 4616 1392 4683 quod
1415 4613 1724 4686 lugicndum
1748 4620 1887 4674 dico.
1917 4621 1982 4674 Et
2003 4623 2081 4677 sic

500 4698 720 4753 intravit
749 4699 804 4754 in
831 4700 1020 4756 cellam
1044 4717 1221 4770 suam,
1252 4713 1304 4759 et
1328 4705 1581 4761 claudens
1603 4708 1820 4773 ostium,
1858 4712 2080 4766 sedebat

500 4790 667 4845 solus.
704 4791 853 4846 Dixit
876 4793 1044 4848 abbas
1080 4791 1301 4865 Sysois:
1334 4794 1470 4861 Quia
1495 4798 1856 4866 peregrinatio
1894 4809 2078 4855 nostra

499 4883 555 4935 in
581 4883 684 4937 hoc
709 4891 794 4937 est
817 4892 878 4937 ut
904 4891 1084 4939 teneat
1108 4886 1270 4941 homo
1290 4902 1353 4941 os
1385 4901 1560 4941 suum.
1598 4888 1745 4943 Dixit
1773 4890 1942 4945 abbas
1972 4889 2079 4962 Hy-

499 4974 727 5044 peritius
760 4992 775 5029 :
807 4975 1103 5032 Monachus
1143 4977 1235 5047 qui
1276 4994 1382 5033 non
1420 4979 1618 5035 retinet
1651 4980 1889 5051 linguam
1919 4996 2072 5037 suam

498 5063 554 5117 in
582 5072 824 5134 tempore
847 5064 1065 5134 furoris,
1102 5084 1279 5139 neque
1320 5069 1599 5140 passiones
1622 5082 1846 5126 caeteras
1874 5075 2075 5141 poterit

496 5154 787 5223 aliquando
832 5157 1139 5226 prohibere.
1186 5157 1332 5212 Dixit
1369 5160 1535 5214 abbas
1574 5159 1846 5231 Longinus
1888 5163 2071 5218 abbati

496 5244 701 5300 Lucio:
729 5245 912 5301 llabeo
944 5254 1053 5302 tres
1079 5248 1473 5319 cogitationes:
1506 5265 1699 5314 unam,
1735 5257 1796 5304 ut
1817 5251 1884 5305 ad
1911 5266 2069 5320 perc-

494 5336 647 5407 grina
666 5351 904 5408 pergam.
933 5338 999 5392 Et
1018 5339 1290 5409 respondit
1311 5340 1361 5393 ei
1385 5355 1548 5394 senex
1575 5358 1589 5394 :
1619 5341 1675 5394 Si
1700 5357 1804 5396 non
1832 5343 2070 5399 tenueris

386 5414 399 5421 ’
496 5424 751 5497 linguam,
775 5443 1095 5499 quocunque
1122 5430 1447 5499 perrexeris,
1478 5447 1584 5486 non
1606 5432 1714 5486 eris
1730 5432 2065 5502 peregrinus.

496 5517 604 5572 Sed
631 5517 840 5573 refrena
863 5520 951 5575 hic
972 5519 1206 5591 linguam
1234 5529 1400 5587 tuam,
1428 5530 1484 5576 et
1497 5522 1605 5577 eris
1626 5523 1787 5577 etiam
1806 5523 1894 5578 hic
1912 5538 2069 5592 pere-

494 5609 697 5677 grinus.
716 5609 906 5668 Frater
926 5613 1536 5685 interrogavitabbatcm
1552 5612 1729 5683 Sysoi,
1744 5614 1925 5669 dicens
1944 5632 1956 5667 :
1973 5615 2071 5670 De-

494 5697 671 5755 sidcro
683 5703 954 5759 custodire
967 5718 1060 5759 cor
1072 5718 1266 5760 meum.
1284 5703 1425 5760 Dicit
1442 5703 1491 5761 ei
1511 5718 1676 5761 senex
1693 5722 1705 5758 :
1725 5703 1791 5759 Et
1803 5706 2069 5775 quomodo

2179 4627 2404 4689 angusta
2429 4627 2476 4673 et
2508 4627 2675 4682 arcta,
2705 4618 3042 4688 respondens
3065 4633 3257 4685 senex,
3286 4619 3364 4672 ait
3396 4636 3410 4672 :
3444 4618 3692 4691 Angusta
3721 4628 3768 4674 et

2176 4718 2324 4763 arcta
2352 4710 2437 4762 via
2467 4717 2566 4773 est,
2593 4715 2655 4761 ut
2674 4707 3086 4777 cogitationibus
3115 4709 3229 4764 suis
3254 4710 3421 4765 homo
3444 4710 3765 4766 violentiam

2175 4796 2361 4860 faciat,
2412 4807 2469 4851 et
2508 4796 2751 4850 abscidat
2791 4803 3013 4865 propter
3057 4796 3225 4851 Deum
3263 4797 3573 4855 voluntates
3614 4814 3761 4855 suas.

2176 4886 2289 4941 Hoc
2317 4892 2399 4939 est
2425 4886 2587 4940 etiam
2617 4886 2760 4955 quod
2801 4886 3061 4955 scriptum
3091 4895 3212 4942 est:
3248 4886 3386 4942 Ecce
3411 4906 3506 4944 nos
3551 4889 3765 4960 reliqui-

2176 4994 2293 5031 mus
2323 4978 2522 5040 omnia,
2572 4986 2620 5030 et
2655 4978 2818 5031 secuti
2859 4993 3040 5032 sumus
3085 4987 3133 5032 te
3179 4978 3397 5051 (Matth.
3444 4981 3571 5048 vn).
3618 4982 3763 5036 Dixit

2175 5084 2341 5125 senex
2367 5086 2380 5122 :
2417 5067 2583 5122 Debet
2605 5068 2902 5122 monachus
2928 5069 3164 5136 quotidie
3188 5084 3347 5124 mane
3372 5079 3430 5125 et
3453 5086 3582 5125 sero
3613 5071 3761 5142 cogi-

2175 5169 2291 5217 tare
2318 5161 2373 5215 in
2403 5159 2709 5229 semetipso,
2741 5159 2870 5228 quid
2903 5158 3031 5214 fecit
3067 5174 3256 5214 eorum
3284 5175 3405 5229 quae
3443 5160 3560 5214 vult
3588 5161 3754 5224 Deus,

2172 5260 2228 5308 et
2254 5266 2374 5323 qua:
2398 5266 2507 5305 non
2531 5249 2694 5305 fecit:
2727 5256 2784 5303 et
2811 5249 2887 5303 ita
2910 5256 3149 5304 tractans
3165 5265 3381 5304 omnem
3403 5251 3570 5304 vitam
3598 5266 3756 5306 suam

2171 5341 2549 5413 paenitentiam
2588 5338 2813 5410 agendo,
2866 5340 3166 5394 monachus
3208 5354 3329 5395 esse
3373 5349 3570 5409 potest.
3606 5340 3754 5394 Dixit

2172 5446 2340 5488 senex
2367 5448 2381 5484 :
2421 5429 2730 5486 Dormiente
2760 5436 2833 5493 te,
2866 5436 2960 5483 aut
2997 5436 3251 5500 surgente
3271 5469 3286 5494 ,
3315 5428 3401 5483 vel
3427 5428 3573 5483 aliud
3618 5428 3755 5497 quid

2174 5520 2430 5587 faciente,
2458 5520 2502 5575 si
2533 5519 2695 5574 fuerit
2728 5517 2869 5574 Deus
2892 5526 3019 5574 ante
3044 5519 3230 5574 oculos
3254 5526 3394 5583 tuos,
3434 5518 3490 5571 in
3520 5518 3666 5571 nullo
3695 5522 3753 5573 to

2174 5613 2428 5671 inimicus
2453 5610 2653 5682 poterit
2682 5610 2977 5674 deterrere,
3005 5618 3062 5665 et
3090 5610 3136 5664 si
3161 5608 3284 5664 talis
3313 5608 3572 5679 cogitatio
3596 5623 3751 5663 manu-

2174 5704 2307 5764 scrit
2332 5705 2385 5760 in
2412 5702 2649 5770 homine,
2675 5705 2837 5757 etiam
2858 5700 2955 5758 Dei
2986 5701 3157 5758 virtus
3182 5708 3365 5756 manet
3387 5700 3440 5754 in
3468 5715 3551 5756 eo.
