4020 6508
241 373 360 437 637

658 568 667 577 κ
846 488 1072 547 CAPUT
1106 489 1240 546 xu.

356 582 437 639 De
459 580 736 637 dilectione
759 581 1008 652 proximi,
1031 588 1079 635 et
1116 580 1440 638 correctione
1468 583 1726 653 fraterna.

323 694 443 751 Duo
480 701 607 749 sunt
630 705 758 762 erga
788 690 1133 747 dilectionem
1166 693 1398 762 proximi
1428 695 1829 762 conservanda;

239 805 418 846 unum
446 801 514 842 ne
543 785 744 841 malum
765 785 887 856 quis
918 784 1134 849 inferat,
1163 784 1393 840 alterum
1418 793 1477 839 ut
1501 770 1700 841 bonum
1732 787 1836 840 im-

241 881 471 952 pendat.
500 878 740 933 Primum
766 885 826 932 ut
856 885 1039 933 caveat
1066 877 1283 943 laedere,
1316 893 1549 948 sequens
1574 887 1633 933 ut
1660 879 1835 934 discat

240 977 426 1025 totum
488 976 730 1039 patrare.
779 966 1033 1022 Amicitia
1081 975 1164 1023 est
1215 967 1517 1024 animorum
1555 969 1830 1025 'societas.

243 1059 379 1115 Haec
430 1059 627 1128 quippe
676 1073 707 1112 a
759 1057 970 1113 duobus
1006 1058 1215 1127 incipit.
1272 1058 1408 1112 Nam
1449 1058 1628 1114 minus
1669 1074 1832 1130 quam

242 1151 393 1206 inter
419 1151 554 1205 duos
582 1150 798 1205 dilectio
826 1135 947 1205 csse
972 1166 1081 1205 non
1112 1150 1330 1220 poterit.
1358 1151 1508 1205 Tunc
1533 1166 1660 1205 vere
1701 1151 1834 1204 ami-

241 1257 349 1297 cus
393 1249 627 1304 amatur,
660 1241 703 1294 si
748 1255 854 1295 non
885 1254 985 1309 pro
1037 1255 1118 1306 se,
1172 1241 1269 1297 sed
1304 1256 1403 1312 pro
1452 1240 1566 1296 Deo
1596 1250 1827 1297 ametur.

242 1332 353 1401 Qui
378 1349 507 1389 vero
534 1350 633 1403 pro
656 1349 713 1389 se
747 1335 981 1391 amicum
1004 1335 1197 1406 diligit,
1228 1336 1547 1406 insipienter
1569 1353 1692 1392 eum
1719 1352 1833 1392 am-

241 1424 522 1494 plectitur.
558 1423 780 1478 Multum
814 1424 867 1479 in
900 1433 1046 1480 terra
1077 1427 1357 1481 demersus
1384 1434 1486 1493 est,
1521 1428 1614 1497 qui
1636 1443 1832 1483 carna-

240 1511 375 1570 liter
402 1514 675 1569 hominem
704 1515 1030 1571 moriturnm
1060 1516 1181 1586 plus
1206 1516 1380 1588 diligit
1405 1532 1568 1586 quam
1591 1524 1827 1587 oportet.

242 1605 433 1679 (Isid.,
470 1605 561 1659 lib.
594 1622 655 1661 ιιι
691 1604 860 1673 Sent.,
892 1624 1008 1677 cap.
1036 1606 1149 1678 52.)
1177 1605 1293 1661 Non
1320 1608 1480 1663 debet
1498 1608 1628 1662 vitia
1655 1608 1830 1663 aliena

242 1699 550 1769 corripere,
577 1698 669 1768 qui
700 1699 876 1754 adhuc
916 1699 1173 1753 vitiorum
1201 1699 1615 1770 contagionibus
1641 1698 1827 1754 servit.

238 1788 555 1859 Improbum
603 1795 687 1842 est
734 1788 879 1842 enim
934 1803 1165 1858 arguere
1208 1803 1534 1857 quemquam
1583 1789 1640 1844 in
1696 1788 1826 1855 alio,

242 1877 391 1948 quod
428 1877 603 1933 adhuc
628 1878 977 1947 reprehendit
1006 1880 1059 1933 in
1083 1880 1391 1949 semetipso.
1423 1879 1526 1947 Qui
1555 1880 1829 1936 veraciter

240 1967 363 2022 vult
420 1983 616 2023 sanare
662 1983 726 2024 ac
770 1970 1045 2039 corripere
1086 1970 1385 2025 fraternam
1434 1971 1826 2039 inﬁrmitatem,

241 2057 410 2113 talem
438 2072 495 2112 se
522 2065 783 2127 prmstare
810 2058 1065 2114 fraterna:
1099 2062 1321 2117 utilitati
1351 2063 1586 2128 studeat,
1615 2072 1676 2117 ut
1702 2079 1829 2119 eum

242 2161 405 2216 quem
436 2147 712 2218 corripere
743 2149 913 2217 cupit,
945 2150 1136 2205 humili
1166 2153 1328 2206 corde
1361 2152 1680 2218 admoneat;
1726 2155 1832 2209 hoc

242 2234 452 2291 faciens
475 2252 541 2291 ex
570 2238 950 2306 compassione
970 2240 1124 2308 quasi
1152 2240 1457 2294 communis
1482 2240 1731 2310 periculi,
1764 2257 1832 2296 ne

239 2325 385 2383 forte
408 2336 463 2383 et
507 2329 624 2399 ipse
658 2327 976 2397 subjiciatur
1008 2329 1314 2385 tentationi.
1348 2327 1502 2384 Sicut
1536 2330 1641 2384 viri
1668 2330 1830 2400 spiri-

242 2417 421 2474 tuales
451 2418 606 2472 alieni
643 2419 854 2487 peccati
900 2419 1334 2474 emendationem
1380 2427 1721 2489 exspectant,
1755 2419 1831 2473 ita

240 2507 485 2578 protervi
545 2508 983 2577 delinquentibus
1047 2508 1342 2564 deridendo
1415 2508 1697 2564 insultant.
1764 2508 1832 2562 Et

243 2605 509 2665 quantum
546 2597 599 2651 in
625 2598 755 2667 ipsis
781 2606 882 2663 est,
908 2610 1001 2651 eos
1026 2597 1354 2652 insanabiles
1373 2604 1586 2666 putant,
1612 2611 1714 2650 nec
1737 2595 1832 2650 de-

244 2684 458 2739 clinant
493 2700 588 2740 cor
613 2685 681 2740 ad
712 2686 1075 2755 compatiendi
1111 2686 1573 2752 misericordiam,
1607 2686 1702 2740 sed
1730 2700 1826 2740 su-

242 2776 622 2847 pervenientes
649 2777 988 2831 detestantur
1017 2785 1180 2845 atque
1211 2776 1610 2847 blasphemant.
1654 2775 1827 2830 Pleri-

244 2880 352 2936 que
381 2858 778 2937 correptionem
824 2884 978 2924 suam
1030 2867 1265 2923 cilicium
1318 2869 1602 2924 charitatis
1640 2869 1829 2924 existi-

243 2968 416 3015 mant.
463 2960 718 3031 Plerique
753 2976 884 3016 vero
926 2962 1030 3017 hoc
1076 2962 1251 3030 ipsum
1286 2963 1429 3032 quod
1468 2977 1534 3016 ex
1561 2962 1827 3017 charitate

244 3054 611 3124 corripiuntur
636 3056 704 3109 ad
736 3053 943 3123 injuria:
977 3054 1361 3109 contumeliam
1400 3053 1639 3109 trahunt.
1672 3054 1826 3110 Unde

244 3147 427 3201 evenit
473 3156 534 3202 ut
585 3162 651 3201 ex
707 3163 773 3202 eo
829 3147 1127 3202 deteriores
1179 3146 1498 3213 efﬁciantur,
1542 3163 1637 3217 per
1683 3147 1824 3216 quod

245 3238 521 3293 emendari
553 3238 850 3294 obediendo
878 3246 1188 3309 potuerunt.
1227 3239 1529 3294 Salubriter
1555 3239 1829 3309 accipiunt

238 3325 373 3398 justi
409 3326 622 3395 quoties
651 3327 716 3381 de
747 3327 859 3382 suis
897 3327 1211 3382 excessibus
1253 3336 1572 3398 arguuntur.
1620 3327 1828 3396 iniquis

243 3415 474 3470 molesta
513 3425 596 3470 est
640 3417 862 3481 veritas,
900 3423 955 3470 et
998 3432 1182 3471 amara
1235 3416 1519 3485 disciplina
1563 3416 1825 3485 justitirc;

243 3520 348 3561 nec
373 3505 707 3560 delectantur
742 3506 845 3560 nisi
876 3506 1143 3575 placentia
1166 3507 1394 3575 propria:
1420 3506 1825 3561 imbecillitatis.

245 3593 422 3650 Corda
447 3597 797 3666 reproborum
845 3596 1050 3650 lubrica
1091 3605 1216 3649 sunt
1261 3596 1328 3649 ad
1372 3595 1574 3652 malum
1604 3612 1832 3651 consen-

244 3685 489 3740 tiendum
521 3694 575 3739 et
595 3686 760 3750 fluxa,
790 3687 854 3739 ad
875 3686 1074 3740 bonum
1108 3702 1237 3741 vero
1259 3687 1703 3741 consentiendum
1736 3688 1830 3742 du-

244 3776 481 3831 rissima.
517 3778 592 3831 De
622 3777 818 3831 talibus
849 3776 1102 3831 Salomon
1125 3779 1204 3832 ait
1237 3796 1248 3831 :
1275 3777 1379 3843 Qui
1416 3779 1590 3831 erudit
1632 3778 1831 3833 deriso-

246 3883 377 3932 rem,
404 3867 514 3937 ipsa
545 3867 642 3920 sibi
673 3867 804 3936 facit
827 3866 1081 3934 iniuriam
1107 3865 1288 3938 (Prov.
1319 3883 1398 3931 lx,
1423 3865 1534 3935 xv).
1572 3868 1649 3922 De
1686 3868 1830 3922 bono

247 3965 466 4013 autem:
504 3956 643 4010 Doce
681 3957 887 4027 justum
926 3957 1144 4027 (inquit)
1176 3970 1224 4011 et
1262 3958 1529 4027 festinabit
1572 3959 1825 4028 accipere.

245 4046 315 4102 In
342 4047 518 4102 odium
545 4049 679 4102 enim
706 4057 883 4101 contra
912 4049 1272 4118 corripientem
1296 4067 1371 4113 se,
1398 4050 1616 4102 vortitur
1634 4048 1825 4104 mulus.

1456 382 1760 438 DIADEMA
1799 383 2310 445 MONACHORUM.

3416 393 3523 451 658

1858 508 1911 565 Α
1935 499 2128 553 stultus
2174 509 2248 554 est
2275 496 2457 569 (Prov.
2484 515 2563 563 1x,
2606 500 2727 574 xu).
2779 500 2887 559 Sed
2928 500 3057 573 quia
3085 501 3375 574 Apostolus
3404 505 3521 561 ait:

1935 584 2196 654 Corripite
2228 587 2505 657 inquietos,
2548 589 2893 646 consolamini
2916 590 3316 662 pusillanimes,
3348 596 3522 650 susci-

1931 676 2039 746 pite
2076 675 2335 744 inﬁrmos,
2378 679 2633 747 patientes
2661 689 2824 735 estote
2849 681 2919 735 ad
2947 699 3123 739 omnes
3156 683 3210 756 (I
3235 684 3414 741 Thess.
3438 685 3522 759 v),

1933 779 2160 820 necesse
2185 775 2350 821 estut
2384 767 2473 821 hic
2496 769 2583 837 pia
2619 769 2841 825 Patrum
2876 775 3230 844 correptionis
3257 791 3523 845 ponamus

1920 848 2202 923 exempla.
2231 853 2463 910 Oﬂ‘endit
2494 856 2782 925 aliquando
2810 856 2978 915 frater
3004 861 3057 915 in
3079 864 3520 935 congregatione,

1930 944 2253 1014 etexpulsus
2263 953 2347 1000 est
2358 944 2798 1015 foras.Expulsus
2811 956 2992 1003 autem
3005 948 3070 1004 de
3083 953 3518 1023 congregatione,

1932 1036 2082 1090 misit
2109 1052 2169 1091 se
2194 1037 2249 1091 in
2273 1047 2571 1104 carectum,
2599 1047 2654 1094 et
2682 1037 2844 1094 ﬂebat
2864 1040 2959 1095 ibi.
2987 1040 3224 1114 Contigit
3249 1053 3433 1101 autem
3459 1054 3523 1101 ut

1932 1125 2023 1181 alii
2071 1125 2270 1182 fratres
2297 1136 2489 1184 euntes
2539 1129 2608 1183 ad
2645 1128 2900 1184 abbatem
2943 1140 3239 1200 pastorem,
3269 1136 3523 1191 audirent

1930 1230 2054 1272 eum
2100 1218 2429 1286 plorantem.
2469 1218 2572 1285 Qui
2602 1219 2995 1275 descendentes
3029 1222 3098 1276 ad
3122 1236 3269 1289 eum,
3300 1224 3519 1280 invene-

1932 1314 2058 1360 runt
2086 1321 2208 1362 eum
2236 1323 2434 1379 magno
2475 1309 2661 1363 labore
2700 1309 3166 1375 constrictum,-et
3187 1325 3520 1383 rogaverunt

1930 1412 2056 1452 eum
2089 1406 2149 1451 ut
2196 1397 2302 1454 iret
2340 1399 2410 1453 ad
2451 1414 2638 1454 senem
2677 1398 2829 1453 illum
2858 1398 3180 1464 solitarium,
3211 1409 3393 1457 etnon
3422 1418 3519 1459 ac-

1931 1491 2155 1562 quievit,
2194 1491 2380 1548 dicens
2423 1511 2437 1548 :
2479 1493 2537 1548 in
2565 1494 2669 1548 hoc
2695 1493 2817 1548 loco
2846 1495 3050 1548 moriar
3091 1509 3213 1563 ego.
3243 1496 3523 1552 Venerunt

1931 1590 2112 1637 autem
2140 1581 2339 1637 fratres
2368 1583 2437 1637 ad
2459 1583 2710 1638 abbatem
2744 1582 3045 1650 Pastorem,
3078 1592 3134 1639 et
3158 1597 3521 1642 narraverunt

1929 1671 1979 1726 ei
2015 1670 2081 1725 de
2107 1686 2192 1726 eo.
2222 1671 2289 1725 Et
2318 1672 2527 1741 rogavit
2553 1688 2669 1739 eos,
2716 1681 2775 1728 ut
2803 1674 2943 1728 irent
2970 1674 3039 1728 ad
3079 1688 3205 1728 eum
3237 1675 3519 1731 dicentes:

1928 1757 2111 1814 Abbas
2136 1759 2329 1815 Pastor
2350 1770 2510 1815 vocat
2532 1768 2585 1815 te
2613 1761 2681 1815 ad
2709 1776 2787 1816 se.
2813 1762 2967 1829 Quod
2996 1777 3118 1817 cum
3146 1764 3196 1817 ei
3223 1764 3516 1831 dixissent,

1854 1854 1902 1913 B
1928 1849 2171 1917 perrexit
2195 1848 2263 1903 ad
2285 1864 2429 1905 eum.
2454 1850 2723 1906 Etvidens
2744 1866 2870 1905 eum
2895 1866 3063 1906 senex
3090 1850 3371 1918 alllietum,
3399 1868 3524 1908 sur-

1931 1940 2073 1993 rexit
2093 1948 2150 1994 et
2172 1941 2448 1996 osculatus
2479 1948 2563 2005 est
2597 1957 2743 1997 eum.
2787 1943 2856 1997 Et
2883 1943 3193 2014 adgaudens
3214 1944 3265 1999 ei
3296 1944 3524 2014 rogabat

1930 2035 1992 2081 ut
2039 2037 2280 2083 sumeret
2306 2030 2509 2085 cibum.
2544 2029 2645 2098 Qui
2676 2038 2731 2087 et
2759 2032 2838 2086 ita
2874 2031 3023 2088 fecit.
3060 2032 3256 2087 Frater
3284 2033 3521 2089 interro-

1931 2119 2077 2189 gavit
2134 2119 2385 2174 abbatem
2429 2121 2711 2177 Pastorem
2763 2123 2952 2177 dicens
3001 2137 3016 2176 :
3065 2122 3193 2178 Feci
3239 2132 3524 2193 peccatum

1932 2210 2155 2279 grande,
2185 2218 2242 2264 et
2267 2210 2389 2264 volo
2421 2210 2715 2266 triennium
2754 2212 3042 2280 pmnitere.
3079 2210 3230 2266 Dixit
3258 2219 3440 2267 autem
3470 2213 3524 2268 ei

1934 2301 2103 2354 abbas
2124 2299 2320 2355 Pastor
2345 2319 2358 2354 :
2390 2301 2618 2356 Multum
2643 2312 2745 2358 est.
2777 2303 2847 2357 Et
2869 2302 3009 2360 dixit
3028 2303 3081 2359 ei
3110 2302 3280 2358 frater
3310 2322 3324 2360 :
3354 2304 3521 2360 Jubes

1932 2404 2101 2443 unum
2129 2404 2349 2445 annum.
2382 2392 2449 2445 Et
2484 2393 2620 2447 dixit
2664 2393 2862 2448 iterum
2900 2408 3065 2449 senex
3098 2411 3112 2447 :
3146 2393 3372 2449 Multum
3416 2403 3522 2451 est.

1934 2479 2039 2548 Qui
2065 2488 2242 2535 autem
2263 2490 2561 2551 praesentes
2583 2493 2773 2550 erant,
2811 2485 3063 2540 dicebant
3092 2501 3262 2556 usque
3287 2486 3357 2541 ad
3388 2503 3516 2558 qua-

1934 2572 2183 2643 draginta
2223 2574 2359 2630 dies.
2395 2575 2575 2631 Senex
2618 2577 2815 2632 iterum
2842 2577 3022 2632 dixit:
3058 2578 3282 2633 Multum
3321 2590 3424 2634 est.
3456 2579 3528 2635 Et

1934 2663 2131 2733 adjecit
2144 2665 2330 2721 dicens
2347 2685 2361 2720 :
2384 2666 2494 2739 Ego
2509 2678 2640 2737 puto
2654 2670 2779 2739 quia
2798 2670 2841 2725 si
2863 2676 2977 2724 toto
2990 2671 3152 2725 corde
3167 2671 3329 2726 homo
3349 2670 3523 2740 potni-

1933 2756 2156 2810 tentiam
2179 2765 2323 2828 agat,
2346 2758 2510 2813 etiam
2526 2760 2845 2814 .triduanam
2864 2761 3237 2831 pmnitentiam
3260 2760 3526 2832 suscipiat

1933 2842 2097 2899 Deus.
2121 2844 2482 2917 Interrogavit
2509 2849 2676 2903 abbas
2703 2847 2905 2919 Ioseph
2936 2850 3186 2904 abbatem
3214 2849 3520 2906 Pastorem.

1896 2966 1901 2969 »
1931 2936 2118 2992 dicens
2144 2954 2157 2990 :
2206 2936 2486 3004 Quomodo
2506 2953 2641 3009 opus
2667 2946 2752 2994 est
2782 2939 3065 3010 jejunare?
3088 2941 3156 2994 Et
3184 2941 3321 2995 dixit
3348 2941 3519 2996 abbas
3609 2992 3620 3007 ,

1928 3013 2159 3082 Pastor:
2188 3027 2301 3098 Ego
2326 3028 2450 3083 volo
2484 3037 2543 3083 ut
2570 3031 2809 3098 quotidie
2839 3031 2963 3101 quis
2989 3030 3348 3096 manducans,
3376 3045 3518 3100 pau-

1930 3116 2098 3171 lulum
2131 3117 2416 3171 subtrahat
2456 3119 2558 3173 sibi
2588 3135 2656 3175 ne
2684 3120 2932 3175 satietur.
2978 3121 3046 3175 Et
3082 3122 3220 3176 dixit
3262 3122 3312 3177 ci
3350 3122 3523 3177 abbas

1854 3201 1898 3263 C
1928 3207 2129 3275 Joseph
2147 3224 2159 3259 :
2178 3206 2319 3276 Ergo
2345 3210 2561 3277 quando
2587 3225 2711 3265 eras
2729 3211 2965 3280 juvenis,
3001 3228 3107 3267 non
3130 3212 3414 3281 jejunabas
3442 3214 3523 3267 bi-

1932 3298 2176 3353 duanas?
2217 3299 2365 3354 Dixit
2410 3316 2575 3355 senex
2620 3320 2632 3355 :
2683 3301 2856 3357 Crede
2889 3304 3041 3367 mihi,
3090 3303 3283 3369 frater,
3315 3304 3441 3374 quia
3467 3312 3524 3359 et

1933 3387 2233 3449 triduanas,
2268 3397 2324 3442 et
2351 3388 2767 3444 hebdomadam.
2822 3390 2928 3445 Sed
2971 3393 3084 3446 haec
3109 3393 3291 3446 omnia
3329 3395 3525 3463 proba-

1930 3486 2127 3533 verunt
2169 3492 2326 3533 senes
2366 3480 2567 3550 magni,
2607 3489 2665 3536 et
2691 3482 3017 3537 invenerunt
3044 3484 3171 3551 quia
3202 3483 3404 3539 bonum
3435 3493 3524 3540 est

1929 3568 2174 3637 quotidie
2220 3569 2569 3635 manducare,
2614 3586 2808 3641 parum
2861 3572 2966 3628 sibi
3019 3574 3409 3640 subtrahendo,
3463 3582 3523 3630 et

1930 3658 2295 3712 ostenderunt.
2336 3659 2494 3715 nobis
2538 3660 2681 3715 viam
2721 3663 2862 3717 hanc
2906 3663 3162 3734 regalem,
3194 3664 3322 3735 quia
3351 3665 3525 3723 levior

1929 3757 2015 3803 est
2040 3756 2097 3803 et
2122 3748 2319 3803 facilis.

2514 3817 2744 3875 CAPUT
2780 3820 2939 3876 XLII.

2392 3888 2470 3943 De
2501 3890 2611 3942 zelo
2639 3893 2863 3959 pastoris
2894 3892 3065 3959 oﬂicii.

2000 3955 2204 4029 (στερη
2227 3959 2282 4012 in
2304 3958 2498 4013 Ezeclt.
2528 3959 2619 4013 lib.
2639 3955 2684 4023 ἰ,
2706 3961 2847 4015 hom.
2880 3955 3202 4031 1‘1.)Omnis
3222 3964 3523 4034 spiritualis

1930 4050 2078 4104 zelus
2106 4050 2343 4104 doctoris
2383 4051 2624 4104 animum
2676 4050 2845 4118 frigit,
2883 4052 3007 4122 quia
3049 4052 3204 4107 valde
3244 4055 3522 4111 cruciatur

248 4134 425 4210 (Creg.
444 4136 533 4190 lib.
553 4154 641 4202 xx,
660 4154 706 4191 c.
724 4138 812 4200 “li,
836 4137 1030 4207 Expos.
1056 4154 1213 4201 mor.,
1232 4138 1398 4191 inJob
1422 4155 1539 4208 cap.
1570 4139 1702 4209 χιχ).
1722 4138 1829 4193 Sed
1930 4139 2056 4193 dum
2087 4138 2330 4193 infirmos
2369 4153 2613 4208 quosque
2637 4148 2844 4194 aeterna
2873 4140 3127 4196 deserere
3145 4182 3160 4207 ,
3189 4143 3353 4196 rebus
3384 4150 3519 4197 tem-

246 4225 756 4297 siabincrepatione
780 4228 1140 4283 iiiiusidcirco
1158 4228 1468 4293 reticemus,
1486 4229 1612 4298 quia
1639 4237 1827 4283 contra
1926 4226 2203 4297 poralibus
2228 4226 2486 4281 delectari
2534 4228 2817 4297 conspicit.
2859 4226 3073 4282 Nullum
3116 4230 3313 4299 quippe
3341 4231 3518 4286 omni-

246 4320 774 4390 nosinsurgereodia
795 4320 1287 4385 formidamus,non
1304 4306 1577 4388 jamlucra
1599 4320 1828 4386 Dei,sed
1928 4316 2134 4387 potenti
2163 4315 2273 4371 Deo
2299 4315 2403 4371 tale
2435 4323 2519 4372 est
2545 4310 2891 4382 ἐθοτίίῖϐἱωην
2922 4319 3081 4389 quale
3111 4329 3196 4374 est
3222 4320 3368 4376 zelus
3399 4320 3519 4376 ani-

245 4419 433 4465 nostra
450 4413 639 4482 procul
658 4412 819 4467 dubio
843 4414 1155 4484 qumrimus.
1185 4411 1475 4467 Sciendum
1499 4426 1828 4481 magnopere
1927 4423 2162 4472 marum,
2193 4408 2334 4464 sicut
2354 4407 2642 4464 Psalmista
2669 4409 2745 4464 ait
2777 4425 2791 4462 :
2822 4408 2978 4465 Zelus
3000 4411 3186 4464 domus
3212 4421 3317 4465 tuae
3346 4429 3521 4468 come-

246 4512 332 4559 est
357 4505 499 4574 quod
522 4522 909 4576 nonnunquam
935 4523 1057 4562 cum
1085 4507 1483 4576 redarguuntur
1511 4507 1686 4577 pravi,
1727 4506 1826 4562 de-
1852 4541 1904 4577 η
1929 4497 2005 4551 dit
2032 4514 2113 4551 me
2144 4496 2317 4570 (Psal.
2362 4501 2576 4571 varn).
2623 4500 2895 4566 Quantum
2934 4500 3140 4555 frixura
3186 4502 3365 4557 cordis
3394 4518 3516 4572 quae

247 4595 479 4651 teriores
513 4596 773 4659 existunt,
807 4611 1012 4665 nosque
1040 4597 1252 4667 magnis
1280 4596 1419 4652 odiis
1447 4597 1824 4665 insequuntur.
1855 4588 1899 4601 ”
1930 4603 2031 4659 pro
2060 4588 2329 4658 spirituali
2376 4590 2494 4645 zelo
2535 4591 2734 4661 agitur.
2766 4591 3119 4662 omnipotenti
3151 4591 3381 4647 Domino
3408 4593 3521 4663 pla-

246 4685 384 4758 lpsis
411 4701 541 4758 ergo
569 4696 623 4743 et
660 4703 767 4742 non
811 4687 966 4742 nobis
1011 4688 1309 4756 parcimus,
1339 4687 1384 4741 si
1413 4687 1482 4742 ab
1519 4702 1707 4742 eorum
1746 4702 1832 4742 re-
1932 4688 2038 4745 cel.
2067 4690 2250 4749 aperte
2281 4680 2605 4747 ostenditur,
2637 4696 2761 4736 cum
2791 4681 2976 4736 oﬂ’erri
3004 4697 3102 4752 per
3128 4682 3303 4753 legem
3339 4683 3517 4739 simila

249 4777 569 4848 dargutione
614 4793 715 4847 pro
762 4794 948 4832 eorum
992 4792 1174 4831 amore
1221 4793 1519 4833 cessamus.
1556 4776 1708 4833 Unde
1737 4793 1833 4833 ne-
1933 4774 1987 4830 in
2026 4776 2294 4830 sacrificio
2318 4774 2561 4843 jubetur.
2611 4773 2887 4844 Scriptum
2917 4776 3114 4844 quippe
3137 4783 3223 4830 est
3256 4793 3269 4829 :
3305 4773 3375 4829 In
3407 4793 3518 4829 sar-

247 4883 398 4925 cesse
420 4877 503 4925 est
533 4870 686 4924 nobis
706 4877 764 4923 ut
787 4868 1074 4939 aliquando
1098 4868 1390 4924 toleremus
1420 4869 1656 4924 tacendo
1686 4869 1831 4938 quod
1933 4867 2105 4938 tagine
2131 4865 2243 4920 oleo
2264 4883 2540 4937 conspersa
2561 4866 2808 4936 frigotur,
2838 4867 3121 4938 o/feretgue
3141 4883 3257 4921 eam
3286 4865 3516 4921 calidam

250 4969 405 5026 sunt,
450 4968 714 5029 quatenus
742 4960 796 5014 in
825 4960 983 5014 nobis
1017 4960 1229 5014 discant
1271 4959 1501 5013 videndo
1531 4960 1675 5029 quod
1714 4976 1827 5015 non
1931 4958 1987 5011 in
2010 4957 2221 5011 odorem
2255 4957 2621 5012 suavissimum
2666 4956 2891 5011 Domino
2940 4958 3204 5023 sacerdos,
3243 4958 3334 5029 qui
3376 4958 3516 5027 patri

249 5058 394 5106 sunt.
429 5050 545 5105 Non
566 5058 652 5105 est
675 5050 894 5105 omnino
910 5049 1059 5118 justo
1086 5050 1405 5115 timendum,
1431 5065 1501 5106 ne
1525 5050 1652 5105 dum
1683 5052 1833 5120 quis-
1924 5047 2048 5117 jure
2075 5048 2460 5113 successerit,et
2480 5057 2589 5102 tota
2610 5048 2994 5103 cremabiturin
3022 5049 3181 5103 altari
3203 5049 3390 5121 (Lavit.
3413 5050 3515 5119 vr).

249 5160 355 5217 que
379 5146 689 5215 corripitur,
737 5146 1090 5200 contumelias
1128 5144 1347 5210 inferat,
1392 5145 1486 5200 sed
1527 5159 1595 5199 ne
1626 5152 1832 5199 tractus
1933 5140 2085 5195 Tunc
2123 5140 2298 5195 simila
2328 5141 2382 5194 in
2413 5141 2692 5211 sartagine
2716 5141 2953 5212 frigitur,
2982 5157 3104 5197 cum
3136 5141 3335 5196 munda
3363 5156 3518 5197 mens

249 5238 319 5293 ad
343 5232 526 5293 odium
546 5279 561 5304 ,
592 5238 746 5309 pejor
774 5237 889 5295 fiat.
935 5235 1246 5291 Cavendum
1276 5249 1619 5305 summopere
1652 5242 1737 5288 est
1763 5249 1833 5289 nc
1927 5230 2058 5301 justi
2085 5247 2182 5301 per
2211 5231 2310 5286 zcli
2354 5232 2529 5286 sancti
2564 5232 2814 5288 ardorem
2852 5240 3146 5287 crematur.
3187 5232 3316 5298 Quae
3356 5244 3515 5286 cons-

248 5330 605 5386 immoderate
647 5329 881 5401 linguam
926 5327 1228 5398 loquacitas
1265 5327 1568 5395 pertrahat,
1599 5340 1830 5395 eamque
1931 5324 2080 5395 pergi
2110 5324 2230 5379 oleo
2259 5324 2590 5394 praccipitur,
2638 5324 2691 5379 id
2735 5334 2839 5389 est,
2879 5340 3001 5379 cum
3030 5338 3128 5394 per
3155 5323 3434 5378 charitatis
3463 5332 3520 5378 et

250 5423 320 5478 ad
348 5422 629 5478 lasciviam
656 5420 1069 5476 obtrectationis
1099 5420 1373 5483 extendat,
1406 5432 1473 5473 ne
1499 5418 1684 5472 odium
1712 5432 1829 5471 ma-
1935 5416 2323 5473 misericordia:
2360 5417 2571 5473 viscera
2598 5418 2655 5474 in
2678 5425 2968 5487 conspectu
2997 5414 3386 5485 omnipotentis
3416 5415 3514 5471 Dei

248 5512 367 5567 litia
395 5514 609 5576 excitet,
643 5519 699 5566 et
727 5522 898 5579 usque
932 5509 998 5565 ad
1033 5508 1211 5578 jacula
1243 5508 1636 5563 maledictionis
1666 5506 1824 5563 incli-

248 5611 361 5661 net.
390 5602 528 5661 Hinc
567 5601 824 5660 Salomon
866 5601 963 5657 ait.
999 5601 1174 5671 Argue
1202 5600 1507 5669 sapientem,
1539 5607 1585 5652 et
1629 5597 1824 5651 amabit

251 5704 322 5759 te,
347 5696 697 5768 insipientem,
722 5704 772 5749 et
796 5694 1007 5765 adjiciet
1035 5692 1205 5747 odisse
1224 5702 1292 5746 te.
1334 5691 1438 5757 Qui
1463 5690 1633 5761 diligit
1658 5690 1821 5743 disci-

254 5787 469 5854 olinam,
513 5787 682 5859 diligit
706 5802 933 5843 sensum.
980 5782 1119 5838 Nam
1153 5782 1242 5853 qui
1272 5781 1380 5837 odit
1413 5790 1712 5851 arguentem
1742 5796 1815 5846 sc,

1933 5507 2086 5564 ardet
2109 5516 2163 5562 et
2201 5507 2362 5566 lucet.
2397 5509 2550 5566 Unde
2588 5517 2643 5565 et
2676 5508 2852 5564 calida
2896 5507 2953 5562 in
2992 5506 3212 5562 odorem
3257 5508 3515 5564 suavissi-

1930 5614 2078 5654 mum
2126 5599 2354 5657 Domino
2401 5601 2582 5657 offerri
2628 5599 2960 5671 praecipitur,
3004 5598 3130 5670 quia
3176 5599 3220 5653 si
3272 5614 3514 5655 amorem

1931 5691 2078 5747 zelus
2105 5708 2213 5749 non
2239 5693 2422 5758 habet,
2453 5708 2515 5748 ea
2543 5707 2664 5761 qua:
2696 5689 2762 5744 de
2789 5688 3065 5757 sartagine
3086 5682 3505 5753 oil’ertur,calo-

1927 5795 2040 5838 rem
2062 5782 2236 5840 simila
2259 5783 2456 5840 amisit.
2493 5780 2795 5837 Notandum
2829 5777 2984 5837 valde
3010 5788 3094 5837 est
3123 5781 3244 5852 quis
3272 5779 3505 5836 similam
