4020 6526
479 376 584 433 639

1766 362 2121 420 SMARAGDI
2157 360 2448 417 ABBATIS

3648 362 3761 420 640

479 489 675 548 offerre
708 485 1040 561 praecipitur,
1063 482 1314 540 videlicet
1340 481 1592 538 sacerdos
1620 481 1758 552 patri
1779 482 1901 551 jure
1931 496 2047 535 suc-
2084 484 2137 542 Α
2161 477 2255 531 tim
2282 476 2557 546 corrigere
2597 488 2940 544 nequaquam
2963 473 3261 530 existimat.
3308 472 3451 529 Nam
3492 473 3541 529 si
3581 474 3764 529 corri-

480 579 726 639 cesscrit.
767 579 861 634 Ille
900 578 1043 632 enim
1073 576 1331 631 sacerdos
1365 575 1507 645 patri
1535 572 1660 642 jure
1698 571 1942 628 succedit
1966 573 2060 642 qui

2163 586 2295 641 gere
2324 578 2504 639 potest
2532 576 2588 623 et
2614 565 2956 631 dissimulat,
2998 581 3186 621 verum
3223 574 3310 621 est
3348 566 3496 636 quod
3522 579 3765 621 consen-

481 687 603 729 esse
625 686 685 727 se
710 668 1097 740 omnipotentis
1114 667 1213 723 Dei
1237 667 1409 721 ﬁlium
1434 666 1678 722 moribus
1702 665 2059 730 demonstrat,
2160 676 2282 718 sum
2307 660 2511 716 erroris
2532 658 2692 713 alieni
2716 658 2930 712 habeat.
2950 655 3275 726 Plerumque
3300 655 3481 711 sancti
3502 654 3766 712 doctam

482 768 540 817 et
568 760 660 831 qui
689 775 721 814 a
749 757 1031 813 nobilitate
1057 755 1270 821 intima,
1307 768 1532 824 cperam
1560 768 1782 809 suorum
1811 751 2062 823 ignobili-
2161 766 2261 822 pro
2281 750 2407 806 mali
2427 747 2748 820 pertinacia,
2766 746 3124 817 quiainiquos
3135 745 3430 800 emendare
3451 754 3761 813 nequeunt,

485 858 597 908 tate
622 867 730 907 non
753 850 1044 918 discrepat.
1069 846 1197 913 Quae
1228 847 1282 901 in
1322 846 1480 900 altari
1516 852 1629 901 tota
1667 844 1901 900 cremari
1927 858 2066 914 prae-

486 944 706 1015 cipitur,
742 950 805 997 ut
829 940 1080 995 videlicet
1111 938 1484 994 holocaustum
1514 936 1626 992 ﬁat.
1656 935 1845 991 Simila
1881 936 2066 1005 itaque

486 1036 542 1091 in
568 1033 840 1104 sartagine
866 1039 951 1087 est
983 1031 1182 1086 munda
1219 1028 1522 1096 mensjusti
1548 1028 1602 1083 in
1633 1027 1735 1082 zeli
1768 1023 2068 1095 spiritualis

487 1123 799 1188 alllictione,
814 1137 936 1191 qua:
954 1136 1053 1191 per
1072 1119 1488 1176 sollicitudinem
1503 1118 1808 1175 animarum
1828 1114 2066 1184 frigitur,

487 1222 545 1270 et
582 1230 690 1269 non
728 1213 903 1269 solum
951 1210 1302 1274 sacriﬁcium,
1352 1209 1448 1265 sed
1485 1209 1653 1263 etiam
1692 1206 2069 1262 holocaustum

489 1304 720 1359 Domino
747 1317 865 1359 esse
896 1301 1208 1371 deputatur.
1257 1298 1543 1355 Sumamus
1588 1314 1709 1369 ergo
1747 1296 2068 1366 sartaginem

491 1395 738 1466 ferream,
767 1402 816 1448 et
841 1408 1097 1464 ponamus
1119 1407 1234 1447 eam
1259 1406 1468 1446 murum
1500 1391 1728 1460 ferreum
1750 1390 1888 1443 inter
1913 1405 2006 1442 nos
2021 1397 2070 1442 et

491 1485 754 1542 civitatem
784 1470 999 1556 (Bacch.
1032 1482 1131 1555 ιν),
1169 1483 1225 1539 id
1253 1492 1356 1548 est,
1388 1496 1729 1537 assumamus
1759 1481 1934 1535 zelum
1963 1479 2072 1537 for-

494 1584 605 1631 tem
629 1615 646 1641 ,
692 1582 754 1629 ut
786 1575 930 1629 inter
974 1588 1073 1630 nos
1100 1581 1157 1628 et
1191 1572 1455 1628 auditoris
1494 1571 1668 1627 nostri
1708 1571 1944 1625 animam
1990 1570 2072 1625 in-

493 1666 775 1720 veniamus
834 1666 976 1720 banc
1033 1663 1376 1733 postmodum
1429 1661 1626 1717 fortem
1692 1660 2067 1716 munitionem.

495 1753 649 1811 Tunc
671 1755 817 1811 enim
860 1756 1005 1810 hunc
1030 1769 1246 1809 murum
1285 1751 1526 1808 ferreum
1559 1750 1830 1806 inventuri
1858 1764 2068 1813 sumus,

2163 843 2250 897 his
2303 849 2485 895 tacere
2539 839 2833 910 disponunt
2884 855 2897 892 :
2952 837 3049 891 sed
3100 835 3339 891 calorem
3376 835 3617 905 spiritus
3656 851 3767 904 quo

2166 940 2397 1003 aguntur
2423 931 2576 985 ferre
2596 944 2705 983 non
2737 927 3096 992 sustinentes,
3120 925 3314 980 iterum
3346 925 3404 979 in
3432 925 3771 994 increpatio-

2166 1037 2290 1078 nem
2316 1020 2606 1093 prosiliunt
2640 1018 2971 1088 iniquorum.
3005 1017 3106 1085 Qui
3136 1024 3397 1086 praesunt,
3438 1030 3544 1086 pro
3578 1016 3770 1071 subdi-

2168 1124 2347 1171 torum
2388 1111 2675 1181 iniquitate
2716 1111 3063 1173 damnantur,
3095 1108 3270 1163 si-eos
3305 1115 3400 1161 aut
3441 1106 3773 1177 ignorantes

2167 1220 2277 1260 non
2307 1202 2599 1267 erudiant,
2646 1207 2741 1255 aut
2772 1206 3062 1270 peccantes
3088 1212 3197 1252 non
3222 1204 3460 1268 arguant
3491 1213 3507 1249 :
3548 1196 3771 1250 dicente

2170 1295 2398 1351 Domino
2428 1293 2495 1348 ad
2519 1292 2839 1362 prophetam
2874 1307 2889 1344 :
2921 1288 3314 1361 Speculatorem
3352 1298 3401 1342 te
3426 1287 3557 1342 dedi
3589 1286 3774 1340 danai

2170 1386 2361 1442 Israel.
2391 1385 2454 1442 Si
2489 1404 2592 1442 non
2614 1386 2777 1456 fueris
2799 1382 3025 1449 locutus,
3052 1392 3111 1436 ut
3139 1399 3194 1437 se
3218 1381 3487 1436 custodiat
3510 1380 3715 1449 impius
3738 1395 3772 1431 α

2170 1478 2255 1533 via
2283 1495 2406 1544 sua,
2453 1476 2543 1532 ille
2575 1479 2632 1532 in
2669 1476 2947 1547 iniquitate
2978 1491 3076 1529 sua
3118 1474 3395 1537 morietur,
3445 1470 3770 1541 sanguinem

2172 1578 2347 1624 autem
2388 1570 2502 1640 ejus
2530 1570 2595 1624 de
2629 1584 2788 1623 manu
2819 1576 2911 1621 tua
2937 1567 3201 1638 requiram
3233 1564 3458 1632 (Ezech.
3502 1561 3621 1633 ιιι).
3672 1560 3774 1628 Qui

2172 1671 2371 1731 prmest
2399 1676 2586 1716 curam
2616 1660 2776 1714 debet
2820 1659 3023 1713 habere
3059 1656 3127 1711 de
3166 1655 3234 1709 iis
3259 1656 3353 1724 qui
3402 1660 3671 1723 pereunt,
3717 1660 3776 1706 ut

2177 1753 2297 1822 ejus
2322 1751 2703 1822 redargutione
2729 1758 2822 1804 aut
2853 1747 3200 1818 corrigantur
3232 1762 3263 1800 a
3293 1744 3570 1814 peccatis,
3604 1750 3707 1796 aut
3730 1743 3776 1796 si

494 1844 543 1901 si
586 1859 732 1900 nunc
767 1859 892 1899 eum
929 1842 1143 1899 fortiter
1188 1850 1471 1907 tenemus,
1510 1840 1763 1896 videlicet
1802 1838 2066 1905 docendo,
2099 1827 2147 1888 Β
2175 1841 2570 1913 incorrigibiles
2603 1841 2878 1907 existunt,
2925 1839 2994 1894 ab
3016 1836 3259 1892 Ecclesia
3287 1844 3639 1905 separentur.
3674 1831 3775 1898 Qui

495 1934 865 2000 custodiendo,
910 1934 1202 1999 suadendo,
1248 1932 1597 2003 increpando,
1628 1931 1934 1995 muleendo,
1964 1938 2072 1985 ter-

494 2027 697 2095 rendo,
733 2025 1021 2095 aliquando
1050 2024 1266 2090 leniter,
1310 2022 1598 2092 aliquando
1626 2022 1789 2077 etiam
1828 2021 2074 2077 severius

494 2117 721 2187 agendo.
765 2114 908 2188 (Huc
949 2132 1109 2186 usque
1134 2111 1313 2187 Greg.)
1340 2112 1571 2169 Necesse
1595 2120 1680 2168 est
1712 2119 1772 2167 ut
1805 2111 1910 2168 hoc
1948 2118 2075 2167 ante

493 2207 673 2264 omnia
695 2206 791 2279 qui
806 2205 936 2262 zelo
954 2204 1292 2262 rectitudinis
1319 2210 1580 2272 movetur,
1605 2203 1867 2268 attendat,
1902 2215 1970 2257 ne
1992 2201 2075 2256 ira

493 2307 651 2352 extra
677 2296 875 2351 mentis
921 2296 1219 2352 dominium
1266 2302 1511 2349 transeat
1542 2313 1554 2348 :
1593 2293 1691 2348 sed
1728 2292 1785 2346 in
1811 2290 2074 2346 ultionem

493 2388 704 2457 peccati
752 2395 962 2456 tempus
1018 2387 1343 2455 modumque
1384 2384 1756 2449 considerans,
1805 2380 2077 2454 surgentis

495 2477 662 2533 animi
705 2476 1166 2546 perturbationem
1197 2475 1447 2531 subtilius
1474 2472 1822 2530 retractando
1852 2472 2078 2529 restrin-

495 2576 610 2640 gat,
641 2569 1044 2624 animositatem
1085 2569 1366 2639 reprimat,
1411 2575 1468 2622 et
1501 2575 1682 2623 motus
1716 2566 1951 2622 fervidos
1976 2566 2077 2621 sub

494 2657 1042 2729 aequitate-disponat,
1072 2665 1133 2712 ut
1175 2672 1241 2712 eo
1283 2657 1377 2711 ﬁat
1402 2655 1603 2726 justior
1646 2657 1791 2711 ultor
1841 2656 2074 2722 alienus,

496 2765 606 2821 quo
636 2749 788 2819 prius
812 2749 1022 2803 exstitit
1057 2749 1234 2803 victor
1257 2764 1407 2803 suus.
1437 2748 1540 2816 Qui
1576 2748 1693 2803 zelo
1738 2747 2103 2804 rectitudinis.

496 2846 777 2901 movetur,
808 2838 886 2893 sic
912 2837 1095 2907 culpas
1115 2837 1540 2907 delinquentium
1565 2839 1832 2910 corrigat,
1873 2847 1932 2892 ut
1953 2847 2080 2894 ante

499 2929 616 2999 ipse
641 2929 733 2999 qui
762 2929 1006 2999 corrigit,
1053 2946 1151 3000 per
1176 2929 1497 2999 patientiam
1537 2940 1768 2996 crescat,
1803 2938 1864 2985 ut
1901 2930 2080 2986 fervo—

497 3034 616 3076 rem
656 3034 813 3074 suum
838 3008 1267 3075 transcendendo
1292 3019 1549 3088 dijudicet
1571 3061 1586 3087 ,
1622 3036 1691 3076 ne
1717 3021 2080 3090 intemperan-

498 3119 586 3166 ter
604 3110 872 3165 excitatus
900 3110 1016 3181 ipso
1049 3109 1164 3165 zelo
1187 3110 1590 3179 rectitutidinis,
1627 3110 1784 3183 longe
1808 3126 1839 3165 a
1861 3113 2079 3168 rectitu-

500 3201 628 3259 dine
655 3202 922 3261 suberret.

1073 3294 1300 3352 CAPUT
1338 3295 1516 3351 XLIII.

925 3388 1004 3444 De
1034 3388 1287 3444 doctrinm
1313 3390 1649 3444 discretione.

569 3480 752 3555 (Isid.,
775 3479 867 3536 lib.
890 3497 954 3536 ιιι
980 3480 1154 3547 Sent.,
1177 3499 1294 3553 cap.
1318 3483 1408 3548 45,
1432 3482 1522 3547 44,
1545 3482 1661 3554 46.)
1688 3481 1807 3539 Νοιι
1828 3482 2080 3537 omnibus

496 3587 608 3629 una
627 3573 925 3641 eademque
964 3571 1210 3643 doctrina
1244 3580 1329 3627 est
1353 3573 1680 3638 adhibenda,
1711 3573 1806 3628 sed
1831 3588 1929 3643 pro
1953 3587 2082 3642 qua-

499 3661 654 3716 litate
682 3676 891 3716 morum
919 3661 1147 3717 diversa:
1178 3662 1288 3715 sint
1325 3661 1731 3716 exhortationes
1774 3661 2076 3716 doctorum.

500 3750 636 3806 Nam
658 3752 919 3820 quosdam
945 3750 1241 3820 increpatio
1272 3752 1426 3817 dura,
1454 3752 1716 3821 quosdam
1738 3767 1866 3807 vero
1885 3751 2083 3806 exhor-

500 3842 635 3897 tatio
658 3840 883 3911 corrigit
918 3840 1135 3896 blanda.
1188 3839 1341 3897 Sicut
1378 3842 1539 3912 periti
1567 3841 1760 3897 medici
1794 3842 1860 3897 ad
1894 3843 2083 3901 varios

501 3936 746 4006 corporis
786 3936 1004 3992 morbos
1046 3936 1258 3992 diverso
1307 3937 1662 3993 medicamine
1705 3938 1965 4003 serviunt,
2008 3938 2083 3993 ita

499 4033 563 4080 ut
581 4018 738 4094 juxta
760 4025 1045 4081 vulnerum
1075 4026 1391 4082 varietatem
1421 4028 1692 4083 medicina
1722 4028 1935 4083 diversa
1965 4027 2038 4082 sit
2064 4045 2077 4083 :

500 4116 583 4171 sic
610 4124 666 4171 et
692 4116 883 4172 doctor
911 4116 1170 4173 Ecclesia:
1209 4118 1435 4186 singulis
1464 4120 1763 4189 quibusque
1784 4134 2083 4189 congruum

500 4208 761 4264 doctrinae
801 4209 1097 4264 remedium
1131 4209 1433 4276 adhibebit,
1459 4219 1515 4265 et
1535 4210 1669 4280 quid
1705 4209 1900 4280 cuique
1923 4225 2083 4280 opor-

500 4305 614 4353 teat
644 4314 745 4368 pro
772 4307 951 4365 astate,
982 4315 1082 4371 pro
1105 4315 1239 4356 sexu
1261 4317 1326 4355 ac
1352 4300 1691 4371 professione
1713 4300 2079 4357 annuntiabit.

500 4386 681 4442 Prima
726 4390 923 4460 quippe
953 4391 1253 4461 prudentiae
1282 4392 1467 4460 virtus,
1491 4402 1603 4459 est,
1647 4406 1770 4447 eam
1800 4408 1963 4463 quam
1990 4393 2085 4448 do—

2170 1933 2370 1989 blando
2395 1933 2561 1988 verbo
2594 1932 2891 2001 castigatus
2932 1945 3039 1984 non
3085 1928 3403 1998 corrigitur,
3447 1924 3640 1979 acrius
3680 1937 3773 1977 ne-

2174 2038 2326 2078 cesse
2351 2031 2436 2078 est
2456 2031 2519 2077 ut
2546 2029 2824 2093 arguatur.
2851 2020 2986 2076 Cum
3012 2019 3194 2075 dolore
3221 2017 3370 2074 enim
3395 2012 3770 2070 abscindenda

2175 2121 2322 2181 sunt,
2353 2129 2474 2184 qua:
2502 2113 2698 2170 leniter
2728 2112 2912 2168 sanari
2946 2127 3055 2167 non
3096 2115 3358 2182 possunt.-
3388 2107 3496 2175 Qui
3526 2105 3774 2161 admoni-

2175 2215 2265 2262 tus
2292 2214 2500 2263 secrete
2546 2206 2744 2277 corrigi
2772 2205 2838 2260 de
2865 2211 3089 2274 peccato
3132 2201 3381 2272 negligit,
3424 2198 3651 2269 publice
3676 2212 3765 2250 ar-

2177 2298 2421 2369 guendus
2448 2304 2554 2364 est,
2590 2305 2650 2352 ut
2694 2296 2891 2352 vulnus
2929 2295 3072 2364 quod
3112 2291 3325 2349 occulte
3349 2290 3540 2346 sanari
3565 2290 3763 2352 nescit,

2177 2388 2464 2447 manifeste
2493 2389 2685 2444 debeat
2712 2386 3011 2444 emendari.
3062 2383 3345 2440 Manifesta
3382 2389 3615 2453 peccata
3660 2396 3765 2435 non

2179 2489 2305 2538 sunt
2330 2480 2542 2537 occulta
2570 2479 2911 2536 correctione
2935 2477 3235 2548 purganda.
3262 2475 3453 2531 Palam
3475 2475 3627 2529 enim
3652 2483 3771 2528 sunt

2179 2574 2437 2646 arguendi
2464 2574 2556 2644 qui
2582 2573 2760 2643 palam
2799 2579 3016 2637 nocent,
3047 2579 3108 2625 ut
3137 2571 3262 2626 dum
3293 2578 3488 2639 aperta
3520 2566 3770 2636 objurga-

2178 2665 2325 2720 tione
2347 2673 2629 2729 sanantur,
2664 2664 2701 2718 ii
2734 2664 2827 2733 qui
2855 2678 2949 2718 eos
2975 2662 3234 2717 imitando
3256 2661 3632 2731 deliquerant,
3654 2674 3773 2713 cor—

2179 2756 2446 2826 rigantur.
2478 2754 2616 2809 Dum
2644 2769 2787 2809 unus
2812 2754 3122 2824 corripitur,
3146 2751 3365 2822 plurimi
3387 2751 3773 2806 emcndantur.

2182 2846 2372 2902 Melius
2410 2854 2494 2902 est
2532 2847 2680 2901 enim
2724 2854 2786 2901 ut
2830 2859 2935 2914 pro
2970 2844 3267 2898 multorum
3296 2842 3610 2898 salvatione
3637 2857 3776 2896 unus

2182 2936 2590 3003 condemnetur,
2620 2951 2781 3006 quam
2810 2950 2908 3005 pro
2936 2921 3095 2989 unius
3125 2933 3344 2989 licentia
3367 2933 3527 2988 multi
3550 2930 3774 3000 peridi-

2183 3035 2386 3083 tentur.
2431 3027 2510 3082 Ita
2539 3043 2668 3097 ergo
2695 3025 3029 3096 delinquenti
3059 3039 3238 3081 sermo
3275 3031 3362 3080 est
3391 3021 3778 3093 proferendus,

2183 3119 2324 3174 sicut
2369 3117 2486 3187 ejus
2527 3118 2621 3189 qui
2649 3117 2940 3186 corripitur
2981 3114 3295 3186 expostulat
3321 3114 3495 3170 salus.
3549 3112 3779 3181 Quodsi

2180 3224 2316 3280 opus
2339 3220 2424 3265 est
2452 3209 2687 3280 aliquam
2712 3208 3095 3264 medicamenti
3132 3207 3364 3263 salutem
3391 3207 3567 3262 verbo
3603 3207 3781 3260 incre—

2178 3301 2415 3371 pationis
2442 3315 2764 3372 aspergere,
2796 3299 3078 3355 lenitatem
3107 3307 3290 3355 tamen
3333 3298 3503 3353 corde
3518 3297 3675 3371 {opus
3700 3306 3781 3353 est

2180 3394 2439 3449 retinere.
2469 3392 2730 3448 Doctores
2755 3407 3144 3463 nonnunquam
3171 3391 3324 3448 duris
3353 3390 3565 3446 feriunt
3607 3391 3778 3446 incre-

2177 3483 2499 3553 pationibus,
2532 3482 2798 3548 subditos,
2840 3481 2932 3552 qui
2977 3490 3160 3536 tamen
3203 3496 3235 3537 a
3269 3481 3547 3536 cbaritatc
3586 3495 3776 3537 eorum

2179 3588 2318 3645 quos
2351 3573 2669 3643 corripiunt,
2719 3588 2826 3627 non
2874 3571 3155 3628 recedunt.
3200 3569 3347 3644 (Huc
3394 3587 3567 3642 usque
3618 3570 3779 3641 Isid.)

2180 3665 2374 3735 Magna
2398 3672 2483 3720 est
2505 3664 2804 3734 disciplinae
2829 3663 3129 3734 magisterii
3172 3662 3447 3718 subtilitas
3468 3661 3775 3731 -discretio-

2179 3756 2287 3822 nis,
2315 3762 2583 3825 quatenus
2629 3755 2859 3826 quisque
2901 3764 3084 3812 rector
3113 3754 3301 3824 culpas
3332 3752 3775 3822 delinquentium

2181 3849 2414 3905 discrete
2446 3847 2660 3903 noverit
2683 3860 2926 3916 parcere,
2956 3853 3011 3901 et
3047 3844 3134 3916 pie
3164 3857 3436 3899 resecare.
3467 3842 3575 3909 Qui
3602 3850 3784 3897 autem

2182 3941 2261 3997 sic
2284 3939 2564 3994 dimittunt
2582 3944 2808 4007 peccata
2836 3944 2900 3991 ut
2922 3950 3033 3990 non
3063 3934 3364 4005 corrigant,
3394 3944 3492 3986 aut
3520 3933 3606 3987 sic
3630 3929 3784 4001 quid

2182 4031 2511 4101 corrigendo
2539 4028 2782 4095 feriunt,
2833 4035 2896 4084 ut
2923 4042 3031 4082 non
3070 4025 3388 4089 dimittant,
3433 4023 3785 4080 discretionis

2183 4121 2433 4190 spiritum
2463 4120 2685 4175 habent.
2723 4116 2997 4189 Scriptum
3024 4126 3105 4172 est
3128 4116 3183 4171 in
3223 4116 3365 4171 libro
3415 4113 3656 4171 Genesis
3687 4133 3703 4168 :
3730 4112 3784 4169 Si

2183 4220 2319 4267 recte
2339 4211 2555 4280 aﬂ‘eras,
2590 4220 2636 4263 et
2666 4217 2799 4263 recte
2838 4224 2944 4262 non
2973 4207 3201 4273 dividas,
3236 4206 3469 4277 peccasti
3505 4203 3671 4275 (Gen.
3709 4220 3781 4269 ιν,

2176 4301 2338 4372 juxta
2366 4298 2558 4371 LXX).
2581 4297 2845 4372 [Gregor.,
2869 4297 2960 4354 lib.
2986 4314 3047 4353 ιιι
3076 4298 3275 4368 Expos.
3301 4313 3464 4362 mor.,
3494 4314 3545 4351 c.
3568 4296 3604 4351 9
3624 4305 3677 4351 et
3702 4295 3782 4357 10,

2184 4402 2232 4448 et
2263 4392 2300 4447 Ι.
2325 4409 2345 4447 ι
2371 4408 2528 4463 super
2555 4390 2777 4456 Ezech.,
2806 4390 2947 4444 Imm.
2976 4388 3090 4461 ll.|
3117 4388 3311 4445 Oblata
3339 4396 3491 4442 recte
3514 4386 3780 4447 dividere,

502 4493 626 4575 cere
653 4487 900 4548 oporteat
935 4480 1205 4535 aestimare
1232 4495 1544 4551 personam.
1591 4482 1764 4537 Aliter
1790 4491 1876 4538 est
1917 4497 2082 4553 agen-
2106 4515 2160 4575 Β
2185 4493 2271 4540 est
2308 4483 2564 4555 quaslibet
2608 4483 2751 4537 bona
2790 4490 2979 4537 nostra
3018 4481 3198 4536 studia
3226 4477 3596 4535 discernendo
3650 4492 3781 4547 pen-

504 4570 633 4624 dum
661 4583 789 4639 erga
813 4585 906 4624 eos
943 4572 1037 4640 qui
1071 4579 1261 4626 nostro
1287 4573 1706 4628 committuntur
1733 4573 2005 4644 regimini,
2035 4572 2082 4629 si
2106 4569 2149 4575 ”
2186 4591 2328 4631 sare.
2368 4574 2522 4642 Quod
2566 4574 2823 4628 nimirum
2875 4573 2967 4643 qui
3021 4586 3186 4643 agere
3231 4570 3579 4635 dissimulat,
3616 4569 3779 4624 etiam

502 4658 800 4725 oﬁ‘endunt,
837 4666 999 4728 atque
1043 4658 1203 4715 aliter
1230 4676 1354 4716 cum
1390 4660 1456 4716 iis
1478 4662 1569 4731 qui
1609 4662 1765 4717 nobis
1802 4662 2082 4718 commissi

502 4764 613 4804 non
639 4756 782 4804 sunt.
820 4748 923 4816 Qui
949 4750 996 4805 si
1019 4750 1153 4820 justi
1184 4758 1333 4817 sunt,
1358 4753 1651 4809 venerandi
1686 4762 1841 4820 sunt;
1876 4754 1922 4809 si
1950 4769 2081 4810 vero

503 4841 851 4913 delinquunt,
888 4858 987 4915 pro
1016 4843 1130 4899 sola
1156 4844 1441 4911 charitate,
1467 4852 1529 4900 ut
1563 4845 1718 4902 locus
1747 4854 1833 4901 est
1855 4887 1870 4913 ,
1906 4847 2080 4901 corri-

502 4933 684 5005 piendi
714 4942 858 4999 sunt,
900 4948 1008 4989 non
1039 4942 1221 4989 tamen
1248 4951 1369 4991 cum
1408 4938 1719 5004 severitate,
1754 4937 1898 4992 sicut
1923 4936 1960 4989 ii
1989 4935 2082 5004 qui

502 5026 659 5081 nobis
690 5026 906 5094 regendi
941 5028 1218 5083 commissi
1254 5037 1397 5084 sunt.
1434 5030 1539 5086 Pro
1569 5030 1711 5085 malo
1740 5030 1935 5084 merito
1964 5029 2081 5098 ple-

500 5120 588 5177 bis
608 5119 849 5176 aufertur
870 5123 1113 5177 doctrina
1144 5123 1560 5194 prmdicationis.
1586 5124 1690 5179 Pro
1715 5124 1858 5179 bono
1884 5122 2081 5177 merito

502 5210 792 5276 audientis,
830 5213 1083 5268 tribuitur
1107 5228 1288 5268 sermo
1314 5214 1543 5269 doctori.
1588 5213 1650 5270 In
1691 5220 1959 5283 potestate
1994 5213 2078 5268 di-

501 5303 627 5359 vina
649 5303 915 5369 consistit,
947 5304 1035 5359 cui
1058 5304 1188 5360 velit
1212 5304 1357 5361 Deus
1386 5306 1644 5361 doctrina:
1671 5306 1897 5361 verbum
1926 5305 2077 5372 dare,

502 5395 585 5449 vel
615 5396 702 5450 cui
726 5396 960 5452 auferre.
1006 5397 1076 5452 Et
1108 5399 1213 5455 hoc
1238 5408 1331 5454 aut
1358 5414 1457 5469 pro
1487 5399 1715 5455 dicentis
1738 5407 1833 5454 aut
1857 5414 1955 5470 pro
1979 5414 2077 5453 au-

503 5484 700 5540 dientis
723 5485 1019 5554 ﬁtmerito,
1045 5496 1108 5543 ut
1133 5489 1292 5545 modo
1309 5505 1410 5561 pro
1431 5490 1585 5560 culpa
1606 5490 1778 5560 plebis
1798 5488 2076 5545 auferatur

503 5589 681 5629 sermo
708 5578 945 5645 doctori,
977 5579 1137 5636 modo
1169 5596 1299 5637 vero
1338 5597 1437 5651 pro
1458 5582 1739 5651 utriusque
1767 5580 1900 5653 [Al.,
1930 5581 2075 5635 utili-

504 5664 624 5737 bus]
658 5669 865 5726 meritis
889 5670 1176 5727 tribuatur.
1206 5671 1308 5740 Qui
1339 5671 1565 5728 docendi
1600 5671 1795 5741 accipit
1817 5669 2071 5735 cilicium,

462 5752 471 5759 “
505 5759 774 5818 interdum
813 5766 881 5823 ad
912 5773 1123 5837 tempus
1148 5765 1291 5825 facta
1321 5766 1551 5839 proximi
1587 5774 1779 5831 taceat,
1816 5779 1936 5837 qua:
1967 5772 2076 5821 sta-

2186 4675 2334 4723 recte
2360 4665 2593 4722 offerens
2617 4673 2824 4735 peccat.
2872 4662 3027 4732 Saepe
3068 4661 3213 4733 quod
3239 4661 3381 4717 bono
3409 4660 3598 4716 studio
3634 4659 3776 4731 geri-

2185 4774 2328 4825 mus,
2350 4758 2478 4813 dum
2501 4757 2811 4812 discernere
2833 4767 2990 4811 caute
3019 4753 3358 4825 negligimus,
3381 4748 3783 4822 quojudicetur

2188 4851 2316 4917 ﬁne,
2353 4849 2658 4915 nescimus;
2688 4855 2743 4904 et
2765 4861 3150 4917 nonnunquam
3179 4847 3283 4901 hoc
3303 4844 3363 4898 ﬁt
3384 4851 3574 4899 reatus
3600 4841 3780 4898 crimi-

2187 4942 2293 5007 nis,
2324 4942 2469 5011 quod
2506 4949 2730 5011 putatur
2757 4956 2921 4996 causa
2946 4940 3182 4995 virtutis.
3218 4938 3386 4993 Recte
3423 4952 3560 5008 ergo
3600 4934 3779 4991 oﬁeri-

2182 5046 2329 5097 mus,
2354 5046 2475 5086 cum
2500 5032 2640 5086 bono
2662 5031 2841 5086 studio
2862 5031 3064 5085 bonum
3083 5044 3218 5099 opus
3240 5027 3482 5098 agimus;
3508 5024 3609 5080 sed
3634 5033 3778 5079 recte

2184 5139 2293 5178 non
2337 5123 2624 5178 dividimus
2655 5163 2670 5189 ,
2718 5123 2764 5178 si
2818 5121 3017 5178 habere
3080 5120 3464 5176 discretionem
3522 5117 3581 5171 in
3636 5118 3776 5170 bono

2182 5228 2346 5285 Opere
2399 5222 2806 5285 postponamus.
2864 5212 3014 5269 Dixit
3057 5211 3223 5267 abbas
3263 5210 3531 5265 Antonius
3568 5224 3584 5263 :
3637 5207 3777 5263 Sunt

2183 5306 2402 5375 quidam
2450 5313 2790 5361 conterentes
2816 5318 3042 5373 corpora
3081 5319 3182 5358 sua
3226 5303 3284 5357 in
3320 5301 3675 5363 abstinentia,
3718 5305 3773 5353 et

2182 5398 2309 5467 quia
2359 5411 2464 5451 non
2525 5397 2728 5451 habent
2777 5394 3194 5460 discretionem,
3252 5393 3409 5463 longe
3457 5390 3587 5445 facti
3647 5396 3773 5443 sunt

2182 5502 2215 5543 a
2267 5487 2397 5542 Deo.
2455 5486 2679 5541 Dicebat
2725 5485 2893 5540 abbas
2939 5484 3128 5539 Daniel
3173 5484 3301 5554 quia
3343 5490 3610 5554 quantum
3657 5494 3775 5533 cor-

2182 5594 2283 5649 pus
2322 5577 2575 5642 virescit,
2617 5585 2826 5631 tantum
2874 5576 3055 5631 anima
3108 5577 3451 5642 exsiccetur;
3494 5580 3550 5627 et
3601 5585 3777 5641 quan—

2183 5677 2298 5725 tum
2334 5670 2596 5725 siccatum
2626 5668 2788 5724 fuerit
2811 5685 3034 5740 corpus,
3063 5678 3272 5725 tantum
3306 5668 3488 5722 anima
3527 5664 3771 5719 virescit.

2181 5761 2329 5820 Dixit
2348 5762 2517 5821 abbas
2544 5762 2735 5821 Pastor
2762 5782 2773 5819 :
2802 5762 3001 5820 Malitia
3031 5777 3370 5835 nequaquam
3400 5760 3625 5832 expellit
3654 5772 3777 5813 ma-
