4020 6536
258 394 380 451 641

1493 401 1796 456 DlADEMA
1838 401 2341 458 MONACHORUM.

3451 404 3558 459 6-H

259 509 474 570 litiam,
506 503 600 560 sed
624 502 675 558 si
702 508 824 578 quis
845 508 939 564 tibi
965 507 1309 577 malefecerit,
1331 513 1469 569 bene
1492 513 1577 571 fac
1605 515 1677 579 ei,
1701 521 1760 569 ut
1779 530 1875 585 per
1902 516 1952 578 Α
1977 530 2182 577 somno.
2241 517 2394 582 Veni,
2455 530 2610 574 serve
2659 519 2819 575 male.
2878 521 2945 575 Et
2987 507 3321 592 subripiebat
3364 535 3558 592 parum

265 603 486 656 bonum
515 612 657 667 opus
681 609 832 655 tuum
872 603 1120 660 destruas
1157 604 1418 660 malitiam
1454 606 1616 661 illius.
1650 607 1877 661 lnterro-
1977 609 2150 663 somni
2190 607 2445 673 sedendo,
2479 618 2534 663 et
2563 612 2746 664 statim
2783 613 3058 682 surgebat.
3164 606 3170 612 ’

266 698 444 760 gatus
474 694 558 742 est
596 690 822 758 quidam
863 706 1028 746 senex
1065 709 1096 746 a
1138 695 1369 764 quodam
1412 695 1578 750 fratre
1598 696 1872 750 'dicente:

268 778 566 846 Quomodo
592 796 809 850 possum
835 782 1075 837 invenire
1095 784 1297 839 Deum?
1336 786 1527 841 Utrum
1557 787 1610 840 in
1634 786 1873 856 jejuniis,

271 886 354 924 an
379 870 446 942 .in
484 868 786 936 laboribus,
832 887 901 926 an
940 872 994 926 in
1023 872 1240 942 vigiliis,
1273 889 1341 928 an
1376 875 1430 928 in
1471 875 1875 929 misericordia?

271 961 353 1015 Et
377 961 660 1032 respondit
694 980 706 1015 :
757 961 813 1014 ln
855 961 940 1016 his
982 977 1100 1031 qua:
1123 963 1477 1029 enumerasti,
1509 972 1563 1017 et
1591 963 1643 1016 in
1672 963 1875 1016 discre-

274 1053 459 1108 tione.
492 1053 622 1107 Dico
647 1053 790 1107 enim
829 1053 927 1106 tibi
968 1053 1094 1123 quia
1133 1054 1286 1108 multi
1322 1053 1626 1108 afﬂixerunt
1650 1067 1872 1108 carnem

278 1158 468 1208 suam,
492 1150 546 1198 et
577 1143 702 1212 quia
741 1144 858 1197 sine
892 1143 1216 1198 discretione
1251 1144 1520 1200 faciebant
1554 1145 1676 1210 hoc,
1719 1143 1872 1199 abie-

278 1242 419 1288 runt
444 1233 601 1289 vacui
626 1233 759 1287 nihil
787 1234 1064 1289 habentes.

865 1343 1090 1399 CAPUT
1128 1345 1312 1401 XLIV.

844 1413 922 1467 De
957 1415 1108 1468 donis
1143 1415 1357 1469 divinis.

361 1502 715 1575 Omnipotens
746 1504 890 1559 Deus
930 1505 1130 1559 interni
1166 1505 1355 1574 judicii
1389 1516 1596 1562 secreto
1627 1505 1874 1562 modera-

281 1594 439 1649 mine
469 1611 481 1646 :
514 1593 620 1646 Alii
666 1609 955 1646 sermonem
991 1596 1282 1664 sapientiae,
1313 1594 1408 1648 alii
1451 1595 1658 1665 plenam
1689 1597 1870 1665 fidem,

287 1688 390 1742 alii
415 1688 640 1757 gratiam
665 1687 975 1752 sanitatum,
997 1686 1088 1739 alii
1115 1688 1461 1756 operationem
1492 1689 1761 1754 virtutum,
1778 1691 1872 1743 alii

283 1778 636 1848 prophetiam,
686 1775 779 1830 alii
823 1777 1184 1831 discretionem
1227 1777 1530 1846 spirituum,
1559 1778 1651 1832 alii
1681 1796 1871 1850 genera

2550 699 2778 757 CAPUT
2817 701 2978 756 XLV.

2549 790 2625 844 De
2651 794 2824 860 gratia
2853 793 2970 846 Dei.

2048 882 2248 953 (στερη
2284 883 2322 936 l.
2351 899 2366 938 ι
2396 899 2552 953 super
2589 882 2810 948 Ezech.,
2839 885 2979 938 hom.
3007 883 3084 956 9.)
3113 884 3191 938 Ex
3220 893 3560 955 omnipoten-

1976 974 2045 1027 tis
2063 974 2154 1027 Dei
2179 975 2350 1043 gratia
2375 975 2442 1028 ad
2463 975 2603 1029 bona
2617 988 2781 1044 opera
2805 975 2989 1028 conari
3011 977 3225 1044 quidem
3246 991 3556 1046 possumus,

1973 1064 2068 1117 sed
2095 1063 2208 1117 haec
2253 1063 2476 1132 implere
2503 1078 2610 1117 non
2643 1077 2952 1132 possumus,
2982 1064 3026 1118 si
3066 1065 3179 1134 ipse
3209 1081 3314 1120 non
3343 1066 3561 1135 adjuvat

1973 1154 2064 1222 qui
2085 1151 2258 1220 jubet.
2296 1154 2585 1209 Sciendum
2611 1163 2692 1209 est
2716 1155 2843 1224 quia
2887 1155 3029 1209 mala
3056 1164 3241 1212 nostra
3268 1159 3562 1215 solummo-

1973 1247 2042 1301 do
2070 1255 2254 1302 nostra
2277 1257 2422 1302 sunt.
2446 1247 2593 1302 Bona
2639 1258 2819 1303 autem
2845 1255 3052 1314 nostra,
3083 1257 3139 1302 et
3167 1251 3558 1319 omnipotentis

1970 1339 2066 1394 Dei
2106 1347 2250 1404 sunt,
2285 1346 2342 1394 et
2385 1348 2587 1393 nostra.
2620 1338 2754 1406 Quia
2800 1339 2914 1408 ipse
2957 1339 3245 1408 aspirando
3277 1356 3374 1394 nos
3416 1357 3556 1410 pra:-

1973 1431 2122 1484 venit
2147 1439 2207 1484 ttt
2238 1430 2481 1496 velimus,
2513 1431 2603 1501 qui
2627 1429 2929 1497 adjuvando
2958 1431 3324 1499 subsequitur,
3352 1446 3419 1486 ne
3443 1432 3562 1485 ina-

1971 1522 2114 1576 niter
2137 1522 2392 1585 velimus,
2432 1521 2526 1576 sed
2557 1523 2826 1592 possimus
2855 1521 3080 1592 implere
3111 1521 3253 1590 quod
3289 1521 3556 1577 volumus.

1970 1613 2339 1668 Praeveniente
2365 1615 2558 1685 gratia,
2601 1623 2656 1667 et
2689 1613 2829 1668 bona
2866 1613 3139 1668 voluntate
3171 1614 3557 1682 subsequente,

1972 1703 2076 1758 hoc
2122 1704 2265 1773 quod
2309 1704 2697 1772 omnipotentis
2742 1703 2839 1758 Dei
2871 1705 3070 1758 donum
3097 1713 3178 1759 est
3210 1703 3272 1757 fit
3301 1705 3554 1759 meritum

1973 1801 2236 1850 nostrum.
2272 1793 2424 1860 Quod
2458 1795 2595 1849 bene
2618 1794 2818 1848 Paulus
2842 1794 2994 1848 brevi
3023 1794 3290 1856 sententia
3326 1794 3564 1864 explicat

287 1867 626 1937 linguarum.
674 1866 767 1920 alii
817 1867 1292 1936 interpretationem
1349 1883 1647 1922 sermonum
1687 1871 1869 1923 tribuit
1898 1862 1944 1921 Β
1972 1885 2194 1940 dicens:
2223 1882 2355 1938 Plus
2385 1883 2489 1938 illis
2529 1883 2765 1938 omnibus
2799 1883 3033 1937 laboravi
3059 1882 3123 1952 (1
3147 1882 3269 1936 Cor.
3299 1899 3368 1936 xv
3383 1862 3423 1952 )“.
3457 1881 3562 1949 Qui

287 1958 341 2026 (I
371 1957 493 2011 Cor.
521 1956 641 2028 xu).
667 1954 844 2028 (ϐπ-ες.
877 1955 914 2010 ι.
944 1973 1016 2010 xx
1052 1956 1244 2010 Moral.
1273 1957 1328 2010 in
1353 1957 1474 2011 Job.
1505 1975 1552 2012 ο.
1585 1959 1650 2014 18
1672 1969 1720 2012 et
1755 1959 1867 2030 ll.)

286 2049 516 2104 Creator
559 2058 746 2105 noster
783 2063 849 2104 ac
892 2049 1182 2118 dispositor
1211 2051 1289 2104 sic
1313 2052 1625 2105 moderatur
1649 2061 1865 2118 cuncta,

285 2151 348 2196 ut
373 2142 463 2212 qui
491 2142 676 2197 extolli
698 2150 908 2212 poterat
927 2156 994 2196 ex
1018 2143 1157 2196 dono
1179 2143 1321 2211 quod
1349 2143 1528 2206 habet,
1556 2143 1871 2197 humilietur

286 2248 358 2288 ex
387 2234 589 2288 virtute
612 2249 776 2304 quam
802 2249 906 2288 non
936 2234 1117 2288 habet.
1145 2227 1320 2304 Atque
1346 2235 1422 2289 ita
1453 2235 1514 2288 fit
1541 2243 1603 2289 ut
1624 2251 1744 2290 cum
1775 2251 1871 2305 per

286 2328 590 2399 impensam
649 2327 874 2398 gratiam
924 2342 1361 2398 unumquemque
1406 2327 1667 2393 sublevat,
1703 2329 1870 2382 etiam

287 2435 391 2488 per
417 2419 686 2488 disparem
715 2417 871 2472 alteri
897 2417 1124 2472 alterum
1154 2418 1365 2473 subdat.
1391 2417 1742 2487 Omnipotens
1769 2419 1871 2472 Do-

289 2509 472 2563 minus
520 2509 596 2562 sic
631 2516 824 2562 cuncta
852 2509 1184 2574 moderatur,
1215 2517 1275 2562 ut
1311 2509 1438 2563 dum
1477 2509 1683 2579 singula
1726 2524 1872 2578 QUIE-

289 2611 398 2665 que
425 2604 552 2651 sunt
577 2598 837 2660 omnium,
864 2597 1179 2666 interposita
1211 2599 1444 2667 quadam
1475 2599 1756 2654 charitatis
1780 2614 1873 2652 ne—

288 2685 642 2749 cessitudine,
669 2683 799 2738 flant
820 2684 1000 2739 omnia
1027 2685 1361 2755 singulorum
1389 2701 1403 2739 :
1426 2694 1481 2740 et
1505 2687 1872 2756 unusquisque

290 2775 370 2829 sic
415 2775 558 2844 quod
599 2791 710 2830 non
758 2775 967 2844 accepit
1019 2776 1071 2828 in
1127 2775 1297 2830 altero
1342 2776 1632 2845 possideat,
1661 2784 1720 2830 ut
1757 2777 1872 2847 ipse

291 2865 447 2920 alteri
474 2865 854 2935 possidendum
877 2865 1021 2935 quod
1049 2867 1258 2935 accepit
1275 2866 1551 2921 humiliter
1574 2867 1867 2936 impendat.

293 2953 493 3009 Sancta
527 2955 767 3010 Ecclesia
817 2957 1034 3024 superni
1084 2957 1166 3011 sui
1203 2957 1397 3026 capitis
1435 2972 1632 3026 corpus
1668 2964 1772 3023 est,
1816 2957 1870 3011 in

291 3065 398 3119 qua
424 3049 560 3103 alius
589 3049 699 3103 alta
725 3049 976 3113 videndo,
1000 3051 1208 3114 oculus,
1241 3050 1378 3104 alius
1404 3059 1550 3105 recta
1572 3051 1868 3120 operando,

290 3156 504 3206 manus,
544 3140 682 3195 alius
710 3140 776 3194 ad
805 3148 1000 3194 cuncta
1034 3141 1403 3206 discurrendo,
1434 3156 1551 3211 pes,
1577 3141 1712 3194 alius
1732 3156 1871 3210 pra:-

291 3241 569 3303 ceptorum
606 3247 790 3286 vocem
830 3233 1194 3302 intelligendo,
1237 3234 1407 3299 auris,
1441 3233 1576 3288 alius
1605 3233 1868 3288 malorum
1897 3212 1942 3275 (ἶ

292 3323 541 3388 fetorem,
559 3323 930 3392 bonorumque
951 3323 1301 3393 fragrantiam
1323 3324 1700 3388 discernendo,
1723 3323 1872 3377 naris

291 3401 393 3471 est.
427 3412 528 3480 Qui
556 3413 700 3468 enim
736 3412 1098 3481 corporalium
1136 3428 1287 3467 more
1327 3413 1710 3476 membrorum,
1742 3411 1871 3466 dum

291 3505 530 3559 vicissim
580 3503 681 3558 sibi
725 3511 944 3572 accepta
994 3503 1167 3557 officia
1220 3504 1555 3572 impendunt,
1603 3518 1767 3556 unum
1806 3504 1872 3558 de

294 3595 597 3667 semetipsis
644 3596 893 3651 omnibus
946 3611 1142 3664 corpus
1183 3596 1431 3650 reddunt.
1483 3595 1617 3649 Miro
1647 3595 1874 3650 consilio

296 3696 484 3743 auctor
533 3703 596 3742 ac
641 3688 931 3756 dispositor
965 3699 1148 3743 noster
1186 3689 1312 3745 huic
1353 3690 1442 3744 illa
1485 3690 1712 3758 largitur
1755 3705 1875 3760 qua)

296 3783 386 3837 alii
435 3784 682 3855 denegat,
737 3783 825 3837 alii
877 3784 994 3839 hinc
1034 3784 1264 3856 denegat
1322 3800 1441 3854 quae
1485 3785 1575 3838 isti
1624 3785 1868 3854 largitur.

297 3873 574 3929 Mensuras
604 3876 786 3945 itaque
815 3875 915 3929 sibi
942 3875 1142 3944 positas
1176 3877 1358 3947 egredi
1393 3877 1599 3942 nititur,
1629 3877 1874 3946 quisquis

293 3983 451 4038 posse
496 3969 616 4039 plus
672 3984 832 4038 quam
883 3971 1153 4039 acceperit
1202 3979 1445 4025 conatur.
1493 3969 1874 4040 Unusquisque

298 4059 532 4114 ﬁdelium
565 4060 685 4132 (cui
730 4058 958 4114 fortasse
1006 4061 1375 4116 tantummodo
1404 4061 1585 4115 datum
1621 4070 1706 4116 est
1733 4077 1874 4131 pra:-

295 4159 571 4220 ceptorum
597 4151 803 4205 occulta
829 4148 1118 4218 disserere)
1149 4149 1196 4204 si
1221 4158 1393 4203 tentat
1414 4151 1576 4204 etiam
1599 4150 1876 4204 miraculis

296 4258 580 4299 coruscare
614 4262 627 4297 :
655 4250 747 4297 aut
771 4243 816 4298 is
845 4257 1003 4312 quem
1031 4256 1277 4311 supernae
1316 4242 1533 4295 virtutis
1570 4242 1767 4295 donum
1806 4240 1875 4296 ad

297 4333 406 4388 sola
448 4333 707 4388 miracula
757 4335 1004 4396 roborat,
1049 4333 1212 4386 etiam
1254 4331 1447 4385 divinae
1479 4331 1610 4402 legis
1638 4333 1875 4401 pandere

296 4424 502 4480 occulta
529 4424 840 4487 contendat,
869 4424 921 4477 in
959 4423 1260 4492 prmcipitio
1287 4423 1475 4506 pedem
1507 4423 1754 4492 porrigit,
1783 4421 1875 4491 qui

299 4530 670 4570 mensurarum
699 4531 919 4571 suarum
946 4515 1170 4569 limitem
1195 4530 1302 4568 non
1337 4515 1585 4569 attendit.
1615 4514 1876 4570 Dicebant

299 4608 362 4662 de
406 4607 601 4662 abbate
650 4605 760 4660 llor
798 4605 942 4675 quod
989 4620 1165 4674 neque
1212 4606 1469 4660 mentitus
1507 4613 1588 4660 est
1612 4621 1870 4675 unquam,

298 4712 468 4767 neque
488 4696 712 4766 juravit,
745 4711 920 4766 neque
945 4696 1224 4751 maledixit
1255 4696 1548 4760 hominem,
1592 4711 1766 4766 neque
1796 4696 1874 4768 (si

300 4809 517 4849 necesse
545 4809 648 4848 non
679 4792 806 4864 fuit)
840 4793 1050 4846 locutus
1075 4800 1157 4846 est
1185 4791 1366 4846 alicui.
1400 4791 1559 4846 Venit
1587 4790 1874 4860 aliquando

303 4887 467 4941 abbas
501 4885 764 4948 Hilarion,
795 4885 860 4940 de
894 4884 1173 4939 Palaestina
1211 4885 1277 4938 ad
1309 4885 1553 4939 abbatem
1582 4885 1874 4939 Antonium

302 4979 352 5032 in
377 4987 634 5042 montem,
667 4986 722 5031 et
745 4977 878 5032 dixit
901 4978 949 5031 ei
977 4978 1140 5031 abbas
1164 4976 1428 5031 Antonius
1459 4995 1470 5030 :
1496 4977 1637 5031 Bene
1657 4977 1874 5043 venisti,

301 5069 508 5136 lucifer,
535 5070 625 5138 qui
651 5085 808 5124 mane
845 5070 1024 5124 oriris.
1055 5070 1122 5123 Et
1145 5070 1280 5124 dixit
1313 5070 1362 5124 ei
1399 5070 1566 5124 abbas
1592 5070 1830 5124 Hilarion
1857 5084 1871 5123 :

300 5159 408 5214 Pax
442 5161 556 5226 tibi,
595 5161 846 5215 columna
882 5161 1037 5226 lucis,
1077 5177 1196 5231 quce
1225 5161 1460 5216 sustines
1485 5163 1670 5215 orbem
1700 5171 1874 5215 terra-

301 5264 436 5304 rum.
460 5251 606 5304 Dixit
635 5251 852 5320 quidam
879 5250 1045 5305 abbas
1075 5251 1218 5320 quod
1257 5249 1581 5304 habitaverit
1610 5249 1662 5302 in
1691 5263 1874 5303 eremo

300 5343 650 5414 quadraginta
674 5345 830 5397 annis
867 5343 1139 5398 solitarius
1167 5343 1415 5413 quidam;
1449 5343 1536 5411 qui
1571 5343 1873 5412 interroga-

302 5443 383 5488 tus
433 5449 463 5488 a
508 5433 714 5490 Joanne
743 5434 957 5499 abbate,
991 5433 1267 5502 respondit
1302 5451 1314 5486 :
1345 5432 1480 5500 Quia
1507 5446 1573 5485 ex
1605 5446 1710 5500 quo
1735 5432 1873 5500 coepi

301 5527 568 5582 solitarius
588 5543 728 5590 esse,
756 5543 1030 5596 nunquam
1056 5542 1145 5581 me
1169 5525 1301 5580 vidit
1329 5525 1407 5580 sol
1434 5526 1870 5580 manducantem.

301 5616 591 5686 Respondit
634 5619 683 5673 ei
723 5618 889 5673 abbas
930 5617 1164 5674 Joannes
1196 5635 1207 5670 :
1236 5617 1346 5672 Nec
1398 5632 1484 5671 me
1529 5617 1873 5671 irascentem.

305 5705 558 5762 Dicebant
583 5708 648 5762 de
692 5709 888 5763 abbate
924 5707 1152 5762 Arsenio
1183 5707 1323 5776 quod
1365 5715 1477 5761 tota
1509 5714 1668 5761 nocte
1697 5707 1878 5776 vigila-

304 5796 409 5864 bat,
437 5808 492 5854 et
521 5801 736 5870 quando
773 5799 983 5858 volebat
1021 5799 1163 5854 circa
1187 5813 1346 5854 mane
1384 5798 1638 5864 dormire,
1667 5799 1877 5853 dicebat

1902 4561 1953 4622 D

1968 1995 2038 2034 ne
2064 1979 2339 2033 videretur
2363 1992 2474 2032 sua:
2515 1976 2700 2030 virtuti
2734 1976 2990 2029 tribuisse
3026 1975 3169 2043 quod
3196 1974 3419 2038 fecerat,
3454 1973 3554 2028 ad-

1963 2068 2173 2139 junxit:
2195 2067 2318 2121 Non
2342 2075 2515 2120 autem
2543 2083 2655 2135 ego,
2680 2065 2770 2118 sed
2797 2065 2968 2135 gratia
2984 2063 3080 2117 Dei
3108 2081 3308 2116 mecum
3337 2063 3550 2134 (Ibid.).

1971 2159 2129 2231 [Isid.
2161 2158 2198 2211 ι.
2229 2174 2268 2212 ιι
2305 2157 2476 2222 Sent.,
2505 2175 2550 2210 c.
2575 2157 2652 2223 5.)
2701 2157 2978 2210 Interdum
3023 2157 3372 2225 peccantibus
3405 2157 3562 2212 nobis

1969 2267 2123 2307 suam
2147 2250 2289 2306 Deus
2316 2250 2545 2320 gratiam
2573 2264 2679 2303 non
2713 2248 2964 2313 retrahit,
2997 2255 3056 2301 ut
3097 2249 3163 2303 ad
3189 2263 3338 2316 spem
3365 2247 3562 2302 divinae

1969 2341 2369 2412 propitiationis
2395 2340 2631 2394 humana
2658 2353 2811 2392 mens
2838 2345 3151 2408 consurgat.
3191 2337 3272 2391 Ab
3297 2337 3388 2391 illo
3414 2337 3561 2392 enim

1971 2434 2126 2488 nobis
2162 2432 2343 2487 omnia
2385 2430 2543 2494 bona,
2593 2430 2765 2500 gratia
2817 2429 3215 2498 praeveniente,
3264 2429 3554 2484 donantur.

1969 2523 2250 2580 Profectus
2294 2523 2529 2577 hominis
2577 2522 2776 2575 donum
2823 2520 2919 2574 Dei
2964 2529 3066 2584 est,
3099 2535 3200 2574 nec
3238 2534 3269 2572 a
3300 2535 3358 2574 se
3386 2528 3564 2588 potest

1971 2617 2280 2685 quisquam,
2312 2615 2403 2669 sed
2435 2629 2465 2666 a
2507 2613 2617 2667 Deo
2644 2611 2865 2682 corrigi,
2893 2617 3124 2666 testante
3152 2610 3435 2680 prepheta,
3464 2611 3560 2680 qui

1973 2707 2050 2760 ait
2075 2723 2088 2760 :
2111 2706 2258 2770 Scio,
2289 2705 2533 2767 Domine,
2555 2704 2681 2774 quia
2713 2719 2817 2755 non
2845 2711 2919 2754 est
2943 2701 3169 2754 hominis
3201 2700 3281 2753 via
3307 2700 3442 2770 ejus,
3469 2716 3560 2755 nec

1969 2797 2068 2852 viri
2108 2805 2183 2850 est
2220 2805 2274 2848 ut
2304 2793 2534 2848 ambulet
2575 2803 2624 2846 et
2663 2794 2861 2862 dirigat
2906 2808 3112 2861 gressus
3157 2808 3280 2844 suos
3311 2791 3446 2861 (Jer.
3476 2791 3556 2862 χ).

1972 2886 2282 2957 Spiritualis
2309 2885 2482 2954 gratia
2512 2899 2617 2938 non
2644 2883 2896 2938 omnibus
2917 2879 3280 2945 distribuitur,
3313 2881 3408 2935 sed
3441 2889 3562 2935 tan-

1971 2975 2247 3031 tummodo
2291 2974 2479 3028 elcctis
2523 2974 2772 3028 donatur.
2831 2971 3052 3026 Munera
3095 2971 3414 3041 gratiarum,
3464 2971 3558 3026 alii

1971 3068 2094 3132 ista,
2126 3067 2216 3120 alii
2241 3079 2372 3119 vero
2399 3067 2670 3125 donantur
2691 3063 2802 3128 illa,
2830 3077 2931 3117 nec
2960 3063 3118 3117 datur
3144 3063 3343 3118 habere
3367 3063 3441 3116 ita
3463 3062 3558 3116 uni

1958 3154 2033 3215 ἰιι
2053 3176 2161 3215 non
2189 3169 2347 3230 egeat
2376 3159 2565 3214 altero.
2593 3155 2758 3211 Posse
2786 3156 2903 3210 fieri
2929 3171 3034 3209 non
3061 3162 3143 3210 est
3166 3155 3409 3219 dubium,
3434 3163 3494 3209 ut
3521 3154 3562 3210 ii

1976 3267 2112 3322 quos
2162 3251 2382 3320 quidam
2427 3250 2687 3303 virtutum
2726 3247 3044 3302 excellentia
3071 3248 3420 3312 antecedunt,
3457 3247 3558 3302 Dei

1976 3341 2256 3411 repentina
2308 3339 2667 3409 praeveniente
2713 3339 2906 3406 gratia,
2948 3337 3209 3407 quosdam
3237 3337 3560 3406 compendio

1977 3432 2282 3487 sanctitatis
2327 3430 2693 3500 praweniant,
2749 3438 2809 3482 ut
2864 3429 2990 3482 dum
3037 3435 3163 3482 sunt
3210 3427 3563 3482 conversione

1975 3523 2264 3595 postremi,
2297 3522 2476 3578 subito
2520 3519 2819 3575 efficiantur
2847 3519 3064 3574 virtutis
3109 3518 3343 3574 culmine
3370 3519 3556 3586 primi.

1976 3615 2114 3668 Dum
2159 3614 2388 3683 quisque
2438 3613 2654 3681 aliquod
2691 3614 2892 3667 bonum
2939 3612 3154 3680 accipit,
3206 3627 3312 3665 non
3344 3618 3564 3680 appetat

1978 3705 2208 3776 amplius
2238 3720 2396 3774 quam
2423 3703 2566 3773 quod
2596 3703 2816 3768 meruit,
2847 3719 2914 3757 ne
2934 3701 3062 3756 dum
3083 3702 3306 3756 alterius
3329 3701 3561 3756 membri

1975 3797 2208 3853 officium
2235 3797 2474 3865 arripere
2501 3802 2693 3859 tentat,
2718 3794 2770 3848 id
2792 3793 2936 3863 quod
2965 3792 3164 3846 meruit
3192 3791 3398 3860 perdat.
3424 3789 3566 3846 Con-

1977 3877 2159 3942 turbat
2205 3887 2349 3944 enim
2395 3883 2638 3954 corporis
2674 3882 2918 3937 ordinem
2959 3888 3149 3945 totum,
3197 3880 3290 3949 qui
3318 3895 3425 3934 non
3463 3891 3566 3936 suo

1977 3985 2262 4032 contentus
2305 3974 2497 4036 ofﬁcio,
2539 3973 2770 4043 subripit
2815 3972 3068 4026 alienum.
3103 3971 3296 4024 Frater
3325 3971 3564 4024 interro-

1976 4069 2123 4138 gavit
2149 4067 2434 4136 qttemdam
2463 4080 2646 4118 senem
2670 4062 2854 4117 dicens
2887 4079 2900 4115 :
2934 4062 2990 4115 Si
3019 4060 3174 4116 fuero
3210 4060 3264 4114 in
3306 4060 3426 4113 loco
3459 4058 3561 4112 ali-

1977 4175 2106 4228 quo,
2137 4166 2191 4212 et
2219 4165 2344 4210 nata
2393 4155 2526 4210 mihi
2557 4154 2721 4208 fuerit
2759 4153 3063 4216 tribulatio,
3096 4159 3150 4205 et
3174 4167 3283 4205 non
3323 4152 3565 4206 habuero

1977 4249 2066 4303 cui
2103 4262 2188 4301 me
2211 4245 2570 4308 committam,
2593 4250 2648 4298 et
2673 4243 2906 4298 indicem
2929 4242 3006 4296 illi
3033 4242 3337 4311 passionem
3369 4242 3564 4297 anima:

1978 4353 2131 4403 meae,
2169 4337 2297 4406 quid
2326 4335 2510 4389 facio?
2546 4334 2686 4389 Dicit
2715 4334 2791 4387 illi
2821 4349 2983 4389 senex
3011 4349 3025 4387 :
3052 4333 3224 4387 Crede
3271 4332 3327 4386 in
3371 4332 3560 4399 Deum,

1976 4432 2102 4501 quia
2135 4431 2249 4498 ipse
2286 4428 2467 4483 mittet
2501 4429 2729 4498 gratiam
2761 4442 2935 4492 suam,
2965 4435 3020 4482 et
3044 4426 3342 4481 satisfaciet
3365 4426 3484 4493 tibi,
3516 4427 3563 4482 si

1979 4521 2034 4575 in
2058 4520 2286 4574 veritate
2311 4518 2587 4589 rogaveris
2617 4533 2759 4572 eum.
2793 4517 2859 4570 Et
2881 4517 3084 4571 addidit
3111 4517 3295 4571 dicens
3321 4534 3334 4569 :
3367 4515 3564 4572 Audivi

1979 4611 2121 4666 enim
2148 4611 2273 4679 quia
2296 4611 2347 4664 in
2377 4609 2561 4679 Scythi
2604 4608 2710 4664 tale
2731 4607 2933 4677 aliquid
2961 4606 3160 4662 factum
3184 4616 3286 4662 est.
3319 4608 3449 4663 Erat
3485 4609 3562 4664 ibi

1979 4702 2198 4771 quidam
2247 4701 2338 4770 qui
2389 4701 2688 4754 sustinebat
2734 4699 3079 4763 tentationcs,
3121 4707 3176 4753 et
3216 4714 3322 4753 non
3354 4699 3562 4754 habens

1980 4791 2234 4846 fiduciam
2263 4791 2318 4844 in
2342 4789 2521 4858 aliquo
2546 4789 2634 4843 cui
2676 4787 3046 4852 confiteretur,
3076 4789 3290 4858 paravit
3319 4803 3439 4843 sero
3468 4805 3563 4859 pe-

1981 4897 2098 4936 ram
2127 4895 2281 4934 suam
2317 4887 2379 4933 ut
2420 4879 2740 4935 discederet.
2779 4879 2845 4933 Et
2869 4893 2997 4934 ecce
3035 4891 3195 4935 nocte
3232 4880 3479 4950 apparuit
3511 4882 3562 4936 ci

1980 4973 2152 5044 gratia
2198 4972 2410 5026 Domini
2457 4970 2511 5024 in
2558 4971 2737 5039 specie
2783 4971 3025 5042 virginis.
3067 4979 3122 5025 et
3174 4971 3397 5040 rogabat
3437 4984 3561 5024 eum

1979 5064 2165 5119 dicens
2196 5081 2209 5117 :
2242 5062 2518 5130 Nusquam
2544 5063 2730 5126 vadas,
2761 5063 2853 5116 sed
2883 5062 3011 5116 sede
3035 5063 3121 5117 hic
3148 5077 3396 5126 mecum;
3427 5060 3561 5115 nihil

1978 5155 2122 5208 enim
2155 5153 2354 5207 malum
2382 5153 2478 5207 tibi
2505 5152 2594 5207 fiet
2623 5169 2690 5208 ex
2714 5154 2779 5208 iis
2808 5169 2927 5222 quae
2953 5154 3171 5208 audisti.
3211 5153 3312 5219 Qui
3335 5152 3564 5208 credens

1977 5245 2159 5300 verbis
2186 5242 2302 5313 ejus
2323 5245 2480 5310 sedit,
2509 5251 2564 5298 et
2585 5253 2836 5298 sanatum
2861 5252 2945 5299 est
2973 5245 3156 5298 statim
3180 5258 3274 5297 cor
3298 5241 3489 5310 ipsius.

2541 5336 2768 5392 CAPUT
2801 5335 2984 5390 XLVI.

2494 5427 2572 5482 De
2603 5428 2748 5482 bonis
2778 5426 3047 5496 subjectis.

2051 5521 2141 5592 (D,
2193 5521 2375 5591 Greg.,
2422 5531 2618 5591 pastor.
2671 5518 2826 5574 Curre
2862 5535 2914 5587 p.
2960 5532 3053 5579 ιιι,
3089 5515 3300 5568 admon.
3356 5512 3558 5587 5,11.)

1977 5615 2316 5669 Admonendi
2365 5621 2489 5668 sunt
2533 5610 2732 5667 subditi
2782 5623 2848 5662 ne
2892 5608 3304 5678 praepositorum
3336 5620 3558 5662 suorum

1979 5707 2148 5761 vitam
2174 5714 2396 5770 temere,
2425 5704 2468 5758 si
2498 5702 2627 5773 quid
2647 5716 2741 5755 eos
2764 5699 2991 5754 fortasse
3029 5713 3188 5771 agere
3217 5696 3558 5769 reprehensi-

1977 5798 2158 5855 biliter
2184 5798 2385 5862 vident,
2414 5792 2829 5864 reprehendant,
2860 5806 2926 5846 ne
2965 5792 3105 5848 unde
3134 5800 3279 5847 recte
3303 5790 3442 5846 mala
3472 5803 3557 5844 re-
