4020 6466
96 3968 113 3997 (

53 4003 181 4139 δῷς
198 4011 283 4131 ξι

360 4144 381 4175 Ἀ

44 4202 131 4247 χχι*
142 4187 271 4229 ὶινψ
332 4178 359 4247 ‘I

332 4234 349 4309 ἱ

541 356 647 413 643

1829 357 2180 416 SMARAGDI
2215 361 2506 419 ABBATIS

3714 385 3829 446 6M

536 474 824 544 darguunt,
875 471 1000 527 inde
1040 483 1137 541 per
1177 467 1427 525 elationis
1474 468 1762 541 impulsum
1810 470 1864 571 in
1896 462 2122 542 profun-
2146 480 2199 541 Α
2223 473 2349 571 dum
2385 475 2586 571 inﬁrmi
2613 477 2814 550 quique
2859 481 3081 542 fortium
3108 486 3254 546 facta
3283 493 3614 567 corripiunt,
3644 497 3758 571 ipsi
3785 516 3824 560 a

534 564 689 619 diora
734 570 1069 633 mergantur.
1099 559 1438 615 Admonendi
1465 569 1595 615 sunt
1636 561 1858 627 subditi,
1887 578 1956 616 ne
1995 577 2120 617 cum

534 653 722 724 culpas
762 653 1177 724 praepositorum
1219 651 1584 717 considerant,
1610 662 1800 707 contra
1828 668 1923 708 eos
1955 654 2121 707 auda-

534 747 709 803 ciores
734 747 867 802 ﬁant
895 766 906 801 :
934 748 1028 802 sed
1055 744 1137 801 sic
1157 744 1227 817 (si
1246 759 1352 814 qua
1380 746 1535 801 valde
1560 752 1684 800 sunt
1709 760 1895 801 eorum
1924 744 2115 816 prava)

532 840 672 911 apud
716 838 1034 908 semctipsos
1073 835 1387 905 dijudicent,
1416 845 1476 891 ut
1504 844 1682 892 tamen
1716 836 1899 891 divino
1922 837 2115 892 timore

527 931 831 997 constricti,
868 929 1011 985 ferre
1032 931 1133 985 sub
1167 930 1247 985 eis
1270 928 1457 1000 jugum
1480 932 1796 985 reverentia:
1823 945 1929 984 non
1957 945 2114 985 recu-

526 1028 667 1076 sent.
695 1020 1032 1076 Admonendi
1062 1028 1189 1076 sunt
1207 1020 1453 1076 benevoli
1477 1021 1698 1087 subditi,
1723 1030 1785 1075 ut
1812 1020 1892 1075 sic
1919 1020 2111 1076 alienis

522 1110 684 1168 bonis
707 1112 1102 1183 congaudeant,
1134 1119 1402 1181 quatenus
1437 1112 1639 1167 habere
1659 1119 1713 1167 et
1733 1112 1952 1182 propria
1982 1127 2112 1167 con-

521 1202 821 1273 cupiscant,
855 1203 934 1259 sic
976 1203 1344 1273 proximorum
1374 1202 1514 1258 facta
1561 1202 1831 1274 diligendo
1861 1203 2105 1273 laudent,

519 1302 582 1349 ut
615 1295 779 1349 etiam
818 1295 1079 1349 imitando
1106 1294 1482 1365 multiplicent,
1523 1311 1593 1351 ne
1623 1295 1691 1366 (si
1734 1296 1787 1350 in
1826 1297 1929 1352 hoc
1963 1313 2105 1368 prte-

518 1387 689 1441 sentis
713 1386 839 1440 vitm.
867 1387 1040 1441 stadio
1066 1387 1145 1441 ad
1170 1394 1442 1441 certamen
1465 1386 1699 1442 alienum
1733 1385 1909 1443 devoti
1935 1388 2108 1442 fauto«

518 1488 631 1539 res,
651 1475 745 1530 sed
771 1476 906 1546 pigri
935 1484 1265 1546 spectatores
1287 1477 1571 1550 assistunt)
1597 1494 1663 1534 eo
1684 1487 1804 1549 post
1827 1487 2104 1534 certamen

516 1562 636 1617 sine
681 1563 872 1619 bravio
915 1576 1253 1631 remaneant,
1282 1581 1391 1637 quo
1420 1584 1563 1624 nunc
1591 1569 1644 1623 in
1671 1570 1966 1624 certamine
1994 1584 2102 1623 non

514 1649 784 1716 laborant,
836 1661 890 1708 et
934 1662 1062 1709 tunc
1106 1670 1294 1711 eorum
1337 1657 1545 1725 palmas
1578 1656 1758 1712 amicti
1784 1659 2097 1729 respiciant,

513 1738 571 1793 in
597 1756 826 1810 quorum
852 1759 997 1800 nunc
1026 1743 1210 1800 labore
1235 1746 1395 1801 otiosi
1424 1748 1738 1815 perdurant.
1781 1748 1947 1803 Valde
1975 1764 2100 1818 pec-

2219 567 2517 622 viventium
2547 578 2696 626 sorte
2715 576 3094 642 reprobantur.

2772 682 2999 743 CAPUT
3037 691 3244 749 XLVII.

2230 731 2278 849 C
2392 764 2483 861 Et“
2489 769 2766 829 thesaurus
2805 782 3048 836 monachi
3072 784 3127 865 in
3142 786 3632 867 fgoﬂcollocetur.

2282 883 2543 944 Dominus
2568 905 2668 947 nos
2698 893 2956 950 admonet
2989 897 3175 956 dicens
3209 920 3223 955 :
3256 902 3642 966 Tliesaurizate
3670 913 3818 972 vobis

2210 974 2483 1032 thesauros
2510 980 2567 1034 in
2597 980 2748 1048 caelo,
2792 984 2881 1038 ubi
2908 1003 3000 1041 nec
3024 1005 3201 1061 aerugo
3219 1033 3234 1059 ,
3264 1010 3357 1049 nec
3386 999 3530 1053 tinea
3553 1008 3815 1059 externi-

2210 1076 2300 1120 nat
2331 1067 2547 1139 (Matth.
2578 1070 2677 1144 Vl).
2707 1072 2774 1128 Et
2808 1078 3081 1146 quomodo
3115 1087 3487 1158 unusquisque
3513 1094 3583 1146 ad
3624 1097 3813 1164 perfe-

2208 1158 2440 1215 ctionem
2469 1165 2826 1221 monachatus
2845 1172 3151 1241 perveniat,
3176 1175 3507 1245 ipseiterum
3534 1158 3674 1241 dicit
3704 1206 3718 1243 :
3747 1190 3813 1246 Si

2206 1250 2281 1304 vis
2303 1252 2565 1321 perfectus
2594 1272 2723 1321 esse,
2750 1259 2899 1327 vade,
2926 1264 3086 1318 vende
3112 1270 3287 1323 omnia
3312 1288 3433 1341 quae
3452 1275 3640 1344 habes,
3666 1291 3717 1334 et
3737 1284 3811 1338 de

2202 1343 2540 1411 pauperibus,
2583 1356 2631 1400 et
2660 1348 2871 1406 habebis
2920 1354 3194 1413 thesauros
3237 1360 3291 1415 in
3331 1365 3482 1431 caelo,
3515 1343 3719 1427 et
3756 1385 3809 1430 et

2202 1450 2417 1504 sequere
2444 1454 2526 1493 me
2549 1440 2766 1510 (Matth.
2800 1462 2915 1510 XIX,
2947 1448 3118 1508 Marc.
3144 1470 3199 1521 Χ,
3229 1457 3361 1514 Luc.
3389 1465 3805 1537 xix).’_l'hesan-

2201 1536 2322 1577 rum
2364 1539 2492 1596 ergo
2532 1536 3164 1625 np’stru‘mtfratreshin
3206 1532 3678 1628 mminit},
3711 1557 3804 1622 tibi

2201 1613 2408 1672 hostem
2445 1629 2501 1674 et
2521 1613 2945 1695 expugnatorem
2966 1613 3089 1689 id;
3105 1618 3417 1697 timeamus.
3452 1613 3800 1711 Tliesaiirum

2201 1702 2383 1774 itaque
2414 1723 2639 1779 operum
2688 1716 2775 1770 vel
2824 1718 3085 1778 virtutum
3122 1737 3434 1787 nostrarum
3463 1702 3800 1802 collect—amt;

3376 857 3672 874 Μ

3112 1614 3323 1629 ww

876 1795 994 1800 τ---
1026 1795 1208 1800 ψη---
1242 1795 1395 1801 πη--
1467 1795 1738 1802 "ww---
1800 1795 1945 1803 ,νη
1976 1795 2073 1818 ,ην
2202 1795 2214 1804 .
2562 1800 2573 1812 ,
2784 1807 2796 1819 ,

512 1795 735 1897 camus;
767 1833 813 1887 si
840 1834 1014 1888 aliena
1039 1836 1177 1889 bene
1203 1844 1353 1906 gesta
1399 1795 1508 1890 nron
1539 1836 1828 1907 diligimus,
1880 1839 1974 1893 sed
2019 1838 2096 1893 nil
2122 1828 2171 1887 Β
2197 1795 2575 1907 ffff‘f'fjfb'
2611 1818 2718 1907 eo"
2759 1814 3046 1907 umeﬁ‘m‘ls
3073 1817 3343 1876 occultum
3384 1823 3587 1896 furem,
3617 1848 3797 1905 neque

723 1884 745 1935 ,.
768 1884 813 1887 --
843 1884 1014 1936 ῖ---η
1039 1884 1174 1937 -τη
1203 1884 1353 1906 vv—v—
1399 1884 1511 1939 κτς
1543 1884 1828 1939 τωο-*ῖυν
1880 1884 1974 1893 ""
2020 1884 2096 1893 ""
2123 1884 2159 1887 ⁷
2197 1884 2493 1943 violentum
2526 1900 2818 1962 raptorem.

508 1924 777 1978 mercedis
808 1939 1050 1995 agimus;
1082 1940 1129 1979 s1
1165 1938 1228 1979 ea
1273 1941 1394 1995 qua:
1423 1926 1716 1997 diligimus,
1744 1943 1799 1998 in
1833 1936 2094 1996 quantum
2198 1983 2275 1998 ,.,.
2345 1977 2396 1998 ι,
2448 1991 2533 1998 μ.
2575 1985 2586 1995 -

506 2025 816 2081 possumus,
847 2027 955 2066 non
975 2013 1269 2067 imitamur.
1298 2013 1491 2068 Nostra
1522 2015 1777 2070 nimirum
1802 2024 1927 2071 sunt
1952 2018 2092 2072 bona

506 2100 756 2168 aliorum,
808 2118 929 2172 qum
959 2103 1106 2173 (etsi
1146 2104 1346 2158 imitari
1393 2120 1501 2160 non
1545 2108 1855 2180 possumus)
1888 2110 1944 2165 in
1970 2110 2091 2168 aliis

504 2202 775 2257 amamus,
800 2193 1098 2247 amantium
1125 2194 1276 2258 ﬁunt,
1309 2209 1537 2265 quaeque
1564 2205 1817 2253 amantur
1837 2200 1892 2254 in
1911 2201 2087 2257 nobis.

503 2277 697 2352 (Greg.
742 2281 831 2335 lib.
867 2299 974 2337 xxv
1004 2284 1201 2355 Expos.
1227 2301 1385 2351 mon,
1411 2303 1458 2340 c.
1489 2286 1613 2360 22.)
1640 2287 1746 2354 Qui
1780 2290 1944 2361 igitur
1967 2308 2088 2348 ma-

502 2369 624 2439 gnis
648 2370 937 2428 virtutibus
976 2374 1029 2427 in
1083 2382 1285 2429 sancta:
1322 2375 1575 2433 Ecclesiae
1623 2380 1742 2433 sinu
1773 2381 2082 2451 proﬁciunt,

498 2460 912 2529 praepositorum
956 2477 1180 2517 suorum
1209 2465 1377 2519 vitam
1416 2467 1694 2537 despicere
1730 2486 1836 2525 non
1867 2465 2082 2540 debent,

498 2562 624 2602 cum
645 2564 843 2605 vacare
872 2565 966 2606 eos
989 2552 1151 2608 rebus
1184 2556 1546 2612 exterioribus
1569 2559 1752 2615 vident
1779 2579 1793 2615 :
1826 2563 1953 2632 quia
1980 2566 2084 2622 hoc

496 2638 643 2707 quod
681 2639 784 2709 ipsi
814 2641 992 2695 securi
1028 2642 1217 2697 intima
1246 2654 1553 2714 penetrant,
1582 2662 1651 2702 ex
1681 2649 1898 2706 illorum
1924 2652 2082 2722 adju-

496 2734 682 2780 mento
721 2735 826 2791 est,
862 2730 954 2799 qui
1002 2738 1194 2785 contra
1225 2733 1490 2801 procellas
1518 2735 1678 2806 hujus
1714 2740 1899 2795 saeculi
1928 2749 2078 2797 exte-

497 2814 613 2869 rius
633 2814 902 2872 laborant.
934 2817 1103 2885 Quam
1134 2821 1278 2875 enim
1306 2824 1558 2879 candoris
1579 2827 1663 2880 sui
1689 2828 1918 2898 gratiam
1951 2832 2081 2887 reti-

494 2913 673 2970 neret,
708 2906 754 2960 si
774 2901 1002 2977 'byssum
1032 2909 1210 2979 pluvia
1239 2914 1518 2983 tangeret?
1549 2913 1656 2971 Aut
1696 2919 1825 2987 quid
1849 2919 2075 2992 fulgoris

491 3002 655 3066 atque
678 2996 941 3054 claritatis
965 3016 1159 3057 coecus
1184 3003 1270 3057 vel
1298 3005 1625 3075 hyacinthus
1669 3013 1997 3078 ostenderet,
2025 3015 2070 3070 si

490 3086 606 3142 haec
628 3099 908 3160 susceptus
932 3092 1106 3161 pulvis
1140 3093 1404 3151 fwdarct?
1436 3097 1519 3153 Sit
1540 3113 1670 3171 ergo
1702 3102 1930 3174 desuper
1950 3113 2070 3161 tex-

2867 1899 3051 1957 Patri'a
3092 1908 3238 1987 enim
3281 1922 3469 1970 nostra
3496 1899 3794 1987 paradisus

2195 1983 2295 2030 e'st.
2344 1977 2403 2033 In
2447 1985 2624 2051 patria
2674 2002 2805 2044 vero
2849 1977 3785 2086 ΜΕἦόἇῖιῆἶῇ

2192 2070 2517 2141 multiplices
2551 2093 2697 2135 nunc
2734 2082 2998 2141 bonarum
3036 2091 3297 2150 virtutum
3342 2070 3789 2168 debemus‘eoii;

2191 2159 2321 2216 dere
2350 2165 2650 2236 thesauros,
2680 2174 2769 2229 ubi
2812 2188 2935 2245 post
2970 2180 3132 2238 ﬁnem
3162 2185 3322 2258 hujus
3367 2196 3560 2252 seculi
3582 2159 3788 2259 cent;-

2187 2250 2416 2319 plicatos
2462 2272 2772 2317 mereamur
2824 2268 3067 2339 recipere
3121 2250 3350 2334 fructus.
3399 2281 3596 2341 Sancti
3622 2293 3781 2360 enim,

2187 2341 2331 2454 ὤρη.
2346 2350 2629 2418 propheta,
2659 2353 2713 2408 in
2735 2364 2875 2413 terra
2897 2377 2996 2416 sua
3018 2364 3249 2436 duplicia
3273 2341 3781 2454 possidebuntvblis:

2184 2433 2283 2504 Vl),
2318 2436 2369 2491 id
2398 2448 2498 2503 est,
2532 2441 2585 2496 in
2617 2450 2762 2500 terra
2797 2433 3099 2510 viventium
3135 2433 3528 2524 beatitudinem
3564 2433 3784 2535 liuentis

2182 2523 2344 2579 simul
2366 2528 2638 2589 habebunt
2661 2543 2716 2591 et
2737 2542 2983 2608 corporis
3006 2559 3021 2599 :
3048 2547 3136 2602 ubi
3159 2549 3419 2613 Dominus
3440 2523 3781 2623 Iesus—(Eli;

2180 2626 2293 2670 stus
2319 2619 2623 2688 reformabit
2662 2643 2849 2699 corpus
2885 2633 3199 2696 humilitatis
3228 2656 3442 2717 nostrar,
3474 2619 3781 2728 conﬁcim-

2179 2716 2540 2814 tpmucorpori
2566 2715 2824 2776 claritatis
2855 2741 2968 2780 suae
2999 2727 3167 2799 (Phil.
3198 2735 3307 2807 iii).
3336 2715 3645 2814 [cyprini-1.:
3679 2752 3775 2809 lib.

2177 2795 2245 2852 de
2289 2799 2548 2859 Hortali"
2580 2808 2634 2862 in
2674 2809 2824 2885 Ῑὶηθ’]
2861 2795 3091 2889 Magius
3114 2795 3389 2888 enim'nbs

2175 2902 2300 2944 rum
2342 2905 2622 2963 exspectat
2645 2915 2940 2972 numerus;
2985 2923 3293 2984 parentum,
3331 2919 3571 2981 fratrum
3609 2940 3781 3002 atqu

2175 2998 2421 3086 sororum
2449 2994 2663 3063 copiosa
2694 2998 2851 3056 turba
2880 3004 3063 3062 videre
3093 3010 3388 3082 desiderat,
3419 3018 3489 3073 de
3514 3035 3620 3076 sua
3650 2994 3772 3093 jam

2174 3073 2579 3139 immortalitate
2626 3101 2838 3156 secura,
2883 3095 2979 3150 sed
3030 3099 3211 3157 adhuc
3254 3106 3321 3161 de
3356 3073 3770 3175 nostra—sal;

3390 1990 3791 2012 Μ

488 3183 609 3231 tura
659 3177 838 3265 cilicii.
870 3179 1028 3237 fortis
1077 3183 1146 3237 ad
1194 3185 1493 3255 pulverem,
1535 3163 1873 3249 sitVinteriu‘s
1918 3195 2068 3251 color

2171 3163 2422 3223 sollicita.
2451 3170 2527 3226 Ibi
2549 3173 2748 3234 chorus
2766 3184 3219 3258 patriarcharum,
3245 3163 3507 3258 numerus

485 3267 907 3339 hyacinthinus,
939 3281 1099 3344 aptus
1140 3276 1207 3330 ad
1235 3277 1505 3333 decorem.
1536 3279 1741 3338 Ornent
1767 3284 2064 3343 Ecclesiam

482 3359 575 3428 qui
595 3361 722 3416 solis
737 3362 900 3418 rebus
920 3365 1254 3435 spiritalibus
1268 3381 1481 3427 vacant.
1509 3373 1715 3445 Tegant
1738 3376 2062 3448 Ecclesiam,

483 3462 621 3516 quos
639 3459 693 3505 et
713 3450 867 3507 labor
890 3469 1070 3509 rerum
1092 3459 1454 3527 corporalium
1477 3473 1684 3533 gravat.
1709 3464 2064 3538 Nequaquam

479 3551 611 3608 ergo
641 3549 828 3595 contra
855 3553 1121 3599 rectorem
1151 3561 1308 3601 suum
1343 3551 1614 3606 exteriora
1641 3563 1887 3625 agentem
1915 3573 2066 3612 mur-

478 3636 659 3683 muret
688 3632 733 3685 is
778 3632 869 3699 qui
898 3633 1040 3687 intra
1066 3643 1311 3691 sanctam
1340 3639 1636 3697 Ecclesiam
1661 3643 1776 3713 jam
1806 3647 2063 3717 spiritua-

475 3714 605 3772 liter
647 3717 832 3788 fulget.
883 3719 940 3775 Si
971 3723 1117 3777 enim
1148 3732 1204 3778 tu
1236 3741 1427 3784 secure
1473 3730 1721 3798 interius,
1759 3743 1818 3789 ut
1834 3714 2059 3807 coccus,

474 3810 687 3876 rutilas,
713 3812 947 3868 cilicium
973 3830 1082 3885 quo
1123 3821 1448 3890 protegeris,
1480 3838 1580 3878 cur
1621 3829 1881 3884 accusas?
1913 3829 2059 3890 (Ilus

449 3899 901 3976 ἕως-Μ
932 3904 1287 3976 Interrogavit
1333 3910 1755 3993 abbaswloseph
1801 3899 2055 3976 αι)δῇ

472 3989 750 4047 Pastorem
805 3995 990 4051 dicens
1039 4017 1052 4052 :
1100 3999 1196 4054 Dic
1251 3987 2056 4074 milii'qiiomoW-monachus

449 4081 632 4146 ﬁam?
658 4085 722 4139 Et
751 4086 888 4141 dixit
923 4104 1092 4144 senex
1128 4109 1141 4145 :
1176 4090 1236 4147 Si
1264 4093 1346 4148 vis
1372 4095 1617 4152 invenire
1642 4102 1883 4170 requiem
1909 4112 1963 4158 et
1998 4105 2054 4160 in

468 4170 573 4226 isto
602 4173 799 4230 smculo
848 4184 904 4231 et
944 4178 996 4231 in
1041 4178 1247 4245 futuro,
1289 4181 1344 4236 in
1378 4184 1525 4238 omni
1550 4201 1716 4242 causa
1737 4188 1871 4245 die:
1913 4191 2053 4259 Quid

468 4279 588 4319 sum
614 4267 754 4335 ego?
787 4268 1001 4351 EtAuon
1035 4269 1247 4351 iudices
1285 4289 1633 4351 qpemquam.
1664 4278 1861 4337 Frater
1887 4283 2053 4339 inter-

465 4355 674 4423 rogavit
697 4344 945 4412 abbateiﬁ
958 4344 1491 4422 Fasiaié’iﬁ‘aic‘cﬁs}
1524 4367 1662 4435 Quid
1682 4369 1905 4438 faciam,
1923 4376 2049 4443 quia

462 4440 819 4510 pusillaniniis
854 4445 922 4500 ﬁo
955 4445 1085 4501 dum
1127 4450 1308 4505 sedeo.
1338 4453 1479 4509 Dicit
1509 4457 1559 4510 ei
1585 4472 1753 4514 senex
1784 4479 1797 4514 :
1829 4440 2045 4518 Nullum

2175 3258 2371 3323 tarum,
2403 3264 2788 3335 apostolorum,
2836 3274 3132 3347 virginum,
3176 3292 3233 3338 et
3265 3290 3509 3348 omnium
3529 3258 3765 3358 cei-triens

2168 3358 2269 3401 nos
2314 3346 2588 3410 desiderat
2631 3372 2836 3417 cuneus
2864 3376 3198 3428 sanctorum.
3231 3376 3275 3432 Ο
3320 3395 3486 3449 quam
3538 3393 3765 3457 grandis

2168 3434 2337 3457 I__.!.'.
2448 3451 2458 3457 ι
2568 3447 2581 3457 “
2613 3449 2625 3457 ·

2165 3434 2350 3495 ιωιίιίτι
2381 3451 2484 3509 est,
2516 3447 2584 3501 ad
2611 3449 2839 3509 istorum
2858 3459 3100 3518 omnium
3128 3434 3443 3529 sanctorum
3471 3434 3763 3546 pe:venim

2164 3533 2517 3601 consortium,
2539 3541 2607 3595 ad
2632 3541 2855 3600 istorum
2887 3553 3128 3610 omnium
3155 3556 3369 3618 felicem
3396 3533 3589 3627 venire
3615 3590 3763 3631 com-

2161 3621 2409 3730 plexum!
2438 3628 2483 3683 Ο
2519 3647 2683 3702 quam
2720 3651 2933 3696 summa
2969 3652 3026 3699 et
3064 3661 3322 3720 perpetua
3358 3656 3620 3730 felicitas,
3653 3667 3759 3726 illic

2163 3717 2525 3783 apostolorum
2569 3723 2835 3793 gloriosos
2870 3746 3096 3793 cernere
3139 3717 3356 3812 choros,
3387 3758 3445 3805 et
3469 3717 3755 3813 exsultan-

2157 3999 2388 4040 cuneum
2412 3987 2679 4050 interesse
2703 4010 3033 4060 sanctorum.
3046 4007 3199 4081 Dixit
3218 4013 3385 4072 abbas
3398 4018 3747 4092 limi-iung;

2157 4075 2319 4095 πηᾼῌᾲ
2705 4088 2720 4095 -
2746 4089 2758 4095 -
3064 4084 3117 4091 "‘
3144 4090 3185 4095 λυ
3252 4090 3371 4095 ῌ⁷ᾼ”*
3404 4088 3419 4095 ”

2132 4075 2759 4169 Ll‘hlie'shaurusumonaclii
2805 4101 2889 4167 est
2919 4076 3223 4175 voluntaria
3248 4075 3565 4185 pedalia-si.
3602 4118 3747 4174 The-

2152 4171 2369 4226 sauriza
2386 4189 2516 4245 ergo
2544 4177 2660 4245 tibi,
2687 4180 2876 4251 frater,
2905 4188 2961 4242 in
2985 4192 3143 4259 ccelo,
3172 4171 3298 4266 quia
3315 4201 3382 4255 ad

2151 4257 2278 4371 dum
2302 4262 2419 4320 sine
2447 4267 2554 4323 ﬁne
2579 4282 2704 4328 sunt
2729 4279 2947 4334 saecula.
2975 4257 3207 4342 Dicebat
3221 4290 3391 4348 abbas
3426 4257 3740 4371 E;agrius:

2149 4348 2281 4406 Cum
2331 4356 2487 4413 sedes
2534 4360 2589 4415 in
2641 4365 2798 4431 cella,
2827 4348 3744 4459 colligam;

2147 4454 2355 4496 memor
2382 4454 2499 4503 esto
2531 4450 2633 4505 diei
2659 4458 2870 4525 mortis,
2908 4470 2963 4516 et
3002 4471 3129 4522 tunc
3154 4470 3359 4529 videbis
3387 4450 3739 4550 corporis'tui

3546 4086 3739 4100 *ἡ

456 4528 687 4598 judices,
717 4533 916 4588 nullum
946 4550 1188 4604 spernas,
1222 4556 1398 4610 neque
1424 4546 1769 4618 condemnes,
1801 4554 2042 4623 nullique
2068 4526 2122 4586 Β
2149 4532 2660 4641 ξηθξξίίίθθίίοἾξέΨχ
2683 4542 2871 4617 cogita
2923 4551 3151 4624 Clade“).
3204 4563 3420 4633 suscipe
3466 4526 3733 4641 dlblorem,

460 4618 737 4686 detrahas,
766 4632 823 4677 et
850 4624 994 4681 Deus
1017 4628 1111 4683 tibi
1132 4639 1357 4698 praestat
1379 4637 1644 4705 requiem,
1670 4647 1725 4697 et
1745 4642 1851 4697 erit
1870 4618 2040 4702 sessio

460 4714 554 4761 tua
603 4710 719 4765 sine
773 4716 1196 4781 perturbatione.
1239 4722 1337 4777 Vir
1380 4726 1598 4795 quidam
1643 4741 1863 4790 sanctus
1912 4751 2036 4793 cum

458 4796 701 4853 audisset
723 4805 1006 4870 quemdam
1029 4820 1368 4879 peccantem,
1390 4815 1538 4874 ﬂevit
1559 4835 1762 4890 amare,
1785 4834 1838 4881 et
1860 4828 1995 4884 dixit
2018 4850 2031 4885 :

455 4884 562 4941 Iste
608 4888 786 4957 hodie,
825 4910 926 4967 ego
967 4902 1222 4958 crastino.
1270 4906 1650 4969 Verumtamen
1695 4884 1929 4987 qualiter
1952 4924 2033 4980 vis

452 4992 642 5050 peccet
678 4985 872 5057 aliquis
895 4998 1020 5047 ante
1047 5001 1120 5060 te,
1156 5011 1263 5052 non
1286 4998 1497 5068 judices
1527 5022 1541 5059 :
1573 5008 1669 5063 sed
1687 4985 1871 5077 iudica
1911 5030 2027 5070 ma-

452 5072 539 5172 gis
562 5076 908 5172 temetipsum
936 5092 1275 5151 peccatorem
1294 5131 1308 5155 ,
1338 5106 1501 5160 quam
1531 5072 1703 5152 illum:
1735 5099 1890 5172 Saepe
1924 5104 2027 5159 ali-

450 5161 578 5259 quid
604 5176 635 5215 a
665 5164 961 5234 majoribus
990 5174 1383 5244 dispensatorie
1407 5186 1601 5256 agitur,
1626 5192 1771 5259 quod
1799 5161 1839 5247 εί
1854 5196 2029 5252 mino-

449 5247 600 5305 ribus
622 5268 781 5313 error
800 5268 1037 5329 putatur.
1071 5266 1224 5339 Stepe
1246 5273 1413 5328 multa
1441 5247 1470 5329 3
1501 5247 1729 5337 fortibus
1748 5282 2024 5359 dicuntur,

446 5355 566 5409 quae
605 5345 806 5404 ideirco
846 5351 1043 5409 inﬁrmi
1069 5356 1381 5427 dijiidicant,
1415 5366 1541 5434 quia
1567 5368 1833 5437 ignorant.
1873 5345 2024 5433 Unde

444 5439 500 5484 et
527 5438 767 5494 nonnulli
797 5443 994 5500 subditi
1020 5457 1208 5504 contra
1235 5452 1337 5508 hoc
1377 5471 1595 5512 manum
1647 5464 2023 5532 reprehensio-

443 5519 529 5574 nis
552 5522 774 5581 mittunt
802 5547 815 5583 :
848 5534 941 5587 sed
970 5550 1000 5588 a
1021 5537 1131 5591 vita
1158 5543 1409 5607 protinus
1437 5546 1571 5616 ipsa,
1594 5564 1691 5605 sua
1706 5519 2020 5613 temeritate

443 5611 718 5707 deﬁciunt.
747 5619 961 5682 Levites
985 5643 1112 5701 ergo
1137 5635 1292 5701 quasi
1321 5611 1582 5706 adjuvans
1604 5658 1823 5702 manum
1846 5656 2019 5707 teten-

443 5700 523 5756 dit
547 5720 560 5758 :
597 5706 692 5765 sed
718 5712 1034 5787 deliiiquens
1057 5700 1224 5778 vitam
1262 5700 1497 5797 perdidit
1521 5731 1608 5804 (ΙΙ
1631 5733 1756 5808 Reg.
1779 5700 2016 5812 bibula

2146 4621 2326 4723 devita
2357 4631 2541 4686 mundi
2574 4632 2730 4693 istius
2759 4642 3043 4701 vanitates.
3074 4621 3601 4723 ἓξὲξ-Μ
3627 4621 3736 4723 εῖ-

2108 4770 2115 4775 .
2143 4708 2345 4783 licitas.
2362 4724 2902 4800 -rlliPQSESjcmpcr
2927 4712 3423 4823 inceden-inuictis
3438 4758 3731 4831 proposito

2122 4815 2490 4876 manauere,
2519 4821 2574 4867 et
2602 4831 2708 4871 non
2739 4818 3121 4884 inﬁrmaberis.
3152 4815 3644 4901 Memorat-{etiam
3673 4860 3729 4906 et

2138 4893 2278 4998 bona
2307 4912 2427 4998 qua:
2467 4913 2593 4959 sunt
2623 4905 2787 4975 justis
2815 4918 3070 4985 reposita.
3121 4923 3394 4984 Fiduciam
3432 4934 3574 4993 habe
3596 4893 3729 4998 ante
3776 4948 3781 4953 ’

2134 4980 2303 5075 Deum
2343 4988 2556 5092 Patrem
2582 5006 2638 5052 et
2662 4980 2939 5061 Christum
2986 5008 3123 5081 ejus,
3171 4980 3722 5097 coramangelige:

2131 5072 2507 5149 potestatibus,
2540 5095 2702 5159 atque
2753 5097 2900 5151 omni
2951 5072 3120 5170 plebei
3149 5112 3298 5180 regni
3350 5072 3639 5187 emlozim':

2130 5168 2270 5284 dona
2304 5172 2421 5241 ejus
2468 5181 2666 5250 cogita,
2699 5194 2754 5239 ct
2798 5168 3061 5261 requiem,
3110 5207 3164 5253 et
3207 5168 3494 5283 gaudium.
3541 5168 3714 5284 Super

2128 5261 2268 5318 bona
2292 5282 2419 5322 vero
2440 5268 2605 5339 justis
2630 5279 2864 5346 reposita
2885 5287 3075 5355 gaude,
3104 5300 3158 5346 et
3176 5261 3402 5363 eisulta,
3428 5261 3708 5376 ct'ltetalixa,

2058 5370 2065 5381 I
2126 5362 2183 5408 et
2210 5356 2293 5412 his
2320 5361 2535 5429 quidem
2564 5364 2669 5421 frui
2704 5368 2926 5430 festina.

2657 5478 2884 5540 CAPUT
2944 5487 3171 5548 XLVIII.

2727 5575 2804 5630 De
2858 5583 3096 5640 consilio.
3164 5638 3175 5649 ,

2196 5650 2271 5707 De
2311 5654 2415 5711 hac
2447 5675 2545 5716 nos
2577 5663 2776 5723 virtute
2803 5674 3012 5730 consilii
3042 5676 3294 5739 Salomon
3331 5689 3585 5752 admonet
3616 5696 3701 5755 di-

2121 5760 2254 5806 cens
2277 5767 2290 5805 :
2313 5750 2472 5819 Audi,
2509 5752 2608 5826 ﬁli,
2637 5760 2934 5834 consilium,
2961 5780 3008 5823 et
3028 5772 3232 5844 suscipe
3259 5750 3607 5855 disciplinam,
3624 5750 3696 5845 ξι
