4020 6474
234 388 352 451 διδ

1459 382 1761 440 DlADEMA
1802 378 2307 447 MONACHORUM.

3404 383 3516 443 546

230 501 318 556 sis
354 497 565 584 sapiens
594 495 649 552 in
680 495 969 552 novissimis
1000 495 1101 550 tuis
1141 494 1326 568 (Prov.
1368 494 1500 567 xix).
1548 493 1679 559 Fili,
1716 494 1830 549 sine
1855 496 2092 579 Accusa
2138 489 2354 563 (Matth.
2402 491 2478 563 v).
2538 493 2606 549 Et
2650 494 2738 550 ille
2779 497 3093 579 respondit”:
3120 496 3200 554 Ex
3248 500 3397 561 omni
3448 516 3519 560 re

231 590 466 648 consilio
515 587 646 643 nihil
697 587 883 656 facias,
928 596 975 641 et
1010 596 1126 658 post
1174 587 1371 656 factum
1420 601 1523 639 non
1562 584 1825 655 paenitebit

235 678 440 753 (Eccli.
471 677 664 750 xxxii).
718 677 933 731 Astutus
959 677 1097 730 enim
1132 676 1308 729 omnia
1333 674 1440 744 agit
1467 688 1584 727 cum
1607 672 1825 726 consilio

235 765 430 839 (Prov.
463 764 604 837 xm).
662 763 732 818 Et
759 764 849 835 qui
878 776 1036 833 agunt
1067 772 1252 817 cuncta
1273 778 1389 816 cum
1417 761 1658 825 consilio,
1688 760 1826 814 mul-

235 865 300 910 ta
329 863 582 926 reguntur
606 854 861 925 sapientia
896 853 1104 925 (Ibid)
1149 853 1290 908 Nam
1324 852 1651 923 dissipantur
1677 852 1823 922 cogi-

236 945 492 1010 tationes,
521 943 611 997 ubi
638 956 741 997 non
770 952 846 997 est
883 942 1157 996 consilium
1197 938 1377 1013 (Prov.
1409 941 1522 1013 xv).
1570 938 1671 994 Ubi
1703 956 1824 994 vero

236 1036 423 1107 plures
448 1045 568 1090 sunt
599 1034 908 1099 consiliarii,
938 1035 1336 1105 conﬁrmantur.
1369 1031 1640 1105 Unguento
1661 1042 1708 1087 et
1737 1050 1828 1088 va-

240 1128 343 1182 riis
373 1127 619 1182 odoribus
658 1126 943 1181 delectatur
975 1142 1085 1190 cor,
1125 1134 1173 1181 et
1213 1125 1358 1179 bonis
1398 1125 1555 1178 amici
1596 1122 1826 1177 consiliis

240 1221 427 1274 anima
476 1219 785 1273 dulcoratur
827 1216 1010 1287 (Prov.
1060 1217 1251 1289 xxvii).
1308 1215 1441 1271 Cum
1490 1216 1827 1287 dispositione

240 1313 415 1366 initur
428 1310 640 1376 bellum,
666 1320 713 1366 et
728 1312 827 1364 erit
839 1309 982 1364 salus
996 1310 1084 1363 ubi
1098 1309 1261 1363 multa
1275 1308 1493 1363 consilia
1505 1319 1623 1363 sunt
1641 1305 1822 1380 (Prov.

240 1402 422 1472 xxrv).
448 1400 679 1456 Scientia
699 1400 947 1471 sapientis
969 1408 1217 1470 tanquam
1232 1400 1506 1454 inundatio
1519 1399 1823 1463 abundabit,

239 1504 293 1549 et
311 1490 586 1547 consilium
602 1491 745 1546 illius
757 1492 892 1545 sicut
909 1490 1025 1559 fons
1048 1491 1164 1544 vitta
1183 1500 1447 1562 permanet
1472 1489 1656 1561 (Eccli.
1685 1489 1821 1560 χχι).

240 1582 440 1653 Magna
467 1582 667 1637 etenim
697 1596 786 1636 res
810 1589 894 1636 est
919 1582 1118 1636 bonum
1146 1580 1448 1642 consilium,
1475 1587 1531 1635 et
1550 1579 1828 1635 monachis

240 1674 406 1729 valde
451 1672 933 1743 pernecessarium.
983 1670 1132 1726 lianc
1186 1672 1351 1741 igitur
1392 1672 1602 1727 consilii
1656 1673 1828 1726 virtu-

243 1775 360 1823 tem
394 1766 698 1821 dilexerunt
733 1779 922 1819 omnes
951 1764 1003 1818 in
1033 1773 1178 1819 terra
1208 1764 1299 1833 qui
1326 1764 1392 1818 ad
1423 1763 1698 1819 caelestem
1731 1779 1828 1819 vo-

1928 572 2032 662 ςυῇ
2064 590 2117 636 te
2149 584 2377 662 gravare
2415 580 2638 640 voluerit
2661 572 2831 662 frater
2859 596 3004 652 tuus,
3033 603 3103 644 ne
3134 590 3390 647 irascaris
3412 594 3514 649 ad—

1912 657 2116 757 iersus
2154 660 2496 729 eum-donec
2512 657 2945 757 Betiliiin‘tuum
2986 681 3236 737 dextrum
3278 672 3529 753 eiiciat;

1900 752 2565 833 “alioquih’si'nercausa”
2569 752 2823 823 irasceris
2861 769 3045 851 εἰκβί
3085 752 3285 829 autem,
3313 752 3517 845 aliquis

1927 853 2042 908 vult
2070 860 2124 908 te
2153 867 2409 923 separare
2440 869 2471 908 a
2502 854 2612 910 Deo
2630 896 2644 921 ,
2676 873 2777 927 pro
2805 859 2907 914 hoc
2934 850 3189 919 irascere.

2006 966 2107 977 ““““
2304 956 2315 961 ’
2352 956 2363 961 ’
2408 954 2449 961 '“
2480 944 2739 1000 CAPUT'
2769 947 2969 1002 XLlX.‘
3098 956 3131 971 λ’
3158 958 3185 961 "

2174 1034 2254 1090 De
2280 1036 2692 1105 sanctiﬁcatione
2725 1038 2897 1094 cordis
2927 1047 2976 1094 et
3006 1042 3261 1111 corporis.

1966 1125 2149 1181 .lnter
2175 1135 2372 1182 caetera
2403 1126 2473 1183 de’
2497 1128 2927 1185 sanctiﬁcatione
2951 1130 3031 1185 sic
3067 1131 3267 1189 Paulus
3301 1133 3353 1188 in
3389 1133 3519 1204 Epi—

1927 1216 2065 1272 stola
2094 1217 2162 1271 ad
2186 1216 2697 1279 T‘hessalonicenses
2730 1218 2807 1272 ait
2832 1236 2844 1272 :
2870 1217 3000 1273 Herc
3028 1230 3105 1274 est
3146 1222 3383 1278 voluntas
3419 1224 3520 1278 Dei

1927 1309 2272 1379 sanctiﬁcatio
2313 1318 2501 1375 vestra,
2548 1319 2607 1364 ut
2650 1311 2956 1366 abstineatis
3001 1329 3034 1366 a
3077 1312 3424 1381 fornicatione
3464 1314 3518 1386 (I

1932 1396 2111 1451 Thess.
2141 1397 2237 1471 ιγ).
2285 1398 2416 1453 Haec
2445 1409 2520 1454 est
2552 1399 2793 1455 voluntas
2829 1401 2949 1466 Dei,
2992 1402 3141 1467 dicit,
3182 1402 3236 1456 id
3271 1410 3376 1468 est,
3414 1403 3521 1459 hoc

1926 1486 2104 1556 placet
2128 1488 2258 1553 Deo,
2286 1498 2348 1543 ut
2383 1506 2480 1545 vos
2517 1491 2682 1546 corde
2715 1493 2923 1562 pariter
2961 1492 3284 1549 sanctiﬁcati
3318 1495 3439 1550 sitis
3466 1502 3523 1551 et

1928 1592 2174 1646 corpore.
2218 1577 2331 1633 Nisi
2361 1580 2504 1635 enim
2537 1581 2589 1635 ei
2618 1580 2723 1635 hoc
2748 1582 3061 1651 placuisset,
3093 1584 3249 1639 nobis
3274 1599 3381 1639 non
3421 1585 3521 1640 im-

1927 1676 2176 1737 perasset
2208 1669 2430 1724 dicens:
2458 1669 2644 1724 Sancti
2681 1681 2861 1737 estote,
2910 1674 3035 1744 quia
3078 1683 3127 1727 et
3171 1690 3265 1745 ego
3305 1684 3523 1731 sanctus

1931 1777 2070 1826 sum,
2092 1761 2349 1815 Dominus
2380 1761 2525 1815 Deus
2548 1772 2715 1816 vester
2744 1762 2888 1835 (Lev.
2922 1779 3013 1818 nx
3033 1770 3087 1819 et
3115 1764 3230 1836 xx).
3267 1764 3374 1820 Sed
3394 1778 3523 1822 vere

1914 967 1983 979 κέαρ

242 1852 465 1908 luerunt
505 1850 868 1906 conscendere
911 1849 1165 1918 patriam.
1226 1849 1332 1903 Per
1374 1850 1516 1903 hanc
1566 1848 1822 1903 virtutem
1852 1846 1898 1906 B
1927 1863 1981 1907 et
2010 1852 2214 1922 absque
2243 1852 2350 1907 ulla
2387 1853 2743 1919 dubitatione,
2777 1855 3135 1909 sanctimonia
3170 1870 3277 1925 qua
3317 1856 3523 1911 sancti-

244 1942 459 2000 consilii
492 1950 759 2014 martyres
796 1948 854 1995 ut
892 1950 1149 1996 aeternam
1194 1956 1224 1996 a
1260 1941 1490 1995 Domino
1526 1942 1830 2011 reciperent

243 2035 437 2099 vitam,
468 2034 628 2088 morti
656 2032 903 2088 mortalia
931 2047 1026 2087 sua
1065 2031 1401 2086 tradiderunt
1426 2047 1674 2101 corpora.
1726 2032 1832 2086 Per

244 2122 391 2179 hanc
447 2122 659 2178 consilii
712 2121 966 2174 virtutem
1015 2121 1252 2189 virgines
1294 2128 1351 2174 et
1390 2120 1728 2176 confessores
1774 2122 1831 2175 in

244 2212 471 2268 servitio
520 2211 734 2265 Domini
785 2224 958 2279 usque
999 2210 1052 2263 in
1102 2210 1265 2265 ﬁnem
1318 2219 1827 2281 perseveraverant.

244 2302 426 2359 Grave
465 2312 647 2358 autem
691 2301 974 2356 consilium
1016 2302 1216 2366 cordis,
1259 2315 1474 2357 omnem
1521 2302 1833 2357 inconstan—

244 2396 381 2451 tiam
403 2395 703 2465 vagationis
722 2394 959 2463 expellit.
1012 2392 1150 2447 Sunt
1178 2394 1375 2449 animae
1403 2410 1522 2462 quze
1542 2394 1648 2449 levi
1677 2402 1829 2451 motu

244 2501 399 2542 nunc
444 2487 569 2551 ista,
616 2500 759 2539 nunc
801 2484 890 2538 illa
930 2484 1257 2539 desiderant.
1313 2485 1663 2556 Omnipotens
1705 2501 1833 2557 ergo

247 2573 419 2639 Deus,
450 2576 574 2645 quia
614 2576 756 2644 ipsas
800 2574 945 2629 leves
996 2574 1370 2630 ﬁuctuationes
1412 2577 1675 2631 mentium
1724 2593 1833 2632 non

247 2661 445 2719 leviter
478 2674 690 2733 pensat,
736 2666 1075 2734 vagationem
1103 2664 1281 2719 cordis
1307 2666 1660 2735 relinquendo
1691 2667 1831 2737 diju—

250 2755 398 2811 dicat
429 2773 443 2809 ε
475 2756 569 2810 sed
594 2771 717 2810 eum
755 2769 852 2824 per
889 2755 1118 2824 gratiam
1160 2756 1397 2824 respicit,
1443 2771 1635 2827 vagam
1676 2773 1831 2811 meu-

252 2854 365 2902 tem
405 2847 458 2901 in
493 2846 705 2902 consilii
733 2846 1085 2901 stabilitatem
1123 2846 1257 2915 ﬁgit.
1307 2846 1443 2902 Cum
1484 2847 1627 2904 Deus
1663 2848 1836 2904 omni-

250 2946 445 3008 potens
470 2936 616 2993 leves
642 2946 822 2993 motus
850 2935 1083 2991 hominis
1121 2937 1549 2993 misericorditer
1580 2939 1835 3009 dignatur

254 3026 516 3109 aspicere,
543 3028 687 3083 hunc
710 3028 955 3097 protinus
990 3029 1308 3085 constantia:
1338 3028 1700 3083 maturitatem
1731 3026 1835 3081 for-

254 3122 391 3179 mat,
431 3123 594 3184 atque
639 3130 885 3186 supernae
938 3119 1123 3190 gratiae
1172 3125 1419 3188 respectu
1472 3133 1568 3172 cor
1610 3116 1726 3186 ejus
1766 3118 1833 3173 ad

1930 1944 2191 1999 moniales
2218 1952 2274 1998 et
2302 1943 2702 2014 magniﬁcentia
2725 1959 2832 2014 qua
2870 1946 3142 2017 magniﬁci
3175 1947 3317 2015 apud
3347 1946 3520 2001 Deum

1931 2032 2238 2088 elﬁciuutur
2270 2034 2465 2098 sancti,
2506 2034 2559 2088 iu
2602 2035 3030 2090 sanctiﬁcatione
3063 2036 3304 2106 ejusdem
3342 2038 3520 2092 nostri

1932 2124 2193 2178 creatoris
2230 2124 2500 2189 consistit,
2529 2124 2670 2179 sicut
2700 2124 2965 2194 scriptum
3000 2134 3122 2181 est:
3149 2126 3523 2183 Sanetimonia

1931 2218 1979 2263 et
2027 2212 2416 2282 magniﬁcentia
2458 2213 2514 2267 in
2550 2213 2964 2282 sanctiﬁcatione
3006 2216 3122 2286 ejus
3164 2216 3337 2289 (Psal.
3368 2217 3517 2291 xcv).

1932 2299 2070 2354 lline
2090 2308 2144 2355 et
2173 2302 2432 2356 Dominus
2470 2304 2582 2356 ait:
2611 2300 2878 2358 Custodite
2902 2315 3161 2375 praecepta
3198 2322 3338 2372 mea,
3360 2316 3408 2361 et
3435 2307 3524 2376 fa-

1933 2389 2031 2441 cite
2048 2405 2131 2454 ea,
2160 2405 2254 2459 ego
2279 2389 2535 2445 Dominus
2558 2393 2647 2462 qui
2668 2394 2942 2461 sanctiﬁco
2964 2410 3049 2447 vos
3073 2393 3218 2465 (Leo.
3247 2394 3361 2466 xx).
3388 2395 3521 2462 ρυω

1932 2478 2104 2532 virtus
2140 2479 2600 2546 sanctiﬁcationis,
2637 2482 2885 2551 quamvis
2922 2484 3175 2537 omnibus
3208 2483 3386 2538 inesse
3419 2485 3520 2539 de.

1934 2569 2060 2625 beat
2090 2569 2435 2637 Christianis,
2476 2574 2710 2629 maxime
2755 2584 2936 2629 tamen
2972 2574 3150 2629 ordini
3181 2577 3435 2631 convenit
3467 2584 3524 2633 et

1935 2662 2195 2717 condecet
2238 2663 2580 2718 sacerdotali.
2632 2665 2784 2720 Unde
2813 2675 2868 2719 et
2898 2666 3159 2721 Dominus
3195 2666 3362 2736 Moysi
3404 2666 3519 2721 ait:

1946 2751 2139 2808 Vesties
2182 2754 2361 2810 Aaron
2404 2765 2452 2809 et
2495 2757 2636 2825 ﬁlios
2675 2759 2811 2827 ejus,
2866 2765 2916 2810 et
2979 2758 3333 2825 sanctiﬁcabis
3378 2757 3521 2825 illos,

1935 2851 1990 2895 ut
2041 2843 2334 2896 sacerdotio
2365 2842 2657 2913 fungantur
2692 2842 2821 2895 mihi
2865 2842 3062 2913 (Exod.
3108 2840 3323 2913 xxvm).
3361 2841 3431 2897 Et
3460 2858 3527 2898 ne

1934 2935 2321 2989 contaminctur
2341 2935 2655 2989 sacerdosin
2688 2934 2964 3000 mortibus,
3005 2936 3128 3000 quia
3184 2943 3524 2992 consecratus

1935 3038 2010 3082 est
2036 3027 2147 3082 Deo
2170 3044 2290 3093 suo,
2310 3038 2357 3082 et
2381 3044 2542 3098 panes
2564 3028 2933 3099 propositionis
2952 3028 3124 3097 offert.
3170 3026 3251 3083 Sit
3271 3044 3395 3097 ergo
3408 3043 3531 3083 san-

1938 3128 2075 3184 ctus,
2099 3120 2223 3190 quia
2250 3128 2302 3173 et
2331 3135 2424 3188 ego
2447 3128 2659 3173 sanctus
2685 3134 2800 3172 sum
2826 3117 3104 3183 Dominus,
3135 3119 3225 3189 qui
3251 3117 3526 3187 sanctiﬁco

256 3210 573 3280 gravitatem
608 3212 818 3267 consilii
856 3221 1077 3283 repente
1106 3213 1369 3282 perducit.
1409 3213 1466 3266 ln
1498 3212 1645 3265 omni
1671 3226 1836 3280 opere
1862 3188 1906 3251 Ο
1940 3209 2186 3281 vos(Lev.
2211 3209 2349 3280 xxi).
2378 3210 2517 3264 Vere
2529 3209 2673 3264 enim
2691 3209 2794 3264 nisi
2819 3208 2978 3264 corde
3003 3217 3057 3262 et
3075 3188 3301 3277 corpore
3323 3207 3531 3263 sancti-

257 3303 400 3372 quod
437 3303 643 3372 cogitas
681 3302 860 3385 facere
889 3344 903 3375 ι
951 3305 1183 3373 primum
1223 3292 1865 3374 gggitm_
1940 3300 2099 3356 ﬁcato
2120 3302 2230 3355 Deo
2252 3300 2576 3355 sacriﬁcium
2611 3317 2642 3354 a
2681 3301 2961 3355 sacerdote
2979 3299 3260 3365 olferatur,
3289 3313 3397 3353 non
3423 3298 3532 3380 erit

256 3384 569 3481 Eundem
592 3384 1307 3465 D_egm;est_.q,uod_mgitas
1326 3392 1869 3463 “diligenterﬂexgu.
1941 3392 1991 3447 ei
2018 3399 2249 3463 gratum,
2279 3391 2370 3460 qui
2397 3405 2493 3445 cor
2526 3390 2668 3444 illius
2693 3405 2724 3444 a
2754 3388 3129 3444 fornicationis
3154 3388 3408 3458 contagio
3435 3402 3531 3443 co-

185 3472 614 3588 Mi
655 3493 741 3539 est
779 3493 981 3539 rectum
1018 3500 1200 3540 coram
1238 3484 1347 3538 Deo
1371 3525 1385 3549 ,
1424 3476 1838 3570 perﬁﬁee‘illudt;
1941 3485 2152 3555 gnoscit
2176 3499 2294 3538 esse
2321 3483 2604 3552 pollutum.
2658 3482 2813 3538 Unde
2845 3491 2901 3536 et
2937 3481 3041 3535 hoc
3074 3480 3129 3534 in
3159 3479 3280 3535 loco
3301 3493 3409 3534 non
3439 3493 3533 3534 so-

258 3574 481 3630 EVvero
525 3590 839 3645 perversum
879 3574 1078 3641 fuerit,
1120 3583 1337 3644 amputa
1382 3575 1511 3629 illud
1551 3575 1618 3627 ab
1658 3574 1842 3628 anima

1942 3577 2050 3630 lum
2090 3574 2599 3630 Thessalonicenses
2633 3572 2684 3644 (Ι
2730 3572 2909 3627 Thess.
2950 3570 3057 3642 ιν),
3104 3571 3200 3625 sed
3243 3578 3298 3624 et
3339 3581 3532 3624 omnes

260 3675 371 3725 tua.
409 3665 477 3747 Et
509 3681 605 3719 nos
640 3664 1038 3747 ergotfggtres,
1075 3665 1257 3719 omnia
1292 3679 1411 3747 qlia:
1448 3664 1679 3733 agimus,
1716 3678 1837 3743 cum

1943 3671 2191 3724 hortatur
2216 3666 2504 3737 Apostolus
2529 3666 2583 3720 in
2612 3665 2832 3721 Christo
2858 3664 3162 3726 credentes.
3189 3669 3251 3717 ut
3278 3677 3336 3716 se
3363 3660 3531 3715 absti—

263 3738 485 3812 ωηείῖῖδ
521 3738 948 3831 Mamili—5"?”
946 3738 1260 3824 “gel‘iplum
1304 3738 1618 3810 (ἶὲῗῗῗῧιτὲ
1660 3738 1842 3807 ῧῖῖῖίιῖἷι
1942 3770 2108 3817 neant
2146 3775 2178 3814 a
2216 3758 2574 3813 fornicatione
2619 3775 2631 3810 :
2679 3757 2806 3827 quia
2853 3756 2994 3810 sicut
3024 3767 3125 3823 per
3166 3750 3530 3807 humilitatem

278 3372 551 3393 ..ρ-..Λ

1020 3734 1307 3751 FW

262 3846 421 3917 aiam
451 3846 654 3900 verbum
680 3863 836 3900 verna:
859 3846 1116 3917 pra'cedat
1139 3855 1210 3911 te,
1232 3854 1280 3900 et
1301 3855 1422 3900 ante
1442 3861 1645 3900 omnem
1668 3853 1842 3899 actum

264 3935 537 3991 consilium
569 3936 752 3990 stabile
772 3949 791 3988 .'
817 3947 866 3990 et
895 3937 952 3990 in
978 3937 1058 3990 his
1095 3936 1335 3991 omnibus
1364 3936 1642 4007 deprecare
1675 3933 1843 3989 Altis-

200 4034 205 4037 ’
268 4031 480 4094 simum,
514 4036 567 4082 ut
616 4028 808 4099 dirigat
847 4029 901 4080 in
946 4030 1159 4083 veritate
1196 4028 1332 4083 viam
1376 4037 1542 4083 tuam.
1600 4027 1662 4083 Si
1706 4028 1844 4082 enim

266 4118 522 4173 Dominus
558 4134 777 4189 magnus
839 4117 1090 4183 voluerit,
1131 4119 1319 4188 spiritu
1364 4118 1724 4188 intelligentite
1764 4134 1846 4172 re-

266 4207 420 4279 plebit
441 4218 511 4273 te,
540 4220 589 4263 et
611 4210 762 4279 quasi
794 4209 1000 4272 imbres,
1036 4211 1198 4264 mittet
1226 4211 1318 4264 tibi
1346 4209 1550 4280 eloquia
1576 4210 1845 4280 sapientiae

267 4318 397 4369 sure,
437 4312 485 4357 et
520 4304 710 4374 aperiet
747 4321 803 4358 os
836 4314 983 4359 tuum
1014 4305 1069 4359 in
1097 4305 1352 4369 oratione,
1382 4312 1429 4358 et
1461 4304 1646 4374 diriget
1672 4303 1843 4356 consi-

268 4393 397 4448 lium
409 4404 554 4449 tuum
568 4398 622 4450 iu
637 4397 791 4461 bono,
812 4405 857 4451 et
870 4412 1029 4467 usque
1041 4396 1094 4449 in
1108 4394 1356 4450 sa'culum
1371 4413 1473 4450 non
1483 4394 1737 4450 delebitur
1748 4409 1849 4447 me-

267 4488 440 4540 moria
483 4497 574 4541 tua
621 4487 809 4559 (Eccli.
852 4502 1068 4551 xxxvii,
1116 4485 1329 4557 xxxix).
1378 4485 1542 4559 “ﬁt
1586 4485 1641 4539 in
1693 4484 1846 4539 initio

268 4578 692 4633 conversationis
716 4593 825 4633 sua:
853 4579 1019 4653 abbas
1045 4576 1423 4653 Exegi-insui
1438 4576 1729 4653 queram
1740 4590 1845 4651 se;

1126 4620 1153 4631 μ
1198 4620 1305 4631 Ilua
1341 4620 1405 4631 “\-
1441 4620 1727 4647 ιιυνιμισυ-ι..

1126 4620 1455 4660 εν-Ω-ψ--υ-ν--εο-ῆμ
1478 4650 1493 4657 ι
1506 4644 1729 4659 «seu...th

270 4684 415 4739 nem,
438 4684 684 4739 quaerens
707 4669 1371 4750 consiﬂWi
1391 4668 1665 4745 Diemilii,
1678 4669 1845 4745 abba,

271 4761 1149 4839 “mowlﬂt'ﬂﬁwmw
1162 4758 1633 4833 Maternae."
1650 4759 1720 4835 si
1748 4776 1763 4831 ξ
1780 4758 1847 4833 Si.

271 4844 1528 4930 vjsﬂsallusﬁﬂcriquﬂmiggggisadhaliquem,
1563 4864 1666 4903 non
1695 4848 1845 4925 prius

273 4926 523 5017 loquaris
1348 4930 1355 4933 ⁷
1371 4932 1634 5013 Evagrius
1664 4928 1845 4995 autem

274 5022 626 5105 militans
670 5036 723 5089 in
768 5037 871 5090 hoc
915 5048 1196 5099 sermone,
1249 5033 1426 5087 dixit:
1462 5031 1633 5086 Crede
1678 5030 1846 5095 mihi,

275 5128 472 5183 multos
505 5128 719 5183 codices
751 5127 874 5198 legi,
915 5135 968 5181 et
1003 5126 1164 5181 talem
1189 5125 1543 5181 eruditionem
1574 5136 1848 5190 nunquam

276 5220 476 5273 inveni.
520 5219 588 5273 Et
615 5219 841 5273 multum
869 5217 1157 5288 proﬁciens
1183 5216 1335 5270 exiit.
1384 5213 1531 5266 Dixit
1559 5211 1725 5266 abbas
1752 5211 1855 5264 Pa-

278 5321 396 5367 stor
419 5326 433 5364 :
460 5312 563 5379 Qui
594 5312 749 5366 docet
774 5319 829 5363 et
860 5324 964 5362 non
1004 5307 1133 5362 facit
1171 5321 1291 5376 qua:
1325 5306 1499 5369 docet,
1540 5303 1732 5358 similis
1769 5310 1851 5356 est

279 5403 477 5469 canali,
508 5410 628 5469 qua:
652 5382 842 5457 omnes
858 5390 940 5454 "sa
974 5416 1032 5454 se
1064 5399 1339 5452 venientes
1366 5396 1547 5459 satiat,
1578 5404 1634 5446 et
1666 5394 1855 5448 sordes

280 5482 467 5551 θ’ὃῖοἷῖιῖι
496 5495 653 5556 lavat,
687 5493 914 5561 scipsam
945 5497 1123 5544 autem
1152 5501 1385 5557 purgare
1410 5500 1516 5538 non
1541 5490 1736 5553 potest,
1762 5482 1857 5537 se]

281 5587 459 5642 omnis
500 5578 1493 5659 spurcitiaxtimmuuditiajn‘ea
1512 5584 1614 5631 est.
1671 5575 1861 5655 Frater

316 5664 439 5677 V-n
454 5660 509 5668 *Ψ

1740 4640 1857 4651 ..αι-...ν

292 4912 455 4927 ﬂ...

256 5022 447 5034 wh—

1871 4534 1923 4593 D

1942 3851 2141 3905 mentis
2176 3849 2480 3904 custoditur
2503 3847 2726 3903 castitas
2750 3846 2952 3907 carnis,
2981 3843 3057 3896 ita
3085 3856 3183 3912 per
3219 3839 3533 3911 superbiam

1945 3943 2126 3998 cordis
2170 3942 2225 3996 in
2273 3941 2671 3996 immunditiam
2717 3939 2826 3993 itur
2866 3932 3125 3989 libidinis.
3171 3932 3353 4004 (Isid.,
3404 3929 3442 3986 ι.
3488 3946 3531 3986 ιι

1947 4033 2205 4097 Sentent.,
2247 4050 2295 4087 c.
2330 4030 2456 4103 59.)
2496 4031 2562 4086 Et
2591 4031 2711 4086 ideo
2744 4025 3037 4081 luxuriosis
3076 4032 3239 4092 atque
3277 4021 3531 4090 superbis

1945 4122 2285 4177 familiariter
2314 4135 2371 4175 se
2398 4120 2520 4190 plus
2553 4134 2713 4187 quam
2743 4114 2955 4170 exteris
2988 4111 3365 4181 peccatoribus
3396 4123 3530 4164 con-

1946 4212 2155 4267 sociant
2182 4209 2473 4271 da:mones,
2507 4209 2633 4277 quia
2660 4220 2758 4276 per
2781 4202 3052 4258 luxuriam
3082 4200 3265 4254 carnis
3294 4199 3407 4254 suis
3436 4214 3532 4257 eos

1947 4300 2195 4355 diabolus
2229 4298 2550 4368 constringit
2586 4296 2816 4359 catenis,
2843 4300 2905 4346 ut
2942 4307 2973 4346 a
3005 4292 3117 4346 Deo
3151 4290 3384 4361 separati
3422 4290 3533 4346 dae-

1947 4392 2304 4461 monibusque
2350 4389 2561 4454 sociati,
2606 4401 2830 4458 regnum
2873 4384 3136 4440 caelorum
3181 4382 3381 4438 habere
3420 4396 3532 4437 non

1948 4486 2298 4555 possintcum
2329 4482 2548 4538 sanctis.
2598 4479 2673 4534 De
2713 4478 2813 4533 hac
2843 4473 3288 4531 sanctiﬁcationis
3325 4472 3530 4528 virtute

1947 4577 2026 4631 sic
2054 4584 2107 4630 et
2133 4573 2368 4629 Joannes
2401 4572 2674 4643 apostolus
2709 4570 2821 4623 ait:
2848 4566 3031 4622 Omnis
3066 4566 3157 4636 qui
3195 4563 3349 4618 habet
3380 4577 3529 4634 spem

1943 4667 2079 4721 hanc
2104 4667 2159 4721 in
2180 4683 2260 4731 eo,
2292 4664 2584 4732 sanctiﬁcat
2614 4678 2687 4727 se,
2727 4662 2862 4715 sicut
2897 4668 2945 4713 et
2979 4656 3067 4712 ille
3107 4666 3322 4711 sanctus
3361 4665 3438 4709 est
3472 4653 3530 4725 (Ι

1944 4758 2108 4813 Joan.
2133 4758 2240 4829 ιιι).
2287 4756 2433 4811 Multi
2460 4769 2517 4810 se
2541 4754 2722 4826 dicunt
2747 4765 2897 4821 spem
2916 4750 3119 4805 habere
3142 4749 3267 4802 vita:
3293 4745 3533 4802 caelestis

1945 4848 2000 4903 iu
2022 4849 2264 4914 Christo,
2287 4848 2380 4902 sed
2394 4847 2535 4900 hanc
2549 4842 2939 4899 confessionem
2956 4840 3287 4910 negligenter
3300 4834 3534 4891 vivendo

1946 4950 2231 4997 evaeuant.
2267 4936 2602 4993 Manifestum
2630 4942 2809 4989 autem
2832 4933 2899 4988 de
2918 4945 2976 4986 se
3003 4930 3261 4985 indicium
3284 4938 3532 4995 superum

1952 5031 2066 5101 spei
2096 5030 2333 5093 exhibet,
2362 5027 2453 5097 qui
2479 5026 2633 5081 bonis
2664 5039 2882 5093 operam
2921 5024 3048 5078 dare
3081 5020 3291 5075 actibus
3327 5016 3526 5077 studet,

1953 5131 2134 5178 certus
2159 5121 2284 5191 quia
2313 5134 2415 5174 non
2454 5117 2611 5173 aliter
2641 5116 2707 5172 ad
2740 5112 3145 5170 similitudinem
3190 5110 3284 5164 Dei
3322 5108 3442 5177 quis
3472 5104 3528 5158 in

1953 5211 2135 5266 futuro
2160 5209 2455 5281 perveniet,
2486 5208 2587 5262 nisi
2623 5206 2718 5261 Dei
2746 5205 3085 5261 sanctitatem
3112 5200 3164 5253 in
3188 5194 3436 5268 praisenti
3469 5206 3529 5248 se

1955 5301 2340 5359 sanctiﬁcanth
2366 5299 2439 5370 (id
2467 5305 2568 5361 est,
2604 5294 2908 5366 abnegando
2951 5292 3265 5361 impietatem
3288 5294 3336 5339 et
3361 5299 3527 5338 strcu-

1955 5394 2092 5447 (aria
2139 5391 2414 5453 desideria,
2449 5388 2618 5442 sobrie
2653 5396 2825 5440 autem
2853 5393 2899 5436 et
2918 5382 3081 5451 juste,
3119 5385 3169 5431 et
3199 5375 3280 5446 pie
3312 5372 3524 5427 vivendo

1959 5483 2088 5557 [Tit.
2136 5480 2199 5553 ιι]
2223 5481 2241 5552 )
2265 5481 2521 5535 imitetur.
2562 5478 2663 5545 Qui
2689 5477 2848 5531 habet
2877 5486 3025 5541 spem
3052 5472 3105 5524 in
3127 5466 3373 5531 Domino,
3398 5479 3527 5557 san-

1957 5556 2162 5631 ctiﬁcat
2197 5589 2254 5628 se
2279 5572 2560 5643 (quantum
2590 5567 2785 5639 potest)
2822 5566 2995 5635 ipsum
3027 5560 3300 5620 intuendo,
3330 5565 3385 5613 et
3409 5556 3527 5626 ejus

285 5644 655 5763 ἰιξῌιῗιόξςῖιιίῖι
689 5644 1266 5739 έιὶιὶιλιειιιᾟιιεέοιέοηι
1311 5644 1496 5747 dicens
1526 5652 1723 5749 #:I'Qail
1780 5675 1864 5741 est
1960 5680 2056 5735 per
2083 5664 2261 5720 omnia
2286 5663 2511 5763 gratiam
2541 5655 2946 5759 ﬁagitandoqui
2979 5653 3055 5763 ait
3087 5671 3098 5707 :
3125 5651 3250 5763 Sine
3280 5644 3529 5763 m‘eJni'hil

286 5742 417 5843 illud
441 5740 593 5838 (lilOllﬁ
613 5740 1019 5835 scriptaerat;
1044 5742 1421 5843 Ωυίίζειξςίὲξίέ
1434 5740 1717 5827 illaille!!!)
1751 5757 1893 5829 δίης,

298 5836 363 5851 dira
370 5838 417 5849 —-

1961 5755 2171 5826 potestis
2215 5753 2386 5823 facere
2429 5750 2608 5824 (Joan.
2652 5754 2765 5819 xv),
2804 5747 2965 5818 eique
2999 5743 3223 5803 dicendo
3255 5759 3269 5796 :
3305 5738 3530 5809 Adjutar

3548 856 3602 870 μ-ιο
