4020 6530
447 338 552 394 647
742 339 758 353 '
1792 330 2070 388 SMARAG
2079 331 2140 387 Dl
2178 331 2467 388 ABBATIS
3605 337 3724 393 (iis

447 466 592 504 meus
621 457 750 513 esto,
782 462 845 501 ne
881 446 1209 516 derelinquas
1240 462 1317 500 me
1352 443 1468 516 (Ps.
1506 444 1678 514 xxvi).
1725 443 1866 514 Ergo
1900 461 2022 499 san—
2049 448 2101 507 Α
2125 444 2340 512 quidam
2369 459 2531 500 senex
2562 443 2736 512 :Quia
2768 445 2873 499 duo
2911 444 3107 501 fratres
3145 453 3300 500 erant
3339 447 3520 510 vicini,
3568 464 3724 503 unus

445 541 640 608 ctiﬁcat
665 555 778 604 nos,
811 539 943 592 sicut
968 546 1013 590 et
1037 538 1142 605 ipse
1164 546 1376 590 sanctus
1401 546 1475 590 est
1499 536 1550 606 (Ι
1574 534 1736 590 Joan.
1764 536 1869 604 ιιι).
1911 535 2019 590 Sed

446 631 534 686 ille
584 639 806 685 sanctus
847 628 1167 691 :etcrnitate,
1210 642 1310 680 nos
1354 628 1526 682 sancti
1578 627 1700 681 ﬁde.
1759 627 2022 694 Tempore

444 721 589 778 enim
627 721 867 788 antiquo,
910 718 1168 788 episcopi,
1201 718 1505 788 presbyteri
1531 725 1587 771 et
1621 716 1832 771 diaconi
1860 716 2022 770 unius

442 812 630 867 uxoris
670 811 766 864 viri
808 809 1198 862 ordinabantur
1235 806 1285 878 (Ι
1330 806 1463 860 Tim.
1500 804 1581 874 ιιι)
1607 822 1624 859 :
1647 806 1806 860 modo
1842 812 2021 858 autem

445 903 604 976 (quia
652 901 956 957 sanctitatis
996 915 1159 954 causa
1216 899 1386 954 crevit
1427 897 1724 968 munditia)
1766 897 1833 951 ab
1875 895 2023 950 omni

445 992 644 1047 carnali
673 991 947 1046 consortio
973 1003 1159 1044 omnes
1186 989 1306 1042 illos
1333 1003 1610 1042 sacrorum
1639 987 1821 1057 regula
1845 986 2027 1055 prohi—

442 1083 533 1138 bet
553 1097 839 1138 canonum.
890 1080 1024 1134 Nam
1059 1089 1113 1136 et
1146 1080 1199 1134 in
1245 1079 1418 1134 Veteri
1449 1079 1795 1132 Testamento
1825 1076 2020 1148 (Exod.

442 1172 637 1244 xxvm)
678 1188 744 1227 eo
789 1180 1030 1240 tempore
1073 1179 1282 1224 tantum
1325 1185 1431 1239 quo
1480 1168 1786 1223 sacerdotes
1829 1174 2024 1236 praesto

442 1274 600 1319 erant
647 1264 828 1328 altari,
885 1265 953 1318 ab
1005 1277 1234 1316 uxorum
1291 1274 1512 1314 suarum
1569 1273 1627 1313 se
1676 1258 2026 1313 continebant

442 1354 731 1408 concubitu
759 1368 940 1406 :nunc
992 1361 1170 1406 autem
1229 1350 1376 1420 (quia
1413 1349 1652 1419 quotidie
1693 1364 1889 1418 corpus
1923 1349 2027 1402 Do-

444 1446 576 1500 mini
629 1453 722 1500 aut
775 1444 1166 1499 conﬁciendum
1216 1443 1372 1496 nobis
1423 1449 1508 1496 est
1557 1439 1624 1494 ad
1673 1441 1842 1494 altare
1876 1481 1891 1505 ,
1935 1449 2028 1493 aut

443 1536 782 1607 sumendum)
819 1552 850 1590 a
886 1534 1086 1590 carnali
1128 1535 1416 1589 concubitu
1458 1533 1697 1602 quotidie
1745 1532 1900 1587 nobis
1944 1539 2028 1586 est

441 1627 839 1682 abstinendum.
887 1626 1021 1680 Hine
1043 1625 1242 1679 Paulus
1278 1624 1618 1677 Timotheum
1647 1623 1918 1687 admonet,
1946 1623 2028 1675 di-

441 1731 568 1770 cens
595 1734 607 1768 :
633 1714 943 1785 Exemplum
971 1724 1077 1768 esto
1098 1713 1334 1783 ﬁdelium
1369 1714 1424 1766 in
1448 1728 1708 1776 sermone,
1734 1713 1789 1766 in
1816 1729 2028 1765 conver-

2122 536 2462 606 peregrinus,
2501 543 2558 589 et
2593 535 2731 589 alter
2762 535 3032 605 indigena.
3084 536 3216 591 Erat
3247 545 3429 592 autem
3468 543 3726 610 peregri-

2123 640 2223 678 nus
2274 624 2362 677 illc
2411 625 2683 679 modicum
2723 625 3098 695 negligentior,
3145 627 3234 680 ille
3278 642 3410 682 vero
3457 629 3723 699 indigena

2124 714 2396 769 studiosus
2433 715 2587 769 valde
2620 734 2634 769 :
2666 717 2891 786 contigit
2921 725 3100 772 autem
3137 727 3197 772 ut
3237 719 3503 776 dormiret
3545 737 3722 791 pere-

2123 803 2310 871 grinus
2338 804 2426 859 ille
2464 805 2518 858 in
2560 820 2711 874 pace.
2759 805 2937 860 Senex
2979 815 3158 862 autem
3198 810 3287 878 qui
3333 820 3456 865 crat
3495 813 3726 870 vicinus

2125 908 2332 959 eorum,
2365 910 2487 949 cum
2519 905 2664 951 esset
2700 897 2980 967 providus,
3014 900 3149 955 vidit
3174 901 3582 958 multitudinem
3619 920 3729 959 an-

2125 981 2366 1052 gelorum
2409 985 2786 1040 deducentium
2824 987 3060 1042 animam
3096 991 3231 1059 ejus.
3272 991 3407 1046 Cum
3449 1009 3584 1064 ergo
3625 1012 3726 1049 ve-

2126 1071 2294 1126 nisset
2321 1073 2386 1127 ad
2417 1074 2610 1128 caelum
2650 1083 2711 1128 ut
2751 1076 3002 1143 intraret,
3049 1078 3190 1133 facta
3239 1089 3322 1135 est
3366 1085 3603 1151 qumstio
3651 1086 3723 1139 de

2126 1161 2214 1216 illa
2253 1164 2450 1218 anima.
2503 1165 2571 1218 Et
2613 1167 2763 1221 venit
2802 1183 2908 1222 vox
2953 1169 3185 1239 desuper
3227 1172 3455 1228 dicens:
3489 1175 3728 1231 Manife-

2127 1261 2268 1307 stum
2301 1262 2387 1307 est
2419 1255 2541 1322 quia
2578 1257 2846 1310 modicum
2886 1259 3164 1329 negligens
3203 1259 3322 1326 fuit,
3357 1263 3449 1316 sed
3486 1275 3725 1334 propter

2125 1346 2616 1416 peregrinationem
2653 1349 2771 1417 ejus
2808 1351 3013 1418 aperite
3041 1353 3113 1406 ei.
3159 1352 3225 1406 Et
3259 1363 3379 1424 post
3414 1357 3534 1412 [nec
3589 1360 3725 1412 dor-

2126 1435 2280 1488 mivit
2313 1436 2398 1489 ille
2426 1436 2694 1505 indigena,
2724 1447 2778 1492 et
2803 1440 2950 1494 venit
2973 1442 3148 1496 omnis
3175 1445 3424 1512 cognatio
3445 1447 3516 1499 ad
3537 1463 3676 1500 eum
3707 1467 3720 1500 :

2129 1528 2347 1598 angelos
2373 1545 2502 1582 vero
2524 1545 2632 1583 non
2663 1531 2798 1585 vidit
2825 1531 2912 1585 ille
2941 1546 3106 1586 senex
3138 1535 3321 1589 venire
3342 1536 3410 1590 ad
3433 1537 3726 1593 deducen-

2131 1618 2254 1672 dam
2305 1619 2541 1673 animam
2586 1620 2747 1675 illius.
2813 1621 3036 1677 Miratus
3082 1632 3261 1678 autem
3300 1641 3459 1680 senex
3526 1627 3720 1683 dixit:

2131 1709 2410 1776 Quomodo
2456 1712 2773 1781 peregrinus
2818 1711 2908 1766 ille
2951 1728 3074 1767 cum
3120 1715 3476 1785 negligentior
3518 1717 3723 1782 fuerit,

437 1809 658 1874 satione,
684 1808 738 1861 in
770 1808 1044 1872 charitate,
1080 1808 1136 1860 in
1162 1806 1290 1874 ﬁde,
1315 1807 1369 1859 in
1403 1806 1642 1859 castitate
1673 1803 1725 1875 (Ι
1758 1804 1890 1857 Tim.
1927 1803 2022 1874 1v).
2053 1790 2101 1848 B
2131 1802 2290 1856 talem
2321 1801 2544 1872 gloriam
2579 1803 2789 1865 habuit,
2823 1811 2878 1858 et
2919 1805 3008 1859 hic
3053 1820 3175 1859 cum
3222 1807 3495 1862 studiosus
3541 1819 3720 1872 esset,

439 1899 541 1966 Qui
563 1901 705 1954 enim
731 1899 851 1953 aliis
882 1899 935 1952 in
963 1913 1212 1953 sermone
1241 1896 1546 1966 exemplum
1571 1895 1731 1950 debet
1761 1896 2023 1964 przebere,

439 1989 660 2043 modum
707 1988 993 2043 locutionis
1031 2002 1138 2041 non
1173 1987 1332 2042 debet
1364 1986 1634 2056 ignorare,
1675 1984 1768 2038 sed
1805 1985 2028 2054 diligen-

439 2089 526 2136 ter
551 2082 710 2136 debet
734 2081 1033 2145 attendere,
1063 2079 1210 2148 quid,
1253 2078 1362 2143 cui,
1399 2077 1614 2147 quando
1642 2077 1728 2130 vel
1757 2076 2026 2147 quomodo

439 2171 638 2228 debeat
673 2173 840 2240 loqui,
869 2180 930 2225 ut
957 2186 1135 2226 sermo
1175 2169 1289 2238 ejus
1313 2185 1418 2223 non
1450 2167 1652 2234 fatuus,
1693 2167 1806 2232 sed,
1846 2184 2028 2221 secun-

439 2263 566 2317 dum
607 2263 815 2316 Domini
857 2271 1190 2332 praeceptum,
1228 2261 1336 2314 sale
1371 2261 1640 2330 sapientia:
1678 2260 1747 2312 sit
1787 2258 2026 2312 conditus

441 2353 655 2426 (Matth.
685 2351 784 2425 1x).
823 2353 916 2408 Ille
941 2353 994 2406 in
1023 2352 1432 2407 conversatione
1455 2352 1658 2406 bonum
1680 2351 1800 2404 aliis
1821 2351 2027 2420 praebet

437 2443 741 2512 exemplum
765 2443 852 2514 qui
877 2453 1035 2508 caste,
1065 2444 1147 2513 pie
1183 2452 1232 2496 et
1263 2442 1408 2512 juste
1446 2442 1566 2496 vivit
1601 2442 1656 2495 in
1695 2442 1791 2494 hoc
1833 2439 2024 2495 swculo

439 2536 590 2607 (Luc.
649 2534 782 2606 xlv).
844 2534 936 2588 1110
986 2535 1040 2588 in
1089 2535 1352 2588 charitate
1399 2533 1521 2588 aliis
1569 2534 1770 2588 bonum
1823 2531 2027 2602 praebet

438 2627 741 2695 exemplum
775 2627 864 2695 qui
892 2625 1060 2678 Deum
1097 2641 1160 2678 ea:
1196 2634 1301 2678 toto
1333 2625 1508 2690 corde,
1552 2632 1660 2677 tota
1696 2633 1883 2686 mente,
1916 2632 2025 2675 tota

437 2716 624 2768 virtute
653 2714 845 2784 diligit,
883 2722 930 2766 et
959 2715 1255 2783 prox-imum
1295 2714 1428 2766 sicut
1465 2714 1794 2782 semetipsum
1843 2712 2021 2781 (Deut.

437 2821 525 2870 vi;
559 2805 748 2859 Matth.
783 2821 925 2869 xxu;
958 2804 1088 2857 Luc.
1115 2803 1192 2874 ι).
1250 2804 1342 2858 1110
1369 2805 1423 2858 1ιι
1463 2804 1568 2858 ﬁde
1590 2805 1789 2858 bonum
1822 2804 2026 2872 prmbet

437 2897 765 2965 exemplum,
797 2896 887 2965 qui
929 2903 1076 2950 recte
1115 2896 1384 2950 credendo
1418 2896 1556 2949 bene
1587 2895 1750 2959 vivit,
1795 2903 1850 2950 et
1887 2895 2024 2951 bene

437 2993 667 3046 vivendo
698 2992 856 3046 ﬁdem
883 2999 1087 3046 rectam
1130 2990 1382 3044 custodit.
1431 2989 1524 3043 llle
1547 2989 1600 3042 in
1630 2989 1878 3044 castitate
1903 2989 2023 3044 aliis

435 3083 637 3137 bonum
682 3082 888 3151 praebet
931 3081 1258 3150 exemplum,
1292 3080 1384 3150 qui
1423 3081 1690 3136 castitatis
1725 3080 2024 3149 pulchritu-

437 3173 616 3227 dinem
647 3173 896 3242 diligens,
936 3187 1044 3225 non
1087 3171 1262 3226 solum
1291 3186 1412 3226 eam
1453 3170 1506 3224 in
1541 3185 1638 3225 suo
1675 3178 1856 3224 servat
1897 3187 2019 3226 cor-

435 3279 590 3333 pore,
617 3263 711 3318 sed
739 3263 903 3316 etiam
936 3278 966 3316 a
995 3261 1406 3334 cogitationibus
1432 3261 1612 3331 pravis
1642 3269 1810 3314 tutam
1839 3270 2020 3316 custo—

437 3357 514 3411 dit
549 3357 604 3410 in
636 3363 836 3420 mente,
877 3355 1002 3424 quia
1035 3353 1168 3408 nihil
1207 3353 1428 3423 prodest
1464 3352 1798 3422 incorruptio
1839 3352 2018 3407 carnis

436 3446 526 3501 ubi
557 3461 664 3502 non
690 3454 771 3501 est
793 3445 1077 3516 integritas
1103 3444 1320 3499 mentis.

1059 3533 1285 3588 CAPUT
1337 3532 1400 3588 L.

809 3625 886 3682 De
910 3626 1180 3679 vocatione
1205 3625 1396 3678 divina:
1423 3624 1651 3694 pietatis.

509 3714 732 3772 Vocatio
768 3717 960 3770 divinae
1006 3715 1221 3786 pietatis
1269 3713 1411 3786 (quae
1464 3715 1693 3770 diversis
1740 3713 1914 3768 modis
1963 3713 2019 3767 in

441 3807 667 3863 diversis
702 3806 946 3860 aetatibus
975 3814 1028 3860 et
1057 3805 1284 3861 diversis
1316 3805 1378 3859 ﬁt
1404 3805 1760 3875 temporibus)
1791 3820 1899 3858 non
1927 3805 2020 3859 ho-

442 3897 604 3951 minis
637 3896 832 3950 merito
856 3935 871 3959 ,
911 3895 1005 3949 sed
1042 3909 1257 3963 semper
1291 3895 1461 3966 gratis
1499 3896 1566 3950 ab
1607 3895 1722 3964 ipso
1757 3895 1869 3950 solo
1904 3895 2019 3964 pio-

443 4003 548 4058 que
596 3988 655 4042 ﬁt
700 3989 856 4042 Deo:
895 3987 1034 4042 sicut
1084 3984 1372 4056 Apostolus
1428 3991 1550 4044 ait:
1591 3988 1717 4044 Sine
1766 3990 2019 4060 paeniten-

443 4082 518 4134 tia
563 4089 682 4133 sunt
731 4079 909 4144 dona,
963 4088 1012 4132 et
1056 4080 1255 4132 vacatio
1310 4080 1407 4133 Dei
1451 4079 1629 4151 (Rom.
1675 4079 1774 4152 xx).
1829 4079 1928 4146 Qui
1965 4087 2021 4134 ct

445 4170 513 4225 ad
568 4170 910 4225 Timotheum
972 4169 1154 4225 dicit:
1196 4168 1298 4235 Qui
1348 4170 1580 4225 liberavit
1622 4189 1714 4226 nos
1767 4180 1814 4226 et
1864 4189 2018 4226 voca-

444 4263 515 4315 vit
555 4262 820 4316 vocatione
859 4279 956 4316 sua
994 4270 1200 4326 sancta,
1251 4277 1355 4314 non
1404 4263 1690 4317 secundum
1735 4280 1890 4334 opera
1928 4280 2020 4316 no-

443 4361 552 4404 stra
575 4391 589 4413 ,
621 4351 708 4404 sed
734 4351 1018 4404 secundum
1053 4351 1373 4420 propositum
1411 4361 1458 4404 et
1496 4355 1718 4421 gratiora
1759 4353 1843 4423 (II
1881 4353 2014 4408 Tim.

447 4440 510 4511 ι).
571 4439 838 4494 Vocantur
883 4441 1047 4504 enim,
1084 4450 1145 4494 ut
1201 4442 1402 4506 dictum
1460 4451 1582 4505 est,
1625 4444 1847 4498 diversis
1902 4460 2016 4499 mo-

448 4534 530 4588 dis
563 4551 576 4586 :
607 4533 732 4603 quia
777 4532 867 4586 alii
911 4540 1115 4586 tantum
1149 4547 1371 4600 corpore
1406 4535 1522 4587 sani
1563 4543 1852 4597 vocantur,
1886 4535 2018 4588 divi-

448 4624 596 4677 nitus
624 4622 899 4691 inspirati;
928 4623 1018 4676 alii
1043 4631 1224 4677 autem
1252 4623 1564 4678 inﬁrmitate
1593 4625 1772 4680 carnis
1801 4625 2016 4691 amicti;

447 4714 536 4769 alii
576 4729 704 4770 vero
739 4714 964 4768 diversis
999 4715 1231 4779 damnis,
1271 4715 1356 4769 vel
1395 4715 1827 4773 tribulationibus
1856 4719 2020 4773 variis

421 4813 423 4816 '
451 4805 712 4875 oppressi.
760 4805 1038 4860 Vocantur
1061 4815 1116 4860 et
1137 4807 1364 4863 diversis
1389 4809 1651 4873 mtatibus,
1681 4811 1804 4880 quia
1845 4812 1930 4865 alii
1961 4812 2015 4866 in

420 4897 690 4970 infantia,
726 4896 818 4950 alii
859 4896 914 4950 in
955 4896 1338 4964 adolescentia,
1380 4900 1469 4952 alii
1506 4901 1560 4953 in
1595 4900 1897 4970 juventute,
1924 4902 2012 4954 alii

419 4984 575 5040 “vero
611 4987 664 5040 in
701 4995 996 5053 senectute,
1031 4987 1116 5041 vel
1154 4988 1317 5042 etiam
1351 4990 1403 5043 in
1436 4990 1703 5060 decrepita
1735 4999 1894 5047 tctate
1924 5007 2015 5045 vo-

451 5084 668 5142 cantur;
703 5083 756 5130 et
782 5077 1007 5132 diversis
1029 5077 1180 5131 boris
1214 5078 1337 5142 diei,
1367 5081 1490 5148 quia
1517 5080 1605 5134 alii
1636 5082 1807 5151 primo
1832 5097 2012 5146 mane,

452 5163 540 5216 alii
568 5165 698 5218 liora
726 5165 898 5229 tertia,
929 5165 1017 5219 alii
1055 5165 1186 5219 hora
1221 5176 1394 5234 sexta,
1434 5171 1522 5224 alii
1560 5186 1720 5235 nona,
1757 5171 1846 5226 alii
1884 5187 2013 5227 vero

452 5261 710 5306 vocantur
747 5253 1044 5308 undecima.
1080 5253 1316 5320 Quorum
1349 5258 1586 5313 omnium
1618 5261 1793 5316 nullus
1828 5262 1880 5314 in
1910 5261 2015 5316 im-

453 5345 798 5409 munditiam,
835 5345 925 5399 sed
954 5343 1143 5402 omnes
1180 5357 1305 5402 sunt
1341 5349 1514 5404 vocati
1543 5366 1572 5403 a
1602 5361 1786 5408 sancto
1815 5355 1925 5409 Deo
1957 5354 2012 5408 in

453 5435 926 5492 sanctiﬁcationem
951 5440 1128 5495 cordis
1157 5449 1211 5494 et
1243 5442 1505 5510 corporis.
1553 5443 1782 5500 Sanctus
1813 5448 2012 5502 etenim

453 5525 594 5581 Deus
618 5539 829 5582 sanctos
852 5530 963 5584 vult
988 5547 1198 5600 semper
1226 5533 1424 5588 habere
1463 5535 1758 5602 ministros,
1788 5539 1931 5593 sicut
1961 5547 2018 5593 et

453 5615 592 5670 idem
627 5617 678 5670 in
720 5616 1004 5688 Evangelio
1042 5623 1149 5675 ait:
1177 5621 1282 5676 Pro
1313 5623 1386 5676 eis
1427 5625 1694 5693 sanctiﬁco
1741 5630 2012 5698 meipsum,

455 5716 509 5758 ut
534 5707 632 5761 sint
655 5718 707 5773 et
723 5709 819 5777 ipsi
838 5712 1143 5778 sancti/irati
1173 5714 1223 5766 in
1254 5715 1460 5769 veritate
1485 5715 1663 5786 (Joan.
1696 5720 1847 5792 xvn).
1875 5721 2017 5776 Dixit

2042 4487 2094 4544 D

2125 1893 2261 1947 nihil
2310 1894 2614 1963 hujusmodi
2660 1895 2879 1948 meruit.
2929 1895 2996 1949 Et
3041 1895 3190 1949 venit
3228 1911 3332 1950 vox
3379 1897 3569 1952 dicens
3615 1901 3718 1953 ei:

2124 1982 2225 2037 Hic
2251 1984 2520 2038 studiosus
2549 1999 2672 2038 cum
2697 1985 2847 2039 venit
2880 1992 2940 2038 ut
2969 1986 3250 2050 dormiret,
3280 1989 3492 2056 aperuit
3522 1990 3724 2044 oculos

2125 2087 2252 2127 suos
2281 2081 2336 2126 et
2365 2075 2500 2128 vidit
2524 2082 2775 2143 parentes
2814 2090 2943 2131 suos
2979 2075 3192 2142 ﬁentes,
3223 2085 3278 2132 et
3307 2079 3582 2133 consolata
3627 2091 3722 2134 est

2125 2166 2304 2220 anima
2333 2166 2470 2235 ejus.
2517 2167 2842 2238 Peregrinus
2877 2181 3026 2232 vero,
3064 2167 3152 2221 ille
3187 2167 3314 2223 licet
3344 2169 3722 2240 negligentior

2123 2256 2246 2321 fuit,
2293 2258 2498 2311 nullum
2542 2265 2722 2313 tamen
2769 2273 2991 2313 suorum
3026 2260 3202 2324 vidit,
3247 2269 3302 2315 et
3346 2261 3723 2330 ingemiscens

2123 2346 2287 2414 ﬂevit,
2323 2357 2375 2403 et
2408 2350 2549 2403 Deus
2578 2349 2888 2404 consolatus
2914 2358 2998 2405 est
3024 2366 3170 2404 eum.
3217 2351 3484 2406 Dicebant
3511 2351 3582 2406 de
3613 2355 3721 2408 ab-

2123 2438 2251 2494 bate
2277 2426 2465 2510 Sysois
2488 2441 2630 2509 quod
2669 2441 2722 2494 in
2752 2441 2838 2495 die
2865 2441 3205 2497 dormitionis
3245 2457 3357 2497 suae
3389 2459 3518 2497 cum
3557 2445 3723 2499 sede-

2124 2537 2247 2583 rent
2266 2529 2411 2583 circa
2436 2545 2558 2584 eum
2580 2537 2778 2599 patres,
2807 2531 3074 2601 Splenduit
3101 2533 3243 2587 sicut
3268 2533 3348 2587 sol
3373 2533 3547 2588 facies
3569 2536 3715 2604 ejus,

2123 2625 2180 2673 et
2201 2619 2335 2673 dixit
2365 2621 2433 2673 ad
2461 2635 2553 2674 eos
2577 2637 2592 2674 :
2615 2620 2753 2674 Ecce
2781 2622 2979 2676 chorus
3000 2623 3382 2691 prophetarum
3411 2632 3469 2677 et
3498 2634 3722 2692 aposto-

2123 2709 2298 2765 lorum
2345 2710 2512 2781 venit.
2563 2709 2762 2764 lterum
2806 2711 2986 2765 dixit:
3021 2713 3161 2767 Ecce
3212 2715 3388 2783 angeli
3447 2725 3720 2768 venerunt

2123 2802 2365 2871 accipere
2389 2817 2496 2858 me.
2553 2803 2621 2856 Et
2654 2819 2868 2858 rursum
2905 2803 3045 2858 facta
3085 2814 3171 2860 est
3207 2805 3374 2861 facies
3411 2805 3535 2874 ejus
3573 2809 3718 2863 sicut

2125 2894 2223 2959 sol,
2261 2903 2316 2949 et
2345 2895 2640 2948 timuerunt
2666 2910 2873 2950 omnes.
2926 2897 3066 2951 Dicit
3100 2897 3296 2951 iterum
3336 2898 3419 2952 eis
3449 2913 3464 2951 :
3497 2898 3716 2964 Videte,

2123 3000 2249 3040 ecce
2280 2985 2537 3040 Dominus
2558 2986 2707 3040 venit
2729 2987 2914 3040 dicens
2939 3005 2951 3041 :
2979 2986 3181 3042 Aﬁ‘erte
3209 2989 3341 3042 mihi
3367 3003 3468 3042 vas
3493 2989 3720 3044 electio—

2125 3078 2209 3132 nis
2253 3078 2442 3132 eremi.
2491 3078 2560 3131 Et
2593 3078 2851 3131 continuo
2890 3078 3124 3133 reddidit
3169 3079 3444 3148 spiritum.
3500 3080 3568 3134 Et
3611 3079 3717 3133 ful-

2124 3183 2252 3240 gore
2284 3168 2525 3239 repletus
2556 3176 2640 3222 est
2666 3176 2811 3223 totus
2845 3169 2992 3222 locus
3024 3168 3111 3224 ille
3141 3169 3305 3225 odore
3329 3171 3640 3225 suavitatis.

2727 3257 2953 3314 CAPUT
2995 3259 3079 3313 LI.

2509 3349 2587 3405 De
2617 3350 2890 3406 dilectione
2919 3362 2966 3406 et
2997 3354 3172 3424 gratia
3193 3353 3311 3408 Dei.

2189 3443 2266 3498 De
2287 3442 2388 3498 hoc
2417 3444 2652 3514 capitulo
2672 3444 2749 3498 sic
2779 3443 3069 3512 Apostolus
3099 3446 3176 3499 ait
3205 3464 3216 3498 :
3247 3445 3388 3499 Deus
3417 3457 3602 3502 autem
3627 3465 3714 3518 qui

2119 3535 2258 3588 dives
2292 3544 2366 3588 est
2396 3535 2450 3588 in
2491 3536 2872 3600 misericordia,
2906 3546 3114 3606 propter
3142 3537 3361 3590 nimiam
3397 3538 3712 3593 charitateat

2119 3643 2268 3679 suam
2285 3643 2387 3696 qua
2406 3627 2586 3680 dilexit
2605 3644 2718 3691 nos,
2737 3644 2853 3681 cum
2875 3645 3101 3682 essemus
3116 3629 3308 3682 mortui
3325 3632 3580 3700 peccatis,
3600 3649 3716 3685 con-

2120 3717 2390 3784 vivi/icavit
2415 3735 2506 3771 nos
2531 3717 2756 3772 Christo.
2792 3715 2956 3787 Cujus
2991 3721 3161 3788 gratia
3203 3736 3386 3774 sumus
3413 3721 3648 3776 saluati:
3668 3734 3714 3777 et

2120 3808 2562 3870 conresuscitavit,
2578 3816 2624 3861 et
2648 3807 2923 3861 consedere
2947 3808 3064 3877 fecit
3089 3809 3143 3860 in
3163 3808 3455 3863 caelestibus
3479 3810 3538 3862 in
3556 3810 3713 3864 Chri-

2119 3906 2219 3962 sto,
2236 3906 2292 3949 ut
2304 3897 2589 3951 ostenderet
2602 3896 2921 3952 abundantes
2934 3899 3144 3953 divitias
3165 3901 3351 3968 gratia:
3365 3889 3484 3954 sure
3497 3901 3553 3954 in
3570 3902 3716 3955 boni-

2120 3996 2224 4040 tate
2238 4003 2393 4056 super
2405 4003 2496 4040 nos
2510 3987 2563 4040 in
2578 3986 2784 4042 Christo
2799 3988 2833 4040 Ι
2837 4006 2947 4042 esu.
2965 3987 3149 4042 Gratia
3169 3992 3305 4044 enim
3318 4007 3509 4045 sumus
3521 3993 3715 4046 salt-eti

2119 4093 2212 4145 per
2243 4076 2399 4144 fidem
2424 4075 2582 4147 (Eph.
2616 4077 2699 4148 ιι).
2751 4078 2893 4132 Deus
2916 4087 3094 4132 autem
3116 4079 3266 4134 dives
3286 4096 3409 4136 esse
3427 4082 3634 4136 dicitur
3659 4083 3714 4136 in

2119 4168 2514 4233 misericordia,
2549 4170 2675 4240 quia
2717 4173 3061 4242 omnipotens
3099 4182 3183 4227 est
3227 4182 3284 4228 et
3329 4175 3712 4230 misericordia

2118 4255 2237 4324 ejus
2262 4256 2415 4326 plena
2443 4266 2526 4312 est
2553 4266 2718 4312 terra.
2759 4259 2919 4313 Dives
2941 4269 3118 4315 autem
3141 4261 3283 4317 Deus
3304 4263 3508 4318 dicitur
3528 4265 3584 4319 in
3609 4267 3712 4320 mi-

2120 4350 2412 4404 sericordia
2439 4391 2453 4415 ,
2501 4351 2626 4420 quia
2677 4360 2992 4420 peccatores
3039 4369 3229 4409 omnes
3276 4356 3712 4411 misericorditer

2121 4443 2286 4496 trahit
2313 4443 2380 4497 ad
2414 4444 2808 4512 pmnitentiam,
2839 4454 2896 4499 et
2924 4446 2976 4499 in
3011 4461 3075 4500 ea
3108 4447 3545 4502 misericorditer
3572 4465 3708 4503 con-

2120 4534 2261 4588 cedit
2304 4535 2780 4603 perseverantiam.
2825 4537 2891 4590 Et
2935 4537 3084 4590 dives
3118 4537 3316 4592 dicitur
3351 4548 3580 4608 propter
3615 4539 3708 4594 ni-

2121 4625 2283 4678 miam
2310 4627 2631 4681 charilatem
2657 4642 2828 4692 suam,
2845 4643 2949 4697 qua
2972 4629 3158 4683 dilexit
3182 4644 3351 4699 genus
3376 4631 3704 4684 humanum.

2120 4714 2175 4768 In
2203 4725 2409 4770 tantum
2437 4717 2582 4770 enim
2618 4734 2715 4772 nos
2747 4718 2935 4773 dilexit
2957 4720 3299 4789 omnipotens
3330 4723 3490 4784 Deus,
3522 4730 3582 4775 ut
3610 4722 3705 4776 Fi-

2115 4807 2246 4860 lium
2261 4822 2416 4860 suum
2433 4810 2590 4861 morti
2609 4810 2840 4864 traderet
2853 4826 2950 4879 pro
2966 4810 3138 4874 nobis,
3157 4811 3295 4865 sicut
3307 4813 3572 4882 scriptum
3586 4823 3702 4867 est:

2119 4898 2341 4967 Propria
2356 4895 2496 4951 Filio
2512 4917 2605 4952 suo
2621 4918 2721 4954 non
2739 4903 2960 4971 pepercit
2983 4902 3145 4967 Deus,
3166 4903 3255 4956 sed
3268 4920 3365 4972 pro
3378 4905 3526 4958 nobis
3539 4906 3709 4959 omni-

2122 4990 2214 5044 bus
2239 4991 2456 5044 tradidit
2476 4992 2624 5046 illuni
2647 4992 2819 5064 (Rom.
2845 4994 2986 5065 vin).
3021 4995 3194 5048 Nimia
3220 4996 3436 5050 enimid
3460 5003 3515 5049 et
3540 5013 3706 5066 gran-

2120 5080 2203 5134 dis
2239 5081 2476 5135 charitas
2519 5091 2636 5147 est,
2676 5098 2776 5151 pro
2815 5085 3188 5153 peccatoribus
3229 5086 3404 5138 servis
3451 5086 3705 5154 unigeni-

2121 5178 2232 5225 tum
2268 5171 2478 5227 tradere
2514 5173 2727 5237 Filinm,
2761 5183 2814 5227 et
2844 5175 3060 5228 eosdem
3101 5174 3331 5230 rebelles
3363 5191 3553 5230 servos
3578 5176 3704 5229 dili-

2119 5278 2245 5333 gere
2283 5272 2537 5332 tanquam
2572 5265 2727 5318 ﬁlios.
2772 5263 2907 5319 Hinc
2939 5268 3156 5330 etenim,
3193 5265 3412 5330 fratres,
3456 5267 3702 5320 conside-

2117 5369 2241 5412 rare
2263 5356 2522 5411 debemus
2550 5365 2806 5426 quantum
2835 5373 2933 5412 nos
2961 5358 3218 5428 Dominus
3245 5359 3427 5429 diligat
3455 5368 3698 5420 sanctos,

2117 5447 2207 5516 qui
2257 5455 2462 5502 tantum
2505 5449 2725 5517 diligere
2769 5449 3017 5519 dignatus
3060 5462 3145 5504 est
3195 5459 3532 5519 peccatores,
3591 5448 3698 5513 Qui

2116 5554 2232 5590 cum
2281 5554 2506 5592 essemus
2538 5541 2730 5591 mortui
2773 5550 2983 5609 propter
3030 5539 3218 5593 delicta
3259 5551 3439 5594 nostra
3466 5580 3482 5607 ,
3533 5540 3697 5608 viai/i-

2117 5632 2253 5684 cavit
2277 5647 2369 5684 nos
2405 5631 2460 5683 in
2488 5628 2694 5683 Christo
2719 5631 2847 5685 Jesu
2902 5631 3116 5703 (Ephes.
3166 5631 3250 5702 ιι).
3309 5631 3536 5702 Propter
3586 5632 3693 5685 mi-

2117 5725 2468 5779 sericordiam
2514 5738 2691 5788 suam,
2726 5741 2885 5780 unam
2930 5727 3102 5796 atque:
3124 5726 3367 5781 eamdem
3415 5724 3570 5777 nobis
3597 5723 3694 5776 tri-
