  <div class='ocr_page' id='page_1' title='image "/cluster/home/n/w/nwhite01/storage/ocr_20150623/102/hvd.32044015466808/330.png"; bbox 0 0 4020 6526; ppageno 0'>
   <div class='ocr_carea' id='block_1_1' title="bbox 195 495 289 552">
    <p class='ocr_par' dir='ltr' id='par_1_1' title="bbox 195 495 289 552">
     <span class='ocr_line' id='line_1_1' title="bbox 195 495 289 552; baseline 0 0"><span class='ocrx_word' id='word_1_1' title='bbox 195 495 289 552; x_wconf 71' lang='grc'><strong>649</strong></span> 
     </span>
    </p>
   </div>
   <div class='ocr_carea' id='block_1_2' title="bbox 1389 491 2238 555">
    <p class='ocr_par' dir='ltr' id='par_1_2' title="bbox 1389 491 2238 555">
     <span class='ocr_line' id='line_1_2' title="bbox 1389 491 2238 555; baseline -0.008 -1"><span class='ocrx_word' id='word_1_2' title='bbox 1389 496 1694 554; x_wconf 76' lang='lat' dir='ltr'><strong>DIADEMA</strong></span> <span class='ocrx_word' id='word_1_3' title='bbox 1733 491 2238 555; x_wconf 77' lang='lat' dir='ltr'><strong>MONACHORUM.</strong></span> 
     </span>
    </p>
   </div>
   <div class='ocr_carea' id='block_1_3' title="bbox 3339 489 3443 544">
    <p class='ocr_par' dir='ltr' id='par_1_3' title="bbox 3339 489 3443 544">
     <span class='ocr_line' id='line_1_3' title="bbox 3339 489 3443 544; baseline 0.01 -1"><span class='ocrx_word' id='word_1_4' title='bbox 3339 489 3443 544; x_wconf 81' lang='lat'><strong>650</strong></span> 
     </span>
    </p>
   </div>
   <div class='ocr_carea' id='block_1_4' title="bbox 192 605 3451 680">
    <p class='ocr_par' dir='ltr' id='par_1_4' title="bbox 192 605 3451 680">
     <span class='ocr_line' id='line_1_4' title="bbox 192 605 3451 680; baseline -0.001 -12"><span class='ocrx_word' id='word_1_5' title='bbox 192 614 352 668; x_wconf 88' lang='lat' dir='ltr'><strong>buens</strong></span> <span class='ocrx_word' id='word_1_6' title='bbox 393 627 516 670; x_wconf 85' lang='lat' dir='ltr'><strong>cum</strong></span> <span class='ocrx_word' id='word_1_7' title='bbox 559 625 626 668; x_wconf 90' lang='lat' dir='ltr'><strong>eo</strong></span> <span class='ocrx_word' id='word_1_8' title='bbox 673 609 840 666; x_wconf 84' lang='lat' dir='ltr'><strong>vitam</strong></span> <span class='ocrx_word' id='word_1_9' title='bbox 889 608 1090 666; x_wconf 88' lang='lat' dir='ltr'><strong>habere</strong></span> <span class='ocrx_word' id='word_1_10' title='bbox 1142 617 1480 680; x_wconf 87' lang='lat' dir='ltr'><strong>perpetuam.</strong></span> <span class='ocrx_word' id='word_1_11' title='bbox 1550 611 1759 666; x_wconf 76' lang='lat' dir='ltr'><strong>Mortua</strong></span> <span class='ocrx_word' id='word_1_12' title='bbox 1787 611 1841 673; x_wconf 76' lang='grc' dir='ltr'><strong>Α</strong></span> <span class='ocrx_word' id='word_1_13' title='bbox 1865 609 2004 666; x_wconf 91' lang='lat' dir='ltr'><strong>lucis</strong></span> <span class='ocrx_word' id='word_1_14' title='bbox 2026 608 2290 664; x_wconf 74' lang='lat' dir='ltr'><strong>habentes</strong></span> <span class='ocrx_word' id='word_1_15' title='bbox 2315 605 2370 661; x_wconf 92' lang='lat' dir='ltr'><strong>in</strong></span> <span class='ocrx_word' id='word_1_16' title='bbox 2399 619 2458 661; x_wconf 89' lang='lat' dir='ltr'><strong>se</strong></span> <span class='ocrx_word' id='word_1_17' title='bbox 2485 605 2608 661; x_wconf 85' lang='lat' dir='ltr'><strong>ﬁdei</strong></span> <span class='ocrx_word' id='word_1_18' title='bbox 2635 614 2692 663; x_wconf 90' lang='lat' dir='ltr'><strong>et</strong></span> <span class='ocrx_word' id='word_1_19' title='bbox 2712 606 2952 664; x_wconf 62' lang='lat' dir='ltr'><strong>scientia:</strong></span> <span class='ocrx_word' id='word_1_20' title='bbox 2979 606 3184 662; x_wconf 86' lang='lat' dir='ltr'><strong>lumen.</strong></span> <span class='ocrx_word' id='word_1_21' title='bbox 3214 607 3369 664; x_wconf 84' lang='lat' dir='ltr'><strong>Unde</strong></span> <span class='ocrx_word' id='word_1_22' title='bbox 3393 620 3451 666; x_wconf 91' lang='lat' dir='ltr'><strong>et</strong></span> 
     </span>
    </p>
   </div>
   <div class='ocr_carea' id='block_1_5' title="bbox 193 700 1763 772">
    <p class='ocr_par' dir='ltr' id='par_1_5' title="bbox 193 700 1763 772">
     <span class='ocr_line' id='line_1_5' title="bbox 193 700 1763 772; baseline -0.005 -9"><span class='ocrx_word' id='word_1_23' title='bbox 193 707 326 764; x_wconf 90' lang='lat' dir='ltr'><strong>enim</strong></span> <span class='ocrx_word' id='word_1_24' title='bbox 371 705 571 761; x_wconf 90' lang='lat' dir='ltr'><strong>dicitur</strong></span> <span class='ocrx_word' id='word_1_25' title='bbox 607 703 822 768; x_wconf 88' lang='lat' dir='ltr'><strong>anima,</strong></span> <span class='ocrx_word' id='word_1_26' title='bbox 862 701 1079 772; x_wconf 85' lang='lat' dir='ltr'><strong>quando</strong></span> <span class='ocrx_word' id='word_1_27' title='bbox 1118 700 1416 756; x_wconf 76' lang='lat' dir='ltr'><strong>mortiferis</strong></span> <span class='ocrx_word' id='word_1_28' title='bbox 1461 700 1608 756; x_wconf 90' lang='lat' dir='ltr'><strong>vitiis</strong></span> <span class='ocrx_word' id='word_1_29' title='bbox 1640 716 1763 756; x_wconf 89' lang='lat' dir='ltr'><strong>esse</strong></span> 
     </span>
    </p>
   </div>
   <div class='ocr_carea' id='block_1_6' title="bbox 193 793 1762 866">
    <p class='ocr_par' dir='ltr' id='par_1_6' title="bbox 193 793 1762 866">
     <span class='ocr_line' id='line_1_6' title="bbox 193 793 1762 866; baseline -0.006 -10"><span class='ocrx_word' id='word_1_30' title='bbox 193 793 377 856; x_wconf 89' lang='lat' dir='ltr'><strong>dicitur</strong></span> <span class='ocrx_word' id='word_1_31' title='bbox 399 796 688 862; x_wconf 89' lang='lat' dir='ltr'><strong>maculata,</strong></span> <span class='ocrx_word' id='word_1_32' title='bbox 723 795 866 851; x_wconf 92' lang='lat' dir='ltr'><strong>sicut</strong></span> <span class='ocrx_word' id='word_1_33' title='bbox 889 804 945 850; x_wconf 90' lang='lat' dir='ltr'><strong>et</strong></span> <span class='ocrx_word' id='word_1_34' title='bbox 965 794 1257 866; x_wconf 79' lang='lat' dir='ltr'><strong>Apostolus</strong></span> <span class='ocrx_word' id='word_1_35' title='bbox 1285 793 1397 848; x_wconf 92' lang='lat' dir='ltr'><strong>ait:</strong></span> <span class='ocrx_word' id='word_1_36' title='bbox 1425 793 1493 848; x_wconf 88' lang='lat' dir='ltr'><strong>Et</strong></span> <span class='ocrx_word' id='word_1_37' title='bbox 1523 810 1611 848; x_wconf 90' lang='lat' dir='ltr'><strong>vos</strong></span> <span class='ocrx_word' id='word_1_38' title='bbox 1642 810 1762 848; x_wconf 88' lang='lat' dir='ltr'><strong>cum</strong></span> 
     </span>
    </p>
   </div>
   <div class='ocr_carea' id='block_1_7' title="bbox 193 886 1762 959">
    <p class='ocr_par' dir='ltr' id='par_1_7' title="bbox 193 886 1762 959">
     <span class='ocr_line' id='line_1_7' title="bbox 193 886 1762 959; baseline -0.003 -13"><span class='ocrx_word' id='word_1_39' title='bbox 193 891 358 947; x_wconf 89' lang='lat' dir='ltr'><strong>essetis</strong></span> <span class='ocrx_word' id='word_1_40' title='bbox 383 888 577 944; x_wconf 78' lang='lat' dir='ltr'><strong>mortui</strong></span> <span class='ocrx_word' id='word_1_41' title='bbox 598 888 654 942; x_wconf 90' lang='lat' dir='ltr'><strong>in</strong></span> <span class='ocrx_word' id='word_1_42' title='bbox 682 888 887 943; x_wconf 77' lang='lat' dir='ltr'><strong>delictis</strong></span> <span class='ocrx_word' id='word_1_43' title='bbox 909 897 959 942; x_wconf 92' lang='lat' dir='ltr'><strong>et</strong></span> <span class='ocrx_word' id='word_1_44' title='bbox 980 888 1204 959; x_wconf 76' lang='lat' dir='ltr'><strong>peccatis</strong></span> <span class='ocrx_word' id='word_1_45' title='bbox 1231 889 1435 953; x_wconf 89' lang='lat' dir='ltr'><strong>vestris,</strong></span> <span class='ocrx_word' id='word_1_46' title='bbox 1488 887 1545 942; x_wconf 89' lang='lat' dir='ltr'><strong>in</strong></span> <span class='ocrx_word' id='word_1_47' title='bbox 1573 886 1762 958; x_wconf 82' lang='lat' dir='ltr'><strong>quibus</strong></span> 
     </span>
    </p>
   </div>
   <div class='ocr_carea' id='block_1_8' title="bbox 194 976 1765 1055">
    <p class='ocr_par' dir='ltr' id='par_1_8' title="bbox 194 976 1765 1055">
     <span class='ocr_line' id='line_1_8' title="bbox 194 976 1765 1055; baseline -0.003 -18"><span class='ocrx_word' id='word_1_48' title='bbox 194 981 464 1055; x_wconf 83' lang='lat' dir='ltr'><strong>aliquando</strong></span> <span class='ocrx_word' id='word_1_49' title='bbox 479 978 788 1035; x_wconf 86' lang='lat' dir='ltr'><strong>ambulastis</strong></span> <span class='ocrx_word' id='word_1_50' title='bbox 813 979 1088 1049; x_wconf 78' lang='lat' dir='ltr'><strong>manifeste</strong></span> <span class='ocrx_word' id='word_1_51' title='bbox 1103 976 1262 1051; x_wconf 89' lang='lat' dir='ltr'><strong>(Eph.</strong></span> <span class='ocrx_word' id='word_1_52' title='bbox 1292 978 1398 1050; x_wconf 86' lang='lat'><strong>11.).</strong></span> <span class='ocrx_word' id='word_1_53' title='bbox 1414 978 1559 1034; x_wconf 87' lang='lat' dir='ltr'><strong>Mors</strong></span> <span class='ocrx_word' id='word_1_54' title='bbox 1571 979 1765 1033; x_wconf 71' lang='lat' dir='ltr'><strong>anima:</strong></span> 
     </span>
    </p>
   </div>
   <div class='ocr_carea' id='block_1_9' title="bbox 194 1068 1765 1142">
    <p class='ocr_par' dir='ltr' id='par_1_9' title="bbox 194 1068 1765 1142">
     <span class='ocr_line' id='line_1_9' title="bbox 194 1068 1765 1142; baseline -0.004 -13"><span class='ocrx_word' id='word_1_55' title='bbox 194 1073 511 1129; x_wconf 83' lang='lat' dir='ltr'><strong>dicituresse</strong></span> <span class='ocrx_word' id='word_1_56' title='bbox 530 1077 831 1142; x_wconf 90' lang='lat' dir='ltr'><strong>peccatum,</strong></span> <span class='ocrx_word' id='word_1_57' title='bbox 856 1069 996 1125; x_wconf 82' lang='lat' dir='ltr'><strong>sicut</strong></span> <span class='ocrx_word' id='word_1_58' title='bbox 1016 1070 1280 1140; x_wconf 84' lang='lat' dir='ltr'><strong>propheta</strong></span> <span class='ocrx_word' id='word_1_59' title='bbox 1292 1070 1400 1125; x_wconf 88' lang='lat' dir='ltr'><strong>ait:</strong></span> <span class='ocrx_word' id='word_1_60' title='bbox 1423 1068 1564 1135; x_wconf 85' lang='lat' dir='ltr'><strong>Quia</strong></span> <span class='ocrx_word' id='word_1_61' title='bbox 1585 1070 1765 1123; x_wconf 89' lang='lat' dir='ltr'><strong>anima</strong></span> 
     </span>
    </p>
   </div>
   <div class='ocr_carea' id='block_1_10' title="bbox 191 1161 1767 1237">
    <p class='ocr_par' dir='ltr' id='par_1_10' title="bbox 191 1161 1767 1237">
     <span class='ocr_line' id='line_1_10' title="bbox 191 1161 1767 1237; baseline -0.003 -16"><span class='ocrx_word' id='word_1_62' title='bbox 191 1183 300 1237; x_wconf 75' lang='lat' dir='ltr'><strong>qua:</strong></span> <span class='ocrx_word' id='word_1_63' title='bbox 326 1166 631 1237; x_wconf 89' lang='lat' dir='ltr'><strong>peccaverit,</strong></span> <span class='ocrx_word' id='word_1_64' title='bbox 659 1165 774 1235; x_wconf 89' lang='lat' dir='ltr'><strong>ipsa</strong></span> <span class='ocrx_word' id='word_1_65' title='bbox 804 1165 1061 1218; x_wconf 88' lang='lat' dir='ltr'><strong>morietur</strong></span> <span class='ocrx_word' id='word_1_66' title='bbox 1084 1161 1303 1235; x_wconf 74' lang='lat' dir='ltr'><strong>(Ezech.</strong></span> <span class='ocrx_word' id='word_1_67' title='bbox 1331 1163 1514 1234; x_wconf 86' lang='lat' dir='ltr'><strong>xvm).</strong></span> <span class='ocrx_word' id='word_1_68' title='bbox 1547 1162 1767 1218; x_wconf 90' lang='lat' dir='ltr'><strong>Duobus</strong></span> 
     </span>
    </p>
   </div>
   <div class='ocr_carea' id='block_1_11' title="bbox 191 1255 1764 1328">
    <p class='ocr_par' dir='ltr' id='par_1_11' title="bbox 191 1255 1764 1328">
     <span class='ocr_line' id='line_1_11' title="bbox 191 1255 1764 1328; baseline -0.004 -14"><span class='ocrx_word' id='word_1_69' title='bbox 191 1260 378 1314; x_wconf 88' lang='lat' dir='ltr'><strong>etenim</strong></span> <span class='ocrx_word' id='word_1_70' title='bbox 407 1258 582 1314; x_wconf 86' lang='lat' dir='ltr'><strong>modis</strong></span> <span class='ocrx_word' id='word_1_71' title='bbox 611 1256 1035 1328; x_wconf 88' lang='lat' dir='ltr'><strong>uniuscujusque</strong></span> <span class='ocrx_word' id='word_1_72' title='bbox 1067 1256 1302 1312; x_wconf 90' lang='lat' dir='ltr'><strong>hominis</strong></span> <span class='ocrx_word' id='word_1_73' title='bbox 1335 1263 1528 1326; x_wconf 85' lang='lat' dir='ltr'><strong>peccat</strong></span> <span class='ocrx_word' id='word_1_74' title='bbox 1559 1255 1764 1321; x_wconf 90' lang='lat' dir='ltr'><strong>anima,</strong></span> 
     </span>
    </p>
   </div>
   <div class='ocr_carea' id='block_1_12' title="bbox 193 1344 1767 1418">
    <p class='ocr_par' dir='ltr' id='par_1_12' title="bbox 193 1344 1767 1418">
     <span class='ocr_line' id='line_1_12' title="bbox 193 1344 1767 1418; baseline -0.004 -14"><span class='ocrx_word' id='word_1_75' title='bbox 193 1349 244 1404; x_wconf 89' lang='lat' dir='ltr'><strong>id</strong></span> <span class='ocrx_word' id='word_1_76' title='bbox 273 1357 368 1414; x_wconf 89' lang='lat' dir='ltr'><strong>est,</strong></span> <span class='ocrx_word' id='word_1_77' title='bbox 405 1349 460 1404; x_wconf 90' lang='lat' dir='ltr'><strong>in</strong></span> <span class='ocrx_word' id='word_1_78' title='bbox 487 1365 596 1404; x_wconf 89' lang='lat' dir='ltr'><strong>non</strong></span> <span class='ocrx_word' id='word_1_79' title='bbox 620 1347 865 1404; x_wconf 90' lang='lat' dir='ltr'><strong>faciendo</strong></span> <span class='ocrx_word' id='word_1_80' title='bbox 891 1363 1011 1418; x_wconf 76' lang='lat' dir='ltr'><strong>quae</strong></span> <span class='ocrx_word' id='word_1_81' title='bbox 1043 1346 1225 1403; x_wconf 86' lang='lat' dir='ltr'><strong>facere</strong></span> <span class='ocrx_word' id='word_1_82' title='bbox 1247 1346 1401 1416; x_wconf 89' lang='lat' dir='ltr'><strong>jussa</strong></span> <span class='ocrx_word' id='word_1_83' title='bbox 1427 1353 1573 1411; x_wconf 91' lang='lat' dir='ltr'><strong>sunt,</strong></span> <span class='ocrx_word' id='word_1_84' title='bbox 1605 1349 1662 1400; x_wconf 81' lang='lat' dir='ltr'><strong>et</strong></span> <span class='ocrx_word' id='word_1_85' title='bbox 1682 1344 1767 1398; x_wconf 84' lang='lat' dir='ltr'><strong>fa—</strong></span> 
     </span>
    </p>
   </div>
   <div class='ocr_carea' id='block_1_13' title="bbox 193 1438 1769 1513">
    <p class='ocr_par' dir='ltr' id='par_1_13' title="bbox 193 1438 1769 1513">
     <span class='ocr_line' id='line_1_13' title="bbox 193 1438 1769 1513; baseline -0.003 -17"><span class='ocrx_word' id='word_1_86' title='bbox 193 1441 375 1496; x_wconf 90' lang='lat' dir='ltr'><strong>ciendo</strong></span> <span class='ocrx_word' id='word_1_87' title='bbox 413 1455 533 1510; x_wconf 74' lang='lat' dir='ltr'><strong>qua:</strong></span> <span class='ocrx_word' id='word_1_88' title='bbox 559 1441 725 1496; x_wconf 88' lang='lat' dir='ltr'><strong>vetita</strong></span> <span class='ocrx_word' id='word_1_89' title='bbox 747 1449 891 1496; x_wconf 88' lang='lat' dir='ltr'><strong>sunt.</strong></span> <span class='ocrx_word' id='word_1_90' title='bbox 940 1438 1105 1513; x_wconf 82' lang='lat' dir='ltr'><strong>Cujus</strong></span> <span class='ocrx_word' id='word_1_91' title='bbox 1131 1441 1327 1511; x_wconf 88' lang='lat' dir='ltr'><strong>gratia,</strong></span> <span class='ocrx_word' id='word_1_92' title='bbox 1359 1439 1554 1510; x_wconf 85' lang='lat' dir='ltr'><strong>inquit,</strong></span> <span class='ocrx_word' id='word_1_93' title='bbox 1579 1438 1769 1492; x_wconf 91' lang='lat' dir='ltr'><strong>salvati</strong></span> 
     </span>
    </p>
   </div>
   <div class='ocr_carea' id='block_1_14' title="bbox 193 1530 1764 1603">
    <p class='ocr_par' dir='ltr' id='par_1_14' title="bbox 193 1530 1764 1603">
     <span class='ocr_line' id='line_1_14' title="bbox 193 1530 1764 1603; baseline -0.003 -15"><span class='ocrx_word' id='word_1_94' title='bbox 193 1551 387 1600; x_wconf 87' lang='lat' dir='ltr'><strong>sumus,</strong></span> <span class='ocrx_word' id='word_1_95' title='bbox 409 1534 464 1588; x_wconf 89' lang='lat' dir='ltr'><strong>id</strong></span> <span class='ocrx_word' id='word_1_96' title='bbox 486 1540 572 1590; x_wconf 89' lang='lat' dir='ltr'><strong>est</strong></span> <span class='ocrx_word' id='word_1_97' title='bbox 594 1550 702 1590; x_wconf 92' lang='lat' dir='ltr'><strong>non</strong></span> <span class='ocrx_word' id='word_1_98' title='bbox 730 1549 794 1589; x_wconf 83' lang='lat' dir='ltr'><strong>ex</strong></span> <span class='ocrx_word' id='word_1_99' title='bbox 825 1533 1098 1603; x_wconf 85' lang='lat' dir='ltr'><strong>prioribus</strong></span> <span class='ocrx_word' id='word_1_100' title='bbox 1118 1533 1241 1588; x_wconf 69' lang='lat' dir='ltr'><strong>vitae</strong></span> <span class='ocrx_word' id='word_1_101' title='bbox 1265 1541 1466 1588; x_wconf 81' lang='lat' dir='ltr'><strong>nostrae</strong></span> <span class='ocrx_word' id='word_1_102' title='bbox 1487 1530 1764 1602; x_wconf 89' lang='lat' dir='ltr'><strong>operibus,</strong></span> 
     </span>
    </p>
   </div>
   <div class='ocr_carea' id='block_1_15' title="bbox 194 1621 1771 1697">
    <p class='ocr_par' dir='ltr' id='par_1_15' title="bbox 194 1621 1771 1697">
     <span class='ocr_line' id='line_1_15' title="bbox 194 1621 1771 1697; baseline -0.004 -14"><span class='ocrx_word' id='word_1_103' title='bbox 194 1627 285 1683; x_wconf 89' lang='lat' dir='ltr'><strong>sed</strong></span> <span class='ocrx_word' id='word_1_104' title='bbox 317 1626 426 1683; x_wconf 90' lang='lat' dir='ltr'><strong>sola</strong></span> <span class='ocrx_word' id='word_1_105' title='bbox 457 1626 562 1681; x_wconf 84' lang='lat' dir='ltr'><strong>fide</strong></span> <span class='ocrx_word' id='word_1_106' title='bbox 591 1635 647 1681; x_wconf 90' lang='lat' dir='ltr'><strong>et</strong></span> <span class='ocrx_word' id='word_1_107' title='bbox 679 1625 934 1695; x_wconf 89' lang='lat' dir='ltr'><strong>baptismi</strong></span> <span class='ocrx_word' id='word_1_108' title='bbox 982 1624 1176 1697; x_wconf 86' lang='lat' dir='ltr'><strong>gratia,</strong></span> <span class='ocrx_word' id='word_1_109' title='bbox 1207 1631 1521 1680; x_wconf 89' lang='lat' dir='ltr'><strong>nostrorum</strong></span> <span class='ocrx_word' id='word_1_110' title='bbox 1559 1621 1771 1690; x_wconf 91' lang='lat' dir='ltr'><strong>accepi-</strong></span> 
     </span>
    </p>
   </div>
   <div class='ocr_carea' id='block_1_16' title="bbox 193 1713 1772 1788">
    <p class='ocr_par' dir='ltr' id='par_1_16' title="bbox 193 1713 1772 1788">
     <span class='ocr_line' id='line_1_16' title="bbox 193 1713 1772 1788; baseline -0.005 -14"><span class='ocrx_word' id='word_1_111' title='bbox 193 1736 309 1776; x_wconf 90' lang='lat' dir='ltr'><strong>mus</strong></span> <span class='ocrx_word' id='word_1_112' title='bbox 346 1718 721 1775; x_wconf 88' lang='lat' dir='ltr'><strong>remissionem</strong></span> <span class='ocrx_word' id='word_1_113' title='bbox 757 1723 1122 1788; x_wconf 84' lang='lat' dir='ltr'><strong>peccatorum.</strong></span> <span class='ocrx_word' id='word_1_114' title='bbox 1166 1715 1287 1786; x_wconf 93' lang='lat' dir='ltr'><strong>Ipse</strong></span> <span class='ocrx_word' id='word_1_115' title='bbox 1331 1715 1480 1772; x_wconf 89' lang='lat' dir='ltr'><strong>enim</strong></span> <span class='ocrx_word' id='word_1_116' title='bbox 1511 1713 1772 1769; x_wconf 90' lang='lat' dir='ltr'><strong>Dominus</strong></span> 
     </span>
    </p>
   </div>
   <div class='ocr_carea' id='block_1_17' title="bbox 191 1807 1772 1883">
    <p class='ocr_par' dir='ltr' id='par_1_17' title="bbox 191 1807 1772 1883">
     <span class='ocr_line' id='line_1_17' title="bbox 191 1807 1772 1883; baseline -0.006 -15"><span class='ocrx_word' id='word_1_117' title='bbox 191 1822 392 1879; x_wconf 86' lang='lat' dir='ltr'><strong>noster,</strong></span> <span class='ocrx_word' id='word_1_118' title='bbox 412 1813 502 1883; x_wconf 91' lang='lat' dir='ltr'><strong>qui</strong></span> <span class='ocrx_word' id='word_1_119' title='bbox 522 1812 673 1866; x_wconf 83' lang='lat' dir='ltr'><strong>dives</strong></span> <span class='ocrx_word' id='word_1_120' title='bbox 694 1818 777 1866; x_wconf 90' lang='lat' dir='ltr'><strong>est</strong></span> <span class='ocrx_word' id='word_1_121' title='bbox 797 1811 853 1865; x_wconf 91' lang='lat' dir='ltr'><strong>in</strong></span> <span class='ocrx_word' id='word_1_122' title='bbox 875 1809 1270 1874; x_wconf 88' lang='lat' dir='ltr'><strong>misericordia,</strong></span> <span class='ocrx_word' id='word_1_123' title='bbox 1295 1807 1517 1873; x_wconf 82' lang='lat' dir='ltr'><strong>fratres,</strong></span> <span class='ocrx_word' id='word_1_124' title='bbox 1549 1811 1772 1877; x_wconf 89' lang='lat' dir='ltr'><strong>propter</strong></span> 
     </span>
    </p>
   </div>
   <div class='ocr_carea' id='block_1_18' title="bbox 193 1897 1774 1973">
    <p class='ocr_par' dir='ltr' id='par_1_18' title="bbox 193 1897 1774 1973">
     <span class='ocr_line' id='line_1_18' title="bbox 193 1897 1774 1973; baseline -0.006 -13"><span class='ocrx_word' id='word_1_125' title='bbox 193 1906 408 1960; x_wconf 88' lang='lat' dir='ltr'><strong>nimiam</strong></span> <span class='ocrx_word' id='word_1_126' title='bbox 455 1903 772 1959; x_wconf 86' lang='lat' dir='ltr'><strong>charitatem</strong></span> <span class='ocrx_word' id='word_1_127' title='bbox 815 1918 968 1957; x_wconf 90' lang='lat' dir='ltr'><strong>suam</strong></span> <span class='ocrx_word' id='word_1_128' title='bbox 1010 1901 1140 1973; x_wconf 91' lang='lat' dir='ltr'><strong>(qua</strong></span> <span class='ocrx_word' id='word_1_129' title='bbox 1181 1899 1372 1955; x_wconf 79' lang='lat' dir='ltr'><strong>dilexit</strong></span> <span class='ocrx_word' id='word_1_130' title='bbox 1415 1897 1534 1971; x_wconf 90' lang='lat' dir='ltr'><strong>nos)</strong></span> <span class='ocrx_word' id='word_1_131' title='bbox 1586 1910 1774 1953; x_wconf 87' lang='lat' dir='ltr'><strong>conre-</strong></span> 
     </span>
    </p>
   </div>
   <div class='ocr_carea' id='block_1_19' title="bbox 1866 696 3451 769">
    <p class='ocr_par' dir='ltr' id='par_1_19' title="bbox 1866 696 3451 769">
     <span class='ocr_line' id='line_1_19' title="bbox 1866 696 3451 769; baseline -0.001 -13"><span class='ocrx_word' id='word_1_132' title='bbox 1866 701 1993 758; x_wconf 88' lang='lat' dir='ltr'><strong>alibi</strong></span> <span class='ocrx_word' id='word_1_133' title='bbox 2017 697 2216 755; x_wconf 86' lang='lat' dir='ltr'><strong>Paulus</strong></span> <span class='ocrx_word' id='word_1_134' title='bbox 2244 696 2348 752; x_wconf 91' lang='lat' dir='ltr'><strong>ait:</strong></span> <span class='ocrx_word' id='word_1_135' title='bbox 2365 696 2548 751; x_wconf 87' lang='lat' dir='ltr'><strong>Eratis</strong></span> <span class='ocrx_word' id='word_1_136' title='bbox 2561 696 2846 769; x_wconf 84' lang='lat' dir='ltr'><strong>aliquando</strong></span> <span class='ocrx_word' id='word_1_137' title='bbox 2861 700 3102 760; x_wconf 67' lang='lat' dir='ltr'><strong>tenebrae,</strong></span> <span class='ocrx_word' id='word_1_138' title='bbox 3124 713 3260 752; x_wconf 89' lang='lat' dir='ltr'><strong>nunc</strong></span> <span class='ocrx_word' id='word_1_139' title='bbox 3274 709 3451 754; x_wconf 83' lang='lat' dir='ltr'><strong>autem</strong></span> 
     </span>
    </p>
   </div>
   <div class='ocr_carea' id='block_1_20' title="bbox 1866 789 3451 864">
    <p class='ocr_par' dir='ltr' id='par_1_20' title="bbox 1866 789 3451 864">
     <span class='ocr_line' id='line_1_20' title="bbox 1866 789 3451 864; baseline -0.001 -15"><span class='ocrx_word' id='word_1_140' title='bbox 1866 794 1960 849; x_wconf 71' lang='lat' dir='ltr'><strong>lux</strong></span> <span class='ocrx_word' id='word_1_141' title='bbox 1983 795 2039 848; x_wconf 88' lang='lat' dir='ltr'><strong>in</strong></span> <span class='ocrx_word' id='word_1_142' title='bbox 2063 792 2312 857; x_wconf 88' lang='lat' dir='ltr'><strong>Domino,</strong></span> <span class='ocrx_word' id='word_1_143' title='bbox 2340 799 2397 844; x_wconf 88' lang='lat' dir='ltr'><strong>ut</strong></span> <span class='ocrx_word' id='word_1_144' title='bbox 2427 789 2528 860; x_wconf 83' lang='lat' dir='ltr'><strong>ﬁlii</strong></span> <span class='ocrx_word' id='word_1_145' title='bbox 2551 789 2685 845; x_wconf 87' lang='lat' dir='ltr'><strong>lucis</strong></span> <span class='ocrx_word' id='word_1_146' title='bbox 2715 790 2980 846; x_wconf 87' lang='lat' dir='ltr'><strong>ambulate</strong></span> <span class='ocrx_word' id='word_1_147' title='bbox 3012 791 3172 864; x_wconf 86' lang='lat' dir='ltr'><strong>(Eph.</strong></span> <span class='ocrx_word' id='word_1_148' title='bbox 3203 790 3280 864; x_wconf 90' lang='lat' dir='ltr'><strong>v).</strong></span> <span class='ocrx_word' id='word_1_149' title='bbox 3322 790 3451 848; x_wconf 86' lang='lat' dir='ltr'><strong>Sive</strong></span> 
     </span>
    </p>
   </div>
   <div class='ocr_carea' id='block_1_21' title="bbox 1868 881 3450 949">
    <p class='ocr_par' dir='ltr' id='par_1_21' title="bbox 1868 881 3450 949">
     <span class='ocr_line' id='line_1_21' title="bbox 1868 881 3450 949; baseline -0.003 -9"><span class='ocrx_word' id='word_1_150' title='bbox 1868 885 1963 940; x_wconf 83' lang='lat' dir='ltr'><strong>ﬁlii</strong></span> <span class='ocrx_word' id='word_1_151' title='bbox 1992 884 2131 940; x_wconf 90' lang='lat' dir='ltr'><strong>lucis</strong></span> <span class='ocrx_word' id='word_1_152' title='bbox 2153 884 2425 949; x_wconf 88' lang='lat' dir='ltr'><strong>dicuntur,</strong></span> <span class='ocrx_word' id='word_1_153' title='bbox 2452 882 2504 937; x_wconf 93' lang='lat' dir='ltr'><strong>id</strong></span> <span class='ocrx_word' id='word_1_154' title='bbox 2533 890 2619 938; x_wconf 91' lang='lat' dir='ltr'><strong>est</strong></span> <span class='ocrx_word' id='word_1_155' title='bbox 2636 881 2731 937; x_wconf 87' lang='lat' dir='ltr'><strong>ﬁlii</strong></span> <span class='ocrx_word' id='word_1_156' title='bbox 2753 881 2871 948; x_wconf 90' lang='lat' dir='ltr'><strong>Dei,</strong></span> <span class='ocrx_word' id='word_1_157' title='bbox 2890 884 3034 938; x_wconf 92' lang='lat' dir='ltr'><strong>sicut</strong></span> <span class='ocrx_word' id='word_1_158' title='bbox 3053 883 3314 940; x_wconf 89' lang='lat' dir='ltr'><strong>Dominus</strong></span> <span class='ocrx_word' id='word_1_159' title='bbox 3339 884 3450 939; x_wconf 87' lang='lat' dir='ltr'><strong>ait:</strong></span> 
     </span>
    </p>
   </div>
   <div class='ocr_carea' id='block_1_22' title="bbox 1867 973 3458 1046">
    <p class='ocr_par' dir='ltr' id='par_1_22' title="bbox 1867 973 3458 1046">
     <span class='ocr_line' id='line_1_22' title="bbox 1867 973 3458 1046; baseline 0 -16"><span class='ocrx_word' id='word_1_160' title='bbox 1867 976 1984 1046; x_wconf 85' lang='lat' dir='ltr'><strong>Ego</strong></span> <span class='ocrx_word' id='word_1_161' title='bbox 2008 992 2124 1030; x_wconf 88' lang='lat' dir='ltr'><strong>sum</strong></span> <span class='ocrx_word' id='word_1_162' title='bbox 2147 974 2241 1029; x_wconf 72' lang='lat' dir='ltr'><strong>lux</strong></span> <span class='ocrx_word' id='word_1_163' title='bbox 2260 974 2464 1041; x_wconf 87' lang='lat' dir='ltr'><strong>mundi,</strong></span> <span class='ocrx_word' id='word_1_164' title='bbox 2504 975 2594 1045; x_wconf 86' lang='lat' dir='ltr'><strong>qui</strong></span> <span class='ocrx_word' id='word_1_165' title='bbox 2631 973 2866 1043; x_wconf 83' lang='lat' dir='ltr'><strong>sequitur</strong></span> <span class='ocrx_word' id='word_1_166' title='bbox 2898 991 2980 1029; x_wconf 89' lang='lat' dir='ltr'><strong>me</strong></span> <span class='ocrx_word' id='word_1_167' title='bbox 3008 992 3113 1030; x_wconf 89' lang='lat' dir='ltr'><strong>non</strong></span> <span class='ocrx_word' id='word_1_168' title='bbox 3135 974 3371 1030; x_wconf 81' lang='lat' dir='ltr'><strong>ambulat</strong></span> <span class='ocrx_word' id='word_1_169' title='bbox 3400 975 3458 1030; x_wconf 86' lang='lat' dir='ltr'><strong>in</strong></span> 
     </span>
    </p>
   </div>
   <div class='ocr_carea' id='block_1_23' title="bbox 1869 1063 3460 1137">
    <p class='ocr_par' dir='ltr' id='par_1_23' title="bbox 1869 1063 3460 1137">
     <span class='ocr_line' id='line_1_23' title="bbox 1869 1063 3460 1137; baseline 0 -17"><span class='ocrx_word' id='word_1_170' title='bbox 1869 1066 2114 1132; x_wconf 86' lang='lat' dir='ltr'><strong>tenebris,</strong></span> <span class='ocrx_word' id='word_1_171' title='bbox 2162 1065 2253 1120; x_wconf 88' lang='lat' dir='ltr'><strong>sed</strong></span> <span class='ocrx_word' id='word_1_172' title='bbox 2278 1064 2482 1120; x_wconf 83' lang='lat' dir='ltr'><strong>habebit</strong></span> <span class='ocrx_word' id='word_1_173' title='bbox 2509 1063 2686 1119; x_wconf 87' lang='lat' dir='ltr'><strong>lumen</strong></span> <span class='ocrx_word' id='word_1_174' title='bbox 2714 1066 2832 1119; x_wconf 78' lang='lat' dir='ltr'><strong>vita:</strong></span> <span class='ocrx_word' id='word_1_175' title='bbox 2867 1064 3049 1136; x_wconf 85' lang='lat' dir='ltr'><strong>(Joan.</strong></span> <span class='ocrx_word' id='word_1_176' title='bbox 3076 1065 3219 1137; x_wconf 84' lang='lat' dir='ltr'><strong>vm).</strong></span> <span class='ocrx_word' id='word_1_177' title='bbox 3258 1066 3326 1120; x_wconf 86' lang='lat' dir='ltr'><strong>Et</strong></span> <span class='ocrx_word' id='word_1_178' title='bbox 3363 1065 3460 1120; x_wconf 84' lang='lat' dir='ltr'><strong>lilii</strong></span> 
     </span>
    </p>
   </div>
   <div class='ocr_carea' id='block_1_24' title="bbox 1870 1155 3462 1229">
    <p class='ocr_par' dir='ltr' id='par_1_24' title="bbox 1870 1155 3462 1229">
     <span class='ocr_line' id='line_1_24' title="bbox 1870 1155 3462 1229; baseline 0 -15"><span class='ocrx_word' id='word_1_179' title='bbox 1870 1159 2000 1226; x_wconf 90' lang='lat' dir='ltr'><strong>diei,</strong></span> <span class='ocrx_word' id='word_1_180' title='bbox 2032 1158 2225 1228; x_wconf 90' lang='lat' dir='ltr'><strong>inquit,</strong></span> <span class='ocrx_word' id='word_1_181' title='bbox 2265 1157 2318 1213; x_wconf 92' lang='lat' dir='ltr'><strong>id</strong></span> <span class='ocrx_word' id='word_1_182' title='bbox 2337 1157 2646 1214; x_wconf 90' lang='lat' dir='ltr'><strong>estDomini</strong></span> <span class='ocrx_word' id='word_1_183' title='bbox 2680 1155 2809 1213; x_wconf 86' lang='lat' dir='ltr'><strong>Jesu</strong></span> <span class='ocrx_word' id='word_1_184' title='bbox 2839 1157 3066 1224; x_wconf 86' lang='lat' dir='ltr'><strong>Christi,</strong></span> <span class='ocrx_word' id='word_1_185' title='bbox 3100 1160 3191 1229; x_wconf 92' lang='lat' dir='ltr'><strong>qui</strong></span> <span class='ocrx_word' id='word_1_186' title='bbox 3219 1159 3355 1214; x_wconf 80' lang='lat' dir='ltr'><strong>dixit</strong></span> <span class='ocrx_word' id='word_1_187' title='bbox 3379 1159 3462 1214; x_wconf 88' lang='lat' dir='ltr'><strong>di-</strong></span> 
     </span>
    </p>
   </div>
   <div class='ocr_carea' id='block_1_25' title="bbox 1870 1248 3463 1322">
    <p class='ocr_par' dir='ltr' id='par_1_25' title="bbox 1870 1248 3463 1322">
     <span class='ocr_line' id='line_1_25' title="bbox 1870 1248 3463 1322; baseline 0 -16"><span class='ocrx_word' id='word_1_188' title='bbox 1870 1250 2093 1322; x_wconf 90' lang='lat' dir='ltr'><strong>scipulis</strong></span> <span class='ocrx_word' id='word_1_189' title='bbox 2119 1251 2232 1306; x_wconf 91' lang='lat' dir='ltr'><strong>suis</strong></span> <span class='ocrx_word' id='word_1_190' title='bbox 2267 1269 2279 1304; x_wconf 91' lang='lat'><strong>:</strong></span> <span class='ocrx_word' id='word_1_191' title='bbox 2312 1248 2504 1305; x_wconf 88' lang='lat' dir='ltr'><strong>Nonne</strong></span> <span class='ocrx_word' id='word_1_192' title='bbox 2532 1249 2809 1306; x_wconf 87' lang='lat' dir='ltr'><strong>duodecim</strong></span> <span class='ocrx_word' id='word_1_193' title='bbox 2837 1250 2980 1305; x_wconf 72' lang='lat' dir='ltr'><strong>hora:</strong></span> <span class='ocrx_word' id='word_1_194' title='bbox 3005 1260 3127 1304; x_wconf 90' lang='lat' dir='ltr'><strong>sunt</strong></span> <span class='ocrx_word' id='word_1_195' title='bbox 3163 1252 3268 1306; x_wconf 91' lang='lat' dir='ltr'><strong>diei</strong></span> <span class='ocrx_word' id='word_1_196' title='bbox 3292 1253 3318 1305; x_wconf 69' lang='grc' dir='ltr'><em>φ</em></span> <span class='ocrx_word' id='word_1_197' title='bbox 3355 1250 3463 1318; x_wconf 86' lang='lat' dir='ltr'><strong>Qui</strong></span> 
     </span>
    </p>
   </div>
   <div class='ocr_carea' id='block_1_26' title="bbox 1871 1337 3461 1413">
    <p class='ocr_par' dir='ltr' id='par_1_26' title="bbox 1871 1337 3461 1413">
     <span class='ocr_line' id='line_1_26' title="bbox 1871 1337 3461 1413; baseline 0.002 -19"><span class='ocrx_word' id='word_1_198' title='bbox 1871 1338 2108 1394; x_wconf 85' lang='lat' dir='ltr'><strong>ambulat</strong></span> <span class='ocrx_word' id='word_1_199' title='bbox 2127 1340 2184 1394; x_wconf 90' lang='lat' dir='ltr'><strong>in</strong></span> <span class='ocrx_word' id='word_1_200' title='bbox 2207 1339 2293 1394; x_wconf 89' lang='lat' dir='ltr'><strong>die</strong></span> <span class='ocrx_word' id='word_1_201' title='bbox 2317 1357 2423 1394; x_wconf 88' lang='lat' dir='ltr'><strong>non</strong></span> <span class='ocrx_word' id='word_1_202' title='bbox 2448 1339 2665 1411; x_wconf 70' lang='lat' dir='ltr'><strong>offendit</strong></span> <span class='ocrx_word' id='word_1_203' title='bbox 2694 1338 2877 1412; x_wconf 73' lang='lat' dir='ltr'><strong>(Ioan.</strong></span> <span class='ocrx_word' id='word_1_204' title='bbox 2904 1338 3002 1412; x_wconf 72' lang='grc' dir='ltr'><strong>ιι).</strong></span> <span class='ocrx_word' id='word_1_205' title='bbox 3029 1337 3100 1413; x_wconf 77' lang='lat' dir='ltr'><strong>Se</strong></span> <span class='ocrx_word' id='word_1_206' title='bbox 3119 1339 3264 1395; x_wconf 90' lang='lat' dir='ltr'><strong>enim</strong></span> <span class='ocrx_word' id='word_1_207' title='bbox 3293 1341 3461 1406; x_wconf 88' lang='lat' dir='ltr'><strong>diem,</strong></span> 
     </span>
    </p>
   </div>
   <div class='ocr_carea' id='block_1_27' title="bbox 1871 1431 3463 1504">
    <p class='ocr_par' dir='ltr' id='par_1_27' title="bbox 1871 1431 3463 1504">
     <span class='ocr_line' id='line_1_27' title="bbox 1871 1431 3463 1504; baseline -0.001 -16"><span class='ocrx_word' id='word_1_208' title='bbox 1871 1441 1928 1488; x_wconf 90' lang='lat' dir='ltr'><strong>et</strong></span> <span class='ocrx_word' id='word_1_209' title='bbox 1951 1432 2222 1503; x_wconf 89' lang='lat' dir='ltr'><strong>apostolos</strong></span> <span class='ocrx_word' id='word_1_210' title='bbox 2249 1431 2546 1504; x_wconf 84' lang='lat' dir='ltr'><strong>significari</strong></span> <span class='ocrx_word' id='word_1_211' title='bbox 2577 1431 2747 1488; x_wconf 90' lang='lat' dir='ltr'><strong>voluit</strong></span> <span class='ocrx_word' id='word_1_212' title='bbox 2772 1433 2955 1488; x_wconf 91' lang='lat' dir='ltr'><strong>horas.</strong></span> <span class='ocrx_word' id='word_1_213' title='bbox 2993 1431 3131 1487; x_wconf 90' lang='lat' dir='ltr'><strong>Nam</strong></span> <span class='ocrx_word' id='word_1_214' title='bbox 3157 1432 3271 1502; x_wconf 93' lang='lat' dir='ltr'><strong>ipse</strong></span> <span class='ocrx_word' id='word_1_215' title='bbox 3300 1432 3463 1503; x_wconf 81' lang='lat' dir='ltr'><strong>spiri-</strong></span> 
     </span>
    </p>
   </div>
   <div class='ocr_carea' id='block_1_28' title="bbox 1871 1525 3469 1598">
    <p class='ocr_par' dir='ltr' id='par_1_28' title="bbox 1871 1525 3469 1598">
     <span class='ocr_line' id='line_1_28' title="bbox 1871 1525 3469 1598; baseline 0.001 -18"><span class='ocrx_word' id='word_1_216' title='bbox 1871 1525 2057 1581; x_wconf 89' lang='lat' dir='ltr'><strong>taliter</strong></span> <span class='ocrx_word' id='word_1_217' title='bbox 2081 1541 2240 1583; x_wconf 84' lang='lat' dir='ltr'><strong>verus</strong></span> <span class='ocrx_word' id='word_1_218' title='bbox 2275 1527 2390 1582; x_wconf 89' lang='lat' dir='ltr'><strong>dies</strong></span> <span class='ocrx_word' id='word_1_219' title='bbox 2419 1535 2524 1593; x_wconf 88' lang='lat' dir='ltr'><strong>est,</strong></span> <span class='ocrx_word' id='word_1_220' title='bbox 2561 1526 2687 1598; x_wconf 92' lang='lat' dir='ltr'><strong>quia</strong></span> <span class='ocrx_word' id='word_1_221' title='bbox 2715 1527 2784 1584; x_wconf 91' lang='lat' dir='ltr'><strong>de</strong></span> <span class='ocrx_word' id='word_1_222' title='bbox 2812 1526 2928 1598; x_wconf 87' lang='lat' dir='ltr'><strong>ipso</strong></span> <span class='ocrx_word' id='word_1_223' title='bbox 2959 1527 3163 1583; x_wconf 90' lang='lat' dir='ltr'><strong>dictum</strong></span> <span class='ocrx_word' id='word_1_224' title='bbox 3191 1533 3296 1584; x_wconf 90' lang='lat' dir='ltr'><strong>est.</strong></span> <span class='ocrx_word' id='word_1_225' title='bbox 3339 1525 3469 1582; x_wconf 89' lang='lat' dir='ltr'><strong>Dies</strong></span> 
     </span>
    </p>
   </div>
   <div class='ocr_carea' id='block_1_29' title="bbox 1872 1617 3465 1688">
    <p class='ocr_par' dir='ltr' id='par_1_29' title="bbox 1872 1617 3465 1688">
     <span class='ocr_line' id='line_1_29' title="bbox 1872 1617 3465 1688; baseline -0.001 -14"><span class='ocrx_word' id='word_1_226' title='bbox 1872 1617 2244 1674; x_wconf 81' lang='lat' dir='ltr'><strong>sanctificatus</strong></span> <span class='ocrx_word' id='word_1_227' title='bbox 2268 1617 2448 1674; x_wconf 79' lang='lat' dir='ltr'><strong>illuxit</strong></span> <span class='ocrx_word' id='word_1_228' title='bbox 2475 1618 2653 1674; x_wconf 89' lang='lat' dir='ltr'><strong>nobis.</strong></span> <span class='ocrx_word' id='word_1_229' title='bbox 2701 1619 2995 1675; x_wconf 88' lang='lat' dir='ltr'><strong>Duodecim</strong></span> <span class='ocrx_word' id='word_1_230' title='bbox 3031 1633 3162 1674; x_wconf 82' lang='lat' dir='ltr'><strong>vero</strong></span> <span class='ocrx_word' id='word_1_231' title='bbox 3200 1619 3350 1675; x_wconf 81' lang='lat' dir='ltr'><strong>horae</strong></span> <span class='ocrx_word' id='word_1_232' title='bbox 3377 1617 3465 1688; x_wconf 92' lang='lat' dir='ltr'><strong>(ut</strong></span> 
     </span>
    </p>
   </div>
   <div class='ocr_carea' id='block_1_30' title="bbox 1871 1710 3471 1784">
    <p class='ocr_par' dir='ltr' id='par_1_30' title="bbox 1871 1710 3471 1784">
     <span class='ocr_line' id='line_1_30' title="bbox 1871 1710 3471 1784; baseline 0.002 -19"><span class='ocrx_word' id='word_1_233' title='bbox 1871 1711 2188 1783; x_wconf 80' lang='lat' dir='ltr'><strong>praedictum</strong></span> <span class='ocrx_word' id='word_1_234' title='bbox 2213 1711 2319 1783; x_wconf 92' lang='lat' dir='ltr'><strong>est)</strong></span> <span class='ocrx_word' id='word_1_235' title='bbox 2349 1711 2635 1767; x_wconf 88' lang='lat' dir='ltr'><strong>duodecim</strong></span> <span class='ocrx_word' id='word_1_236' title='bbox 2663 1720 2788 1768; x_wconf 89' lang='lat' dir='ltr'><strong>sunt</strong></span> <span class='ocrx_word' id='word_1_237' title='bbox 2818 1710 2935 1782; x_wconf 82' lang='lat' dir='ltr'><strong>ejus</strong></span> <span class='ocrx_word' id='word_1_238' title='bbox 2961 1712 3224 1784; x_wconf 89' lang='lat' dir='ltr'><strong>apostoli;</strong></span> <span class='ocrx_word' id='word_1_239' title='bbox 3256 1713 3384 1783; x_wconf 89' lang='lat' dir='ltr'><strong>quia</strong></span> <span class='ocrx_word' id='word_1_240' title='bbox 3409 1721 3471 1768; x_wconf 92' lang='lat' dir='ltr'><strong>ut</strong></span> 
     </span>
    </p>
   </div>
   <div class='ocr_carea' id='block_1_31' title="bbox 1873 1805 3466 1878">
    <p class='ocr_par' dir='ltr' id='par_1_31' title="bbox 1873 1805 3466 1878">
     <span class='ocr_line' id='line_1_31' title="bbox 1873 1805 3466 1878; baseline -0.001 -18"><span class='ocrx_word' id='word_1_241' title='bbox 1873 1805 2016 1860; x_wconf 92' lang='lat' dir='ltr'><strong>diem</strong></span> <span class='ocrx_word' id='word_1_242' title='bbox 2041 1820 2100 1861; x_wconf 92' lang='lat' dir='ltr'><strong>se</strong></span> <span class='ocrx_word' id='word_1_243' title='bbox 2127 1820 2249 1861; x_wconf 91' lang='lat' dir='ltr'><strong>esse</strong></span> <span class='ocrx_word' id='word_1_244' title='bbox 2275 1805 2604 1872; x_wconf 90' lang='lat' dir='ltr'><strong>ostenderet,</strong></span> <span class='ocrx_word' id='word_1_245' title='bbox 2649 1807 2934 1862; x_wconf 88' lang='lat' dir='ltr'><strong>duodecim</strong></span> <span class='ocrx_word' id='word_1_246' title='bbox 2973 1806 3249 1877; x_wconf 88' lang='lat' dir='ltr'><strong>apostolos</strong></span> <span class='ocrx_word' id='word_1_247' title='bbox 3283 1806 3466 1878; x_wconf 85' lang='lat' dir='ltr'><strong>elegit.</strong></span> 
     </span>
    </p>
   </div>
   <div class='ocr_carea' id='block_1_32' title="bbox 1876 1896 3467 1970">
    <p class='ocr_par' dir='ltr' id='par_1_32' title="bbox 1876 1896 3467 1970">
     <span class='ocr_line' id='line_1_32' title="bbox 1876 1896 3467 1970; baseline 0 -18"><span class='ocrx_word' id='word_1_248' title='bbox 1876 1896 1982 1964; x_wconf 86' lang='lat' dir='ltr'><strong>Qui</strong></span> <span class='ocrx_word' id='word_1_249' title='bbox 2011 1914 2132 1952; x_wconf 90' lang='lat' dir='ltr'><strong>vero</strong></span> <span class='ocrx_word' id='word_1_250' title='bbox 2164 1907 2413 1970; x_wconf 88' lang='lat' dir='ltr'><strong>operatur</strong></span> <span class='ocrx_word' id='word_1_251' title='bbox 2437 1900 2709 1954; x_wconf 86' lang='lat' dir='ltr'><strong>veritatem</strong></span> <span class='ocrx_word' id='word_1_252' title='bbox 2734 1907 2782 1953; x_wconf 89' lang='lat' dir='ltr'><strong>et</strong></span> <span class='ocrx_word' id='word_1_253' title='bbox 2809 1899 2866 1953; x_wconf 89' lang='lat' dir='ltr'><strong>in</strong></span> <span class='ocrx_word' id='word_1_254' title='bbox 2897 1897 3063 1954; x_wconf 90' lang='lat' dir='ltr'><strong>lucem</strong></span> <span class='ocrx_word' id='word_1_255' title='bbox 3095 1900 3228 1955; x_wconf 82' lang='lat' dir='ltr'><strong>venit</strong></span> <span class='ocrx_word' id='word_1_256' title='bbox 3255 1899 3350 1954; x_wconf 73' lang='lat' dir='ltr'><strong>lux</strong></span> <span class='ocrx_word' id='word_1_257' title='bbox 3369 1909 3467 1966; x_wconf 89' lang='lat' dir='ltr'><strong>est,</strong></span> 
     </span>
    </p>
   </div>
   <div class='ocr_carea' id='block_1_33' title="bbox 194 1980 3470 2064">
    <p class='ocr_par' dir='ltr' id='par_1_33' title="bbox 194 1980 3470 2064">
     <span class='ocr_line' id='line_1_33' title="bbox 194 1980 3470 2064; baseline -0.003 -9"><span class='ocrx_word' id='word_1_258' title='bbox 194 1997 471 2055; x_wconf 87' lang='lat' dir='ltr'><strong>suscitavit</strong></span> <span class='ocrx_word' id='word_1_259' title='bbox 497 2005 554 2051; x_wconf 88' lang='lat' dir='ltr'><strong>et</strong></span> <span class='ocrx_word' id='word_1_260' title='bbox 579 1994 871 2051; x_wconf 87' lang='lat' dir='ltr'><strong>consedere</strong></span> <span class='ocrx_word' id='word_1_261' title='bbox 898 1994 1028 2050; x_wconf 89' lang='lat' dir='ltr'><strong>fecit</strong></span> <span class='ocrx_word' id='word_1_262' title='bbox 1053 1995 1108 2050; x_wconf 89' lang='lat' dir='ltr'><strong>in</strong></span> <span class='ocrx_word' id='word_1_263' title='bbox 1141 1992 1452 2050; x_wconf 73' lang='lat' dir='ltr'><strong>coelestibus</strong></span> <span class='ocrx_word' id='word_1_264' title='bbox 1481 1991 1537 2045; x_wconf 92' lang='lat' dir='ltr'><strong>in</strong></span> <span class='ocrx_word' id='word_1_265' title='bbox 1560 1989 1777 2046; x_wconf 88' lang='lat' dir='ltr'><strong>Christo</strong></span> <span class='ocrx_word' id='word_1_266' title='bbox 1803 1980 1854 2040; x_wconf 92' lang='lat' dir='ltr'><strong>B</strong></span> <span class='ocrx_word' id='word_1_267' title='bbox 1881 1998 1932 2043; x_wconf 86' lang='lat' dir='ltr'><strong>et</strong></span> <span class='ocrx_word' id='word_1_268' title='bbox 1967 1989 2114 2058; x_wconf 81' lang='lat' dir='ltr'><strong>ﬁlius</strong></span> <span class='ocrx_word' id='word_1_269' title='bbox 2144 1988 2278 2045; x_wconf 88' lang='lat' dir='ltr'><strong>lucis</strong></span> <span class='ocrx_word' id='word_1_270' title='bbox 2308 2000 2356 2045; x_wconf 91' lang='lat' dir='ltr'><strong>et</strong></span> <span class='ocrx_word' id='word_1_271' title='bbox 2387 1990 2492 2045; x_wconf 89' lang='lat' dir='ltr'><strong>diei</strong></span> <span class='ocrx_word' id='word_1_272' title='bbox 2520 1991 2702 2062; x_wconf 85' lang='lat' dir='ltr'><strong>(Joan.</strong></span> <span class='ocrx_word' id='word_1_273' title='bbox 2745 1991 2850 2064; x_wconf 89' lang='lat'><strong>111).</strong></span> <span class='ocrx_word' id='word_1_274' title='bbox 2885 1991 3038 2047; x_wconf 90' lang='lat' dir='ltr'><strong>Sicut</strong></span> <span class='ocrx_word' id='word_1_275' title='bbox 3073 1993 3217 2048; x_wconf 89' lang='lat' dir='ltr'><strong>enim</strong></span> <span class='ocrx_word' id='word_1_276' title='bbox 3248 2008 3409 2049; x_wconf 91' lang='lat' dir='ltr'><strong>nemo</strong></span> <span class='ocrx_word' id='word_1_277' title='bbox 3437 2009 3470 2046; x_wconf 89' lang='lat' dir='ltr'><strong>a</strong></span> 
     </span>
    </p>
   </div>
   <div class='ocr_carea' id='block_1_34' title="bbox 193 2081 1776 2156">
    <p class='ocr_par' dir='ltr' id='par_1_34' title="bbox 193 2081 1776 2156">
     <span class='ocr_line' id='line_1_34' title="bbox 193 2081 1776 2156; baseline -0.006 -12"><span class='ocrx_word' id='word_1_278' title='bbox 193 2087 336 2145; x_wconf 85' lang='lat' dir='ltr'><strong>Jcsu.</strong></span> <span class='ocrx_word' id='word_1_279' title='bbox 389 2087 765 2152; x_wconf 88' lang='lat' dir='ltr'><strong>Considerate,</strong></span> <span class='ocrx_word' id='word_1_280' title='bbox 801 2085 1020 2150; x_wconf 81' lang='lat' dir='ltr'><strong>fratres,</strong></span> <span class='ocrx_word' id='word_1_281' title='bbox 1052 2101 1188 2156; x_wconf 88' lang='lat' dir='ltr'><strong>quas</strong></span> <span class='ocrx_word' id='word_1_282' title='bbox 1209 2084 1506 2156; x_wconf 79' lang='lat' dir='ltr'><strong>gratiarum</strong></span> <span class='ocrx_word' id='word_1_283' title='bbox 1533 2081 1776 2136; x_wconf 89' lang='lat' dir='ltr'><strong>actiones</strong></span> 
     </span>
    </p>
   </div>
   <div class='ocr_carea' id='block_1_35' title="bbox 195 2172 1780 2242">
    <p class='ocr_par' dir='ltr' id='par_1_35' title="bbox 195 2172 1780 2242">
     <span class='ocr_line' id='line_1_35' title="bbox 195 2172 1780 2242; baseline -0.006 -9"><span class='ocrx_word' id='word_1_284' title='bbox 195 2177 431 2234; x_wconf 86' lang='lat' dir='ltr'><strong>Creatori</strong></span> <span class='ocrx_word' id='word_1_285' title='bbox 467 2186 656 2233; x_wconf 90' lang='lat' dir='ltr'><strong>nostro</strong></span> <span class='ocrx_word' id='word_1_286' title='bbox 685 2175 891 2232; x_wconf 85' lang='lat' dir='ltr'><strong>referre</strong></span> <span class='ocrx_word' id='word_1_287' title='bbox 929 2175 1208 2239; x_wconf 89' lang='lat' dir='ltr'><strong>debemus,</strong></span> <span class='ocrx_word' id='word_1_288' title='bbox 1239 2173 1456 2242; x_wconf 89' lang='lat' dir='ltr'><strong>quando</strong></span> <span class='ocrx_word' id='word_1_289' title='bbox 1494 2172 1550 2226; x_wconf 88' lang='lat' dir='ltr'><strong>in</strong></span> <span class='ocrx_word' id='word_1_290' title='bbox 1584 2177 1780 2226; x_wconf 88' lang='lat' dir='ltr'><strong>natura</strong></span> 
     </span>
    </p>
   </div>
   <div class='ocr_carea' id='block_1_36' title="bbox 193 2262 1776 2339">
    <p class='ocr_par' dir='ltr' id='par_1_36' title="bbox 193 2262 1776 2339">
     <span class='ocr_line' id='line_1_36' title="bbox 193 2262 1776 2339; baseline -0.003 -17"><span class='ocrx_word' id='word_1_291' title='bbox 193 2277 374 2324; x_wconf 91' lang='lat' dir='ltr'><strong>nostra</strong></span> <span class='ocrx_word' id='word_1_292' title='bbox 417 2269 533 2339; x_wconf 89' lang='lat' dir='ltr'><strong>ipse</strong></span> <span class='ocrx_word' id='word_1_293' title='bbox 574 2267 803 2324; x_wconf 90' lang='lat' dir='ltr'><strong>Crcator</strong></span> <span class='ocrx_word' id='word_1_294' title='bbox 841 2275 896 2322; x_wconf 87' lang='lat' dir='ltr'><strong>et</strong></span> <span class='ocrx_word' id='word_1_295' title='bbox 935 2265 1264 2335; x_wconf 78' lang='lat' dir='ltr'><strong>Redemptor</strong></span> <span class='ocrx_word' id='word_1_296' title='bbox 1290 2271 1476 2321; x_wconf 88' lang='lat' dir='ltr'><strong>noster</strong></span> <span class='ocrx_word' id='word_1_297' title='bbox 1508 2262 1776 2328; x_wconf 88' lang='lat' dir='ltr'><strong>Christus,</strong></span> 
     </span>
    </p>
   </div>
   <div class='ocr_carea' id='block_1_37' title="bbox 195 2354 1778 2426">
    <p class='ocr_par' dir='ltr' id='par_1_37' title="bbox 195 2354 1778 2426">
     <span class='ocr_line' id='line_1_37' title="bbox 195 2354 1778 2426; baseline -0.004 -9"><span class='ocrx_word' id='word_1_298' title='bbox 195 2369 251 2417; x_wconf 88' lang='lat' dir='ltr'><strong>et</strong></span> <span class='ocrx_word' id='word_1_299' title='bbox 281 2365 579 2418; x_wconf 80' lang='lat' dir='ltr'><strong>resurrexit</strong></span> <span class='ocrx_word' id='word_1_300' title='bbox 605 2377 635 2415; x_wconf 94' lang='lat' dir='ltr'><strong>a</strong></span> <span class='ocrx_word' id='word_1_301' title='bbox 664 2359 916 2426; x_wconf 84' lang='lat' dir='ltr'><strong>mortuis,</strong></span> <span class='ocrx_word' id='word_1_302' title='bbox 949 2366 1004 2413; x_wconf 91' lang='lat' dir='ltr'><strong>et</strong></span> <span class='ocrx_word' id='word_1_303' title='bbox 1031 2357 1276 2414; x_wconf 86' lang='lat' dir='ltr'><strong>ascendit</strong></span> <span class='ocrx_word' id='word_1_304' title='bbox 1299 2356 1367 2410; x_wconf 92' lang='lat' dir='ltr'><strong>ad</strong></span> <span class='ocrx_word' id='word_1_305' title='bbox 1397 2354 1586 2422; x_wconf 60' lang='lat' dir='ltr'><strong>caelos,</strong></span> <span class='ocrx_word' id='word_1_306' title='bbox 1612 2363 1670 2410; x_wconf 88' lang='lat' dir='ltr'><strong>et</strong></span> <span class='ocrx_word' id='word_1_307' title='bbox 1691 2369 1778 2411; x_wconf 86' lang='lat' dir='ltr'><strong>se-</strong></span> 
     </span>
    </p>
   </div>
   <div class='ocr_carea' id='block_1_38' title="bbox 195 2451 1781 2521">
    <p class='ocr_par' dir='ltr' id='par_1_38' title="bbox 195 2451 1781 2521">
     <span class='ocr_line' id='line_1_38' title="bbox 195 2451 1781 2521; baseline -0.003 -12"><span class='ocrx_word' id='word_1_308' title='bbox 195 2453 286 2508; x_wconf 88' lang='lat' dir='ltr'><strong>det</strong></span> <span class='ocrx_word' id='word_1_309' title='bbox 311 2455 377 2508; x_wconf 91' lang='lat' dir='ltr'><strong>ad</strong></span> <span class='ocrx_word' id='word_1_310' title='bbox 400 2453 682 2508; x_wconf 79' lang='lat' dir='ltr'><strong>dexteram</strong></span> <span class='ocrx_word' id='word_1_311' title='bbox 711 2452 911 2506; x_wconf 83' lang='lat' dir='ltr'><strong>Patris.</strong></span> <span class='ocrx_word' id='word_1_312' title='bbox 957 2451 1016 2505; x_wconf 91' lang='lat' dir='ltr'><strong>In</strong></span> <span class='ocrx_word' id='word_1_313' title='bbox 1047 2466 1154 2521; x_wconf 89' lang='lat' dir='ltr'><strong>qua</strong></span> <span class='ocrx_word' id='word_1_314' title='bbox 1176 2458 1369 2504; x_wconf 87' lang='lat' dir='ltr'><strong>natura</strong></span> <span class='ocrx_word' id='word_1_315' title='bbox 1394 2456 1580 2504; x_wconf 89' lang='lat' dir='ltr'><strong>nostra</strong></span> <span class='ocrx_word' id='word_1_316' title='bbox 1602 2457 1659 2504; x_wconf 91' lang='lat' dir='ltr'><strong>et</strong></span> <span class='ocrx_word' id='word_1_317' title='bbox 1682 2465 1781 2506; x_wconf 91' lang='lat' dir='ltr'><strong>nos</strong></span> 
     </span>
    </p>
   </div>
   <div class='ocr_carea' id='block_1_39' title="bbox 194 2540 1781 2608">
    <p class='ocr_par' dir='ltr' id='par_1_39' title="bbox 194 2540 1781 2608">
     <span class='ocr_line' id='line_1_39' title="bbox 194 2540 1781 2608; baseline -0.003 -8"><span class='ocrx_word' id='word_1_318' title='bbox 194 2543 654 2608; x_wconf 81' lang='lat' dir='ltr'><strong>consurreximus,</strong></span> <span class='ocrx_word' id='word_1_319' title='bbox 677 2543 1022 2598; x_wconf 83' lang='lat' dir='ltr'><strong>ascendimus</strong></span> <span class='ocrx_word' id='word_1_320' title='bbox 1043 2550 1098 2596; x_wconf 89' lang='lat' dir='ltr'><strong>et</strong></span> <span class='ocrx_word' id='word_1_321' title='bbox 1117 2541 1368 2596; x_wconf 90' lang='lat' dir='ltr'><strong>sedemus</strong></span> <span class='ocrx_word' id='word_1_322' title='bbox 1399 2543 1469 2594; x_wconf 84' lang='lat' dir='ltr'><strong>au</strong></span> <span class='ocrx_word' id='word_1_323' title='bbox 1499 2540 1781 2596; x_wconf 80' lang='lat' dir='ltr'><strong>dexteram</strong></span> 
     </span>
    </p>
   </div>
   <div class='ocr_carea' id='block_1_40' title="bbox 193 2632 1784 2703">
    <p class='ocr_par' dir='ltr' id='par_1_40' title="bbox 193 2632 1784 2703">
     <span class='ocr_line' id='line_1_40' title="bbox 193 2632 1784 2703; baseline 0.001 -15"><span class='ocrx_word' id='word_1_324' title='bbox 193 2633 391 2689; x_wconf 88' lang='lat' dir='ltr'><strong>Patris.</strong></span> <span class='ocrx_word' id='word_1_325' title='bbox 449 2633 600 2690; x_wconf 89' lang='lat' dir='ltr'><strong>Unde</strong></span> <span class='ocrx_word' id='word_1_326' title='bbox 649 2642 704 2689; x_wconf 91' lang='lat' dir='ltr'><strong>et</strong></span> <span class='ocrx_word' id='word_1_327' title='bbox 734 2633 818 2688; x_wconf 83' lang='lat' dir='ltr'><strong>vir</strong></span> <span class='ocrx_word' id='word_1_328' title='bbox 865 2642 1106 2698; x_wconf 87' lang='lat' dir='ltr'><strong>sanctus,</strong></span> <span class='ocrx_word' id='word_1_329' title='bbox 1150 2632 1244 2703; x_wconf 94' lang='lat' dir='ltr'><strong>qui</strong></span> <span class='ocrx_word' id='word_1_330' title='bbox 1283 2633 1468 2688; x_wconf 84' lang='lat' dir='ltr'><strong>vivens</strong></span> <span class='ocrx_word' id='word_1_331' title='bbox 1516 2633 1571 2687; x_wconf 91' lang='lat' dir='ltr'><strong>in</strong></span> <span class='ocrx_word' id='word_1_332' title='bbox 1615 2649 1784 2689; x_wconf 90' lang='lat' dir='ltr'><strong>carne</strong></span> 
     </span>
    </p>
   </div>
   <div class='ocr_carea' id='block_1_41' title="bbox 198 2725 1785 2790">
    <p class='ocr_par' dir='ltr' id='par_1_41' title="bbox 198 2725 1785 2790">
     <span class='ocr_line' id='line_1_41' title="bbox 198 2725 1785 2790; baseline -0.002 -8"><span class='ocrx_word' id='word_1_333' title='bbox 198 2727 661 2782; x_wconf 82' lang='lat' dir='ltr'><strong>conversationem</strong></span> <span class='ocrx_word' id='word_1_334' title='bbox 706 2726 871 2781; x_wconf 87' lang='lat' dir='ltr'><strong>babet</strong></span> <span class='ocrx_word' id='word_1_335' title='bbox 891 2726 947 2780; x_wconf 88' lang='lat' dir='ltr'><strong>in</strong></span> <span class='ocrx_word' id='word_1_336' title='bbox 989 2725 1162 2790; x_wconf 78' lang='lat' dir='ltr'><strong>caelis,</strong></span> <span class='ocrx_word' id='word_1_337' title='bbox 1195 2741 1305 2780; x_wconf 91' lang='lat' dir='ltr'><strong>non</strong></span> <span class='ocrx_word' id='word_1_338' title='bbox 1355 2725 1566 2779; x_wconf 89' lang='lat' dir='ltr'><strong>dubitat</strong></span> <span class='ocrx_word' id='word_1_339' title='bbox 1604 2725 1785 2780; x_wconf 87' lang='lat' dir='ltr'><strong>dicere</strong></span> 
     </span>
    </p>
   </div>
   <div class='ocr_carea' id='block_1_42' title="bbox 200 2814 1784 2890">
    <p class='ocr_par' dir='ltr' id='par_1_42' title="bbox 200 2814 1784 2890">
     <span class='ocr_line' id='line_1_42' title="bbox 200 2814 1784 2890; baseline -0.003 -16"><span class='ocrx_word' id='word_1_340' title='bbox 200 2819 341 2890; x_wconf 93' lang='lat' dir='ltr'><strong>quod</strong></span> <span class='ocrx_word' id='word_1_341' title='bbox 367 2820 539 2874; x_wconf 90' lang='lat' dir='ltr'><strong>sancti</strong></span> <span class='ocrx_word' id='word_1_342' title='bbox 563 2819 678 2890; x_wconf 92' lang='lat' dir='ltr'><strong>jam</strong></span> <span class='ocrx_word' id='word_1_343' title='bbox 709 2818 933 2874; x_wconf 88' lang='lat' dir='ltr'><strong>sedeant</strong></span> <span class='ocrx_word' id='word_1_344' title='bbox 963 2825 1020 2874; x_wconf 94' lang='lat' dir='ltr'><strong>et</strong></span> <span class='ocrx_word' id='word_1_345' title='bbox 1049 2826 1279 2887; x_wconf 90' lang='lat' dir='ltr'><strong>regnent</strong></span> <span class='ocrx_word' id='word_1_346' title='bbox 1311 2831 1436 2872; x_wconf 92' lang='lat' dir='ltr'><strong>cum</strong></span> <span class='ocrx_word' id='word_1_347' title='bbox 1473 2814 1693 2872; x_wconf 89' lang='lat' dir='ltr'><strong>Christo</strong></span> <span class='ocrx_word' id='word_1_348' title='bbox 1727 2816 1784 2870; x_wconf 91' lang='lat' dir='ltr'><strong>in</strong></span> 
     </span>
    </p>
   </div>
   <div class='ocr_carea' id='block_1_43' title="bbox 202 2909 1787 2980">
    <p class='ocr_par' dir='ltr' id='par_1_43' title="bbox 202 2909 1787 2980">
     <span class='ocr_line' id='line_1_43' title="bbox 202 2909 1787 2980; baseline -0.002 -13"><span class='ocrx_word' id='word_1_349' title='bbox 202 2912 417 2968; x_wconf 76' lang='lat' dir='ltr'><strong>dextera</strong></span> <span class='ocrx_word' id='word_1_350' title='bbox 450 2911 647 2967; x_wconf 88' lang='lat' dir='ltr'><strong>Patris.</strong></span> <span class='ocrx_word' id='word_1_351' title='bbox 696 2911 909 2979; x_wconf 86' lang='lat' dir='ltr'><strong>Quanta</strong></span> <span class='ocrx_word' id='word_1_352' title='bbox 955 2911 1027 2966; x_wconf 88' lang='lat' dir='ltr'><strong>sit</strong></span> <span class='ocrx_word' id='word_1_353' title='bbox 1084 2909 1334 2966; x_wconf 83' lang='lat' dir='ltr'><strong>beneﬁcii</strong></span> <span class='ocrx_word' id='word_1_354' title='bbox 1377 2909 1692 2980; x_wconf 78' lang='lat' dir='ltr'><strong>magnitudo</strong></span> <span class='ocrx_word' id='word_1_355' title='bbox 1729 2918 1787 2964; x_wconf 88' lang='lat' dir='ltr'><strong>et</strong></span> 
     </span>
    </p>
   </div>
   <div class='ocr_carea' id='block_1_44' title="bbox 202 3002 1786 3079">
    <p class='ocr_par' dir='ltr' id='par_1_44' title="bbox 202 3002 1786 3079">
     <span class='ocr_line' id='line_1_44' title="bbox 202 3002 1786 3079; baseline -0.001 -16"><span class='ocrx_word' id='word_1_356' title='bbox 202 3023 359 3078; x_wconf 88' lang='lat' dir='ltr'><strong>quam</strong></span> <span class='ocrx_word' id='word_1_357' title='bbox 383 3007 663 3078; x_wconf 81' lang='lat' dir='ltr'><strong>multiplex</strong></span> <span class='ocrx_word' id='word_1_358' title='bbox 685 3008 860 3079; x_wconf 81' lang='lat' dir='ltr'><strong>gratia</strong></span> <span class='ocrx_word' id='word_1_359' title='bbox 880 3022 986 3076; x_wconf 90' lang='lat' dir='ltr'><strong>qua</strong></span> <span class='ocrx_word' id='word_1_360' title='bbox 1010 3021 1110 3061; x_wconf 91' lang='lat' dir='ltr'><strong>nos</strong></span> <span class='ocrx_word' id='word_1_361' title='bbox 1134 3005 1364 3061; x_wconf 91' lang='lat' dir='ltr'><strong>Domino</strong></span> <span class='ocrx_word' id='word_1_362' title='bbox 1389 3005 1685 3062; x_wconf 89' lang='lat' dir='ltr'><strong>consedere</strong></span> <span class='ocrx_word' id='word_1_363' title='bbox 1705 3002 1786 3061; x_wconf 84' lang='lat' dir='ltr'><strong>fe-</strong></span> 
     </span>
    </p>
   </div>
   <div class='ocr_carea' id='block_1_45' title="bbox 203 3096 1784 3170">
    <p class='ocr_par' dir='ltr' id='par_1_45' title="bbox 203 3096 1784 3170">
     <span class='ocr_line' id='line_1_45' title="bbox 203 3096 1784 3170; baseline -0.003 -16"><span class='ocrx_word' id='word_1_364' title='bbox 203 3098 296 3166; x_wconf 88' lang='lat' dir='ltr'><strong>cit,</strong></span> <span class='ocrx_word' id='word_1_365' title='bbox 320 3107 374 3155; x_wconf 91' lang='lat' dir='ltr'><strong>et</strong></span> <span class='ocrx_word' id='word_1_366' title='bbox 401 3113 738 3170; x_wconf 79' lang='lat' dir='ltr'><strong>conregnare</strong></span> <span class='ocrx_word' id='word_1_367' title='bbox 774 3113 896 3153; x_wconf 90' lang='lat' dir='ltr'><strong>cum</strong></span> <span class='ocrx_word' id='word_1_368' title='bbox 928 3096 1144 3152; x_wconf 87' lang='lat' dir='ltr'><strong>Christo</strong></span> <span class='ocrx_word' id='word_1_369' title='bbox 1173 3115 1186 3150; x_wconf 92' lang='lat'><strong>:</strong></span> <span class='ocrx_word' id='word_1_370' title='bbox 1213 3096 1340 3152; x_wconf 91' lang='lat' dir='ltr'><strong>hinc</strong></span> <span class='ocrx_word' id='word_1_371' title='bbox 1375 3096 1784 3163; x_wconf 89' lang='lat' dir='ltr'><strong>comprobatur,</strong></span> 
     </span>
    </p>
   </div>
   <div class='ocr_carea' id='block_1_46' title="bbox 202 3187 1787 3262">
    <p class='ocr_par' dir='ltr' id='par_1_46' title="bbox 202 3187 1787 3262">
     <span class='ocr_line' id='line_1_46' title="bbox 202 3187 1787 3262; baseline -0.003 -15"><span class='ocrx_word' id='word_1_372' title='bbox 202 3207 322 3247; x_wconf 89' lang='lat' dir='ltr'><strong>cum</strong></span> <span class='ocrx_word' id='word_1_373' title='bbox 346 3207 447 3246; x_wconf 90' lang='lat' dir='ltr'><strong>nos</strong></span> <span class='ocrx_word' id='word_1_374' title='bbox 475 3191 567 3262; x_wconf 93' lang='lat' dir='ltr'><strong>qui</strong></span> <span class='ocrx_word' id='word_1_375' title='bbox 595 3189 868 3261; x_wconf 91' lang='lat' dir='ltr'><strong>quondam</strong></span> <span class='ocrx_word' id='word_1_376' title='bbox 891 3189 1011 3261; x_wconf 88' lang='lat' dir='ltr'><strong>lege</strong></span> <span class='ocrx_word' id='word_1_377' title='bbox 1039 3189 1362 3244; x_wconf 90' lang='lat' dir='ltr'><strong>tenebamur</strong></span> <span class='ocrx_word' id='word_1_378' title='bbox 1393 3187 1616 3254; x_wconf 84' lang='lat' dir='ltr'><strong>inferni,</strong></span> <span class='ocrx_word' id='word_1_379' title='bbox 1640 3202 1787 3242; x_wconf 90' lang='lat' dir='ltr'><strong>nunc</strong></span> 
     </span>
    </p>
   </div>
   <div class='ocr_carea' id='block_1_47' title="bbox 203 3279 1789 3354">
    <p class='ocr_par' dir='ltr' id='par_1_47' title="bbox 203 3279 1789 3354">
     <span class='ocr_line' id='line_1_47' title="bbox 203 3279 1789 3354; baseline -0.001 -16"><span class='ocrx_word' id='word_1_380' title='bbox 203 3283 256 3340; x_wconf 91' lang='lat' dir='ltr'><strong>in</strong></span> <span class='ocrx_word' id='word_1_381' title='bbox 303 3283 521 3340; x_wconf 89' lang='lat' dir='ltr'><strong>Christo</strong></span> <span class='ocrx_word' id='word_1_382' title='bbox 573 3295 859 3354; x_wconf 87' lang='lat' dir='ltr'><strong>regnemus</strong></span> <span class='ocrx_word' id='word_1_383' title='bbox 905 3281 1296 3350; x_wconf 90' lang='lat' dir='ltr'><strong>sedeamusque</strong></span> <span class='ocrx_word' id='word_1_384' title='bbox 1338 3296 1460 3336; x_wconf 93' lang='lat' dir='ltr'><strong>cum</strong></span> <span class='ocrx_word' id='word_1_385' title='bbox 1504 3296 1589 3337; x_wconf 91' lang='lat' dir='ltr'><strong>eo.</strong></span> <span class='ocrx_word' id='word_1_386' title='bbox 1647 3279 1789 3336; x_wconf 77' lang='lat' dir='ltr'><strong>Vere</strong></span> 
     </span>
    </p>
   </div>
   <div class='ocr_carea' id='block_1_48' title="bbox 1878 2080 3467 2153">
    <p class='ocr_par' dir='ltr' id='par_1_48' title="bbox 1878 2080 3467 2153">
     <span class='ocr_line' id='line_1_48' title="bbox 1878 2080 3467 2153; baseline 0.002 -18"><span class='ocrx_word' id='word_1_387' title='bbox 1878 2080 2056 2152; x_wconf 83' lang='lat' dir='ltr'><strong>seipso</strong></span> <span class='ocrx_word' id='word_1_388' title='bbox 2109 2089 2222 2147; x_wconf 91' lang='lat' dir='ltr'><strong>est,</strong></span> <span class='ocrx_word' id='word_1_389' title='bbox 2263 2083 2341 2137; x_wconf 92' lang='lat' dir='ltr'><strong>ita</strong></span> <span class='ocrx_word' id='word_1_390' title='bbox 2380 2084 2547 2138; x_wconf 89' lang='lat' dir='ltr'><strong>etiam</strong></span> <span class='ocrx_word' id='word_1_391' title='bbox 2589 2097 2750 2138; x_wconf 89' lang='lat' dir='ltr'><strong>nemo</strong></span> <span class='ocrx_word' id='word_1_392' title='bbox 2799 2099 2832 2138; x_wconf 90' lang='lat' dir='ltr'><strong>a</strong></span> <span class='ocrx_word' id='word_1_393' title='bbox 2889 2083 3071 2153; x_wconf 89' lang='lat' dir='ltr'><strong>seipso</strong></span> <span class='ocrx_word' id='word_1_394' title='bbox 3101 2084 3467 2149; x_wconf 87' lang='lat' dir='ltr'><strong>illuminatur,</strong></span> 
     </span>
    </p>
   </div>
   <div class='ocr_carea' id='block_1_49' title="bbox 1879 2171 3474 2245">
    <p class='ocr_par' dir='ltr' id='par_1_49' title="bbox 1879 2171 3474 2245">
     <span class='ocr_line' id='line_1_49' title="bbox 1879 2171 3474 2245; baseline 0.003 -19"><span class='ocrx_word' id='word_1_395' title='bbox 1879 2171 1976 2226; x_wconf 89' lang='lat' dir='ltr'><strong>sed</strong></span> <span class='ocrx_word' id='word_1_396' title='bbox 1998 2171 2307 2228; x_wconf 88' lang='lat' dir='ltr'><strong>illustrante</strong></span> <span class='ocrx_word' id='word_1_397' title='bbox 2338 2173 2429 2228; x_wconf 92' lang='lat' dir='ltr'><strong>illo</strong></span> <span class='ocrx_word' id='word_1_398' title='bbox 2468 2174 2536 2229; x_wconf 91' lang='lat' dir='ltr'><strong>de</strong></span> <span class='ocrx_word' id='word_1_399' title='bbox 2583 2189 2693 2245; x_wconf 92' lang='lat' dir='ltr'><strong>quo</strong></span> <span class='ocrx_word' id='word_1_400' title='bbox 2749 2175 3014 2244; x_wconf 88' lang='lat' dir='ltr'><strong>scriptum</strong></span> <span class='ocrx_word' id='word_1_401' title='bbox 3045 2183 3128 2229; x_wconf 84' lang='lat' dir='ltr'><strong>est</strong></span> <span class='ocrx_word' id='word_1_402' title='bbox 3172 2193 3185 2228; x_wconf 90' lang='lat'><strong>:</strong></span> <span class='ocrx_word' id='word_1_403' title='bbox 3218 2175 3351 2229; x_wconf 87' lang='lat' dir='ltr'><strong>Erat</strong></span> <span class='ocrx_word' id='word_1_404' title='bbox 3378 2175 3474 2230; x_wconf 69' lang='lat' dir='ltr'><strong>lux</strong></span> 
     </span>
    </p>
   </div>
   <div class='ocr_carea' id='block_1_50' title="bbox 1878 2267 3475 2338">
    <p class='ocr_par' dir='ltr' id='par_1_50' title="bbox 1878 2267 3475 2338">
     <span class='ocr_line' id='line_1_50' title="bbox 1878 2267 3475 2338; baseline 0.004 -18"><span class='ocrx_word' id='word_1_405' title='bbox 1878 2283 2036 2332; x_wconf 89' lang='lat' dir='ltr'><strong>vera,</strong></span> <span class='ocrx_word' id='word_1_406' title='bbox 2069 2285 2186 2338; x_wconf 78' lang='lat' dir='ltr'><strong>qute</strong></span> <span class='ocrx_word' id='word_1_407' title='bbox 2236 2267 2505 2323; x_wconf 79' lang='lat' dir='ltr'><strong>illuminat</strong></span> <span class='ocrx_word' id='word_1_408' title='bbox 2539 2285 2743 2324; x_wconf 86' lang='lat' dir='ltr'><strong>omnem</strong></span> <span class='ocrx_word' id='word_1_409' title='bbox 2791 2270 3055 2325; x_wconf 81' lang='lat' dir='ltr'><strong>hominem</strong></span> <span class='ocrx_word' id='word_1_410' title='bbox 3096 2271 3384 2326; x_wconf 87' lang='lat' dir='ltr'><strong>venientem</strong></span> <span class='ocrx_word' id='word_1_411' title='bbox 3417 2272 3475 2326; x_wconf 84' lang='lat' dir='ltr'><strong>in</strong></span> 
     </span>
    </p>
   </div>
   <div class='ocr_carea' id='block_1_51' title="bbox 1881 2355 3476 2430">
    <p class='ocr_par' dir='ltr' id='par_1_51' title="bbox 1881 2355 3476 2430">
     <span class='ocr_line' id='line_1_51' title="bbox 1881 2355 3476 2430; baseline 0.008 -22"><span class='ocrx_word' id='word_1_412' title='bbox 1881 2355 2022 2410; x_wconf 87' lang='lat' dir='ltr'><strong>hunc</strong></span> <span class='ocrx_word' id='word_1_413' title='bbox 2053 2358 2310 2412; x_wconf 87' lang='lat' dir='ltr'><strong>mundum</strong></span> <span class='ocrx_word' id='word_1_414' title='bbox 2339 2357 2522 2429; x_wconf 80' lang='lat' dir='ltr'><strong>(Joan.</strong></span> <span class='ocrx_word' id='word_1_415' title='bbox 2564 2360 2628 2430; x_wconf 88' lang='lat'><strong>1).</strong></span> <span class='ocrx_word' id='word_1_416' title='bbox 2653 2359 2975 2430; x_wconf 83' lang='lat' dir='ltr'><strong>Quicunque</strong></span> <span class='ocrx_word' id='word_1_417' title='bbox 3000 2361 3147 2418; x_wconf 91' lang='lat' dir='ltr'><strong>enim</strong></span> <span class='ocrx_word' id='word_1_418' title='bbox 3177 2377 3208 2417; x_wconf 91' lang='lat' dir='ltr'><strong>a</strong></span> <span class='ocrx_word' id='word_1_419' title='bbox 3233 2361 3476 2420; x_wconf 89' lang='lat' dir='ltr'><strong>tenebris</strong></span> 
     </span>
    </p>
   </div>
   <div class='ocr_carea' id='block_1_52' title="bbox 1882 2445 3478 2521">
    <p class='ocr_par' dir='ltr' id='par_1_52' title="bbox 1882 2445 3478 2521">
     <span class='ocr_line' id='line_1_52' title="bbox 1882 2445 3478 2521; baseline 0.006 -21"><span class='ocrx_word' id='word_1_420' title='bbox 1882 2445 2202 2517; x_wconf 75' lang='lat' dir='ltr'><strong>ignorantia:</strong></span> <span class='ocrx_word' id='word_1_421' title='bbox 2238 2458 2295 2504; x_wconf 90' lang='lat' dir='ltr'><strong>et</strong></span> <span class='ocrx_word' id='word_1_422' title='bbox 2321 2464 2352 2503; x_wconf 90' lang='lat' dir='ltr'><strong>a</strong></span> <span class='ocrx_word' id='word_1_423' title='bbox 2379 2450 2623 2521; x_wconf 87' lang='lat' dir='ltr'><strong>peccatis</strong></span> <span class='ocrx_word' id='word_1_424' title='bbox 2650 2453 2988 2520; x_wconf 86' lang='lat' dir='ltr'><strong>surrexerit,</strong></span> <span class='ocrx_word' id='word_1_425' title='bbox 3037 2461 3093 2508; x_wconf 91' lang='lat' dir='ltr'><strong>et</strong></span> <span class='ocrx_word' id='word_1_426' title='bbox 3139 2452 3478 2510; x_wconf 89' lang='lat' dir='ltr'><strong>illuminatus</strong></span> 
     </span>
    </p>
   </div>
   <div class='ocr_carea' id='block_1_53' title="bbox 1883 2538 3479 2616">
    <p class='ocr_par' dir='ltr' id='par_1_53' title="bbox 1883 2538 3479 2616">
     <span class='ocr_line' id='line_1_53' title="bbox 1883 2538 3479 2616; baseline 0.004 -24"><span class='ocrx_word' id='word_1_427' title='bbox 1883 2538 1953 2592; x_wconf 89' lang='lat' dir='ltr'><strong>ab</strong></span> <span class='ocrx_word' id='word_1_428' title='bbox 1981 2538 2098 2609; x_wconf 87' lang='lat' dir='ltr'><strong>ipso</strong></span> <span class='ocrx_word' id='word_1_429' title='bbox 2123 2538 2289 2596; x_wconf 86' lang='lat' dir='ltr'><strong>fuerit</strong></span> <span class='ocrx_word' id='word_1_430' title='bbox 2316 2541 2409 2612; x_wconf 88' lang='lat' dir='ltr'><strong>qui</strong></span> <span class='ocrx_word' id='word_1_431' title='bbox 2454 2541 2592 2598; x_wconf 84' lang='lat' dir='ltr'><strong>dixit</strong></span> <span class='ocrx_word' id='word_1_432' title='bbox 2621 2560 2635 2596; x_wconf 89' lang='lat'><strong>:</strong></span> <span class='ocrx_word' id='word_1_433' title='bbox 2686 2542 2803 2616; x_wconf 89' lang='lat' dir='ltr'><strong>Ego</strong></span> <span class='ocrx_word' id='word_1_434' title='bbox 2839 2561 2956 2598; x_wconf 86' lang='lat' dir='ltr'><strong>sum</strong></span> <span class='ocrx_word' id='word_1_435' title='bbox 3008 2543 3104 2598; x_wconf 76' lang='lat' dir='ltr'><strong>lux</strong></span> <span class='ocrx_word' id='word_1_436' title='bbox 3129 2545 3346 2611; x_wconf 89' lang='lat' dir='ltr'><strong>mundi,</strong></span> <span class='ocrx_word' id='word_1_437' title='bbox 3387 2546 3479 2616; x_wconf 88' lang='lat' dir='ltr'><strong>qui</strong></span> 
     </span>
    </p>
   </div>
   <div class='ocr_carea' id='block_1_54' title="bbox 1883 2632 3478 2704">
    <p class='ocr_par' dir='ltr' id='par_1_54' title="bbox 1883 2632 3478 2704">
     <span class='ocr_line' id='line_1_54' title="bbox 1883 2632 3478 2704; baseline 0.007 -21"><span class='ocrx_word' id='word_1_438' title='bbox 1883 2632 2121 2702; x_wconf 88' lang='lat' dir='ltr'><strong>sequitur</strong></span> <span class='ocrx_word' id='word_1_439' title='bbox 2148 2649 2230 2687; x_wconf 88' lang='lat' dir='ltr'><strong>me</strong></span> <span class='ocrx_word' id='word_1_440' title='bbox 2261 2651 2366 2688; x_wconf 90' lang='lat' dir='ltr'><strong>non</strong></span> <span class='ocrx_word' id='word_1_441' title='bbox 2387 2633 2624 2690; x_wconf 85' lang='lat' dir='ltr'><strong>ambulat</strong></span> <span class='ocrx_word' id='word_1_442' title='bbox 2651 2637 2708 2690; x_wconf 90' lang='lat' dir='ltr'><strong>in</strong></span> <span class='ocrx_word' id='word_1_443' title='bbox 2735 2637 2982 2704; x_wconf 86' lang='lat' dir='ltr'><strong>tenebris,</strong></span> <span class='ocrx_word' id='word_1_444' title='bbox 3023 2639 3114 2692; x_wconf 88' lang='lat' dir='ltr'><strong>sed</strong></span> <span class='ocrx_word' id='word_1_445' title='bbox 3147 2639 3353 2693; x_wconf 82' lang='lat' dir='ltr'><strong>habebit</strong></span> <span class='ocrx_word' id='word_1_446' title='bbox 3391 2638 3478 2693; x_wconf 90' lang='lat' dir='ltr'><strong>lu-</strong></span> 
     </span>
    </p>
   </div>
   <div class='ocr_carea' id='block_1_55' title="bbox 1885 2723 3480 2797">
    <p class='ocr_par' dir='ltr' id='par_1_55' title="bbox 1885 2723 3480 2797">
     <span class='ocr_line' id='line_1_55' title="bbox 1885 2723 3480 2797; baseline 0.006 -20"><span class='ocrx_word' id='word_1_447' title='bbox 1885 2741 2004 2778; x_wconf 86' lang='lat' dir='ltr'><strong>men</strong></span> <span class='ocrx_word' id='word_1_448' title='bbox 2030 2725 2149 2779; x_wconf 72' lang='lat' dir='ltr'><strong>vitte</strong></span> <span class='ocrx_word' id='word_1_449' title='bbox 2174 2723 2358 2795; x_wconf 82' lang='lat' dir='ltr'><strong>(Joan.</strong></span> <span class='ocrx_word' id='word_1_450' title='bbox 2390 2727 2536 2797; x_wconf 80' lang='lat' dir='ltr'><strong>VIII),</strong></span> <span class='ocrx_word' id='word_1_451' title='bbox 2562 2728 2759 2784; x_wconf 90' lang='lat' dir='ltr'><strong>merito</strong></span> <span class='ocrx_word' id='word_1_452' title='bbox 2780 2727 2924 2784; x_wconf 84' lang='lat' dir='ltr'><strong>filius</strong></span> <span class='ocrx_word' id='word_1_453' title='bbox 2954 2729 3090 2784; x_wconf 90' lang='lat' dir='ltr'><strong>lucis</strong></span> <span class='ocrx_word' id='word_1_454' title='bbox 3109 2739 3165 2785; x_wconf 87' lang='lat' dir='ltr'><strong>et</strong></span> <span class='ocrx_word' id='word_1_455' title='bbox 3183 2731 3290 2786; x_wconf 90' lang='lat' dir='ltr'><strong>diei</strong></span> <span class='ocrx_word' id='word_1_456' title='bbox 3319 2747 3480 2787; x_wconf 81' lang='lat' dir='ltr'><strong>voca-</strong></span> 
     </span>
    </p>
   </div>
   <div class='ocr_carea' id='block_1_56' title="bbox 1885 2813 3478 2886">
    <p class='ocr_par' dir='ltr' id='par_1_56' title="bbox 1885 2813 3478 2886">
     <span class='ocr_line' id='line_1_56' title="bbox 1885 2813 3478 2886; baseline 0.006 -19"><span class='ocrx_word' id='word_1_457' title='bbox 1885 2821 1993 2868; x_wconf 91' lang='lat' dir='ltr'><strong>tur.</strong></span> <span class='ocrx_word' id='word_1_458' title='bbox 2018 2813 2324 2870; x_wconf 89' lang='lat' dir='ltr'><strong>Imitatione</strong></span> <span class='ocrx_word' id='word_1_459' title='bbox 2346 2817 2517 2883; x_wconf 90' lang='lat' dir='ltr'><strong>enim,</strong></span> <span class='ocrx_word' id='word_1_460' title='bbox 2541 2833 2650 2872; x_wconf 90' lang='lat' dir='ltr'><strong>non</strong></span> <span class='ocrx_word' id='word_1_461' title='bbox 2677 2825 2896 2884; x_wconf 92' lang='lat' dir='ltr'><strong>natura,</strong></span> <span class='ocrx_word' id='word_1_462' title='bbox 2925 2819 3022 2875; x_wconf 85' lang='lat' dir='ltr'><strong>ﬁlii</strong></span> <span class='ocrx_word' id='word_1_463' title='bbox 3045 2817 3140 2875; x_wconf 85' lang='lat' dir='ltr'><strong>Dei</strong></span> <span class='ocrx_word' id='word_1_464' title='bbox 3171 2836 3376 2886; x_wconf 88' lang='lat' dir='ltr'><strong>sumus,</strong></span> <span class='ocrx_word' id='word_1_465' title='bbox 3405 2823 3478 2877; x_wconf 90' lang='lat' dir='ltr'><strong>si-</strong></span> 
     </span>
    </p>
   </div>
   <div class='ocr_carea' id='block_1_57' title="bbox 1887 2905 3482 2982">
    <p class='ocr_par' dir='ltr' id='par_1_57' title="bbox 1887 2905 3482 2982">
     <span class='ocr_line' id='line_1_57' title="bbox 1887 2905 3482 2982; baseline 0.006 -23"><span class='ocrx_word' id='word_1_466' title='bbox 1887 2913 1979 2960; x_wconf 91' lang='lat' dir='ltr'><strong>cut</strong></span> <span class='ocrx_word' id='word_1_467' title='bbox 1999 2906 2078 2960; x_wconf 89' lang='lat' dir='ltr'><strong>ait</strong></span> <span class='ocrx_word' id='word_1_468' title='bbox 2101 2905 2354 2963; x_wconf 87' lang='lat' dir='ltr'><strong>Salvator</strong></span> <span class='ocrx_word' id='word_1_469' title='bbox 2377 2924 2390 2962; x_wconf 91' lang='lat'><strong>:</strong></span> <span class='ocrx_word' id='word_1_470' title='bbox 2414 2906 2482 2962; x_wconf 91' lang='lat' dir='ltr'><strong>Ut</strong></span> <span class='ocrx_word' id='word_1_471' title='bbox 2510 2908 2626 2964; x_wconf 84' lang='lat' dir='ltr'><strong>sitis</strong></span> <span class='ocrx_word' id='word_1_472' title='bbox 2653 2908 2754 2980; x_wconf 79' lang='lat' dir='ltr'><strong>ﬁlii</strong></span> <span class='ocrx_word' id='word_1_473' title='bbox 2777 2910 2961 2966; x_wconf 83' lang='lat' dir='ltr'><strong>Patris</strong></span> <span class='ocrx_word' id='word_1_474' title='bbox 2984 2912 3159 2978; x_wconf 89' lang='lat' dir='ltr'><strong>vestri,</strong></span> <span class='ocrx_word' id='word_1_475' title='bbox 3186 2913 3276 2982; x_wconf 86' lang='lat' dir='ltr'><strong>qui</strong></span> <span class='ocrx_word' id='word_1_476' title='bbox 3303 2913 3358 2968; x_wconf 87' lang='lat' dir='ltr'><strong>in</strong></span> <span class='ocrx_word' id='word_1_477' title='bbox 3382 2929 3482 2968; x_wconf 68' lang='lat' dir='ltr'><strong>cm-</strong></span> 
     </span>
    </p>
   </div>
   <div class='ocr_carea' id='block_1_58' title="bbox 1889 2997 2864 3072">
    <p class='ocr_par' dir='ltr' id='par_1_58' title="bbox 1889 2997 2864 3072">
     <span class='ocr_line' id='line_1_58' title="bbox 1889 2997 2864 3072; baseline -0.001 -19"><span class='ocrx_word' id='word_1_478' title='bbox 1889 2998 1953 3054; x_wconf 88' lang='lat' dir='ltr'><strong>lis</strong></span> <span class='ocrx_word' id='word_1_479' title='bbox 1996 3009 2071 3055; x_wconf 89' lang='lat' dir='ltr'><strong>est</strong></span> <span class='ocrx_word' id='word_1_480' title='bbox 2097 2999 2317 3072; x_wconf 81' lang='lat' dir='ltr'><strong>(Matth.</strong></span> <span class='ocrx_word' id='word_1_481' title='bbox 2354 2997 2439 3070; x_wconf 79' lang='lat' dir='ltr'><strong>v).</strong></span> <span class='ocrx_word' id='word_1_482' title='bbox 2853 3039 2864 3052; x_wconf 54' lang='grc' dir='ltr'><strong>η</strong></span> 
     </span>
    </p>
   </div>
   <div class='ocr_carea' id='block_1_59' title="bbox 2486 3094 2879 3154">
    <p class='ocr_par' dir='ltr' id='par_1_59' title="bbox 2486 3094 2879 3154">
     <span class='ocr_line' id='line_1_59' title="bbox 2486 3094 2879 3154; baseline 0 -2"><span class='ocrx_word' id='word_1_483' title='bbox 2486 3094 2715 3154; x_wconf 82' lang='lat' dir='ltr'><strong>CAPUT</strong></span> <span class='ocrx_word' id='word_1_484' title='bbox 2747 3094 2879 3153; x_wconf 90' lang='lat' dir='ltr'><strong>LIII.</strong></span> 
     </span>
    </p>
   </div>
   <div class='ocr_carea' id='block_1_60' title="bbox 2573 3185 2807 3258">
    <p class='ocr_par' dir='ltr' id='par_1_60' title="bbox 2573 3185 2807 3258">
     <span class='ocr_line' id='line_1_60' title="bbox 2573 3185 2807 3258; baseline 0 -16"><span class='ocrx_word' id='word_1_485' title='bbox 2573 3185 2656 3243; x_wconf 87' lang='lat' dir='ltr'><strong>De</strong></span> <span class='ocrx_word' id='word_1_486' title='bbox 2697 3203 2807 3258; x_wconf 86' lang='lat' dir='ltr'><strong>spe.</strong></span> 
     </span>
    </p>
   </div>
   <div class='ocr_carea' id='block_1_61' title="bbox 1964 3297 3481 3373">
    <p class='ocr_par' dir='ltr' id='par_1_61' title="bbox 1964 3297 3481 3373">
     <span class='ocr_line' id='line_1_61' title="bbox 1964 3297 3481 3373; baseline 0.006 -21"><span class='ocrx_word' id='word_1_487' title='bbox 1964 3297 2041 3354; x_wconf 91' lang='lat' dir='ltr'><strong>De</strong></span> <span class='ocrx_word' id='word_1_488' title='bbox 2065 3298 2169 3354; x_wconf 90' lang='lat' dir='ltr'><strong>hoc</strong></span> <span class='ocrx_word' id='word_1_489' title='bbox 2195 3299 2310 3371; x_wconf 90' lang='lat' dir='ltr'><strong>spei</strong></span> <span class='ocrx_word' id='word_1_490' title='bbox 2351 3299 2588 3370; x_wconf 87' lang='lat' dir='ltr'><strong>capitqu</strong></span> <span class='ocrx_word' id='word_1_491' title='bbox 2609 3300 2690 3356; x_wconf 89' lang='lat' dir='ltr'><strong>sic</strong></span> <span class='ocrx_word' id='word_1_492' title='bbox 2710 3309 2768 3357; x_wconf 90' lang='lat' dir='ltr'><strong>et</strong></span> <span class='ocrx_word' id='word_1_493' title='bbox 2811 3303 3091 3373; x_wconf 89' lang='lat' dir='ltr'><strong>apostolus</strong></span> <span class='ocrx_word' id='word_1_494' title='bbox 3123 3302 3324 3361; x_wconf 90' lang='lat' dir='ltr'><strong>Paulus</strong></span> <span class='ocrx_word' id='word_1_495' title='bbox 3359 3306 3438 3361; x_wconf 90' lang='lat' dir='ltr'><strong>ait</strong></span> <span class='ocrx_word' id='word_1_496' title='bbox 3468 3324 3481 3361; x_wconf 90' lang='lat'><strong>:</strong></span> 
     </span>
    </p>
   </div>
   <div class='ocr_carea' id='block_1_62' title="bbox 203 3345 3482 3461">
    <p class='ocr_par' dir='ltr' id='par_1_62' title="bbox 203 3345 3482 3461">
     <span class='ocr_line' id='line_1_62' title="bbox 203 3345 3482 3461; baseline 0.001 -16"><span class='ocrx_word' id='word_1_497' title='bbox 203 3374 482 3429; x_wconf 65' lang='lat' dir='ltr'><strong>abund‘ms</strong></span> <span class='ocrx_word' id='word_1_498' title='bbox 504 3382 588 3429; x_wconf 64' lang='grc' dir='ltr'><strong>εει</strong></span> <span class='ocrx_word' id='word_1_499' title='bbox 608 3373 804 3445; x_wconf 58' lang='lat' dir='ltr'><strong>gratia,</strong></span> <span class='ocrx_word' id='word_1_500' title='bbox 833 3389 956 3444; x_wconf 71' lang='grc' dir='ltr'><strong>(ιιιεε</strong></span> <span class='ocrx_word' id='word_1_501' title='bbox 975 3388 1082 3428; x_wconf 74' lang='grc' dir='ltr'><strong>ηοη</strong></span> <span class='ocrx_word' id='word_1_502' title='bbox 1104 3373 1280 3428; x_wconf 68' lang='grc' dir='ltr'><strong>εοιυῐη</strong></span> <span class='ocrx_word' id='word_1_503' title='bbox 1303 3380 1526 3442; x_wconf 59' lang='lat' dir='ltr'><strong>P900ata</strong></span> <span class='ocrx_word' id='word_1_504' title='bbox 1547 3371 1788 3438; x_wconf 66' lang='grc' dir='ltr'><strong>(Ῐοηθνίιν</strong></span> <span class='ocrx_word' id='word_1_505' title='bbox 1817 3345 1863 3410; x_wconf 76' lang='lat' dir='ltr'>C</span> <span class='ocrx_word' id='word_1_506' title='bbox 1895 3387 1992 3443; x_wconf 86' lang='lat' dir='ltr'><strong>Est</strong></span> <span class='ocrx_word' id='word_1_507' title='bbox 2015 3399 2191 3444; x_wconf 88' lang='lat' dir='ltr'><strong>autem</strong></span> <span class='ocrx_word' id='word_1_508' title='bbox 2223 3345 2359 3458; x_wconf 40' lang='lat' dir='ltr'><strong>ﬁdes</strong></span> <span class='ocrx_word' id='word_1_509' title='bbox 2397 3345 2779 3460; x_wconf 57' lang='lat' dir='ltr'><strong>sperandarum</strong></span> <span class='ocrx_word' id='word_1_510' title='bbox 2819 3345 3117 3448; x_wconf 52' lang='lat' dir='ltr'><strong>sftbstantia</strong></span> <span class='ocrx_word' id='word_1_511' title='bbox 3161 3412 3360 3461; x_wconf 85' lang='lat' dir='ltr'><strong>rerum,</strong></span> <span class='ocrx_word' id='word_1_512' title='bbox 3389 3413 3482 3450; x_wconf 88' lang='lat' dir='ltr'><strong>ar-</strong></span> 
     </span>
    </p>
   </div>
   <div class='ocr_carea' id='block_1_63' title="bbox 203 3466 3486 3558">
    <p class='ocr_par' dir='ltr' id='par_1_63' title="bbox 203 3466 3486 3558">
     <span class='ocr_line' id='line_1_63' title="bbox 203 3466 3486 3558; baseline -0.001 -35"><span class='ocrx_word' id='word_1_513' title='bbox 203 3468 297 3524; x_wconf 89' lang='lat' dir='ltr'><strong>sed</strong></span> <span class='ocrx_word' id='word_1_514' title='bbox 322 3469 486 3525; x_wconf 89' lang='lat' dir='ltr'><strong>etiam</strong></span> <span class='ocrx_word' id='word_1_515' title='bbox 523 3483 647 3523; x_wconf 91' lang='lat' dir='ltr'><strong>cum</strong></span> <span class='ocrx_word' id='word_1_516' title='bbox 687 3467 904 3523; x_wconf 89' lang='lat' dir='ltr'><strong>Christo</strong></span> <span class='ocrx_word' id='word_1_517' title='bbox 941 3483 1041 3524; x_wconf 90' lang='lat' dir='ltr'><strong>nos</strong></span> <span class='ocrx_word' id='word_1_518' title='bbox 1073 3467 1422 3523; x_wconf 87' lang='lat' dir='ltr'><strong>resuscitatos</strong></span> <span class='ocrx_word' id='word_1_519' title='bbox 1468 3466 1524 3521; x_wconf 90' lang='lat' dir='ltr'><strong>in</strong></span> <span class='ocrx_word' id='word_1_520' title='bbox 1571 3469 1794 3558; x_wconf 64' lang='lat' dir='ltr'><strong>dextera</strong></span> <span class='ocrx_word' id='word_1_521' title='bbox 1893 3489 2199 3552; x_wconf 68' lang='lat' dir='ltr'><strong>gummum</strong></span> <span class='ocrx_word' id='word_1_522' title='bbox 2225 3497 2330 3536; x_wconf 79' lang='grc' dir='ltr'><strong>ηοη</strong></span> <span class='ocrx_word' id='word_1_523' title='bbox 2356 3484 2721 3553; x_wconf 52' lang='lat' dir='ltr'><strong>apparentia&quot;.</strong></span> <span class='ocrx_word' id='word_1_524' title='bbox 2769 3482 2956 3556; x_wconf 50' lang='lat' dir='ltr'><strong>(Hebr.</strong></span> <span class='ocrx_word' id='word_1_525' title='bbox 2984 3485 3085 3557; x_wconf 61' lang='grc' dir='ltr'><strong>χι).</strong></span> <span class='ocrx_word' id='word_1_526' title='bbox 3136 3485 3320 3558; x_wconf 61' lang='lat' dir='ltr'><strong><em>Neque</em></strong></span> <span class='ocrx_word' id='word_1_527' title='bbox 3345 3489 3486 3543; x_wconf 55' lang='lat' dir='ltr'><strong>enim</strong></span> 
     </span>
    </p>
   </div>
   <div class='ocr_carea' id='block_1_64' title="bbox 201 3554 3492 3652">
    <p class='ocr_par' dir='ltr' id='par_1_64' title="bbox 201 3554 3492 3652">
     <span class='ocr_line' id='line_1_64' title="bbox 201 3554 3492 3652; baseline 0.004 -31"><span class='ocrx_word' id='word_1_528' title='bbox 201 3557 648 3652; x_wconf 34' lang='lat' dir='ltr'><strong>pfiﬁollocavlt-</strong></span> <span class='ocrx_word' id='word_1_529' title='bbox 695 3558 843 3613; x_wconf 70' lang='grc' dir='ltr'><strong>θίκίῑ</strong></span> <span class='ocrx_word' id='word_1_530' title='bbox 874 3559 1090 3652; x_wconf 51' lang='lat' dir='ltr'><strong>(lpidam</strong></span> <span class='ocrx_word' id='word_1_531' title='bbox 1120 3558 1375 3652; x_wconf 56' lang='grc' dir='ltr'><strong>θξίξβορο</strong></span> <span class='ocrx_word' id='word_1_532' title='bbox 1409 3556 1668 3652; x_wconf 63' lang='grc' dir='ltr'><strong>θηεειιιεξ</strong></span> <span class='ocrx_word' id='word_1_533' title='bbox 1707 3554 1795 3652; x_wconf 52' lang='lat' dir='ltr'><strong>Si?</strong></span> <span class='ocrx_word' id='word_1_534' title='bbox 1894 3571 2034 3643; x_wconf 88' lang='lat' dir='ltr'><strong>quod</strong></span> <span class='ocrx_word' id='word_1_535' title='bbox 2072 3572 2226 3638; x_wconf 88' lang='lat' dir='ltr'><strong>videt,</strong></span> <span class='ocrx_word' id='word_1_536' title='bbox 2269 3575 2387 3647; x_wconf 87' lang='lat' dir='ltr'><strong>quis</strong></span> <span class='ocrx_word' id='word_1_537' title='bbox 2425 3585 2624 3646; x_wconf 87' lang='lat' dir='ltr'><strong>sperat,</strong></span> <span class='ocrx_word' id='word_1_538' title='bbox 2671 3554 2928 3649; x_wconf 80' lang='lat' dir='ltr'><strong>sedquod</strong></span> <span class='ocrx_word' id='word_1_539' title='bbox 2963 3554 3066 3633; x_wconf 80' lang='lat' dir='ltr'><strong>non</strong></span> <span class='ocrx_word' id='word_1_540' title='bbox 3095 3554 3352 3647; x_wconf 82' lang='lat' dir='ltr'><strong>videmus,</strong></span> <span class='ocrx_word' id='word_1_541' title='bbox 3398 3596 3492 3652; x_wconf 86' lang='lat' dir='ltr'><strong>per</strong></span> 
     </span>
    </p>
   </div>
   <div class='ocr_carea' id='block_1_65' title="bbox 201 3648 3492 3742">
    <p class='ocr_par' dir='ltr' id='par_1_65' title="bbox 201 3648 3492 3742">
     <span class='ocr_line' id='line_1_65' title="bbox 201 3648 3492 3742; baseline 0.007 -35"><span class='ocrx_word' id='word_1_542' title='bbox 201 3649 386 3742; x_wconf 72' lang='lat' dir='ltr'><strong>dilexit</strong></span> <span class='ocrx_word' id='word_1_543' title='bbox 413 3649 553 3704; x_wconf 80' lang='lat' dir='ltr'><strong>Deus</strong></span> <span class='ocrx_word' id='word_1_544' title='bbox 581 3650 1023 3742; x_wconf 50' lang='grc' dir='ltr'><strong>Ιιαησίιιαηάιιηξ,</strong></span> <span class='ocrx_word' id='word_1_545' title='bbox 1066 3648 1348 3742; x_wconf 57' lang='lat' dir='ltr'><strong>&quot;filium</strong></span> <span class='ocrx_word' id='word_1_546' title='bbox 1384 3666 1538 3704; x_wconf 59' lang='lat' dir='ltr'><strong>“tum</strong></span> <span class='ocrx_word' id='word_1_547' title='bbox 1564 3649 1797 3742; x_wconf 53' lang='grc' dir='ltr'><strong>νηξθεζιίξ</strong></span> <span class='ocrx_word' id='word_1_548' title='bbox 1895 3665 2204 3734; x_wconf 86' lang='lat' dir='ltr'><strong>patientiam</strong></span> <span class='ocrx_word' id='word_1_549' title='bbox 2230 3676 2590 3737; x_wconf 76' lang='lat' dir='ltr'><strong>exspectamus</strong></span> <span class='ocrx_word' id='word_1_550' title='bbox 2619 3648 2968 3742; x_wconf 87' lang='lat' dir='ltr'><strong>(Rom.v111).</strong></span> <span class='ocrx_word' id='word_1_551' title='bbox 3011 3670 3149 3742; x_wconf 90' lang='lat' dir='ltr'><strong>Spes</strong></span> <span class='ocrx_word' id='word_1_552' title='bbox 3193 3681 3277 3729; x_wconf 90' lang='lat' dir='ltr'><strong>est</strong></span> <span class='ocrx_word' id='word_1_553' title='bbox 3320 3648 3492 3728; x_wconf 84' lang='lat' dir='ltr'><strong>bono—</strong></span> 
     </span>
    </p>
   </div>
   <div class='ocr_carea' id='block_1_66' title="bbox 202 3739 1784 3836">
    <p class='ocr_par' dir='ltr' id='par_1_66' title="bbox 202 3739 1784 3813">
     <span class='ocr_line' id='line_1_66' title="bbox 202 3739 1784 3813; baseline 0.001 -20"><span class='ocrx_word' id='word_1_554' title='bbox 202 3747 317 3794; x_wconf 88' lang='lat' dir='ltr'><strong>tum</strong></span> <span class='ocrx_word' id='word_1_555' title='bbox 344 3739 496 3795; x_wconf 86' lang='lat' dir='ltr'><strong>daret</strong></span> <span class='ocrx_word' id='word_1_556' title='bbox 517 3757 686 3811; x_wconf 79' lang='lat' dir='ltr'><strong>proco</strong></span> <span class='ocrx_word' id='word_1_557' title='bbox 713 3739 895 3812; x_wconf 85' lang='lat' dir='ltr'><strong>(Joan.</strong></span> <span class='ocrx_word' id='word_1_558' title='bbox 930 3740 1036 3812; x_wconf 88' lang='grc' dir='ltr'><strong>ιιι).</strong></span> <span class='ocrx_word' id='word_1_559' title='bbox 1095 3740 1197 3809; x_wconf 88' lang='lat' dir='ltr'><strong>Qui</strong></span> <span class='ocrx_word' id='word_1_560' title='bbox 1242 3741 1408 3813; x_wconf 88' lang='lat' dir='ltr'><strong>igitur</strong></span> <span class='ocrx_word' id='word_1_561' title='bbox 1441 3757 1565 3796; x_wconf 90' lang='lat' dir='ltr'><strong>cum</strong></span> <span class='ocrx_word' id='word_1_562' title='bbox 1590 3740 1784 3796; x_wconf 84' lang='lat' dir='ltr'><strong>inimici</strong></span> 
     </span>
    </p>
   </div>
   <div class='ocr_carea' id='block_1_67' title="bbox 1891 3739 3494 3836">
    <p class='ocr_par' dir='ltr' id='par_1_67' title="bbox 1899 3739 3494 3836">
     <span class='ocr_line' id='line_1_67' title="bbox 1899 3739 3494 3836; baseline 0.006 -24"><span class='ocrx_word' id='word_1_563' title='bbox 1899 3774 2018 3814; x_wconf 90' lang='lat' dir='ltr'><strong>rum</strong></span> <span class='ocrx_word' id='word_1_564' title='bbox 2043 3760 2378 3829; x_wconf 88' lang='lat' dir='ltr'><strong>exspectatio</strong></span> <span class='ocrx_word' id='word_1_565' title='bbox 2415 3759 2744 3829; x_wconf 89' lang='lat' dir='ltr'><strong>futurorum,</strong></span> <span class='ocrx_word' id='word_1_566' title='bbox 2776 3779 2898 3834; x_wconf 65' lang='lat' dir='ltr'><strong>quae</strong></span> <span class='ocrx_word' id='word_1_567' title='bbox 2925 3739 3186 3836; x_wconf 72' lang='lat' dir='ltr'><strong>exprimit</strong></span> <span class='ocrx_word' id='word_1_568' title='bbox 3216 3767 3494 3822; x_wconf 89' lang='lat' dir='ltr'><strong>humilita-</strong></span> 
     </span>
    </p>
   </div>
   <div class='ocr_carea' id='block_1_68' title="bbox 201 3833 1784 3929">
    <p class='ocr_par' dir='ltr' id='par_1_68' title="bbox 201 3833 1784 3907">
     <span class='ocr_line' id='line_1_68' title="bbox 201 3833 1784 3907; baseline 0.001 -19"><span class='ocrx_word' id='word_1_569' title='bbox 201 3843 388 3889; x_wconf 89' lang='lat' dir='ltr'><strong>esscnt</strong></span> <span class='ocrx_word' id='word_1_570' title='bbox 408 3833 679 3900; x_wconf 89' lang='lat' dir='ltr'><strong>homines,</strong></span> <span class='ocrx_word' id='word_1_571' title='bbox 704 3833 844 3888; x_wconf 90' lang='lat' dir='ltr'><strong>mori</strong></span> <span class='ocrx_word' id='word_1_572' title='bbox 873 3850 970 3904; x_wconf 90' lang='lat' dir='ltr'><strong>pro</strong></span> <span class='ocrx_word' id='word_1_573' title='bbox 992 3835 1122 3906; x_wconf 93' lang='lat' dir='ltr'><strong>ipsis</strong></span> <span class='ocrx_word' id='word_1_574' title='bbox 1146 3833 1329 3907; x_wconf 86' lang='lat' dir='ltr'><strong>elegit,</strong></span> <span class='ocrx_word' id='word_1_575' title='bbox 1354 3851 1460 3890; x_wconf 89' lang='lat' dir='ltr'><strong>non</strong></span> <span class='ocrx_word' id='word_1_576' title='bbox 1484 3834 1656 3892; x_wconf 89' lang='lat' dir='ltr'><strong>multo</strong></span> <span class='ocrx_word' id='word_1_577' title='bbox 1676 3849 1784 3890; x_wconf 88' lang='lat' dir='ltr'><strong>ma-</strong></span> 
     </span>
    </p>
   </div>
   <div class='ocr_carea' id='block_1_69' title="bbox 1891 3833 3486 3929">
    <p class='ocr_par' dir='ltr' id='par_1_69' title="bbox 1898 3833 3486 3929">
     <span class='ocr_line' id='line_1_69' title="bbox 1898 3833 3486 3929; baseline 0.005 -22"><span class='ocrx_word' id='word_1_578' title='bbox 1898 3851 1970 3907; x_wconf 85' lang='lat' dir='ltr'><strong>tis</strong></span> <span class='ocrx_word' id='word_1_579' title='bbox 1999 3851 2271 3918; x_wconf 79' lang='lat' dir='ltr'><strong>aﬂ‘ectum,</strong></span> <span class='ocrx_word' id='word_1_580' title='bbox 2300 3859 2356 3908; x_wconf 90' lang='lat' dir='ltr'><strong>et</strong></span> <span class='ocrx_word' id='word_1_581' title='bbox 2383 3852 2585 3910; x_wconf 77' lang='lat' dir='ltr'><strong>sedula:</strong></span> <span class='ocrx_word' id='word_1_582' title='bbox 2635 3833 2916 3912; x_wconf 88' lang='lat' dir='ltr'><strong>servitutis</strong></span> <span class='ocrx_word' id='word_1_583' title='bbox 2953 3833 3300 3928; x_wconf 77' lang='lat' dir='ltr'><strong>obsequium.</strong></span> <span class='ocrx_word' id='word_1_584' title='bbox 3349 3857 3486 3929; x_wconf 90' lang='lat' dir='ltr'><strong>Spes</strong></span> 
     </span>
    </p>
   </div>
   <div class='ocr_carea' id='block_1_70' title="bbox 202 3925 3495 4021">
    <p class='ocr_par' dir='ltr' id='par_1_70' title="bbox 202 3925 3495 4021">
     <span class='ocr_line' id='line_1_70' title="bbox 202 3925 3495 4021; baseline 0.003 -23"><span class='ocrx_word' id='word_1_585' title='bbox 202 3927 290 3998; x_wconf 71' lang='lat' dir='ltr'><strong>Bis</strong></span> <span class='ocrx_word' id='word_1_586' title='bbox 318 3927 643 4021; x_wconf 60' lang='lat' dir='ltr'><strong>dOIPCSliCOS</strong></span> <span class='ocrx_word' id='word_1_587' title='bbox 676 3925 898 3983; x_wconf 69' lang='grc' dir='ltr'><strong>θίῖθεῐοε</strong></span> <span class='ocrx_word' id='word_1_588' title='bbox 920 3942 1037 4021; x_wconf 63' lang='grc' dir='ltr'><strong>είξεν</strong></span> <span class='ocrx_word' id='word_1_589' title='bbox 1074 3936 1130 4021; x_wconf 52' lang='grc' dir='ltr'><strong>εει</strong></span> <span class='ocrx_word' id='word_1_590' title='bbox 1161 3927 1538 4021; x_wconf 58' lang='grc' dir='ltr'><strong>Ροεηίῑθηῑίθπι</strong></span> <span class='ocrx_word' id='word_1_591' title='bbox 1576 3936 1800 3999; x_wconf 63' lang='grc' dir='ltr'><strong>δεθηιεε</strong></span> <span class='ocrx_word' id='word_1_592' title='bbox 1900 3951 2081 3999; x_wconf 89' lang='lat' dir='ltr'><strong>autem</strong></span> <span class='ocrx_word' id='word_1_593' title='bbox 2139 3953 2357 4010; x_wconf 88' lang='lat' dir='ltr'><strong>vocata,</strong></span> <span class='ocrx_word' id='word_1_594' title='bbox 2406 3944 2554 4015; x_wconf 85' lang='lat' dir='ltr'><strong>quod</strong></span> <span class='ocrx_word' id='word_1_595' title='bbox 2600 3946 2672 4001; x_wconf 90' lang='lat' dir='ltr'><strong>sit</strong></span> <span class='ocrx_word' id='word_1_596' title='bbox 2718 3963 2816 4018; x_wconf 91' lang='lat' dir='ltr'><strong>pes</strong></span> <span class='ocrx_word' id='word_1_597' title='bbox 2864 3925 3289 4020; x_wconf 86' lang='lat' dir='ltr'><strong>progrediendi,</strong></span> <span class='ocrx_word' id='word_1_598' title='bbox 3337 3925 3495 4021; x_wconf 81' lang='lat' dir='ltr'><strong>quasi</strong></span> 
     </span>
    </p>
   </div>
   <div class='ocr_carea' id='block_1_71' title="bbox 202 4017 1784 4113">
    <p class='ocr_par' dir='ltr' id='par_1_71' title="bbox 202 4017 1784 4089">
     <span class='ocr_line' id='line_1_71' title="bbox 202 4017 1784 4089; baseline -0.001 -15"><span class='ocrx_word' id='word_1_599' title='bbox 202 4033 371 4088; x_wconf 86' lang='lat' dir='ltr'><strong>super</strong></span> <span class='ocrx_word' id='word_1_600' title='bbox 398 4018 466 4075; x_wconf 88' lang='lat' dir='ltr'><strong>iis</strong></span> <span class='ocrx_word' id='word_1_601' title='bbox 487 4034 607 4088; x_wconf 65' lang='lat' dir='ltr'><strong>quae</strong></span> <span class='ocrx_word' id='word_1_602' title='bbox 633 4026 915 4089; x_wconf 85' lang='lat' dir='ltr'><strong>gesserant</strong></span> <span class='ocrx_word' id='word_1_603' title='bbox 942 4017 1187 4074; x_wconf 87' lang='lat' dir='ltr'><strong>absolvet</strong></span> <span class='ocrx_word' id='word_1_604' title='bbox 1205 4033 1236 4072; x_wconf 90' lang='lat' dir='ltr'><strong>a</strong></span> <span class='ocrx_word' id='word_1_605' title='bbox 1261 4019 1459 4088; x_wconf 67' lang='lat' dir='ltr'><strong>poenis,</strong></span> <span class='ocrx_word' id='word_1_606' title='bbox 1494 4025 1551 4073; x_wconf 90' lang='lat' dir='ltr'><strong>et</strong></span> <span class='ocrx_word' id='word_1_607' title='bbox 1576 4027 1784 4088; x_wconf 65' lang='lat' dir='ltr'><strong>praesta-</strong></span> 
     </span>
    </p>
   </div>
   <div class='ocr_carea' id='block_1_72' title="bbox 1891 4017 3492 4113">
    <p class='ocr_par' dir='ltr' id='par_1_72' title="bbox 1900 4017 3492 4113">
     <span class='ocr_line' id='line_1_72' title="bbox 1900 4017 3492 4113; baseline 0.006 -24"><span class='ocrx_word' id='word_1_608' title='bbox 1900 4035 2046 4090; x_wconf 88' lang='lat' dir='ltr'><strong>enim</strong></span> <span class='ocrx_word' id='word_1_609' title='bbox 2085 4044 2169 4091; x_wconf 91' lang='lat' dir='ltr'><strong>est</strong></span> <span class='ocrx_word' id='word_1_610' title='bbox 2194 4051 2310 4105; x_wconf 89' lang='lat' dir='ltr'><strong>pes.</strong></span> <span class='ocrx_word' id='word_1_611' title='bbox 2353 4035 2509 4092; x_wconf 90' lang='lat' dir='ltr'><strong>Unde</strong></span> <span class='ocrx_word' id='word_1_612' title='bbox 2542 4051 2574 4091; x_wconf 93' lang='lat' dir='ltr'><strong>c</strong></span> <span class='ocrx_word' id='word_1_613' title='bbox 2616 4017 2892 4094; x_wconf 71' lang='lat' dir='ltr'><strong>contrario</strong></span> <span class='ocrx_word' id='word_1_614' title='bbox 2928 4017 3128 4096; x_wconf 81' lang='lat' dir='ltr'><strong>dicitur</strong></span> <span class='ocrx_word' id='word_1_615' title='bbox 3157 4017 3492 4113; x_wconf 71' lang='lat' dir='ltr'><strong>desperatio,</strong></span> 
     </span>
    </p>
   </div>
   <div class='ocr_carea' id='block_1_73' title="bbox 201 4107 1800 4182">
    <p class='ocr_par' dir='ltr' id='par_1_73' title="bbox 201 4107 1800 4182">
     <span class='ocr_line' id='line_1_73' title="bbox 201 4107 1800 4182; baseline 0 -17"><span class='ocrx_word' id='word_1_616' title='bbox 201 4110 288 4165; x_wconf 92' lang='lat' dir='ltr'><strong>bit</strong></span> <span class='ocrx_word' id='word_1_617' title='bbox 314 4109 381 4164; x_wconf 92' lang='lat' dir='ltr'><strong>iis</strong></span> <span class='ocrx_word' id='word_1_618' title='bbox 401 4107 544 4182; x_wconf 74' lang='lat' dir='ltr'><strong>(qua:</strong></span> <span class='ocrx_word' id='word_1_619' title='bbox 567 4111 636 4164; x_wconf 91' lang='lat' dir='ltr'><strong>ab</strong></span> <span class='ocrx_word' id='word_1_620' title='bbox 664 4110 780 4181; x_wconf 92' lang='lat' dir='ltr'><strong>ipso</strong></span> <span class='ocrx_word' id='word_1_621' title='bbox 804 4117 1102 4180; x_wconf 67' lang='lat' dir='ltr'><strong>prmparata</strong></span> <span class='ocrx_word' id='word_1_622' title='bbox 1126 4108 1271 4181; x_wconf 91' lang='lat' dir='ltr'><strong>sunt)</strong></span> <span class='ocrx_word' id='word_1_623' title='bbox 1298 4110 1485 4165; x_wconf 83' lang='lat' dir='ltr'><strong>bona?</strong></span> <span class='ocrx_word' id='word_1_624' title='bbox 1529 4109 1644 4165; x_wconf 87' lang='lat' dir='ltr'><strong>Hoc</strong></span> <span class='ocrx_word' id='word_1_625' title='bbox 1671 4125 1800 4182; x_wconf 89' lang='lat' dir='ltr'><strong>ergo</strong></span> 
     </span>
    </p>
   </div>
   <div class='ocr_carea' id='block_1_74' title="bbox 203 4202 1799 4273">
    <p class='ocr_par' dir='ltr' id='par_1_74' title="bbox 203 4202 1799 4273">
     <span class='ocr_line' id='line_1_74' title="bbox 203 4202 1799 4273; baseline -0.002 -14"><span class='ocrx_word' id='word_1_626' title='bbox 203 4204 348 4260; x_wconf 84' lang='lat' dir='ltr'><strong>scito</strong></span> <span class='ocrx_word' id='word_1_627' title='bbox 367 4203 494 4273; x_wconf 90' lang='lat' dir='ltr'><strong>quia</strong></span> <span class='ocrx_word' id='word_1_628' title='bbox 517 4203 665 4258; x_wconf 91' lang='lat' dir='ltr'><strong>nulla</strong></span> <span class='ocrx_word' id='word_1_629' title='bbox 691 4203 888 4259; x_wconf 90' lang='lat' dir='ltr'><strong>delicta</strong></span> <span class='ocrx_word' id='word_1_630' title='bbox 908 4204 1188 4258; x_wconf 88' lang='lat' dir='ltr'><strong>hominum</strong></span> <span class='ocrx_word' id='word_1_631' title='bbox 1207 4203 1431 4258; x_wconf 88' lang='lat' dir='ltr'><strong>vincunt</strong></span> <span class='ocrx_word' id='word_1_632' title='bbox 1453 4202 1799 4258; x_wconf 90' lang='lat' dir='ltr'><strong>clementiam</strong></span> 
     </span>
    </p>
   </div>
   <div class='ocr_carea' id='block_1_75' title="bbox 203 4295 1804 4368">
    <p class='ocr_par' dir='ltr' id='par_1_75' title="bbox 203 4295 1804 4368">
     <span class='ocr_line' id='line_1_75' title="bbox 203 4295 1804 4368; baseline 0 -16"><span class='ocrx_word' id='word_1_633' title='bbox 203 4296 330 4352; x_wconf 85' lang='lat' dir='ltr'><strong>Dei.</strong></span> <span class='ocrx_word' id='word_1_634' title='bbox 384 4295 618 4352; x_wconf 83' lang='lat' dir='ltr'><strong>Tantum</strong></span> <span class='ocrx_word' id='word_1_635' title='bbox 646 4304 707 4351; x_wconf 91' lang='lat' dir='ltr'><strong>ut</strong></span> <span class='ocrx_word' id='word_1_636' title='bbox 740 4312 836 4367; x_wconf 89' lang='lat' dir='ltr'><strong>per</strong></span> <span class='ocrx_word' id='word_1_637' title='bbox 867 4297 1184 4368; x_wconf 89' lang='lat' dir='ltr'><strong>patientiam</strong></span> <span class='ocrx_word' id='word_1_638' title='bbox 1210 4311 1274 4351; x_wconf 88' lang='lat' dir='ltr'><strong>ea</strong></span> <span class='ocrx_word' id='word_1_639' title='bbox 1303 4311 1423 4367; x_wconf 71' lang='lat' dir='ltr'><strong>qua:</strong></span> <span class='ocrx_word' id='word_1_640' title='bbox 1446 4297 1657 4367; x_wconf 90' lang='lat' dir='ltr'><strong>pridem</strong></span> <span class='ocrx_word' id='word_1_641' title='bbox 1681 4310 1804 4368; x_wconf 85' lang='lat' dir='ltr'><strong>ges-</strong></span> 
     </span>
    </p>
   </div>
   <div class='ocr_carea' id='block_1_76' title="bbox 1901 4129 3494 4204">
    <p class='ocr_par' dir='ltr' id='par_1_76' title="bbox 1901 4129 3494 4204">
     <span class='ocr_line' id='line_1_76' title="bbox 1901 4129 3494 4204; baseline 0.004 -20"><span class='ocrx_word' id='word_1_642' title='bbox 1901 4129 1990 4184; x_wconf 89' lang='lat' dir='ltr'><strong>cui</strong></span> <span class='ocrx_word' id='word_1_643' title='bbox 2014 4129 2160 4184; x_wconf 86' lang='lat' dir='ltr'><strong>nulla</strong></span> <span class='ocrx_word' id='word_1_644' title='bbox 2189 4138 2275 4185; x_wconf 91' lang='lat' dir='ltr'><strong>est</strong></span> <span class='ocrx_word' id='word_1_645' title='bbox 2301 4131 2682 4202; x_wconf 90' lang='lat' dir='ltr'><strong>progrediendi</strong></span> <span class='ocrx_word' id='word_1_646' title='bbox 2710 4131 2981 4187; x_wconf 88' lang='lat' dir='ltr'><strong>facultas:</strong></span> <span class='ocrx_word' id='word_1_647' title='bbox 3009 4134 3136 4204; x_wconf 91' lang='lat' dir='ltr'><strong>quia</strong></span> <span class='ocrx_word' id='word_1_648' title='bbox 3171 4134 3298 4189; x_wconf 90' lang='lat' dir='ltr'><strong>dum</strong></span> <span class='ocrx_word' id='word_1_649' title='bbox 3342 4135 3494 4204; x_wconf 89' lang='lat' dir='ltr'><strong>quis-</strong></span> 
     </span>
    </p>
   </div>
   <div class='ocr_carea' id='block_1_77' title="bbox 1903 4222 3490 4299">
    <p class='ocr_par' dir='ltr' id='par_1_77' title="bbox 1903 4222 3490 4299">
     <span class='ocr_line' id='line_1_77' title="bbox 1903 4222 3490 4299; baseline 0.005 -25"><span class='ocrx_word' id='word_1_650' title='bbox 1903 4236 2009 4290; x_wconf 92' lang='lat' dir='ltr'><strong>que</strong></span> <span class='ocrx_word' id='word_1_651' title='bbox 2045 4229 2333 4290; x_wconf 88' lang='lat' dir='ltr'><strong>peccatum</strong></span> <span class='ocrx_word' id='word_1_652' title='bbox 2383 4231 2549 4287; x_wconf 88' lang='lat' dir='ltr'><strong>amat,</strong></span> <span class='ocrx_word' id='word_1_653' title='bbox 2596 4222 2838 4278; x_wconf 89' lang='lat' dir='ltr'><strong>futuram</strong></span> <span class='ocrx_word' id='word_1_654' title='bbox 2884 4225 3111 4296; x_wconf 88' lang='lat' dir='ltr'><strong>gloriam</strong></span> <span class='ocrx_word' id='word_1_655' title='bbox 3142 4242 3250 4283; x_wconf 93' lang='lat' dir='ltr'><strong>non</strong></span> <span class='ocrx_word' id='word_1_656' title='bbox 3285 4235 3490 4299; x_wconf 80' lang='lat' dir='ltr'><strong>sperat.</strong></span> 
     </span>
    </p>
   </div>
   <div class='ocr_carea' id='block_1_78' title="bbox 1904 4314 3493 4394">
    <p class='ocr_par' dir='ltr' id='par_1_78' title="bbox 1904 4314 3493 4394">
     <span class='ocr_line' id='line_1_78' title="bbox 1904 4314 3493 4394; baseline 0.007 -25"><span class='ocrx_word' id='word_1_657' title='bbox 1904 4314 1999 4372; x_wconf 90' lang='lat' dir='ltr'><strong>Ille</strong></span> <span class='ocrx_word' id='word_1_658' title='bbox 2034 4316 2181 4370; x_wconf 88' lang='lat' dir='ltr'><strong>enim</strong></span> <span class='ocrx_word' id='word_1_659' title='bbox 2212 4315 2538 4373; x_wconf 81' lang='lat' dir='ltr'><strong>ﬁducialiter</strong></span> <span class='ocrx_word' id='word_1_660' title='bbox 2582 4328 2882 4389; x_wconf 86' lang='lat' dir='ltr'><strong>exspectat,</strong></span> <span class='ocrx_word' id='word_1_661' title='bbox 2933 4321 3025 4394; x_wconf 92' lang='lat' dir='ltr'><strong>qui</strong></span> <span class='ocrx_word' id='word_1_662' title='bbox 3076 4321 3193 4392; x_wconf 90' lang='lat' dir='ltr'><strong>ejus</strong></span> <span class='ocrx_word' id='word_1_663' title='bbox 3239 4325 3493 4380; x_wconf 89' lang='lat' dir='ltr'><strong>mandata</strong></span> 
     </span>
    </p>
   </div>
   <div class='ocr_carea' id='block_1_79' title="bbox 205 4389 3498 4487">
    <p class='ocr_par' dir='ltr' id='par_1_79' title="bbox 205 4389 3498 4487">
     <span class='ocr_line' id='line_1_79' title="bbox 205 4389 3498 4487; baseline 0.004 -26"><span class='ocrx_word' id='word_1_664' title='bbox 205 4396 400 4487; x_wconf 36' lang='lat' dir='ltr'><strong>Sera“?</strong></span> <span class='ocrx_word' id='word_1_665' title='bbox 437 4389 594 4487; x_wconf 48' lang='lat' dir='ltr'><strong>mali:</strong></span> <span class='ocrx_word' id='word_1_666' title='bbox 616 4390 844 4487; x_wconf 50' lang='lat' dir='ltr'><strong>abluani</strong></span> <span class='ocrx_word' id='word_1_667' title='bbox 883 4391 1103 4487; x_wconf 38' lang='lat' dir='ltr'><strong>3915b“?</strong></span> <span class='ocrx_word' id='word_1_668' title='bbox 1137 4391 1316 4446; x_wconf 67' lang='grc' dir='ltr'><strong>δοηίεο</strong></span> <span class='ocrx_word' id='word_1_669' title='bbox 1359 4389 1494 4487; x_wconf 46' lang='lat' dir='ltr'><strong>cui&quot;</strong></span> <span class='ocrx_word' id='word_1_670' title='bbox 1542 4389 1696 4487; x_wconf 52' lang='grc' dir='ltr'><strong>θηίῐῐξ</strong></span> <span class='ocrx_word' id='word_1_671' title='bbox 1733 4389 1804 4445; x_wconf 60' lang='lat' dir='ltr'><strong>Sit</strong></span> <span class='ocrx_word' id='word_1_672' title='bbox 1907 4407 2141 4464; x_wconf 78' lang='lat' dir='ltr'><strong>ﬁdeliter</strong></span> <span class='ocrx_word' id='word_1_673' title='bbox 2167 4418 2369 4464; x_wconf 83' lang='lat' dir='ltr'><strong>servat.</strong></span> <span class='ocrx_word' id='word_1_674' title='bbox 2411 4410 2575 4466; x_wconf 86' lang='lat' dir='ltr'><strong>Beata</strong></span> <span class='ocrx_word' id='word_1_675' title='bbox 2606 4413 2751 4469; x_wconf 91' lang='lat' dir='ltr'><strong>enim</strong></span> <span class='ocrx_word' id='word_1_676' title='bbox 2779 4389 3048 4471; x_wconf 40' lang='lat' dir='ltr'><strong>recte—ab</strong></span> <span class='ocrx_word' id='word_1_677' title='bbox 3071 4389 3332 4487; x_wconf 47' lang='lat' dir='ltr'><strong>apostolo</strong></span> <span class='ocrx_word' id='word_1_678' title='bbox 3359 4417 3498 4474; x_wconf 90' lang='lat' dir='ltr'><strong>dici—</strong></span> 
     </span>
    </p>
   </div>
   <div class='ocr_carea' id='block_1_80' title="bbox 205 4483 3493 4572">
    <p class='ocr_par' dir='ltr' id='par_1_80' title="bbox 205 4483 3493 4572">
     <span class='ocr_line' id='line_1_80' title="bbox 205 4483 3493 4572; baseline 0.004 -18"><span class='ocrx_word' id='word_1_679' title='bbox 205 4483 528 4540; x_wconf 69' lang='grc' dir='ltr'><strong>ωίδθτίεοτε</strong></span> <span class='ocrx_word' id='word_1_680' title='bbox 563 4483 726 4550; x_wconf 59' lang='lat' dir='ltr'><strong>Deus,</strong></span> <span class='ocrx_word' id='word_1_681' title='bbox 774 4485 876 4539; x_wconf 72' lang='grc' dir='ltr'><strong>δείι</strong></span> <span class='ocrx_word' id='word_1_682' title='bbox 907 4483 1252 4540; x_wconf 55' lang='lat' dir='ltr'><strong>inﬁrmitates</strong></span> <span class='ocrx_word' id='word_1_683' title='bbox 1287 4484 1504 4555; x_wconf 66' lang='lat' dir='ltr'><strong>Generis</strong></span> <span class='ocrx_word' id='word_1_684' title='bbox 1529 4483 1720 4551; x_wconf 70' lang='grc' dir='ltr'><strong>νεδῑΐί,</strong></span> <span class='ocrx_word' id='word_1_685' title='bbox 1750 4492 1808 4540; x_wconf 72' lang='grc' dir='ltr'><strong>οἱ</strong></span> <span class='ocrx_word' id='word_1_686' title='bbox 1907 4510 1996 4556; x_wconf 88' lang='lat' dir='ltr'><strong>tur</strong></span> <span class='ocrx_word' id='word_1_687' title='bbox 2037 4517 2160 4572; x_wconf 89' lang='lat' dir='ltr'><strong>spes</strong></span> <span class='ocrx_word' id='word_1_688' title='bbox 2203 4501 2298 4558; x_wconf 92' lang='lat' dir='ltr'><strong>ubi</strong></span> <span class='ocrx_word' id='word_1_689' title='bbox 2327 4502 2424 4558; x_wconf 83' lang='lat' dir='ltr'><strong>ﬁlii</strong></span> <span class='ocrx_word' id='word_1_690' title='bbox 2473 4504 2568 4560; x_wconf 90' lang='lat' dir='ltr'><strong>Dei</strong></span> <span class='ocrx_word' id='word_1_691' title='bbox 2603 4505 2938 4562; x_wconf 84' lang='lat' dir='ltr'><strong>merebimur</strong></span> <span class='ocrx_word' id='word_1_692' title='bbox 2973 4522 3093 4563; x_wconf 89' lang='lat' dir='ltr'><strong>esse</strong></span> <span class='ocrx_word' id='word_1_693' title='bbox 3121 4483 3178 4564; x_wconf 79' lang='lat' dir='ltr'><strong>et</strong></span> <span class='ocrx_word' id='word_1_694' title='bbox 3203 4511 3447 4566; x_wconf 64' lang='lat' dir='ltr'><strong>haeredes</strong></span> <span class='ocrx_word' id='word_1_695' title='bbox 3479 4529 3493 4565; x_wconf 90' lang='lat'><strong>:</strong></span> 
     </span>
    </p>
   </div>
   <div class='ocr_carea' id='block_1_81' title="bbox 205 4577 1784 4667">
    <p class='ocr_par' dir='ltr' id='par_1_81' title="bbox 205 4577 1784 4648">
     <span class='ocr_line' id='line_1_81' title="bbox 205 4577 1784 4648; baseline 0 -17"><span class='ocrx_word' id='word_1_696' title='bbox 205 4577 531 4647; x_wconf 84' lang='lat' dir='ltr'><strong>passionum</strong></span> <span class='ocrx_word' id='word_1_697' title='bbox 557 4577 952 4644; x_wconf 84' lang='lat' dir='ltr'><strong>fortitudinem,</strong></span> <span class='ocrx_word' id='word_1_698' title='bbox 989 4585 1044 4632; x_wconf 90' lang='lat' dir='ltr'><strong>et</strong></span> <span class='ocrx_word' id='word_1_699' title='bbox 1079 4577 1277 4632; x_wconf 89' lang='lat' dir='ltr'><strong>diaboli</strong></span> <span class='ocrx_word' id='word_1_700' title='bbox 1313 4579 1611 4648; x_wconf 88' lang='lat' dir='ltr'><strong>potentiam</strong></span> <span class='ocrx_word' id='word_1_701' title='bbox 1643 4586 1784 4648; x_wconf 67' lang='lat' dir='ltr'><strong>atqui</strong></span> 
     </span>
    </p>
   </div>
   <div class='ocr_carea' id='block_1_82' title="bbox 1891 4577 3497 4667">
    <p class='ocr_par' dir='ltr' id='par_1_82' title="bbox 1909 4592 3497 4667">
     <span class='ocr_line' id='line_1_82' title="bbox 1909 4592 3497 4667; baseline 0.006 -20"><span class='ocrx_word' id='word_1_702' title='bbox 1909 4592 2163 4650; x_wconf 73' lang='lat' dir='ltr'><strong>Hrcredes</strong></span> <span class='ocrx_word' id='word_1_703' title='bbox 2189 4595 2400 4667; x_wconf 87' lang='lat' dir='ltr'><strong>quidem</strong></span> <span class='ocrx_word' id='word_1_704' title='bbox 2428 4595 2546 4664; x_wconf 86' lang='lat' dir='ltr'><strong>Dei,</strong></span> <span class='ocrx_word' id='word_1_705' title='bbox 2579 4597 2876 4652; x_wconf 82' lang='lat' dir='ltr'><strong>colueredes</strong></span> <span class='ocrx_word' id='word_1_706' title='bbox 2917 4608 3094 4654; x_wconf 90' lang='lat' dir='ltr'><strong>autem</strong></span> <span class='ocrx_word' id='word_1_707' title='bbox 3141 4598 3358 4656; x_wconf 86' lang='lat' dir='ltr'><strong>Christi.</strong></span> <span class='ocrx_word' id='word_1_708' title='bbox 3393 4601 3497 4658; x_wconf 87' lang='lat' dir='ltr'><strong>Ubi</strong></span> 
     </span>
    </p>
   </div>
   <div class='ocr_carea' id='block_1_83' title="bbox 206 4668 1784 4784">
    <p class='ocr_par' dir='ltr' id='par_1_83' title="bbox 206 4668 1780 4740">
     <span class='ocr_line' id='line_1_83' title="bbox 206 4668 1780 4740; baseline 0.002 -18"><span class='ocrx_word' id='word_1_709' title='bbox 206 4669 504 4734; x_wconf 87' lang='lat' dir='ltr'><strong>astutiam,</strong></span> <span class='ocrx_word' id='word_1_710' title='bbox 560 4677 617 4724; x_wconf 93' lang='lat' dir='ltr'><strong>et</strong></span> <span class='ocrx_word' id='word_1_711' title='bbox 666 4668 1030 4724; x_wconf 89' lang='lat' dir='ltr'><strong>incidentibus</strong></span> <span class='ocrx_word' id='word_1_712' title='bbox 1076 4669 1384 4726; x_wconf 92' lang='lat' dir='ltr'><strong>hominibus</strong></span> <span class='ocrx_word' id='word_1_713' title='bbox 1431 4670 1488 4725; x_wconf 90' lang='lat' dir='ltr'><strong>in</strong></span> <span class='ocrx_word' id='word_1_714' title='bbox 1537 4670 1780 4740; x_wconf 89' lang='lat' dir='ltr'><strong>peccatis</strong></span> 
     </span>
    </p>
   </div>
   <div class='ocr_carea' id='block_1_84' title="bbox 1891 4668 3498 4784">
    <p class='ocr_par' dir='ltr' id='par_1_84' title="bbox 1909 4683 3498 4760">
     <span class='ocr_line' id='line_1_84' title="bbox 1909 4683 3498 4760; baseline 0.004 -19"><span class='ocrx_word' id='word_1_715' title='bbox 1909 4703 2028 4741; x_wconf 88' lang='lat' dir='ltr'><strong>cum</strong></span> <span class='ocrx_word' id='word_1_716' title='bbox 2049 4690 2376 4758; x_wconf 88' lang='lat' dir='ltr'><strong>apparuerit,</strong></span> <span class='ocrx_word' id='word_1_717' title='bbox 2405 4683 2602 4743; x_wconf 77' lang='lat' dir='ltr'><strong>similes</strong></span> <span class='ocrx_word' id='word_1_718' title='bbox 2622 4689 2668 4743; x_wconf 87' lang='lat' dir='ltr'><strong>ei</strong></span> <span class='ocrx_word' id='word_1_719' title='bbox 2694 4689 2910 4754; x_wconf 86' lang='lat' dir='ltr'><strong>erimus,</strong></span> <span class='ocrx_word' id='word_1_720' title='bbox 2936 4691 3186 4760; x_wconf 88' lang='lat' dir='ltr'><strong>quoniam</strong></span> <span class='ocrx_word' id='word_1_721' title='bbox 3209 4692 3498 4748; x_wconf 89' lang='lat' dir='ltr'><strong>videbimus</strong></span> 
     </span>
    </p>
   </div>
   <div class='ocr_carea' id='block_1_85' title="bbox 206 4759 1803 4830">
    <p class='ocr_par' dir='ltr' id='par_1_85' title="bbox 206 4759 1803 4830">
     <span class='ocr_line' id='line_1_85' title="bbox 206 4759 1803 4830; baseline 0.002 -18"><span class='ocrx_word' id='word_1_722' title='bbox 206 4759 378 4829; x_wconf 83' lang='lat' dir='ltr'><strong>quasi</strong></span> <span class='ocrx_word' id='word_1_723' title='bbox 426 4759 672 4830; x_wconf 87' lang='lat' dir='ltr'><strong>ignoscit,</strong></span> <span class='ocrx_word' id='word_1_724' title='bbox 723 4767 777 4814; x_wconf 92' lang='lat' dir='ltr'><strong>et</strong></span> <span class='ocrx_word' id='word_1_725' title='bbox 828 4767 1107 4830; x_wconf 87' lang='lat' dir='ltr'><strong>exspectat</strong></span> <span class='ocrx_word' id='word_1_726' title='bbox 1149 4761 1543 4816; x_wconf 87' lang='lat' dir='ltr'><strong>correctionem</strong></span> <span class='ocrx_word' id='word_1_727' title='bbox 1590 4776 1803 4827; x_wconf 91' lang='lat' dir='ltr'><strong>eorum,</strong></span> 
     </span>
    </p>
   </div>
   <div class='ocr_carea' id='block_1_86' title="bbox 205 4852 1806 4925">
    <p class='ocr_par' dir='ltr' id='par_1_86' title="bbox 205 4852 1806 4925">
     <span class='ocr_line' id='line_1_86' title="bbox 205 4852 1806 4925; baseline 0.003 -19"><span class='ocrx_word' id='word_1_728' title='bbox 205 4853 541 4922; x_wconf 88' lang='lat' dir='ltr'><strong>patientiam</strong></span> <span class='ocrx_word' id='word_1_729' title='bbox 567 4852 774 4908; x_wconf 89' lang='lat' dir='ltr'><strong>habens</strong></span> <span class='ocrx_word' id='word_1_730' title='bbox 801 4853 854 4908; x_wconf 91' lang='lat' dir='ltr'><strong>in</strong></span> <span class='ocrx_word' id='word_1_731' title='bbox 881 4854 980 4909; x_wconf 91' lang='lat' dir='ltr'><strong>eis.</strong></span> <span class='ocrx_word' id='word_1_732' title='bbox 1013 4853 1462 4909; x_wconf 88' lang='lat' dir='ltr'><strong>Convertentibus</strong></span> <span class='ocrx_word' id='word_1_733' title='bbox 1486 4869 1616 4910; x_wconf 91' lang='lat' dir='ltr'><strong>vero</strong></span> <span class='ocrx_word' id='word_1_734' title='bbox 1644 4863 1806 4925; x_wconf 91' lang='lat' dir='ltr'><strong>atque</strong></span> 
     </span>
    </p>
   </div>
   <div class='ocr_carea' id='block_1_87' title="bbox 207 4944 1810 5020">
    <p class='ocr_par' dir='ltr' id='par_1_87' title="bbox 207 4944 1810 5020">
     <span class='ocr_line' id='line_1_87' title="bbox 207 4944 1810 5020; baseline 0.003 -23"><span class='ocrx_word' id='word_1_735' title='bbox 207 4944 576 5000; x_wconf 62' lang='lat' dir='ltr'><strong>uorantibus</strong></span> <span class='ocrx_word' id='word_1_736' title='bbox 599 4945 916 5012; x_wconf 89' lang='lat' dir='ltr'><strong>bonitatem,</strong></span> <span class='ocrx_word' id='word_1_737' title='bbox 949 4955 1203 5016; x_wconf 91' lang='lat' dir='ltr'><strong>tanquam</strong></span> <span class='ocrx_word' id='word_1_738' title='bbox 1227 4946 1456 5003; x_wconf 85' lang='lat' dir='ltr'><strong>infirmis</strong></span> <span class='ocrx_word' id='word_1_739' title='bbox 1480 4949 1810 5020; x_wconf 91' lang='lat' dir='ltr'><strong>compatitur</strong></span> 
     </span>
    </p>
   </div>
   <div class='ocr_carea' id='block_1_88' title="bbox 205 5035 1810 5107">
    <p class='ocr_par' dir='ltr' id='par_1_88' title="bbox 205 5035 1810 5107">
     <span class='ocr_line' id='line_1_88' title="bbox 205 5035 1810 5107; baseline 0.004 -19"><span class='ocrx_word' id='word_1_740' title='bbox 205 5041 268 5088; x_wconf 87' lang='lat' dir='ltr'><strong>et</strong></span> <span class='ocrx_word' id='word_1_741' title='bbox 305 5035 541 5090; x_wconf 87' lang='lat' dir='ltr'><strong>absolvit</strong></span> <span class='ocrx_word' id='word_1_742' title='bbox 571 5035 855 5091; x_wconf 90' lang='lat' dir='ltr'><strong>confestim</strong></span> <span class='ocrx_word' id='word_1_743' title='bbox 893 5046 1163 5092; x_wconf 90' lang='lat' dir='ltr'><strong>tormenta</strong></span> <span class='ocrx_word' id='word_1_744' title='bbox 1205 5055 1414 5107; x_wconf 88' lang='lat' dir='ltr'><strong>eorum,</strong></span> <span class='ocrx_word' id='word_1_745' title='bbox 1452 5047 1508 5096; x_wconf 89' lang='lat' dir='ltr'><strong>et</strong></span> <span class='ocrx_word' id='word_1_746' title='bbox 1543 5040 1708 5096; x_wconf 88' lang='lat' dir='ltr'><strong>donat</strong></span> <span class='ocrx_word' id='word_1_747' title='bbox 1729 5039 1810 5095; x_wconf 89' lang='lat' dir='ltr'><strong>eis</strong></span> 
     </span>
    </p>
   </div>
   <div class='ocr_carea' id='block_1_89' title="bbox 205 5127 1205 5201">
    <p class='ocr_par' dir='ltr' id='par_1_89' title="bbox 205 5127 1205 5201">
     <span class='ocr_line' id='line_1_89' title="bbox 205 5127 1205 5201; baseline 0.003 -19"><span class='ocrx_word' id='word_1_748' title='bbox 205 5127 366 5183; x_wconf 88' lang='lat' dir='ltr'><strong>bona</strong></span> <span class='ocrx_word' id='word_1_749' title='bbox 396 5142 518 5197; x_wconf 73' lang='lat' dir='ltr'><strong>qua:</strong></span> <span class='ocrx_word' id='word_1_750' title='bbox 543 5137 843 5201; x_wconf 65' lang='lat' dir='ltr'><strong>praeparata</strong></span> <span class='ocrx_word' id='word_1_751' title='bbox 873 5137 998 5183; x_wconf 86' lang='lat' dir='ltr'><strong>sunt</strong></span> <span class='ocrx_word' id='word_1_752' title='bbox 1021 5128 1205 5198; x_wconf 89' lang='lat' dir='ltr'><strong>justis.</strong></span> 
     </span>
    </p>
   </div>
   <div class='ocr_carea' id='block_1_90' title="bbox 833 5221 1209 5278">
    <p class='ocr_par' dir='ltr' id='par_1_90' title="bbox 833 5221 1209 5278">
     <span class='ocr_line' id='line_1_90' title="bbox 833 5221 1209 5278; baseline 0 0"><span class='ocrx_word' id='word_1_753' title='bbox 833 5221 1061 5278; x_wconf 82' lang='lat' dir='ltr'><strong>CAPUT</strong></span> <span class='ocrx_word' id='word_1_754' title='bbox 1101 5224 1209 5278; x_wconf 92' lang='lat' dir='ltr'><strong>LII.</strong></span> 
     </span>
    </p>
   </div>
   <div class='ocr_carea' id='block_1_91' title="bbox 443 5316 1573 5388">
    <p class='ocr_par' dir='ltr' id='par_1_91' title="bbox 443 5316 1573 5388">
     <span class='ocr_line' id='line_1_91' title="bbox 443 5316 1573 5388; baseline 0.003 -18"><span class='ocrx_word' id='word_1_755' title='bbox 443 5318 537 5386; x_wconf 37' lang='lat' dir='ltr'><strong>,De</strong></span> <span class='ocrx_word' id='word_1_756' title='bbox 563 5333 623 5372; x_wconf 91' lang='lat' dir='ltr'><strong>eo</strong></span> <span class='ocrx_word' id='word_1_757' title='bbox 652 5317 790 5388; x_wconf 89' lang='lat' dir='ltr'><strong>quod</strong></span> <span class='ocrx_word' id='word_1_758' title='bbox 816 5317 982 5371; x_wconf 88' lang='lat' dir='ltr'><strong>sancti</strong></span> <span class='ocrx_word' id='word_1_759' title='bbox 1013 5316 1112 5387; x_wconf 79' lang='lat' dir='ltr'><strong>ﬁlii</strong></span> <span class='ocrx_word' id='word_1_760' title='bbox 1136 5316 1268 5373; x_wconf 84' lang='lat' dir='ltr'><strong>lucis</strong></span> <span class='ocrx_word' id='word_1_761' title='bbox 1301 5329 1573 5374; x_wconf 88' lang='lat' dir='ltr'><strong>vocantur.</strong></span> 
     </span>
    </p>
   </div>
   <div class='ocr_carea' id='block_1_92' title="bbox 295 5410 1812 5484">
    <p class='ocr_par' dir='ltr' id='par_1_92' title="bbox 295 5410 1812 5484">
     <span class='ocr_line' id='line_1_92' title="bbox 295 5410 1812 5484; baseline 0.001 -17"><span class='ocrx_word' id='word_1_762' title='bbox 295 5410 534 5467; x_wconf 70' lang='lat' dir='ltr'><strong>Joannes</strong></span> <span class='ocrx_word' id='word_1_763' title='bbox 560 5410 834 5483; x_wconf 86' lang='lat' dir='ltr'><strong>apostolus</strong></span> <span class='ocrx_word' id='word_1_764' title='bbox 858 5411 962 5465; x_wconf 91' lang='lat' dir='ltr'><strong>ait:</strong></span> <span class='ocrx_word' id='word_1_765' title='bbox 980 5410 1367 5467; x_wconf 81' lang='lat' dir='ltr'><strong>Annuntiamus</strong></span> <span class='ocrx_word' id='word_1_766' title='bbox 1391 5413 1536 5468; x_wconf 84' lang='lat' dir='ltr'><strong>vobis</strong></span> <span class='ocrx_word' id='word_1_767' title='bbox 1563 5413 1812 5484; x_wconf 88' lang='lat' dir='ltr'><strong>quoniam</strong></span> 
     </span>
    </p>
   </div>
   <div class='ocr_carea' id='block_1_93' title="bbox 203 5503 1810 5578">
    <p class='ocr_par' dir='ltr' id='par_1_93' title="bbox 203 5503 1810 5578">
     <span class='ocr_line' id='line_1_93' title="bbox 203 5503 1810 5578; baseline 0 -19"><span class='ocrx_word' id='word_1_768' title='bbox 203 5504 588 5569; x_wconf 73' lang='lat' dir='ltr'><strong>Deusluxest,</strong></span> <span class='ocrx_word' id='word_1_769' title='bbox 613 5514 660 5559; x_wconf 91' lang='lat' dir='ltr'><strong>et</strong></span> <span class='ocrx_word' id='word_1_770' title='bbox 676 5503 897 5558; x_wconf 59' lang='lat' dir='ltr'><strong>tenebrat</strong></span> <span class='ocrx_word' id='word_1_771' title='bbox 917 5505 971 5558; x_wconf 90' lang='lat' dir='ltr'><strong>in</strong></span> <span class='ocrx_word' id='word_1_772' title='bbox 996 5519 1055 5557; x_wconf 89' lang='lat' dir='ltr'><strong>eo</strong></span> <span class='ocrx_word' id='word_1_773' title='bbox 1071 5520 1174 5558; x_wconf 89' lang='lat' dir='ltr'><strong>non</strong></span> <span class='ocrx_word' id='word_1_774' title='bbox 1192 5512 1314 5559; x_wconf 87' lang='lat' dir='ltr'><strong>sunt</strong></span> <span class='ocrx_word' id='word_1_775' title='bbox 1341 5503 1464 5560; x_wconf 73' lang='lat' dir='ltr'><strong>ullre</strong></span> <span class='ocrx_word' id='word_1_776' title='bbox 1491 5504 1541 5576; x_wconf 86' lang='grc' dir='ltr'><strong>(Ι</strong></span> <span class='ocrx_word' id='word_1_777' title='bbox 1558 5505 1717 5559; x_wconf 83' lang='lat' dir='ltr'><strong>Joan.</strong></span> <span class='ocrx_word' id='word_1_778' title='bbox 1746 5504 1810 5578; x_wconf 94' lang='lat'><strong>1).</strong></span> 
     </span>
    </p>
   </div>
   <div class='ocr_carea' id='block_1_94' title="bbox 205 5595 1812 5666">
    <p class='ocr_par' dir='ltr' id='par_1_94' title="bbox 205 5595 1812 5666">
     <span class='ocr_line' id='line_1_94' title="bbox 205 5595 1812 5666; baseline 0.001 -16"><span class='ocrx_word' id='word_1_779' title='bbox 205 5596 422 5651; x_wconf 80' lang='lat' dir='ltr'><strong>Merito</strong></span> <span class='ocrx_word' id='word_1_780' title='bbox 457 5611 588 5664; x_wconf 83' lang='lat' dir='ltr'><strong>ergo</strong></span> <span class='ocrx_word' id='word_1_781' title='bbox 623 5595 715 5665; x_wconf 93' lang='lat' dir='ltr'><strong>qui</strong></span> <span class='ocrx_word' id='word_1_782' title='bbox 752 5595 845 5650; x_wconf 86' lang='lat' dir='ltr'><strong>filii</strong></span> <span class='ocrx_word' id='word_1_783' title='bbox 874 5596 967 5650; x_wconf 89' lang='lat' dir='ltr'><strong>Dei</strong></span> <span class='ocrx_word' id='word_1_784' title='bbox 997 5603 1151 5661; x_wconf 92' lang='lat' dir='ltr'><strong>sunt,</strong></span> <span class='ocrx_word' id='word_1_785' title='bbox 1181 5595 1274 5650; x_wconf 84' lang='lat' dir='ltr'><strong>lilii</strong></span> <span class='ocrx_word' id='word_1_786' title='bbox 1301 5596 1439 5650; x_wconf 91' lang='lat' dir='ltr'><strong>lucis</strong></span> <span class='ocrx_word' id='word_1_787' title='bbox 1464 5597 1532 5652; x_wconf 91' lang='lat' dir='ltr'><strong>ab</strong></span> <span class='ocrx_word' id='word_1_788' title='bbox 1554 5595 1812 5666; x_wconf 86' lang='lat' dir='ltr'><strong>Apostolo</strong></span> 
     </span>
    </p>
   </div>
   <div class='ocr_carea' id='block_1_95' title="bbox 203 5687 1814 5760">
    <p class='ocr_par' dir='ltr' id='par_1_95' title="bbox 203 5687 1814 5760">
     <span class='ocr_line' id='line_1_95' title="bbox 203 5687 1814 5760; baseline 0 -16"><span class='ocrx_word' id='word_1_789' title='bbox 203 5699 514 5755; x_wconf 70' lang='lat' dir='ltr'><strong>vocantur,</strong></span> <span class='ocrx_word' id='word_1_790' title='bbox 545 5689 635 5744; x_wconf 86' lang='lat' dir='ltr'><strong>ubi</strong></span> <span class='ocrx_word' id='word_1_791' title='bbox 670 5687 986 5744; x_wconf 88' lang='lat' dir='ltr'><strong>ait:0mnes</strong></span> <span class='ocrx_word' id='word_1_792' title='bbox 1022 5689 1160 5744; x_wconf 85' lang='lat' dir='ltr'><strong>enim</strong></span> <span class='ocrx_word' id='word_1_793' title='bbox 1189 5706 1278 5744; x_wconf 83' lang='lat' dir='ltr'><strong>vos</strong></span> <span class='ocrx_word' id='word_1_794' title='bbox 1309 5690 1409 5760; x_wconf 82' lang='lat' dir='ltr'><strong>ﬁlii</strong></span> <span class='ocrx_word' id='word_1_795' title='bbox 1439 5691 1571 5745; x_wconf 88' lang='lat' dir='ltr'><strong>lucis</strong></span> <span class='ocrx_word' id='word_1_796' title='bbox 1598 5692 1744 5757; x_wconf 88' lang='lat' dir='ltr'><strong>estis,</strong></span> <span class='ocrx_word' id='word_1_797' title='bbox 1767 5699 1814 5745; x_wconf 87' lang='lat' dir='ltr'><strong>et</strong></span> 
     </span>
    </p>
   </div>
   <div class='ocr_carea' id='block_1_96' title="bbox 198 5782 1814 5856">
    <p class='ocr_par' dir='ltr' id='par_1_96' title="bbox 198 5782 1814 5856">
     <span class='ocr_line' id='line_1_96' title="bbox 198 5782 1814 5856; baseline 0.001 -19"><span class='ocrx_word' id='word_1_798' title='bbox 198 5784 326 5856; x_wconf 79' lang='lat' dir='ltr'><strong>ﬁlii</strong></span> <span class='ocrx_word' id='word_1_799' title='bbox 364 5785 622 5840; x_wconf 89' lang='lat' dir='ltr'><strong>diei:non</strong></span> <span class='ocrx_word' id='word_1_800' title='bbox 643 5786 765 5840; x_wconf 82' lang='lat' dir='ltr'><strong>estis</strong></span> <span class='ocrx_word' id='word_1_801' title='bbox 794 5786 981 5850; x_wconf 81' lang='lat' dir='ltr'><strong>noctis,</strong></span> <span class='ocrx_word' id='word_1_802' title='bbox 1011 5801 1173 5852; x_wconf 88' lang='lat' dir='ltr'><strong>neque</strong></span> <span class='ocrx_word' id='word_1_803' title='bbox 1196 5784 1526 5839; x_wconf 87' lang='lat' dir='ltr'><strong>tenebrarum</strong></span> <span class='ocrx_word' id='word_1_804' title='bbox 1558 5782 1610 5856; x_wconf 91' lang='grc' dir='ltr'><strong>(Ι</strong></span> <span class='ocrx_word' id='word_1_805' title='bbox 1636 5782 1814 5838; x_wconf 86' lang='lat' dir='ltr'><strong>Thess.</strong></span> 
     </span>
    </p>
   </div>
   <div class='ocr_carea' id='block_1_97' title="bbox 196 5880 1794 5952">
    <p class='ocr_par' dir='ltr' id='par_1_97' title="bbox 196 5880 1794 5952">
     <span class='ocr_line' id='line_1_97' title="bbox 196 5880 1794 5952; baseline -0.001 -17"><span class='ocrx_word' id='word_1_806' title='bbox 196 5880 296 5952; x_wconf 76' lang='grc' dir='ltr'><strong>ν).</strong></span> <span class='ocrx_word' id='word_1_807' title='bbox 350 5881 506 5938; x_wconf 87' lang='lat' dir='ltr'><strong>Sicut</strong></span> <span class='ocrx_word' id='word_1_808' title='bbox 541 5883 683 5937; x_wconf 88' lang='lat' dir='ltr'><strong>enim</strong></span> <span class='ocrx_word' id='word_1_809' title='bbox 709 5881 962 5937; x_wconf 88' lang='lat' dir='ltr'><strong>dicuntur</strong></span> <span class='ocrx_word' id='word_1_810' title='bbox 987 5881 1081 5936; x_wconf 84' lang='lat' dir='ltr'><strong>lilii</strong></span> <span class='ocrx_word' id='word_1_811' title='bbox 1109 5880 1412 5936; x_wconf 90' lang='lat' dir='ltr'><strong>dilectionis</strong></span> <span class='ocrx_word' id='word_1_812' title='bbox 1436 5880 1522 5934; x_wconf 91' lang='lat' dir='ltr'><strong>vel</strong></span> <span class='ocrx_word' id='word_1_813' title='bbox 1537 5880 1629 5934; x_wconf 82' lang='lat' dir='ltr'><strong>filii</strong></span> <span class='ocrx_word' id='word_1_814' title='bbox 1646 5881 1794 5952; x_wconf 89' lang='lat' dir='ltr'><strong>pacis</strong></span> 
     </span>
    </p>
   </div>
   <div class='ocr_carea' id='block_1_98' title="bbox 1908 4781 3497 4855">
    <p class='ocr_par' dir='ltr' id='par_1_98' title="bbox 1908 4781 3497 4855">
     <span class='ocr_line' id='line_1_98' title="bbox 1908 4781 3497 4855; baseline 0.006 -21"><span class='ocrx_word' id='word_1_815' title='bbox 1908 4795 2047 4845; x_wconf 87' lang='lat' dir='ltr'><strong>eum,</strong></span> <span class='ocrx_word' id='word_1_816' title='bbox 2078 4781 2234 4834; x_wconf 86' lang='lat' dir='ltr'><strong>sicuti</strong></span> <span class='ocrx_word' id='word_1_817' title='bbox 2263 4791 2339 4836; x_wconf 89' lang='lat' dir='ltr'><strong>est</strong></span> <span class='ocrx_word' id='word_1_818' title='bbox 2376 4781 2554 4853; x_wconf 84' lang='lat' dir='ltr'><strong>(Rom.</strong></span> <span class='ocrx_word' id='word_1_819' title='bbox 2585 4781 2728 4854; x_wconf 79' lang='lat' dir='ltr'><strong>vin).</strong></span> <span class='ocrx_word' id='word_1_820' title='bbox 2764 4781 2868 4838; x_wconf 87' lang='lat' dir='ltr'><strong>Ubi</strong></span> <span class='ocrx_word' id='word_1_821' title='bbox 2912 4792 2969 4840; x_wconf 90' lang='lat' dir='ltr'><strong>et</strong></span> <span class='ocrx_word' id='word_1_822' title='bbox 3008 4795 3294 4855; x_wconf 90' lang='lat' dir='ltr'><strong>peccatum</strong></span> <span class='ocrx_word' id='word_1_823' title='bbox 3338 4789 3497 4845; x_wconf 87' lang='lat' dir='ltr'><strong>nobis</strong></span> 
     </span>
    </p>
   </div>
   <div class='ocr_carea' id='block_1_99' title="bbox 1910 4873 3498 4948">
    <p class='ocr_par' dir='ltr' id='par_1_99' title="bbox 1910 4873 3498 4948">
     <span class='ocr_line' id='line_1_99' title="bbox 1910 4873 3498 4948; baseline 0.006 -22"><span class='ocrx_word' id='word_1_824' title='bbox 1910 4888 2017 4927; x_wconf 91' lang='lat' dir='ltr'><strong>non</strong></span> <span class='ocrx_word' id='word_1_825' title='bbox 2057 4873 2424 4929; x_wconf 88' lang='lat' dir='ltr'><strong>dominabitur</strong></span> <span class='ocrx_word' id='word_1_826' title='bbox 2465 4883 2522 4929; x_wconf 86' lang='lat' dir='ltr'><strong>et</strong></span> <span class='ocrx_word' id='word_1_827' title='bbox 2567 4875 2676 4930; x_wconf 89' lang='lat' dir='ltr'><strong>vita</strong></span> <span class='ocrx_word' id='word_1_828' title='bbox 2722 4884 2923 4931; x_wconf 67' lang='lat' dir='ltr'><strong>aeterna</strong></span> <span class='ocrx_word' id='word_1_829' title='bbox 2971 4881 3338 4948; x_wconf 61' lang='lat' dir='ltr'><strong>praestabitur.</strong></span> <span class='ocrx_word' id='word_1_830' title='bbox 3397 4880 3498 4937; x_wconf 90' lang='lat' dir='ltr'><strong>Ubi</strong></span> 
     </span>
    </p>
   </div>
   <div class='ocr_carea' id='block_1_100' title="bbox 1910 4964 3497 5045">
    <p class='ocr_par' dir='ltr' id='par_1_100' title="bbox 1910 4964 3497 5045">
     <span class='ocr_line' id='line_1_100' title="bbox 1910 4964 3497 5045; baseline 0.007 -25"><span class='ocrx_word' id='word_1_831' title='bbox 1910 4964 2252 5036; x_wconf 91' lang='lat' dir='ltr'><strong>splendorem</strong></span> <span class='ocrx_word' id='word_1_832' title='bbox 2296 4967 2427 5022; x_wconf 91' lang='lat' dir='ltr'><strong>solis</strong></span> <span class='ocrx_word' id='word_1_833' title='bbox 2461 4977 2514 5022; x_wconf 89' lang='lat' dir='ltr'><strong>et</strong></span> <span class='ocrx_word' id='word_1_834' title='bbox 2572 4970 2904 5024; x_wconf 91' lang='lat' dir='ltr'><strong>consortium</strong></span> <span class='ocrx_word' id='word_1_835' title='bbox 2933 4970 3299 5030; x_wconf 87' lang='lat' dir='ltr'><strong>obtinchimus</strong></span> <span class='ocrx_word' id='word_1_836' title='bbox 3331 4989 3497 5045; x_wconf 81' lang='lat' dir='ltr'><strong>ange~</strong></span> 
     </span>
    </p>
   </div>
   <div class='ocr_carea' id='block_1_101' title="bbox 1909 5059 3494 5138">
    <p class='ocr_par' dir='ltr' id='par_1_101' title="bbox 1909 5059 3494 5138">
     <span class='ocr_line' id='line_1_101' title="bbox 1909 5059 3494 5138; baseline 0.006 -26"><span class='ocrx_word' id='word_1_837' title='bbox 1909 5059 2106 5114; x_wconf 91' lang='lat' dir='ltr'><strong>lorum.</strong></span> <span class='ocrx_word' id='word_1_838' title='bbox 2138 5059 2276 5114; x_wconf 84' lang='lat' dir='ltr'><strong>Hinc</strong></span> <span class='ocrx_word' id='word_1_839' title='bbox 2303 5069 2360 5115; x_wconf 91' lang='lat' dir='ltr'><strong>ct</strong></span> <span class='ocrx_word' id='word_1_840' title='bbox 2395 5059 2521 5115; x_wconf 88' lang='lat' dir='ltr'><strong>alibi</strong></span> <span class='ocrx_word' id='word_1_841' title='bbox 2563 5061 2855 5131; x_wconf 79' lang='lat' dir='ltr'><strong>Apostolus</strong></span> <span class='ocrx_word' id='word_1_842' title='bbox 2900 5065 2977 5118; x_wconf 92' lang='lat' dir='ltr'><strong>ait</strong></span> <span class='ocrx_word' id='word_1_843' title='bbox 3013 5083 3026 5119; x_wconf 94' lang='lat'><strong>:</strong></span> <span class='ocrx_word' id='word_1_844' title='bbox 3079 5064 3304 5137; x_wconf 87' lang='lat' dir='ltr'><strong>Propter</strong></span> <span class='ocrx_word' id='word_1_845' title='bbox 3329 5085 3494 5138; x_wconf 88' lang='lat' dir='ltr'><strong>spem,</strong></span> 
     </span>
    </p>
   </div>
   <div class='ocr_carea' id='block_1_102' title="bbox 1915 5153 3498 5232">
    <p class='ocr_par' dir='ltr' id='par_1_102' title="bbox 1915 5153 3498 5232">
     <span class='ocr_line' id='line_1_102' title="bbox 1915 5153 3498 5232; baseline 0.008 -27"><span class='ocrx_word' id='word_1_846' title='bbox 1915 5168 2030 5223; x_wconf 77' lang='lat' dir='ltr'><strong>qua:</strong></span> <span class='ocrx_word' id='word_1_847' title='bbox 2057 5153 2282 5222; x_wconf 86' lang='lat' dir='ltr'><strong>reposita</strong></span> <span class='ocrx_word' id='word_1_848' title='bbox 2331 5162 2408 5208; x_wconf 89' lang='lat' dir='ltr'><strong>est</strong></span> <span class='ocrx_word' id='word_1_849' title='bbox 2435 5153 2581 5208; x_wconf 87' lang='lat' dir='ltr'><strong>nobis</strong></span> <span class='ocrx_word' id='word_1_850' title='bbox 2612 5155 2668 5208; x_wconf 88' lang='lat' dir='ltr'><strong>in</strong></span> <span class='ocrx_word' id='word_1_851' title='bbox 2709 5156 2849 5211; x_wconf 76' lang='lat' dir='ltr'><strong>caelis</strong></span> <span class='ocrx_word' id='word_1_852' title='bbox 2895 5155 3032 5231; x_wconf 86' lang='lat' dir='ltr'><strong>(Col.</strong></span> <span class='ocrx_word' id='word_1_853' title='bbox 3084 5157 3145 5232; x_wconf 92' lang='lat'><strong>1).</strong></span> <span class='ocrx_word' id='word_1_854' title='bbox 3191 5158 3327 5230; x_wconf 86' lang='lat' dir='ltr'><strong>Spes</strong></span> <span class='ocrx_word' id='word_1_855' title='bbox 3353 5161 3498 5216; x_wconf 89' lang='lat' dir='ltr'><strong>enim</strong></span> 
     </span>
    </p>
   </div>
   <div class='ocr_carea' id='block_1_103' title="bbox 1917 5241 3503 5321">
    <p class='ocr_par' dir='ltr' id='par_1_103' title="bbox 1917 5241 3503 5321">
     <span class='ocr_line' id='line_1_103' title="bbox 1917 5241 3503 5321; baseline 0.006 -24"><span class='ocrx_word' id='word_1_856' title='bbox 1917 5243 2181 5297; x_wconf 89' lang='lat' dir='ltr'><strong>bonorum</strong></span> <span class='ocrx_word' id='word_1_857' title='bbox 2205 5241 2508 5298; x_wconf 90' lang='lat' dir='ltr'><strong>futurorum</strong></span> <span class='ocrx_word' id='word_1_858' title='bbox 2535 5260 2642 5301; x_wconf 90' lang='lat' dir='ltr'><strong>non</strong></span> <span class='ocrx_word' id='word_1_859' title='bbox 2668 5255 2751 5302; x_wconf 90' lang='lat' dir='ltr'><strong>est</strong></span> <span class='ocrx_word' id='word_1_860' title='bbox 2773 5247 2933 5304; x_wconf 91' lang='lat' dir='ltr'><strong>modo</strong></span> <span class='ocrx_word' id='word_1_861' title='bbox 2960 5249 3269 5305; x_wconf 89' lang='lat' dir='ltr'><strong>carnalibus</strong></span> <span class='ocrx_word' id='word_1_862' title='bbox 3295 5251 3503 5321; x_wconf 91' lang='lat' dir='ltr'><strong>perspi-</strong></span> 
     </span>
    </p>
   </div>
   <div class='ocr_carea' id='block_1_104' title="bbox 1917 5333 3498 5409">
    <p class='ocr_par' dir='ltr' id='par_1_104' title="bbox 1917 5333 3498 5409">
     <span class='ocr_line' id='line_1_104' title="bbox 1917 5333 3498 5409; baseline 0.005 -21"><span class='ocrx_word' id='word_1_863' title='bbox 1917 5349 2018 5393; x_wconf 82' lang='lat' dir='ltr'><strong>cua</strong></span> <span class='ocrx_word' id='word_1_864' title='bbox 2047 5333 2240 5398; x_wconf 91' lang='lat' dir='ltr'><strong>oculis,</strong></span> <span class='ocrx_word' id='word_1_865' title='bbox 2291 5335 2385 5390; x_wconf 92' lang='lat' dir='ltr'><strong>sed</strong></span> <span class='ocrx_word' id='word_1_866' title='bbox 2420 5337 2597 5393; x_wconf 89' lang='lat' dir='ltr'><strong>adhuc</strong></span> <span class='ocrx_word' id='word_1_867' title='bbox 2641 5340 2878 5409; x_wconf 88' lang='lat' dir='ltr'><strong>reposita</strong></span> <span class='ocrx_word' id='word_1_868' title='bbox 2928 5349 3012 5396; x_wconf 90' lang='lat' dir='ltr'><strong>est</strong></span> <span class='ocrx_word' id='word_1_869' title='bbox 3041 5340 3198 5396; x_wconf 90' lang='lat' dir='ltr'><strong>nobis</strong></span> <span class='ocrx_word' id='word_1_870' title='bbox 3229 5341 3284 5396; x_wconf 92' lang='lat' dir='ltr'><strong>in</strong></span> <span class='ocrx_word' id='word_1_871' title='bbox 3319 5342 3498 5398; x_wconf 75' lang='lat' dir='ltr'><strong>caelis.</strong></span> 
     </span>
    </p>
   </div>
   <div class='ocr_carea' id='block_1_105' title="bbox 1917 5422 3502 5498">
    <p class='ocr_par' dir='ltr' id='par_1_105' title="bbox 1917 5422 3502 5498">
     <span class='ocr_line' id='line_1_105' title="bbox 1917 5422 3502 5498; baseline 0.007 -19"><span class='ocrx_word' id='word_1_872' title='bbox 1917 5422 1994 5479; x_wconf 90' lang='lat' dir='ltr'><strong>De</strong></span> <span class='ocrx_word' id='word_1_873' title='bbox 2031 5438 2136 5493; x_wconf 91' lang='lat' dir='ltr'><strong>qua</strong></span> <span class='ocrx_word' id='word_1_874' title='bbox 2166 5439 2261 5493; x_wconf 91' lang='lat' dir='ltr'><strong>spe</strong></span> <span class='ocrx_word' id='word_1_875' title='bbox 2304 5424 2446 5480; x_wconf 91' lang='lat' dir='ltr'><strong>idem</strong></span> <span class='ocrx_word' id='word_1_876' title='bbox 2483 5427 2774 5498; x_wconf 81' lang='lat' dir='ltr'><strong>Apostolus</strong></span> <span class='ocrx_word' id='word_1_877' title='bbox 2823 5431 2937 5486; x_wconf 87' lang='lat' dir='ltr'><strong>ait:</strong></span> <span class='ocrx_word' id='word_1_878' title='bbox 2983 5430 3140 5497; x_wconf 87' lang='lat' dir='ltr'><strong>Quod</strong></span> <span class='ocrx_word' id='word_1_879' title='bbox 3169 5431 3352 5487; x_wconf 87' lang='lat' dir='ltr'><strong>oculus</strong></span> <span class='ocrx_word' id='word_1_880' title='bbox 3396 5452 3502 5490; x_wconf 87' lang='lat' dir='ltr'><strong>non</strong></span> 
     </span>
    </p>
   </div>
   <div class='ocr_carea' id='block_1_106' title="bbox 1917 5515 3500 5594">
    <p class='ocr_par' dir='ltr' id='par_1_106' title="bbox 1917 5515 3500 5594">
     <span class='ocr_line' id='line_1_106' title="bbox 1917 5515 3500 5594; baseline 0.009 -25"><span class='ocrx_word' id='word_1_881' title='bbox 1917 5515 2066 5581; x_wconf 87' lang='lat' dir='ltr'><strong>vidit,</strong></span> <span class='ocrx_word' id='word_1_882' title='bbox 2104 5532 2195 5569; x_wconf 90' lang='lat' dir='ltr'><strong>nec</strong></span> <span class='ocrx_word' id='word_1_883' title='bbox 2221 5517 2368 5571; x_wconf 88' lang='lat' dir='ltr'><strong>auris</strong></span> <span class='ocrx_word' id='word_1_884' title='bbox 2395 5519 2621 5587; x_wconf 87' lang='lat' dir='ltr'><strong>audivit,</strong></span> <span class='ocrx_word' id='word_1_885' title='bbox 2651 5538 2743 5576; x_wconf 86' lang='lat' dir='ltr'><strong>nec</strong></span> <span class='ocrx_word' id='word_1_886' title='bbox 2772 5522 2829 5576; x_wconf 85' lang='lat' dir='ltr'><strong>in</strong></span> <span class='ocrx_word' id='word_1_887' title='bbox 2857 5538 2949 5576; x_wconf 91' lang='lat' dir='ltr'><strong>cor</strong></span> <span class='ocrx_word' id='word_1_888' title='bbox 2970 5521 3195 5578; x_wconf 84' lang='lat' dir='ltr'><strong>hominis</strong></span> <span class='ocrx_word' id='word_1_889' title='bbox 3238 5526 3500 5594; x_wconf 85' lang='lat' dir='ltr'><strong>ascendit,</strong></span> 
     </span>
    </p>
   </div>
   <div class='ocr_carea' id='block_1_107' title="bbox 1916 5609 3502 5692">
    <p class='ocr_par' dir='ltr' id='par_1_107' title="bbox 1916 5609 3502 5692">
     <span class='ocr_line' id='line_1_107' title="bbox 1916 5609 3502 5692; baseline 0.011 -32"><span class='ocrx_word' id='word_1_890' title='bbox 1916 5623 2034 5677; x_wconf 76' lang='lat' dir='ltr'><strong>qua:</strong></span> <span class='ocrx_word' id='word_1_891' title='bbox 2057 5610 2372 5679; x_wconf 62' lang='lat' dir='ltr'><strong>praeparavit</strong></span> <span class='ocrx_word' id='word_1_892' title='bbox 2400 5609 2543 5667; x_wconf 89' lang='lat' dir='ltr'><strong>Deus</strong></span> <span class='ocrx_word' id='word_1_893' title='bbox 2572 5613 2907 5685; x_wconf 84' lang='lat' dir='ltr'><strong>diligentibus</strong></span> <span class='ocrx_word' id='word_1_894' title='bbox 2938 5631 2992 5669; x_wconf 86' lang='lat' dir='ltr'><strong>se</strong></span> <span class='ocrx_word' id='word_1_895' title='bbox 3017 5614 3070 5687; x_wconf 88' lang='grc' dir='ltr'><strong>(Ι</strong></span> <span class='ocrx_word' id='word_1_896' title='bbox 3090 5614 3214 5672; x_wconf 89' lang='lat' dir='ltr'><strong>Cor.</strong></span> <span class='ocrx_word' id='word_1_897' title='bbox 3245 5617 3329 5692; x_wconf 90' lang='lat'><strong>11).</strong></span> <span class='ocrx_word' id='word_1_898' title='bbox 3362 5620 3502 5677; x_wconf 85' lang='lat' dir='ltr'><strong>Nam</strong></span> 
     </span>
    </p>
   </div>
   <div class='ocr_carea' id='block_1_108' title="bbox 1915 5702 3501 5784">
    <p class='ocr_par' dir='ltr' id='par_1_108' title="bbox 1915 5702 3501 5784">
     <span class='ocr_line' id='line_1_108' title="bbox 1915 5702 3501 5784; baseline 0.01 -30"><span class='ocrx_word' id='word_1_899' title='bbox 1915 5707 1972 5755; x_wconf 90' lang='lat' dir='ltr'><strong>et</strong></span> <span class='ocrx_word' id='word_1_900' title='bbox 1999 5715 2125 5771; x_wconf 89' lang='lat' dir='ltr'><strong>spes</strong></span> <span class='ocrx_word' id='word_1_901' title='bbox 2160 5702 2402 5758; x_wconf 92' lang='lat' dir='ltr'><strong>omnium</strong></span> <span class='ocrx_word' id='word_1_902' title='bbox 2427 5705 2721 5761; x_wconf 86' lang='lat' dir='ltr'><strong>electorum</strong></span> <span class='ocrx_word' id='word_1_903' title='bbox 2749 5706 2860 5761; x_wconf 90' lang='lat' dir='ltr'><strong>vita</strong></span> <span class='ocrx_word' id='word_1_904' title='bbox 2896 5715 3099 5763; x_wconf 68' lang='lat' dir='ltr'><strong>aeterna</strong></span> <span class='ocrx_word' id='word_1_905' title='bbox 3141 5719 3243 5777; x_wconf 89' lang='lat' dir='ltr'><strong>est,</strong></span> <span class='ocrx_word' id='word_1_906' title='bbox 3289 5729 3409 5784; x_wconf 74' lang='lat' dir='ltr'><strong>qua:</strong></span> <span class='ocrx_word' id='word_1_907' title='bbox 3444 5715 3501 5769; x_wconf 93' lang='lat' dir='ltr'><strong>in</strong></span> 
     </span>
    </p>
   </div>
   <div class='ocr_carea' id='block_1_109' title="bbox 1916 5791 3503 5870">
    <p class='ocr_par' dir='ltr' id='par_1_109' title="bbox 1916 5791 3503 5870">
     <span class='ocr_line' id='line_1_109' title="bbox 1916 5791 3503 5870; baseline 0.013 -25"><span class='ocrx_word' id='word_1_908' title='bbox 1916 5791 2057 5852; x_wconf 88' lang='lat' dir='ltr'><strong>coelo</strong></span> <span class='ocrx_word' id='word_1_909' title='bbox 2083 5794 2259 5850; x_wconf 87' lang='lat' dir='ltr'><strong>adhuc</strong></span> <span class='ocrx_word' id='word_1_910' title='bbox 2293 5795 2349 5849; x_wconf 92' lang='lat' dir='ltr'><strong>in</strong></span> <span class='ocrx_word' id='word_1_911' title='bbox 2393 5797 2611 5853; x_wconf 89' lang='lat' dir='ltr'><strong>Christo</strong></span> <span class='ocrx_word' id='word_1_912' title='bbox 2651 5798 2806 5854; x_wconf 91' lang='lat' dir='ltr'><strong>nobis</strong></span> <span class='ocrx_word' id='word_1_913' title='bbox 2831 5801 3068 5870; x_wconf 87' lang='lat' dir='ltr'><strong>reposita</strong></span> <span class='ocrx_word' id='word_1_914' title='bbox 3088 5809 3208 5859; x_wconf 88' lang='lat' dir='ltr'><strong>est:</strong></span> <span class='ocrx_word' id='word_1_915' title='bbox 3243 5803 3352 5861; x_wconf 89' lang='lat' dir='ltr'><strong>Sed</strong></span> <span class='ocrx_word' id='word_1_916' title='bbox 3381 5823 3503 5866; x_wconf 89' lang='lat' dir='ltr'><strong>cum</strong></span> 
     </span>
    </p>
   </div>
   <div class='ocr_carea' id='block_1_110' title="bbox 1920 5885 3504 5968">
    <p class='ocr_par' dir='ltr' id='par_1_110' title="bbox 1920 5885 3504 5968">
     <span class='ocr_line' id='line_1_110' title="bbox 1920 5885 3504 5968; baseline 0.008 -28"><span class='ocrx_word' id='word_1_917' title='bbox 1920 5885 2160 5943; x_wconf 88' lang='lat' dir='ltr'><strong>Christus</strong></span> <span class='ocrx_word' id='word_1_918' title='bbox 2187 5892 2491 5960; x_wconf 86' lang='lat' dir='ltr'><strong>apparuerit</strong></span> <span class='ocrx_word' id='word_1_919' title='bbox 2523 5892 2631 5945; x_wconf 87' lang='lat' dir='ltr'><strong>vita</strong></span> <span class='ocrx_word' id='word_1_920' title='bbox 2657 5901 2846 5959; x_wconf 84' lang='lat' dir='ltr'><strong>vestra,</strong></span> <span class='ocrx_word' id='word_1_921' title='bbox 2878 5902 3002 5960; x_wconf 72' lang='lat' dir='ltr'><strong>tum:</strong></span> <span class='ocrx_word' id='word_1_922' title='bbox 3031 5905 3079 5949; x_wconf 89' lang='lat' dir='ltr'><strong>et</strong></span> <span class='ocrx_word' id='word_1_923' title='bbox 3105 5913 3200 5951; x_wconf 86' lang='lat' dir='ltr'><strong>nos</strong></span> <span class='ocrx_word' id='word_1_924' title='bbox 3227 5899 3504 5968; x_wconf 39' lang='lat' dir='ltr'><strong>apparebis</strong></span> 
     </span>
    </p>
   </div>
   <div class='ocr_carea' id='block_1_111' title="bbox 198 5972 3502 6059">
    <p class='ocr_par' dir='ltr' id='par_1_111' title="bbox 198 5972 3502 6059">
     <span class='ocr_line' id='line_1_111' title="bbox 198 5972 3502 6059; baseline 0.005 -27"><span class='ocrx_word' id='word_1_925' title='bbox 198 5973 497 6032; x_wconf 81' lang='lat' dir='ltr'><strong>habentes</strong></span> <span class='ocrx_word' id='word_1_926' title='bbox 523 5974 577 6031; x_wconf 90' lang='lat' dir='ltr'><strong>in</strong></span> <span class='ocrx_word' id='word_1_927' title='bbox 591 5991 648 6029; x_wconf 89' lang='lat' dir='ltr'><strong>se</strong></span> <span class='ocrx_word' id='word_1_928' title='bbox 662 5973 1004 6031; x_wconf 88' lang='lat' dir='ltr'><strong>dilectionem</strong></span> <span class='ocrx_word' id='word_1_929' title='bbox 1019 5983 1072 6030; x_wconf 89' lang='lat' dir='ltr'><strong>ct</strong></span> <span class='ocrx_word' id='word_1_930' title='bbox 1084 5974 1382 6046; x_wconf 87' lang='lat' dir='ltr'><strong>pacem,ita</strong></span> <span class='ocrx_word' id='word_1_931' title='bbox 1395 5972 1646 6030; x_wconf 88' lang='lat' dir='ltr'><strong>dicuntur</strong></span> <span class='ocrx_word' id='word_1_932' title='bbox 1658 5972 1819 6032; x_wconf 85' lang='lat' dir='ltr'><strong>etlilii</strong></span> <span class='ocrx_word' id='word_1_933' title='bbox 1919 5993 2037 6033; x_wconf 88' lang='lat' dir='ltr'><strong>mus</strong></span> <span class='ocrx_word' id='word_1_934' title='bbox 2066 5995 2185 6034; x_wconf 88' lang='lat' dir='ltr'><strong>cum</strong></span> <span class='ocrx_word' id='word_1_935' title='bbox 2215 5979 2308 6035; x_wconf 89' lang='lat' dir='ltr'><strong>illo</strong></span> <span class='ocrx_word' id='word_1_936' title='bbox 2337 5981 2394 6036; x_wconf 87' lang='lat' dir='ltr'><strong>in</strong></span> <span class='ocrx_word' id='word_1_937' title='bbox 2418 5981 2587 6052; x_wconf 87' lang='lat' dir='ltr'><strong>gloria</strong></span> <span class='ocrx_word' id='word_1_938' title='bbox 2617 5980 2753 6057; x_wconf 90' lang='lat' dir='ltr'><strong>(Col.</strong></span> <span class='ocrx_word' id='word_1_939' title='bbox 2801 5985 2906 6059; x_wconf 90' lang='grc' dir='ltr'><strong>ιιι).</strong></span> <span class='ocrx_word' id='word_1_940' title='bbox 2941 5985 3075 6044; x_wconf 84' lang='lat' dir='ltr'><strong>Nam</strong></span> <span class='ocrx_word' id='word_1_941' title='bbox 3104 5998 3160 6045; x_wconf 93' lang='lat' dir='ltr'><strong>et</strong></span> <span class='ocrx_word' id='word_1_942' title='bbox 3200 5990 3329 6049; x_wconf 88' lang='lat' dir='ltr'><strong>alibi</strong></span> <span class='ocrx_word' id='word_1_943' title='bbox 3357 5991 3502 6049; x_wconf 82' lang='lat' dir='ltr'><strong>idem</strong></span> 
     </span>
    </p>
   </div>
   <div class='ocr_carea' id='block_1_112' title="bbox 597 6065 1043 6133">
    <p class='ocr_par' dir='ltr' id='par_1_112' title="bbox 597 6065 1043 6133">
     <span class='ocr_line' id='line_1_112' title="bbox 597 6065 1043 6133; baseline -0.009 -1"><span class='ocrx_word' id='word_1_944' title='bbox 597 6069 876 6133; x_wconf 65' lang='grc' dir='ltr'><strong>Ριτιοι..</strong></span> <span class='ocrx_word' id='word_1_945' title='bbox 914 6065 1043 6131; x_wconf 89' lang='lat' dir='ltr'><strong>CII.</strong></span> 
     </span>
    </p>
   </div>
   <div class='ocr_carea' id='block_1_113' title="bbox 3061 6083 3133 6146">
    <p class='ocr_par' dir='ltr' id='par_1_113' title="bbox 3061 6083 3133 6146">
     <span class='ocr_line' id='line_1_113' title="bbox 3061 6083 3133 6146; baseline 0 -2"><span class='ocrx_word' id='word_1_946' title='bbox 3061 6083 3133 6146; x_wconf 73' lang='grc'><strong>21</strong></span> 
     </span>
    </p>
   </div>
  </div>
