4020 6498
241 380 349 451 εδδ

1454 379 1760 459 omnem
1799 378 2307 453 MONACHQBUM-

3418 382 3522 441 654

241 502 464 572 Moysen
491 497 558 565 de
607 496 734 571 ﬁliis
769 495 933 571 Israel
980 496 1037 554 in
1082 512 1267 573 eremg
1319 503 1796 573 murmuraverunt
1818 536 1834 562 ,
1862 492 1916 579 ᾼ
1940 493 2269 583 circumcisi,
2309 494 2407 575 vel,
2436 492 2711 549 Habemus
2730 494 3206 553 circumcisionem
3234 513 3249 550 :
3278 495 3375 551 sed
3406 496 3545 583 Nor

241 592 297 659 in
330 591 445 661 ipsa
468 604 651 655 eremo
676 605 709 655 ει
731 590 1009 663 venenatis
1051 591 1386 665 serpentium
1425 590 1697 667 morsibus
1736 604 1831 661 pe-

241 682 479 753 rierunt,
516 689 570 754 et
604 681 659 755 in
688 681 1123 755 repromissionis
1154 689 1302 745 terra
1339 683 1709 753 haereditatem
1749 683 1831 757 iu-

239 780 328 828 ter
354 772 553 839 fratres
595 788 701 845 non
732 782 1052 849 receperunt
1083 772 1270 847 (Num.
1305 791 1396 835 xrv
1426 785 1473 833 et
1504 775 1641 847 XXI).
1670 774 1830 843 ,Quis—

239 866 364 938 quis
394 874 640 939 nostrutn
688 880 817 939 ergo
862 866 1236 941 haereditatem
1282 867 1425 932 inter
1454 867 1655 935 electos
1706 865 1827 933 Dei,

238 959 390 1027 velut
414 960 558 1033 inter
588 959 809 1035 fratres,
851 958 906 1034 ip
939 967 1093 1035 terra
1116 959 1414 1031 viventium
1445 959 1649 1031 habere
1686 958 1829 1031 desi-

240 1052 419 1123 derat,
447 1067 671 1125 necesse
696 1059 862 1123 estut
887 1052 1005 1111 sine
1066 1040 1593 1125 murmuratippibus
1643 1051 1698 1106 in
1746 1049 1829 1125 in-

240 1147 405 1202 stanti
450 1146 647 1215 sautio
674 1146 837 1217 vivat.
887 1147 1060 1217 Tanto
1098 1148 1242 1203 enim
1288 1147 1461 1219 magis
1505 1146 1737 1217 quisque
1763 1145 1829 1221 de

238 1239 495 1307 praesenti
526 1247 833 1307 murmurat
855 1241 1192 1311 operatione,
1222 1247 1426 1310 quanto
1466 1239 1696 1313 amplius
1739 1240 1832 1295 de-

238 1338 423 1399 sperat
457 1330 655 1386 laboris
699 1331 783 1387 sui
822 1340 1082 1397 aeternam
1124 1332 1369 1404 recipere
1394 1331 1826 1403 retributionem.

238 1420 377 1499 Nam
407 1422 499 1491 qui
529 1421 594 1477 de
625 1436 718 1492 spe
746 1423 1120 1501 retributionis
1149 1439 1257 1479 non
1287 1424 1515 1490 dubitat,
1560 1423 1613 1477 in
1651 1422 1832 1499 operi-

236 1516 343 1572 bus
378 1515 530 1571 duris
576 1517 805 1586 positus,
837 1528 1028 1603 coptra
1078 1518 1410 1589 eruditorem
1440 1532 1597 1585 suum
1648 1516 1831 1591 Domi-

236 1624 370 1681 num
411 1608 633 1677 minime
660 1617 983 1679 murmurat.
1016 1606 1187 1679 Filius
1221 1607 1367 1671 enim
1399 1608 1492 1676 qui
1522 1606 1771 1670 eruditur
1797 1620 1831 1681 ᾳ

234 1708 420 1772 patre,
468 1707 527 1753 ut
567 1699 940 1771 haereditateni
988 1698 1222 1771 accipiat
1264 1704 1545 1763 aaternam,
1595 1711 1832 1750 murmu-

239 1806 363 1861 rare
421 1806 527 1846 non
578 1791 775 1861 debet,
826 1790 920 1847 sed
962 1790 1141 1862 potius
1192 1789 1259 1845 de
1310 1789 1481 1865 patris
1527 1788 1832 1843 eruditione

1935 604 2141 669 sumus,
2158 578 2351 671 inquit,
2367 589 2719 659 circumcisio,
2744 588 2796 646 id
2810 598 2913 657 est,
2928 605 3028 645 nos
3049 605 3238 673 sumus
3260 578 3527 673 munditia

1934 668 2207 763 etjustitia
2225 668 2653 765 cirpumcisiouis
2666 678 2979 767 spiritualis,
2998 668 3527 765 habendojustitiani

1935 780 1991 827 et
2022 772 2344 847 munditiam
2375 771 2733 845 Spiritualem.
2757 772 2817 835 In
2844 773 2963 847 lege
2990 774 3136 839 enim
3164 782 3219 831 et
3244 776 3532 847 prophetis

1933 864 2222 934 dupliciter
2248 854 2565 921 circumcidi
2606 854 2905 934 jubemur,‘
2938 881 3103 922 carne
3166 854 3420 935 videlicet
3472 875 3527 921 et

1936 958 2117 1013 corde.
2144 956 2345 1024 Carne,
2378 957 2467 1012 ubi
2500 957 2613 1012 ait:
2653 955 3107 1032 Circumcidimini
3147 976 3361 1015 carnem
3388 975 3529 1032 prte-

1934 1052 2068 1124 putii
2097 1053 2252 1105 vestri
2285 1047 2437 1123 (Cen.
2469 1067 2613 1117 xvu,
2652 1032 2811 1129 Deut.
2862 1048 2955 1124 x);
2988 1038 3183 1118 Corde‘,
3225 1037 3315 1108 ubi
3353 1044 3524 1119 dicit:

1936 1137 2306 1196 Circumcidite
2346 1140 2605 1217 prteputiq
2646 1139 2885 1194 sordium
2919 1149 3208 1207 vestrorum
3240 1134 3375 1213 (εἶεν.
3418 1143 3518 1212 tv).

1932 1232 2039 1289 Nos
2065 1228 2196 1289 vero
2228 1244 2360 1305 tunc
2386 1250 2550 1290 carne
2574 1233 3039 1299 circumcidimur,
3069 1234 3113 1287 si
3162 1250 3192 1288 a
3222 1224 3381 1291 nabis
3405 1249 3522 1291 car-

1932 1325 2077 1381 nalia
2106 1327 2239 1382 vitia
2285 1326 2682 1393 abscindimus,
2714 1326 2767 1382 id
2804 1333 2908 1391 est,
2960 1325 3248 1395 adulteria,
3290 1325 3529 1384 fornica-

1931 1418 2132 1485 tiones,
2162 1417 2591 1490 immunditiam,
2632 1417 2931 1488 crapulam,
2979 1418 3296 1486 ebrietates,
3329 1428 3385 1473 et
3432 1435 3531 1487 ca-

1933 1517 2050 1589 tera
2077 1509 2163 1581 his
2192 1509 2409 1577 similia,
2439 1526 2561 1583 quae
2584 1526 2685 1584 per
2710 1511 2896 1566 carnis
2936 1517 3233 1582 cperantur
3274 1512 3532 1582 concupi-

1932 1601 2217 1675 scentiam.
2243 1601 2419 1673 Corde
2445 1602 2909 1669 circumcidimur,
2945 1602 2991 1659 si
3023 1618 3053 1657 a
3079 1603 3239 1659 nobis
3279 1602 3532 1676 spiritua-

1931 1690 2004 1771 iia
2028 1693 2161 1749 vitia
2183 1694 2575 1763 abscindimus,
2605 1696 2659 1751 id
2680 1703 2784 1762 est,
2814 1695 3146 1767 superbiam,
3177 1695 3529 1768 iactantiam,

1934 1786 2096 1855 iram,
2121 1788 2317 1861 rixam,
2341 1788 2546 1855 odium,
2570 1788 2656 1845 vel
2687 1789 2967 1855 invidiam,
2992 1796 3048 1844 et
3075 1787 3292 1845 similia.
3318 1788 3530 1845 Horum

237 1883 494 1953 gaudere.
531 1879 793 1959 Perversa
834 1896 989 1949 mens
1029 1881 1245 1952 quando
1282 1896 1380 1963 per
1404 1880 1832 1965 increpationem
1860 1882 1911 1961 Β
1938 1897 2068 1954 ergo
2092 1883 2335 1955 omnium
2363 1881 2595 1955 abjectio
2620 1883 2897 1951 vitiorum,
2944 1891 3001 1938 et
3021 1884 3292 1939 bonarum
3319 1897 3535 1941 assum-

238 1974 544 2047 oqrripitur,
569 1983 661 2033 aut
687 1990 784 2045 per
803 1975 1203 2049 praedicationis
1224 1974 1561 2031 dulcedinem
1589 1975 1655 2030 ad
1674 1975 1819 2041 bona

236 2066 513 2141 suadetur,
543 2067 607 2122 de
644 2054 985 2139 correptione
1008 2065 1066 2141 iit
1094 2066 1351 2141 deterior,
1377 2075 1433 2122 et
1451 2066 1575 2121 inde
1605 2066 1658 2120 in
1681 2082 1830 2135 mur-

239 2161 562 2237 tpprationis
605 2161 893 2232 iniquitate
942 2161 1310 2237 succenditur,
1362 2160 1505 2215 unde
1547 2159 1731 2213 debuit
1760 2156 1829 2212 ab

236 2249 526 2329 iniquitate
576 2250 869 2325 compesci.
904 2250 1160 2325 Quisquis
1188 2265 1287 2323 pro
1331 2258 1555 2327 peccato
1589 2247 1827 2321 percuti-

236 2352 344 2417 ttir,
378 2343 479 2418 nisi
504 2342 894 2419 murmurando
922 2342 1212 2417 renitatur,
1243 2356 1308 2399 eo
1350 2341 1469 2412 ipso
1506 2341 1621 2413 jam
1644 2337 1828 2409 justus

236 2454 356 2509 esse
399 2440 645 2511 inchoat,
698 2454 809 2511 quo
837 2438 1083 2513 ferientis
1108 2438 1378 2509 justitiam
1433 2453 1540 2492 non
1585 2444 1825 2491 accusat.

235 2528 379 2601 ﬂint!
429 2537 485 2597 ,et
528 2528 729 2601 Paulus
777 2528 889 2583 ait:
941 2527 1124 2602 Neque
1166 2528 1643 2601 murmuraveritis,
1693 2527 1829 2581 sicut

232 2617 452 2692 quidam
478 2635 658 2687 eorum
712 2629 1192 2687 murmuraverunt,
1230 2629 1278 2673 et
1315 2637 1347 2693 α
1374 2619 1699 2695 serpentibus
1738 2636 1829 2695 pe-

236 2709 441 2783 rierunt
468 2707 522 2785 (Ι
552 2706 677 2765 Cor.
709 2726 784 2785 ξς
816 2708 984 2785 Nunt.
1016 2709 1152 2782 XXI)-
1198 2709 1396 2781 Narrat
1448 2711 1645 2787 quippe
1690 2709 1830 2766 liber

234 2798 595 2873 Humerorum
624 2802 769 2874 quod
798 2810 1067 2873 pertaesus
1095 2802 1150 2856 in
1187 2817 1372 2865 eremo
1399 2786 1627 2879 populus
1662 2801 1828 2871 lsrael

235 2889 450 2953 itineris
504 2891 648 2963 longi
693 2906 756 2948 ac
803 2891 1043 2960 laboris,
1098 2892 1540 2967 murmuraverit,
1599 2891 1827 2961 ideoque

236 2969 505 3057 Dominus
531 2982 743 3039 miserit
779 2984 835 3041 in
885 2983 1038 3051 illum
1070 2984 1270 3057 ignitos
1308 2992 1605 3059 serpentes.
1647 2984 1828 3055 Plaga:

236 3071 405 3149 igitur
449 3082 764 3153 serpentum
814 3075 1106 3150 ignitorum
1144 3091 1349 3131 venena
1403 3084 1528 3131 sunt
1568 3076 1827 3133 vitiorum

235 3179 357 3241 qua:
386 3166 623 3239 animam
667 3181 832 3247 quam
880 3175 1108 3241 tangunt
1156 3167 1422 3247 spirituali
1469 3175 1643 3223 morte
1686 3166 1829 3243 peri-

1932 1974 2047 2051 ptio
2071 1975 2354 2051 virturum,
2392 1975 2601 2045 t‘aciunt
2641 1976 2918 2047 hominem
2953 1973 3181 2046 justum.
3214 1974 3282 2030 Et
3309 1975 3425 2031 haec
3446 1973 3537 2044 ju-

1932 2068 2084 2143 stitia
2121 2067 2582 2151 circumcisionis,
2620 2085 2726 2139 qua
2749 2066 2882 2137 justi
2915 2068 3163 2124 homines
3204 2066 3532 2133 elliciuntur,

1935 2174 1963 2215 a
1992 2157 2160 2213 Paulo
2194 2160 2541 2216 circumcisio
2571 2168 2817 2231 vocatur.
2860 2158 2965 2226 Qui
3012 2160 3203 2230 spiritu
3233 2156 3342 2214 Deo
3372 2160 3535 2215 servi-

1932 2269 2049 2307 mus
2085 2249 2250 2323 (Phil.
2279 2250 2387 2329 ιιι),
2420 2252 2628 2325 inquit:
2660 2250 2803 2306 Deus
2827 2252 2966 2305 enim
2993 2251 3209 2322 spiritus
3234 2257 3310 2304 est
3343 2248 3527 2324 (Ioan.
3615 2241 3623 2251 ’

1932 2344 2032 2411 tv).
2088 2340 2158 2396 Et
2200 2343 2339 2401 sicut
2369 2343 2463 2419 qui
2492 2343 2723 2415 adorant
2760 2340 2954 2409 Deum,
2990 2340 3045 2396 in
3075 2340 3269 2412 spiritu
3307 2350 3363 2407 et
3391 2340 3534 2396 veri-

1933 2440 2043 2503 tate
2067 2441 2281 2511 oportet
2312 2433 2565 2501 adorare,
2594 2434 2669 2489 ita
2697 2443 2752 2491 et
2777 2433 2873 2509 qui
2902 2432 3072 2489 servit
3099 2431 3233 2499 Deo,
3258 2434 3312 2488 in
3335 2432 3531 2504 spiritu

1933 2531 1987 2591 et
2011 2526 2239 2591 veritate
2267 2533 2481 2621 oportet
2510 2524 2559 2603 ei
2588 2525 2814 2581 servire.
2861 2524 2927 2593 Et
2963 2522 3258 2603 gloriamur
3298 2524 3353 2578 in
3381 2520 3534 2577 Chri-

1932 2624 2012 2668 sto
2039 2612 2190 2668 Jesu.
2231 2612 2311 2669 Ae
2353 2614 2398 2695 si
2440 2615 2643 2673 diceret
2676 2632 2689 2668 :
2733 2613 2842 2670 Nos
2872 2615 2964 2697 qui
2992 2614 3186 2699 spiritu
3217 2614 3329 2670 Deo
3354 2614 3527 2671 servi-

1932 2723 2075 2773 mus,
2103 2722 2210 2779 non
2233 2706 2524 2781 carnaliter
2547 2706 2602 2761 in
2628 2706 2809 2762 carnis
2836 2705 3271 2771 circumcisione,
3300 2703 3394 2760 sed
3417 2704 3533 2775 spi-

1931 2799 2200 2871 ritualiter
2214 2801 2267 2871 in
2279 2796 2497 2871 Christo
2508 2798 2635 2854 Jcsu
2651 2799 2965 2871 gloriamur,
2983 2814 3014 2852 a
3029 2813 3136 2869 quo
3149 2804 3207 2852 et
3222 2795 3345 2852 ﬁdei
3361 2797 3529 2852 virtu-

1934 2900 2043 2949 tem
2072 2892 2402 2965 accepimus,
2425 2907 2524 2977 per
2543 2908 2703 2963 quam
2729 2892 2783 2946 in
2800 2907 2865 2947 eo
2885 2890 3201 2967 gloriamur.
3230 2888 3367 2946 Nam
3381 2890 3531 2964 quod

1932 2986 2195 3042 Dominus
2225 2986 2310 3040 die
2339 2994 2532 3057 octavo
2555 2996 2638 3040 est
2665 2983 3040 3049 circumcisus,
3074 2990 3129 3038 et
3157 2989 3283 3067 post
3310 2980 3528 3037 tricesi-

1932 3094 2083 3133 mum
2112 3077 2334 3134 tertium
2373 3076 2808 3132 circumcisionis
2844 3076 3008 3141 diem,
3057 3074 3123 3129 ad
3155 3074 3417 3159 templUm
3447 3081 3534 3130 est

1934 3170 2147 3226 delatus
2175 3169 2328 3243 (Luc.
2363 3168 2449 3245 ιι),
2475 3178 2535 3224 ιιι
2564 3170 2744 3225 hostia
2772 3184 2874 3240 pro
2902 3183 2966 3222 eo
3000 3156 3310 3234 oll‘erretur,
3334 3175 3391 3222 et
3404 3156 3534 3221 san-

236 3267 409 3333 munt.
445 3254 515 3331 Et
542 3246 693 3333 bene
722 3274 1068 3331 murmurans
1100 3246 1286 3314 contra
1326 3260 1616 3333 Dominum
1661 3275 1833 3331 popu-
1860 3246 1905 3310 C
1938 3272 2059 3317 etus
2083 3261 2297 3317 Domini
2319 3271 2626 3326 vocaretur,
2652 3260 2880 3334 mystice
2898 3260 3169 3332 signiﬁcat
3194 3257 3323 3334 quia
3346 3273 3529 3325 nemo,

235 3348 322 3413 lus
358 3360 671 3427 serpentum
701 3350 977 3409 morsibus
1026 3351 1396 3419 sternebatur,
1442 3358 1502 3404 ut
1540 3367 1607 3425 ex
1641 3351 1832 3406 ordine

235 3441 427 3513 ﬂagelli
458 3444 746 3519 erterioris
788 3452 1109 3516 agnosceret
1156 3453 1415 3527 quantam
1463 3445 1610 3501 intus
1649 3445 1834 3516 perni-

236 3536 380 3609 piem
432 3537 825 3611 murmurando
875 3546 1173 3607 pateretur.
1227 3537 1374 3601 Dixit
1424 3537 1591 3613 abbas
1633 3533 1831 3607 Ioseph

235 3627 384 3707 quod
434 3638 546 3701 tres
593 3638 718 3701 sunt
770 3629 990 3705 ordines
1046 3627 1389 3684 honorabiles
1436 3628 1491 3699 in
1537 3629 1832 3701 conspectu

237 3717 492 3799 Domitii:
532 3718 743 3793 primus
781 3720 998 3791 quando
1044 3720 1206 3779 homo
1254 3719 1582 3791 infirmatur,
1617 3728 1671 3775 et
1699 3716 1833 3788 adji-

238 3809 461 3887 ciuntur
506 3811 557 3889 ei
610 3811 960 3889 tentatioiies,
1008 3820 1063 3885 et
1095 3827 1216 3867 cum
1267 3812 1568 3885 gratiarum
1617 3811 1832 3866 actione

239 3903 473 3979 suscipit
508 3919 636 3983 eas;
686 3906 957 3963 secundus
996 3914 1201 3973 autem,
1244 3906 1459 3977 quando
1491 3906 1688 3983 aliquis
1720 3922 1834 3961 om-

238 3984 332 4073 pia
357 4010 518 4069 opera
560 4012 655 4073 sua
685 3994 818 4053 facit
865 3998 1065 4054 munda
1104 4014 1289 4053 coram
1330 3998 1581 4067 Domino,
1610 4008 1667 4054 et
1696 3999 1833 4053 nihil

239 4087 299 4165 in
340 4087 407 4143 iis
446 4090 642 4159 quaerit
688 4091 1018 4158 humanum;
1060 4092 1254 4165 tertius
1296 4107 1450 4158 vero,
1481 4093 1702 4162 quando
1735 4092 1833 4146 ali-

240 4180 368 4254 quis
391 4181 542 4237 sedet
568 4181 622 4236 in
655 4181 1009 4267 subiectione,
1054 4191 1111 4269 et
1134 4184 1421 4255 praeceptis
1462 4182 1834 4254 spiritualibus

240 4272 364 4349 sine
393 4275 821 4329 murmuratione
856 4275 1057 4343 obedit,
1102 4283 1157 4351 et
1198 4274 1450 4330 omnibus
1476 4275 1710 4347 propriis
1748 4292 1825 4330 re~

241 4367 461 4447 riuntiat
480 4368 867 4443 voluntatibus.
1046 4356 1049 4363 ⁴

816 4459 1045 4517 CAPUT
1103 4458 1259 4515 LVII.

636 4551 715 4627 pe
742 4552 1139 4627 circumcisione
1170 4552 1437 4606 vitiorum.

321 4645 396 4731 De
420 4643 525 4700 hoc
547 4643 782 4715 capitulo
820 4644 898 4698 sic
923 4642 1124 4697 Paulus
1154 4643 1227 4696 ait
1254 4657 1267 4695 :
1310 4640 1424 4697 Nos
1466 4644 1607 4698 enim
1652 4659 1832 4697 sumus

244 4736 600 4801 circumcisio,
645 4735 734 4808 qui
776 4735 964 4805 spiritu
1010 4734 1117 4787 Deo
1167 4734 1441 4797 servimus,
1473 4744 1520 4788 et
1545 4733 1838 4805 gloriamur

243 4828 305 4881 in
331 4825 537 4881 Christo
562 4824 691 4880 Iesu
726 4824 892 4896 (Phil.
940 4824 1043 4896 ιιι).
1088 4823 1167 4901 Ac
1214 4824 1257 4879 si
1288 4824 1497 4880 diceret
1542 4826 1835 4901 carnaliter

246 4918 768 4974 circumcisis:Vos
815 4917 947 4973 estis
995 4908 1339 4997 circumcisio
1388 4918 1542 4990 pellis
1583 4920 1837 4995 prteputii

245 5000 452 5085 vestri,
494 5026 592 5066 nos
636 5009 976 5065 circumcisio
1026 4998 1204 5064 cordis
1248 5020 1302 5064 et
1346 5011 1593 5082 corporis
1640 5011 1833 5083 nostri.

246 5096 363 5171 Yos
388 5102 583 5155 bonam
617 5086 713 5154 Dei
742 5116 772 5153 a
797 5101 952 5155 vobis
995 5100 1289 5172 amputatis
1313 5111 1641 5166 creaturam,
1668 5118 1768 5156 nos
1804 5118 1834 5157 a

248 5192 413 5247 nobis
440 5191 571 5245 vitia
620 5191 1058 5245 circumcidimus
1104 5191 1462 5260 spiritualiter
1490 5199 1543 5246 et
1586 5200 1831 5263 peccata.

250 5282 412 5339 Unde
436 5292 491 5336 et
523 5296 623 5336 nos
665 5296 850 5336 sumus
882 5281 1245 5352 circumcisio,
1295 5281 1387 5350 qui
1419 5280 1617 5351 spiritu
1672 5278 1842 5336 servi-

248 5393 377 5434 mus
406 5377 537 5443 Deo,
573 5392 679 5430 non
708 5392 805 5431 vos
842 5376 935 5446 qui
986 5374 1251 5449 maculam
1293 5375 1726 5431 circumcisionis
1755 5374 1839 5428 in-

249 5467 455 5539 ducitis
476 5465 689 5543 corpori
712 5474 911 5521 vestro.
944 5463 1097 5534 Quod
1125 5474 1305 5531 autem
1335 5465 1484 5531 dicit,
1518 5465 1630 5520 Nos
1653 5483 1837 5547 suinus

249 5548 603 5622 circumcisio,
636 5558 727 5633 qui
755 5559 942 5631 spiritu
978 5560 1231 5615 servimus
1259 5557 1390 5625 Deo,
1417 5557 1523 5614 tale
1549 5566 1652 5626 est,
1683 5560 1839 5629 quasi

250 5646 461 5703 diceret
488 5666 499 5702 :
533 5647 644 5705 Nos
673 5640 861 5709 sumus
889 5649 1187 5720 spiritualis
1229 5649 1661 5705 circumcisionis
1680 5647 1840 5719 justi-

252 5737 488 5808 tia,’quia
516 5738 727 5811 iustitia
773 5740 1084 5812 spiritualcs
1119 5738 1319 5807 ell‘ecti,
1364 5739 1719 5811 spiritualiter
1744 5756 1839 5796 no-

249 5836 376 5887 stro
403 5832 669 5889 servimus
694 5832 936 5889 Auctori.
977 5831 1093 5887 Non
1122 5831 1268 5887 enim
1300 5831 1475 5886 dixit:
1506 5831 1615 5887 Nos
1651 5848 1837 5887 sumus

1856 4611 1912 4672 D

1936 3347 2043 3402 nisi
2072 3347 2431 3401 circumcisus
2453 3346 2625 3413 vitiis,
2655 3332 2852 3418 dignus
2876 3346 2948 3401 sit
2970 3332 3271 3400 Dominicis
3295 3360 3534 3417 ιιι-περιι-

1936 3441 2042 3497 tari
2086 3438 2497 3513 conspectibus;
2547 3456 2707 3495 nemo
2743 3439 2848 3495 nisi
2909 3437 3263 3495 mortalitatis
3303 3438 3533 3494 nexibus

1938 3532 2243 3605 absolutus,
2293 3518 2541 3605 supernae
2588 3531 2825 3587 civitatis
2872 3532 3068 3605 gaudia
3110 3532 3311 3603 poterit
3352 3528 3535 3588 subire

1936 3628 2228 3701 perfectus.
2276 3627 2414 3701 Nam
2461 3635 2515 3683 et
2558 3612 2629 3682 ad
2658 3628 2801 3685 hanc
2847 3626 3149 3684 carnalium
3178 3634 3233 3682 et
3279 3618 3536 3711 spiritua-

1937 3725 2070 3780 lium
2092 3726 2349 3799 vitiorum
2368 3723 2842 3801 circumcisionem
2872 3721 3205 3790 faciendam,
3242 3716 3340 3779 nos
3371 3719 3531 3779 Jaco-

1935 3818 2039 3877 bus
2080 3817 2360 3888 apostolus
2402 3800 2653 3891 hortatur
2684 3815 2909 3872 dicens:
2967 3800 3534 3897 Abjicientes‘omnem

1936 3912 2353 3985 immunditiam,
2380 3921 2428 3966 et
2474 3908 2860 3965 abundantiam
2914 3906 3154 3974 malitim,
3188 3907 3243 3961 in
3289 3924 3535 3975 mansue-

1938 4005 2118 4060 tudine
2142 4005 2391 4077 suscipite
2420 4004 2637 4077 insitum
2662 4002 2869 4057 verbum
2886 3999 3092 4075 (Jacob.
3122 3999 3184 4073 ι).
3212 3999 3398 4055 Primo
3419 4014 3535 4054 cor-

1935 4112 2039 4168 pus
2079 4104 2135 4165 et
2161 4104 2399 4151 mentem
2441 4112 2472 4150 a
2510 4094 2657 4150 vitiis
2703 4093 2857 4163 jubet
2901 4091 3234 4155 circumcidi,
3287 4098 3347 4145 ut
3387 4090 3534 4162 digni

1939 4189 2176 4244 existere
2219 4188 2493 4259 possimus
2523 4187 2614 4259 qui
2656 4187 2880 4241 verbum
2921 4184 3115 4241 salutis
3143 4182 3529 4256 percipiamus.

1939 4277 2167 4335 Omnem
2207 4279 2403 4351 quippe
2458 4276 2859 4351 immunditiam
2909 4286 2966 4333 et
3014 4260 3197 4331 carnis
3241 4282 3299 4329 et
3341 4272 3536 4357 animte

1939 4379 2217 4441 nuncupat
2244 4390 2256 4425 :
2305 4371 2569 4426 malitiam
2593 4387 2748 4438 vero,
2790 4379 3007 4425 tantum
3034 4368 3103 4424 ad
3143 4352 3419 4425 interioris
3438 4352 3537 4423 bo-

1940 4463 2103 4518 minis
2131 4463 2457 4532 pravitatem
2506 4464 2783 4534 pertinere
2835 4462 3104 4534 designat.
3157 4454 3227 4516 At
3266 4458 3408 4517 hanc
3433 4476 3537 4537 pos

1938 4554 2195 4609 vitiorum
2235 4540 2711 4627 cir¢umciéionem
2760 4553 2963 4627 facere,
3015 4554 3210 4610 Petrus
3257 4553 3536 4641 apostolus

1939 4645 2195 4701 admonet
2241 4646 2430 4701 dicens
2474 4643 2842 4711 :Charissimi,
2897 4645 3109 4699 obsecro
3154 4662 3240 4699 vos
3283 4648 3532 4739 tanquam

1939 4737 2167 4793 advenas
2198 4747 2247 4792 et
2272 4740 2593 4810 peregrinos,
2627 4738 2887 4793 abstinere
2910 4756 2996 4793 vos
3020 4756 3051 4792 a
3078 4738 3379 4792 carnalibus
3394 4736 3537 4791 desi-

1939 4830 2098 4883 deriis
2129 4829 2179 4903 (ι
2208 4827 2355 4884 Petr.
2389 4831 2471 4901 ιι),
2500 4829 2699 4907 Aperte
2726 4838 2907 4886 autem
2928 4847 3027 4886 nos
3056 4831 3214 4910 docet
3246 4846 3275 4885 a
3299 4814 3534 4885 carnali-

1938 4919 2040 4975 bus
2068 4921 2343 4976 abstinere
2367 4921 2673 4990 desideriis,
2702 4924 2828 4994 quia
2853 4924 3115 4979 adversus
3138 4932 3512 4978 nostramsem

1939 5028 2039 5091 per
2069 5013 2305 5068 militant
2329 5014 2565 5068 animam
2594 5033 2606 5069 :
2649 5024 2703 5070 et
2732 5016 2859 5071 dum
2901 5015 3357 5087 concupiscentiis
3383 5013 3533 5069 blan-

1945 5102 2219 5159 dientibus
2245 5120 2374 5159 caro
2415 5105 2691 5173 cnerviter
2718 5105 3054 5179 subjugatur,
3086 5107 3340 5161 vitiorum
3371 5120 3532 5175 exer-

1945 5195 2086 5250 citus
2140 5194 2370 5249 ﬁrmiter
2429 5195 2691 5253 adversus
2760 5199 2997 5253 animam
3066 5198 3329 5252 armatur.
3384 5195 3536 5250 Dixit

1947 5286 2113 5341 abbas
2141 5286 2436 5342 Ammonas
2476 5287 2619 5359 quod
2662 5288 3071 5361 quatuorchim
3117 5301 3287 5341 annos
3320 5285 3533 5340 steterit

1946 5374 2001 5430 in
2028 5374 2234 5448 Scythi,
2266 5362 2566 5451 deprecans
2594 5378 2765 5433 Deum
2791 5386 2950 5435 nocte
2975 5393 3040 5433 ac
3070 5375 3178 5443 die,
3209 5384 3271 5431 ut
3307 5373 3532 5431 donaret

1944 5467 1997 5522 ei
2019 5467 2272 5522 virtutem
2302 5469 2591 5541 superandi
2622 5454 2864 5523 carnem.

2517 5558 2749 5618 CAPUT
2785 5559 2963 5617 LVIII.

2447 5652 2525 5708 De
2569 5652 2744 5731 fructu
2781 5651 3031 5723 justitiw.

2016 5744 2249 5798 .acobus
2296 5743 2573 5814 apostolus
2628 5744 2704 5795 ait
2751 5760 2762 5795 :
2818 5738 3049 5795 Fructus
3089 5751 3264 5796 autem
3306 5740 3531 5813 iustitia:

1945 5836 1999 5891 in
2038 5853 2165 5909 pace
2218 5837 2509 5890 seminatur
2558 5834 2871 5901 facientibus
2920 5850 3098 5904 pacem
3156 5830 3364 5907 (Iacob.
3419 5831 3523 5905 in).
