4020 6464
484 428 589 490 655

1770 389 2122 457 SMARAGDI
2153 380 2442 444 ABBATIS

3653 356 3769 416 656

485 545 661 603 Omne
684 534 831 609 quod
861 534 919 589 in
940 530 1047 586 hac
1063 527 1174 582 vita
1203 524 1408 595 agimus
1439 532 1625 577 semen
1645 520 1731 573 est
1753 510 1951 569 futura:
1979 524 2066 564 re-
2092 507 2148 569 Α
2168 498 2471 563 iracundia,
2493 508 2605 549 non
2632 489 2794 546 laesus
2820 484 3086 552 meminit,
3113 497 3225 539 non
3250 479 3442 536 videns
3470 475 3772 547 pulchram

2252 592 2452 609 «9---...
2502 582 2802 609 ,ιλιηαιιι-..ι
2864 592 2971 609 ...Α-ι
3004 575 3147 609 all-ul
3183 573 3380 609 anniset!
3410 577 3467 609 ot
3508 566 3659 609 aliud
3691 566 3772 609 in—

486 630 820 693 tributionis.
855 626 978 698 Ipsa
1022 628 1205 677 autem
1250 615 1537 673 retributio
1584 611 1792 667 fructus
1840 613 1923 664 est
1952 618 2075 675 Ope-

488 743 614 786 rum
656 696 1022 796 praesentium,
1071 710 1328 785 Apostolo
1375 713 1606 765 testante
1637 702 1731 775 qui
1773 701 1885 756 ait:
1941 696 2074 763 Qua:

489 824 630 880 enim
658 791 988 874 teminaverit
1027 810 1201 873 homo,
1235 806 1346 861 lucc
1369 812 1416 859 et
1443 808 1616 856 metet.
1645 796 1712 852 Et
1734 793 1823 867 qui
1853 791 2076 847 seminat

492 915 550 969 in
574 926 752 974 carne,
775 905 839 962 de
868 918 1025 959 carne
1067 906 1221 955 metet
1259 893 1665 965 corruptionem.
1697 886 1800 954 Qui
1824 892 1998 939 autem
2020 882 2077 933 in

492 1007 702 1078 spiritu,
738 971 809 1055 vde
851 996 1041 1070 spiritu
1085 1000 1240 1048 metet
1272 989 1431 1044 vitam
1466 995 1718 1041 aeternam
1750 971 2074 1053 (Galat.v1).

493 1068 564 1152 Iit
607 1068 728 1150 ideo
762 1068 913 1146 recte
959 1084 1157 1142 dicitur
1187 1081 1313 1153 quia
1353 1077 1563 1133 fructus
1584 1070 1812 1142 iustitia:
1860 1068 1915 1122 in
1944 1078 2080 1136 pace

495 1188 795 1247 seminatur
824 1179 1145 1238 facientibus
1172 1188 1381 1245 pacem.
1412 1169 1647 1224 Fructus
1686 1163 1831 1217 enim
1846 1155 2083 1229 iustitia:

494 1283 608 1337 vita
647 1286 850 1335 aeterna
890 1278 995 1338 est,
1040 1283 1160 1340 qua:
1188 1263 1443 1336 operibus
1466 1258 1692 1330 iustitiae
1719 1250 2078 1312 retribuitur;

492 1374 627 1445 quia
652 1370 747 1442 qui
772 1366 1055 1437 inquirunt
1073 1376 1263 1433 pacem
1308 1361 1610 1427 sequuntur
1638 1364 1779 1406 eam.
1803 1345 1927 1417 Ipsa
1950 1354 2084 1413 pace

498 1465 587 1523 cui
615 1462 856 1527 student,
886 1454 1042 1527 quasi
1084 1452 1288 1524 optima
1318 1451 1579 1509 semente,
1611 1448 1815 1496 terram
1845 1435 1930 1491 sui
1960 1448 2085 1489 cor-

499 1557 584 1614 dis
613 1522 930 1625 aspergunt,
958 1561 1066 1618 quo
1096 1522 1197 1615 per
1232 1537 1612 1612 quotidianum
1639 1533 1797 1587 bona:
1824 1522 2092 1597 operatio-

500 1651 588 1707 nis
626 1616 1073 1705 crementumfad
1122 1636 1359 1692 fructum
1406 1629 1626 1685 valeant
1650 1625 1777 1679 vitae
1802 1616 2093 1691 pervenire

502 1741 759 1800 celestis.
804 1738 883 1793 De
906 1750 1014 1807 quo
1064 1730 1195 1786 alibi
1238 1727 1498 1796 scriptum
1548 1727 1671 1776 est:
1706 1717 1809 1783 Qui
1831 1712 2094 1769 seminant

2175 592 2459 650 mulierem
2498 582 2820 646 delectatur,
2864 592 2974 634 non
3004 575 3150 632 aliud
3183 573 3387 643 cogitat
3410 577 3468 624 et
3508 566 3661 623 aliud
3689 566 3774 621 lo-

2175 683 2362 756 quitur
2392 698 2408 736 :
2437 680 2518 736 sic
2545 685 2599 733 et
2617 691 2715 731 vos
2739 672 2843 728 nisi
2865 670 3028 726 talem
3057 663 3359 723 habueritis
3393 659 3775 717 innocentiam

2176 749 2234 834 et
2260 774 2427 832 animi
2462 770 2780 845 puritatem,
2811 777 3038 834 regnum
3071 758 3336 815 ctelorum
3382 768 3491 808 non
3520 749 3781 821 poteritis

2178 873 2403 928 intrare.
2434 868 2552 936 Qua
2581 863 2727 921 enim
2760 859 2971 915 ratione
3009 854 3078 910 ad
3122 849 3497 908 innocentiam
3524 842 3782 899 infantia

2180 963 2465 1037 pervenire
2481 958 2772 1032 possimus,
2787 952 2985 1008 Petrus
2999 945 3274 1019 apostolus
3298 940 3523 1013 exponit
3549 936 3783 992 dicens:

2181 1027 2510 1125 bepanentes
2553 1048 2717 1119 igitur
2760 1058 2966 1098 omnem
3021 1036 3305 1101 malitiam,
3347 1043 3397 1089 et
3430 1046 3644 1086 omnem
3695 1027 3765 1080 do

2183 1119 2313 1211 lum,
2370 1151 2418 1197 et
2461 1137 2840 1198 simulationes,
2888 1142 2936 1187 et
2979 1129 3226 1193 invidias,
3260 1134 3309 1179 et
3364 1138 3545 1177 omnes
3608 1119 3798 1172 detra-

2185 1207 2404 1300 ctiones,
2431 1233 2565 1287 sicut
2592 1226 2748 1282 modo
2775 1221 3189 1296 genitiinfantes
3212 1210 3558 1270 rationabiles
3593 1219 3647 1262 et
3680 1207 3799 1261 sine

2186 1325 2308 1382 dolo
2353 1298 2435 1378 lac
2464 1317 2836 1390 concupiscite,
2868 1323 2926 1369 ut
2953 1315 3008 1367 in
3049 1326 3108 1365 eo
3157 1306 3406 1363 crescatis
3450 1304 3512 1356 in
3558 1298 3797 1355 salutent

2195 1700 2432 1758 studium

502 1771 759 1800 υυιςιωιω.
806 1771 883 1793 νῦ
906 1771 1014 1807 ιιυυ
1064 1771 1195 1786 ιιιιυ.
1238 1771 1498 1796 uentu“-..
1555 1771 1630 1776 ---
1659 1771 1668 1773 ἡ
1712 1771 1745 1783 η

502 1837 559 1890 in
599 1830 868 1902 lacrgmis,
913 1827 969 1880 in
1010 1822 1206 1896 gaudio
1233 1824 1424 1872 metent
1451 1809 1624 1884 (Psal.
1658 1805 1843 1879 cxxv).
1878 1803 2017 1858 Hinc
2041 1808 2096 1856 et
2123 1873 2171 1902 Β
2197 1809 2295 1866 per
2325 1799 2579 1847 naturam
2608 1785 2843 1842 innoxia:
2873 1781 3052 1838 :etatis
3083 1794 3099 1834 :
3149 1778 3206 1833 id
3233 1786 3338 1843 est,
3370 1789 3477 1829 non
3528 1771 3811 1827 habentes

1713 1894 1764 1902 “
1816 1897 1828 1902 “
2049 1892 2060 1902 ·
2292 1884 2459 1902 εἰη-λέ
2521 1896 2624 1902 *ω
2662 1878 2836 1902 LL...-
2910 1890 3015 1902 ω...
3049 1870 3418 1902 annnam...”
3474 1883 3584 1902 mm
3616 1866 3811 1902 δριη,

501 1924 709 1982 Paulus
746 1921 860 1976 ait:
894 1914 1094 1987 Repleti
1125 1912 1302 1982 fructu
1340 1922 1432 1978 per

504 2015 731 2089 gloriam
770 2018 820 2066 et
864 1984 1074 2062 laudem
1114 2003 1213 2057 Dei
1262 1997 1428 2073 (Phil.
1463 1995 1541 2069 v).
1591 1992 1748 2048 Hunc
1776 1997 1959 2045 autem
1986 1984 2097 2040 fru-

505 2075 655 2165 ctum
675 2100 903 2174 iustitia:
943 2098 998 2152 in
1030 2092 1257 2165 epistola
1289 2090 1358 2144 ad
1393 2087 1617 2143 Galatas
1642 2081 1880 2137 fructum
1922 2075 2097 2148 Spiri-

506 2213 597 2261 tus
635 2196 937 2257 nominavit
974 2193 1199 2249 dicens:
1246 2184 1477 2240 Fructus
1504 2190 1680 2236 autem
1728 2177 1955 2249 Spiritus
2001 2181 2096 2238 est,

509 2296 764 2369 charitas,
789 2289 1061 2363 gaudium,
1102 2298 1232 2356 pax,
1271 2278 1551 2352 patientia,
1587 2271 1979 2344 longanimitas,
2013 2267 2101 2321 bo-

511 2389 670 2452 nitas,
706 2358 1016 2453 benignitas,
1043 2370 1417 2435 mansuetudo,
1444 2369 1596 2439 ﬁdes,
1625 2363 1903 2427 modestia,
1931 2358 2103 2414 conti-

510 2448 712 2542 nentia,
751 2448 963 2528 castitas
988 2463 1188 2540 (Galat.
1214 2462 1293 2535 v).
1323 2461 1440 2529 Quo
1466 2455 1752 2526 multiplici
1790 2452 1969 2508 fructu
1988 2448 2104 2506 vult

511 2584 612 2626 nos
640 2568 697 2623 in
737 2566 827 2622 die
851 2559 1055 2630 Christi
1092 2556 1224 2613 Jesu
1249 2568 1372 2611 esse
1410 2550 1670 2622 repletos,
1711 2547 1767 2603 in
1795 2542 2024 2618 gloriam
2050 2548 2106 2596 et

512 2660 730 2715 laudem
755 2655 854 2711 Dei
877 2671 894 2719 ;
920 2652 1046 2722 quia
1075 2650 1142 2705 de
1161 2645 1414 2703 omnibus
1442 2643 1601 2699 bonis
1627 2654 1749 2711 qua:
1777 2640 1846 2693 ab
1868 2636 1988 2708 ipso
2009 2649 2104 2689 ac-

513 2751 778 2822 cepimus,
812 2760 919 2800 nou
941 2740 1119 2807 nobis,
1145 2739 1240 2795 sed
1283 2736 1385 2807 ipsi
1416 2733 1645 2805 gloriam
1675 2736 1732 2786 et
1754 2727 1972 2782 laudem
2022 2737 2108 2779 re-

516 2815 663 2898 ferre
693 2839 952 2894 debemus
976 2847 1100 2889 cum
1136 2827 1420 2885 Psalmista
1445 2825 1729 2880 dicentes:
1764 2818 1891 2874 Non
1935 2815 2105 2882 nobis,

520 2933 765 2999 Domine,
794 2945 902 2985 non
925 2926 1094 2989 nobis,
1122 2922 1212 2978 sed
1246 2918 1446 2974 nomini
1466 2928 1555 2972 tuo
1576 2916 1646 2970 da
1675 2912 1900 2985 gloriam
1930 2906 2104 2981 (Psal.

518 3022 695 3096 exin).
727 3021 1009 3078 Venerunt
1036 3012 1325 3085 aliquando
1353 3012 1462 3067 duo
1498 3000 1790 3064 fratresad
1816 3001 2108 3074 quemdam

521 3131 727 3176 senem.
751 3109 1098 3170 Consuetudo
1118 3115 1299 3162 autem
1333 3112 1452 3159 erat
1481 3101 1627 3159 senis
1652 3114 1759 3155 non
1780 3096 2110 3152 manducare

520 3209 783 3285 quotidie.
811 3206 916 3274 Qui
942 3220 1067 3260 cum
1098 3201 1325 3257 vidisset
1354 3199 1578 3262 fratres,
1606 3193 1848 3267 gaudens
1872 3186 2113 3259 suscepit
2141 3262 2183 3285 η
2216 3174 2397 3246 XVIII).

1472 1902 1657 1958 Iesum
1701 1866 1988 1959 Christum,
2042 1892 2098 1946 in
2123 1873 2174 1933 B
2201 1884 2487 1949 malitiam,
2521 1896 2630 1936 non
2658 1878 2861 1943 dolum,
2909 1890 3016 1930 non
3049 1870 3442 1935 simulationes,
3474 1883 3588 1923 non
3616 1866 3813 1920 detra-

2203 1982 2412 2039 ctiones
2440 1978 2660 2053 (Ephes.
2685 1977 2796 2047 1v);
2828 1982 2883 2028 et
2904 1980 2964 2027 ut
2989 1970 3167 2026 omnis
3190 1963 3518 2028 amaritudo,
3540 1969 3597 2016 et
3629 1958 3811 2021 furor,

2201 2072 2258 2132 et
2284 2077 2388 2142 ira,
2418 2048 2474 2130 et
2499 2048 2822 2142 indignatio,
2850 2074 2907 2122 et
2935 2063 3142 2120 clamor
3169 2068 3225 2116 et
3269 2054 3613 2127 blasphemia
3660 2048 3818 2105 tolla-

2206 2177 2294 2224 tur
2321 2185 2353 2224 a
2382 2166 2539 2223 vobis
2564 2178 2690 2219 cum
2729 2159 2879 2217 omni
2922 2154 3151 2212 malitia.
3186 2153 3251 2207 Et
3278 2151 3382 2206 hoc
3410 2145 3577 2202 modo
3604 2143 3683 2198 ad
3732 2142 3819 2197 in-

2205 2259 2434 2314 fantiam
2462 2252 2785 2310 innocentim
2804 2254 3165 2311 revertentes,
3186 2240 3342 2313 quasi
3362 2238 3449 2292 lac
3465 2244 3816 2296 maternum,
3923 2304 3937 2317 ‘

2205 2349 2515 2407 desiderate
2552 2346 2610 2400 in
2655 2342 2810 2399 vobis
2858 2345 3175 2395 sanctarum
3204 2330 3623 2400 Scripturarum
3674 2323 3821 2379 reci-

2205 2458 2335 2514 pere
2382 2438 2640 2503 verbum;
2691 2442 2752 2490 ut
2783 2434 2837 2488 in
2866 2446 2932 2487 eo
2976 2434 3310 2488 crescentes,
3342 2421 3411 2476 ad
3452 2434 3583 2476 eum
3608 2431 3818 2488 panem

2206 2508 2629 2608 proﬁciscamini
2675 2522 3090 2585 comedendum,
3120 2517 3209 2589 qui
3237 2514 3302 2569 de
3347 2512 3478 2566 caelo
3505 2508 3818 2573 descendit,

2208 2600 2256 2682 et
2282 2625 2424 2680 dedit
2450 2622 2605 2678 vitam
2634 2616 2831 2673 mundo
2860 2613 3044 2688 (Joan.
3076 2608 3176 2682 v1).
3204 2605 3409 2662 Paulus
3438 2611 3630 2659 autem
3657 2600 3735 2655 de
3755 2614 3814 2654 se

2209 2728 2265 2773 et
2290 2711 2613 2784 sequacibus
2634 2709 2751 2765 suis
2778 2707 2854 2763 ait
2883 2723 2896 2760 :
2933 2702 3091 2758 Facti
3122 2715 3305 2756 sumus
3334 2695 3574 2769 paruuli,
3620 2694 3682 2747 in
3712 2710 3819 2747 su-

2210 2809 2300 2862 dio
2346 2812 2594 2869 uestrum,
2641 2811 2891 2872 tanquam
2945 2797 2991 2852 si
3044 2794 3226 2850 nutriat
3275 2792 3449 2862 foveat
3497 2788 3644 2857 ﬁlios
3696 2800 3821 2840 suos

2212 2900 2267 2975 (I
2299 2899 2480 2954 Thess.
2515 2895 2598 2968 ιι).
2635 2893 2854 2949 Sciebat
2882 2890 3029 2946 enim
3058 2887 3188 2943 illud
3219 2882 3607 2955 evangelicum
3634 2896 3669 2934 a
3714 2879 3821 2933 Do-

2215 2973 2364 3047 mino
2392 2988 2600 3044 dictum
2630 3004 2643 3039 :
2682 2983 2996 3053 Quicunque
3024 2975 3378 3034 humiliaverit
3406 2990 3486 3038 se,
3518 2973 3658 3027 sicut
3699 2986 3822 3040 par-

2213 3081 2362 3138 culus
2412 3081 2529 3146 iste,
2559 3078 2645 3132 hic
2676 3082 2752 3131 est
2800 3072 2975 3144 major
2998 3072 3055 3126 in
3103 3084 3262 3140 regno
3294 3065 3549 3121 caelorum
3599 3060 3818 3133 (Matth.

2451 3171 2580 3227 ideo
2628 3184 2689 3225 se
2738 3164 3066 3222 humiliabat
3116 3163 3172 3217 in
3206 3160 3387 3217 medio
3426 3155 3823 3227 discipulorum

562 3247 783 3268 υυιιυινο
813 3247 916 3274 κω.
943 3247 1067 3260 νυιι-
1111 3247 1325 3257 νιν-νυν-
1354 3247 1484 3253 --ν-ν-
1501 3247 1578 3262 --1
1607 3247 1692 3267 σαν
1725 3247 1733 3248 κ
2031 3247 2051 3259 ⁸

524 3247 640 3371 :08,
662 3310 720 3359 et
748 3300 922 3358 dixit:
952 3294 1225 3369 Jejunium
1264 3307 1420 3349 suam
1462 3287 1767 3345 mercedem
1793 3284 1976 3339 habet.
2008 3281 2113 3335 lte-
2140 3262 2185 3325 C
2218 3279 2460 3330 suorum,
2492 3270 2555 3317 ut
2580 3268 2637 3317 et
2670 3259 2779 3315 illis
2809 3255 3117 3325 exemplum
3160 3249 3431 3323 praeberet
3459 3247 3822 3310 humilitatis,

2256 3369 2265 3371 μ
2352 3357 2385 3371 ο·
2411 3356 2422 3368 ·
2498 3361 2539 3371 Α
2586 3350 2865 3371 “sums-m-
2905 3347 3213 3371 ---ηε-..-ιιι
3256 3338 3663 3371 ιη....;ι;..ι;η..;ρ
3738 3337 3822 3371 πί.

522 3414 669 3463 rum,
694 3395 788 3467 qui
815 3391 1109 3449 manducat
1129 3395 1349 3459 propter
1367 3382 1709 3445 cbaritatem,
1733 3377 1839 3434 duo
1861 3373 2116 3430 mandata

523 3462 736 3561 implet,
787 3483 1043 3557 quoniam
1074 3479 1410 3535 voluntatem
1441 3471 1722 3544 propriam
1768 3462 2115 3533 derelinquit,

527 3590 584 3639 et
602 3555 918 3636 mandatum
941 3573 1153 3643 implet,
1182 3568 1431 3625 reﬁciens
1468 3564 1688 3619 fratres.
1721 3559 1870 3615 Dixit
1897 3555 2120 3628 quidam

526 3674 753 3729 Patrum
777 3688 791 3724 :
822 3667 941 3723 Nisi
966 3665 1120 3736 prius
1147 3661 1273 3718 odio
1305 3657 1564 3714 habueris
1601 3653 1755 3718 vitia,
1784 3667 1891 3706 non
1914 3647 2121 3720 poteris

529 3764 776 3836 diligere.
813 3758 929 3815 Nisi
962 3770 1093 3827 ergo
1121 3752 1303 3810 oderis
1328 3755 1634 3820 peccatum,
1678 3759 1789 3799 non
1820 3741 1991 3798 facies
2031 3738 2122 3807 ju-

534 3833 761 3913 stitiam.
793 3851 1067 3921 Scriptum
1090 3853 1175 3903 est
1199 3862 1213 3899 :
1249 3841 1471 3898 Declina
1500 3858 1533 3894 a
1558 3836 1721 3903 malo,
1746 3844 1797 3891 et
1822 3834 1907 3905 fac
1932 3833 2124 3888 bonum

539 3944 716 4021 (Psal.
743 3941 962 4014 xum).
988 3940 1376 3997 Verumtamen
1401 3934 1456 3988 in
1484 3929 1736 3987 omnibus
1764 3927 1851 3983 his
1872 3924 2124 3996 proposi-

534 4018 652 4097 tum
693 4036 862 4095 animi
888 4034 1092 4104 ubique
1136 4026 1456 4101 requiritur.
1498 4023 1674 4078 Adam
1704 4020 1852 4077 enim
1884 4018 1940 4074 in
1968 4031 2127 4088 para-

535 4133 655 4190 diso
677 4129 979 4187 consistens
1005 4122 1394 4198 praevaricatus
1422 4125 1508 4175 est
1534 4115 1851 4172 mandatum
1878 4111 1999 4178 Dei,
2022 4108 2126 4164 Job

536 4229 720 4279 autem
756 4219 813 4274 in
851 4226 1093 4274 stercore
1121 4213 1337 4277 sedens,
1381 4205 1693 4266 custodivit.
1729 4203 1884 4261 Unde
1914 4207 2128 4258 constat

537 4314 685 4388 quod
707 4311 1047 4385 propositum
1069 4308 1274 4363 bonum
1302 4300 1499 4374 quaerit
1528 4298 1673 4354 Deus
1699 4296 1769 4352 ab
1794 4293 2033 4358 homine,
2073 4299 2130 4346 et

536 4414 603 4463 ut
630 4418 847 4477 semper
871 4403 1060 4458 timeat
1087 4414 1232 4455 eum.

1135 4488 1363 4546 CAPUT
1397 4486 1538 4542 LIX.

508 4650 521 4679 ρ
740 4589 808 4648 Ut
833 4588 901 4644 ad
927 4585 1282 4643 innocentiam
1313 4587 1635 4635 reuertamur
1660 4574 1925 4645 infantiae.

613 4684 875 4743 Dominus
902 4682 958 4737 in
988 4675 1279 4749 Evangelio
1309 4672 1424 4726 ait:
1460 4668 1629 4723 Amen
1655 4665 1774 4721 dico
1813 4664 1979 4729 vobis,
2028 4661 2131 4717 nisi

544 4776 779 4836 conuersi
802 4772 1031 4845 fueritis,
1059 4777 1107 4823 et
1132 4761 1427 4838 eﬂiciamini
1468 4761 1604 4815 sicut
1628 4756 1857 4831 paruuli,
1897 4772 2003 4811 non
2047 4754 2133 4809 in-

547 4869 753 4925 trabitis
794 4867 852 4921 in
878 4877 1096 4935 regnum
1125 4857 1373 4914 calorum
1401 4853 1617 4928 (Matth.
1646 4852 1825 4924 xvm).
1870 4849 1986 4905 Hoc
2025 4862 2136 4904 non

549 4961 725 5018 solum
754 4953 1015 5027 apostolis
1042 4948 1300 5022 praecepit
1326 4946 1608 5010 Dominus,
1658 4942 1755 4998 sed
1801 4948 1856 4996 et
1884 4938 2138 4995 omnibus

549 5055 608 5111 in
638 5067 697 5109 se
724 5046 1072 5107 credentibus
1092 5042 1186 5113 qui
1215 5041 1442 5111 cupiunt
1461 5038 1517 5093 in
1545 5050 1771 5107 regnum
1798 5035 2006 5088 intrare
2027 5044 2137 5087 cm-

548 5142 750 5200 lorum.
782 5136 899 5193 Non
928 5148 1060 5205 ergo
1086 5130 1242 5187 nobis
1262 5129 1578 5201 praecipitur
1606 5135 1667 5181 ut
1692 5132 1907 5180 aetatem
1936 5122 2138 5178 habea-

551 5250 675 5293 mus
721 5229 1092 5305 parvulorum,
1134 5227 1229 5282 sed
1268 5231 1330 5279 ut
1357 5221 1826 5280 conversationem
1857 5226 2140 5274 teneamus

553 5329 904 5395 innocentiae,
931 5332 988 5382 et
1030 5323 1175 5395 quod
1219 5320 1297 5377 illi
1323 5335 1421 5391 per
1449 5332 1621 5374 annos
1646 5314 1928 5385 possident
1968 5309 2130 5366 infan-

554 5423 669 5489 tiaz,
699 5435 799 5476 nos
824 5415 1198 5491 possideamus
1223 5425 1321 5482 per
1344 5408 1639 5480 puritatem
1681 5402 2035 5467 innocentia,
2080 5406 2141 5455 ut

558 5512 790 5578 malitia,
820 5523 930 5565 non
977 5504 1244 5576 sapientia
1278 5500 1492 5572 parvuli
1539 5498 1728 5554 simus.
1760 5496 1900 5551 Hinc
1944 5494 2140 5548 iterum

560 5603 681 5674 ipse
705 5599 966 5656 Dominus
994 5585 1069 5650 ait
1092 5613 1104 5648 :
1139 5592 1447 5661 Quicunque
1472 5604 1593 5658 ergo
1619 5584 1971 5641 humiliaverit
1991 5598 2045 5636 se
2064 5580 2142 5635 si-

561 5703 652 5751 cut
699 5690 952 5766 paruulus
997 5688 1115 5753 iste,
1147 5685 1230 5740 hic
1261 5692 1337 5739 est
1382 5682 1555 5752 major
1595 5680 1652 5734 in
1696 5693 1854 5748 regno
1898 5673 2144 5728 caelorum

2218 3369 2275 3416 et
2321 3356 2544 3413 sibimet
2584 3350 2871 3424 praemium
2902 3347 3216 3418 acquireret
3256 3338 3689 3398 humiliationis.
3738 3337 3835 3393 Vi-

2221 3452 2454 3508 dendum
2491 3456 2671 3503 tamen
2702 3443 2973 3518 quomodo
3002 3442 3107 3497 hoc
3131 3440 3188 3494 in
3214 3438 3337 3493 loco
3364 3433 3725 3491 laudabiliter
3750 3430 3824 3485 di-

2222 3552 2332 3611 cat,
2359 3543 2487 3613 [acti
2509 3556 2690 3597 sumus
2716 3535 2943 3611 parvuli,
2967 3551 3092 3591 cum
3119 3533 3228 3588 alio
3253 3530 3375 3586 loco
3395 3529 3548 3586 dicat
3576 3547 3592 3582 :
3624 3527 3831 3582 ιιιίιαι

2224 3655 2329 3692 non
2360 3636 2649 3708 efﬁciamur
2675 3630 2883 3704 parvuli
2914 3627 2966 3701 (1
2993 3627 3120 3683 Cor.
3148 3624 3301 3698 xxv);
3328 3620 3612 3693 quomodo
3637 3619 3833 3673 volun-

2227 3727 2363 3783 tarie
2395 3724 2525 3780 facti
2564 3731 2691 3779 sunt
2720 3719 2934 3793 parvuli
2976 3718 3226 3775 nolentes
3266 3729 3389 3771 esse
3432 3710 3682 3784 parvuli.
3728 3708 3835 3765 Sed

2225 3822 2413 3895 quales
2462 3833 2562 3874 nos
2607 3817 2867 3888 parvulos
2892 3813 3076 3885 cupiat
3104 3825 3228 3867 esse
3256 3808 3483 3872 Paulus,
3514 3806 3641 3877 ipse
3664 3817 3835 3874 expo-

2226 3939 2363 3979 nens
2409 3920 2485 3976 ait
2533 3916 2791 3973 :Malitia
2849 3911 3057 3986 parvuli
3110 3916 3271 3965 estote
3321 3903 3375 3978 (1
3404 3902 3534 3959 Cor.
3562 3901 3709 3971 xtv).
3770 3900 3837 3956 Et

2225 4013 2413 4086 quales
2440 4027 2540 4068 nos
2566 4024 2686 4067 esse
2724 4004 2980 4079 parvulos
3006 4017 3115 4058 non
3155 3998 3341 4071 cupiat
3382 3996 3504 4067 ipse
3544 3992 3835 4049 subdendo

2228 4107 2563 4174 manifestat,
2592 4104 2781 4161 dicens
2811 4117 2826 4156 :
2872 4098 3089 4155 Utinam
3127 4114 3234 4152 non
3282 4094 3581 4166 eﬂiciamur
3605 4088 3836 4163 ραι-ηε,

2227 4205 2564 4275 ﬂuctuantes,
2609 4208 2658 4254 et
2704 4215 2809 4253 non
2853 4194 3297 4265 circumferamur
3342 4190 3489 4245 omni
3538 4196 3703 4242 vento
3744 4185 3837 4240 do-

2229 4297 2411 4351 ctrina:
2432 4294 2651 4367 (Ephes.
2677 4289 2775 4364 ιν).
2801 4289 2945 4361 Ergo
2967 4289 3106 4344 bene
3125 4285 3337 4341 duobus
3361 4280 3543 4338 modis
3569 4278 3841 4335 efﬁcimur

2230 4385 2460 4459 parvuli,
2500 4384 2557 4440 id
2580 4390 2686 4450 est,
2718 4380 2969 4438 habendo
3006 4386 3063 4435 et
3106 4393 3216 4433 non
3241 4372 3520 4430 habendo.
3572 4367 3839 4425 Habenda

2231 4480 2590 4537 humilitatem
2615 4519 2630 4545 ,
2678 4476 2975 4549 puritatem
3013 4481 3070 4529 et
3114 4469 3530 4532 innocentiam;
3580 4481 3703 4521 non
3751 4465 3840 4519 ha-

2230 4572 2407 4629 bendo
2434 4569 2719 4633 malitiam,
2750 4567 2933 4623 dolum
2961 4573 3016 4621 et
3053 4563 3334 4619 invidiam.
3370 4557 3627 4628 Apostoli
3658 4566 3837 4610 autem

2237 4662 2450 4735 parvuli
2475 4661 2603 4716 facti
2645 4668 2771 4715 sunt
2808 4673 2916 4713 non
2941 4655 3193 4712 habendo
3236 4651 3528 4715 malitiam,
3556 4648 3752 4705 dolum
3790 4654 3841 4701 et

2241 4750 2533 4817 invidiam;
2574 4748 2702 4804 facti
2743 4756 2871 4804 sunt
2914 4746 3122 4816 magni,
3167 4741 3417 4799 habendo
3441 4739 3839 4801 humilitatem,

2240 4842 2534 4915 puritatem
2563 4849 2619 4896 et
2644 4839 3033 4904 innocentiam,
3064 4837 3286 4906 insuper
3306 4843 3363 4890 et
3390 4832 3659 4888 habendo
3692 4829 3841 4884 uber-

2245 4941 2413 4989 tatem
2466 4932 2742 4995 doctrinae,
2796 4931 2863 4986 de
2904 4944 3013 5002 qua
3053 4938 3315 4999 tanquam
3365 4923 3588 4989 nutrix,
3648 4920 3844 4977 Paulus

2245 5044 2373 5086 suos
2419 5027 2639 5083 fovebat
2688 5027 2828 5082 ﬁlios
2853 5068 2867 5091 ,
2915 5026 3114 5097 quibus
3163 5031 3220 5079 et
3260 5020 3479 5077 dicebat
3514 5038 3530 5072 :
3566 5017 3844 5089 Τσιηιωι

2241 5121 2475 5196 parvulis
2506 5123 2562 5175 in
2587 5119 2816 5186 Christo,
2846 5118 2930 5173 lac
2957 5117 3097 5172 vobis
3135 5126 3317 5188 potum
3343 5112 3499 5178 dedi,
3531 5126 3646 5165 non
3673 5123 3841 5164 esce-

2244 5212 2299 5286 (ι
2329 5213 2454 5268 Cor.
2484 5214 2589 5286 ιιι).

2840 5299 3069 5358 CAPUT
3109 5298 3223 5354 LX.

2458 5394 2537 5449 De
2566 5410 2626 5448 eo
2651 5392 2791 5465 quod
2812 5392 2951 5465 justi
2986 5390 3187 5463 lapides
3219 5406 3319 5445 υιω
3344 5398 3624 5444 uocantur.

2316 5486 2511 5543 Petrus
2541 5486 2597 5540 in
2628 5483 2869 5555 Epistola
2890 5500 2990 5540 sua
3020 5483 3217 5538 aitzEt
3232 5483 3333 5552 ipsi
3359 5492 3615 5553 tanquam
3643 5476 3848 5549 (cpida

2248 5579 2348 5635 viui
2374 5577 2871 5650 supermdiﬁcamini
2913 5576 3098 5631 domos
3134 5571 3440 5647 spirituales
3472 5569 3528 5643 (I
3564 5569 3721 5625 Patr.
3759 5566 3844 5637 ιι).

2252 5671 2690 5745 Supertediﬁcari
2739 5671 2861 5727 illos
2903 5669 3058 5738 dicit,
3107 5670 3235 5741 quia
3284 5669 3402 5724 sine
3446 5662 3686 5721 Domino
3719 5661 3849 5716 Iesu

563 5753 782 5857 (Matth.
828 5778 1013 5852 xvut).
1056 5775 1224 5846 Quasi
1272 5774 1516 5831 diceret:
1562 5770 1717 5826 Sicut
1761 5767 1862 5823 iste
1890 5763 2147 5835 parvulus
2252 5765 2493 5831 Christo,
2541 5763 2716 5835 lapide
2745 5763 2955 5820 scilicet
2978 5763 3139 5828 vivo,
3188 5759 3337 5816 nulla
3364 5755 3656 5813 aediﬁcatio
3688 5753 3851 5823 spiri-

565 5875 741 5950 (cujus
772 5874 927 5934 vobis
973 5869 1281 5942 exemplum
1323 5865 1526 5938 tribuo)
1575 5878 1684 5920 non
1732 5866 2049 5933 perseverat
2094 5857 2147 5915 in

2258 5858 2421 5916 tualis
2442 5867 2592 5915 stare
2637 5865 2833 5925 potest.
2867 5854 3294 5911 Fundamentum
3335 5851 3474 5907 enim
3506 5848 3663 5904 aliud
3696 5861 3850 5903 me
