4020 6492
264 452 363 512 657

1474 441 1778 502 DIADEMA
1820 436 2320 499 MONACHORUM.

3429 433 3536 495 658

263 573 427 643 potest
447 583 662 638 ponere,
687 573 878 637 praeter
912 564 1064 619 illum
1103 562 1154 633 (1
1184 562 1309 618 Cor.
1343 560 1450 636 ιιι).
1483 559 1648 630 Cujus
1671 559 1845 631 parti-
1868 561 1922 622 Α
1946 569 2227 612 coronam.
2260 552 2468 624 Duplex
2499 561 2583 609 est
2609 554 2754 609 enim
2781 567 2954 625 genus
2981 555 3332 621 tentationis,
3360 571 3531 614 unum

262 659 530 730 cipatione
581 656 767 713 ﬁdeles
817 655 1026 726 lapides
1075 656 1185 710 vivi
1238 653 1564 720 efﬁciuntur,
1613 652 1706 724 qui
1733 666 1832 722 per

263 754 633 812 inﬁdelitatem
672 752 876 822 lapides
921 752 1121 806 mortui
1169 750 1416 815 fuerant,
1469 749 1588 804 duri
1627 747 1836 804 scilicet

260 856 316 905 et
339 846 704 912 insensibiles,
732 846 929 916 quibus
955 845 1152 901 merito
1181 845 1456 900 diceretur
1481 863 1494 898 :
1523 842 1778 912 Auferam
1802 857 1836 895 α

259 941 398 996 vobis
412 957 505 994 cor
520 939 805 1009 lapideum,
835 948 882 993 et
897 939 1034 992 dabo
1049 937 1194 993 vobis
1217 954 1308 992 cor
1332 954 1581 992 corneum
1613 935 1831 1007 (Ezech.

260 1031 472 1103 xxxvr),
491 1028 722 1085 docibile
736 1028 944 1084 scilicet
972 1030 1039 1084 ad
1065 1029 1435 1100 evangelicam
1466 1027 1835 1098 recipiendam

259 1122 595 1186 doctrinam,
641 1127 702 1174 ut
737 1128 993 1189 tanquam
1037 1119 1244 1190 lapides
1289 1120 1400 1174 vivi
1441 1119 1509 1173 ad
1558 1115 1837 1188 spirituale

255 1211 540 1266 aediﬁcium
590 1217 880 1279 aptentur,
932 1210 1025 1280 qui
1075 1226 1173 1282 per
1212 1210 1596 1266 discretionem
1637 1207 1836 1264 eruditi

256 1300 512 1366 doctoris,
545 1302 840 1372 amputatis
867 1303 1078 1357 actibus
1120 1311 1174 1357 et
1201 1301 1620 1374 cogitationibus
1649 1314 1838 1370 super-

254 1392 394 1460 ﬁuis,
422 1393 572 1450 velut
616 1395 725 1450 ictu
772 1395 1110 1464 quadrantur
1156 1395 1384 1450 securis.
1419 1393 1582 1462 Lapis
1631 1391 1834 1446 etenim

254 1489 490 1558 quadrus
535 1489 591 1544 in
632 1489 993 1561 quodcunque
1033 1488 1175 1544 latus
1213 1504 1406 1544 versus
1452 1485 1640 1549 fuerit,
1685 1498 1838 1554 aeque

254 1587 360 1633 stat
389 1577 589 1652 [Greg.,
637 1579 730 1634 lib.
774 1596 813 1635 ιι
854 1596 1012 1650 super
1044 1578 1266 1644 Ezech.,
1315 1579 1458 1632 hom.
1499 1574 1615 1648 2f].
1649 1573 1838 1630 Justus

251 1684 382 1724 vero
408 1670 501 1740 qui
529 1670 584 1726 iu
609 1671 1063 1742 prosperitatibus
1077 1686 1184 1726 non
1205 1669 1468 1734 elevatur,
1495 1667 1838 1724 adversitati-

250 1759 352 1817 hus
388 1775 497 1816 non
527 1760 818 1832 frangitur,
858 1760 1350 1832 vituperationibus
1391 1775 1499 1815 non
1544 1755 1831 1825 dejicitur,

255 1850 599 1906 suasionibus
630 1851 697 1906 ad
742 1851 947 1906 malum
986 1867 1096 1907 non
1139 1851 1396 1915 trahitur,
1427 1850 1564 1920 lapis
1595 1849 1836 1920 quadrus

251 1949 350 1997 est.
384 1941 536 1997 Sicut
563 1943 709 1998 enim
751 1944 941 1998 ordine
968 1943 1174 2014 lapides
1199 1943 1252 1998 in
1284 1942 1492 2013 pariete
1522 1948 1830 2010 portantur,

251 2033 340 2088 alii
369 2034 437 2088 ab
465 2034 618 2100 aliis;
649 2035 724 2089 ita
750 2044 1038 2105 portantur
1059 2035 1245 2090 ﬁdeles
1265 2051 1296 2089 a
1322 2033 1752 2104 praecedentibus
1771 2031 1829 2086 in

249 2122 489 2179 Ecclesia
511 2123 693 2193 justis.
727 2124 955 2179 Portant
982 2132 1035 2179 et
1062 2125 1164 2194 ipsi
1195 2137 1292 2194 per
1321 2123 1625 2178 doctrinam
1665 2130 1720 2176 et
1748 2129 1831 2176 to-

248 2212 533 2270 lerantiam
563 2227 876 2286 sequentes,
904 2224 960 2270 et
999 2215 1104 2269 hoc
1123 2214 1313 2269 ordine
1341 2212 1431 2267 alii
1462 2213 1530 2267 ab
1559 2211 1681 2266 aliis
1708 2226 1832 2280 por-

250 2313 433 2360 tantur
465 2305 603 2376 justi
646 2321 819 2377 usque
844 2305 914 2360 ad
956 2305 1206 2360 ultimum
1235 2305 1466 2374 justum.
1498 2303 1601 2371 Qui
1630 2319 1754 2358 cum
1798 2319 1830 2359 a

245 2401 518 2468 prioribus
564 2409 835 2470 portetur,
865 2415 1028 2470 quem
1053 2406 1271 2468 portare
1301 2399 1516 2464 debeat,
1561 2398 1676 2467 ipse
1721 2411 1827 2451 non

246 2488 467 2544 habebit
496 2498 833 2560 sequentem.
863 2489 966 2556 Qui
996 2499 1177 2544 autem
1207 2503 1370 2544 omne
1390 2487 1678 2543 aedificium
1702 2503 1831 2557 por-

243 2587 343 2644 tat,
371 2588 426 2633 et
452 2580 567 2649 ipse
613 2595 645 2635 a
695 2581 908 2635 nemine
954 2587 1224 2649 portatur,
1258 2579 1522 2634 Dominus
1550 2586 1634 2633 est
1671 2576 1829 2632 Chri-

241 2679 380 2726 stus.
416 2671 570 2726 Unde
604 2680 657 2726 et
684 2672 819 2742 lapis
848 2687 877 2726 a
901 2672 1163 2743 propheta
1203 2671 1462 2741 pretiosus
1486 2679 1728 2735 vocatur,
1771 2670 1827 2724 in

244 2761 590 2830 fundamento
644 2763 901 2833 fundatus
933 2763 1070 2830 (lsa.
1101 2762 1316 2834 xxvm).
1345 2762 1479 2818 Item
1505 2763 1658 2818 vivos
1687 2762 1826 2832 lapi-

240 2853 337 2909 des
376 2853 670 2925 Apostolus
699 2853 931 2924 appellat
961 2854 1186 2918 electos,
1218 2863 1279 2908 ut
1306 2861 1558 2909 conatum
1583 2853 1823 2910 insinuet

239 2944 395 3000 bonae
435 2946 664 3001 actionis
691 2961 902 3001 eorum.
939 2945 1132 3000 Mortui
1170 2959 1424 3015 namque,
1455 2946 1510 3000 id
1537 2954 1621 3001 est
1648 2953 1826 3002 mate-

238 3035 401 3091 riales
438 3036 664 3107 lapides,
697 3038 1004 3107 ubicunque
1033 3053 1064 3091 a
1102 3046 1371 3093 structore
1391 3037 1554 3107 positi
1585 3037 1818 3104 fuerint,

238 3127 628 3183 insensibiliter
651 3137 898 3194 manent,
929 3139 1021 3182 aut
1045 3128 1206 3184 etiam
1236 3128 1372 3199 lapsi
1401 3127 1673 3184 decidunt.
1703 3128 1822 3184 Non

238 3231 370 3288 ergo
390 3233 487 3272 nos
511 3219 703 3273 beatus
723 3219 919 3274 Petrus
948 3218 1138 3274 talium
1164 3218 1402 3290 lapidum
1429 3219 1822 3275 insensibilita-

239 3319 349 3365 tem
377 3311 492 3365 vult
517 3312 741 3379 imitari,
775 3315 869 3368 sed
911 3321 1172 3384 tanquam
1215 3314 1422 3386 lapides
1449 3317 1602 3371 vivos
1632 3315 1824 3371 funda-
1852 3291 1896 3354 (ἶ

237 3412 422 3459 mento
453 3404 655 3462 Christi
703 3409 1158 3478 superaediﬁcari;
1217 3419 1276 3465 ut
1305 3411 1560 3468 videlicet
1597 3411 1822 3480 juvante

235 3510 338 3550 nos
364 3497 538 3568 gratia
566 3497 683 3565 Dei,
715 3499 888 3554 sobrie
925 3511 973 3556 et
988 3501 1134 3572 juste
1160 3512 1209 3556 et
1252 3502 1596 3572 pie‘vivamus
1626 3504 1683 3557 in
1725 3503 1822 3557 hoc

230 3587 428 3643 saeculo
456 3587 582 3661 (Tit.
615 3590 698 3663 ιι).
735 3591 1015 3663 Tanquam
1050 3594 1188 3664 lapis
1216 3610 1346 3666 ergo
1392 3595 1549 3650 vivus
1576 3595 1819 3650 aediﬁca-

230 3687 326 3735 tur
365 3697 397 3735 a
421 3680 638 3738 Christo
664 3684 719 3738 in
749 3686 910 3740 domo
937 3685 1072 3754 ejus,
1124 3687 1452 3757 quicunque,
1488 3689 1725 3742 donante
1766 3696 1821 3742 et

233 3771 532 3844 adjuvante
562 3776 703 3847 ipso,
730 3777 890 3833 bonis
912 3777 1217 3834 indefessus
1241 3779 1492 3835 insistere
1519 3789 1674 3834 curat
1701 3795 1823 3849 ope-

231 3868 407 3924 ribus.
438 3867 496 3924 In
533 3870 731 3941 templo
758 3886 889 3943 ergo
906 3872 1030 3928 vivo
1057 3882 1112 3928 et
1141 3882 1334 3928 sancto
1361 3888 1469 3928 non
1497 3873 1824 3944 possuntla-

231 3960 387 4030 pides
412 3961 560 4031 poni,
593 3963 696 4017 nisi
728 3963 834 4017 vivi
865 3975 918 4019 et
945 3966 1138 4020 sancti.
1168 3966 1311 4037 Ergo
1335 3965 1485 4021 omni
1513 3965 1699 4021 labore
1739 3966 1818 4020 nis

231 4051 457 4106 tendum
487 4062 571 4108 est
600 4063 659 4109 ut
687 4055 855 4111 simus
897 4057 974 4111 illi
1000 4058 1207 4126 lapides
1228 4059 1294 4112 de
1325 4059 1524 4128 quibus
1554 4060 1819 4129 scriptum
1911 4080 1917 4092 ί

230 4148 322 4195 est
353 4159 366 4196 :
392 4141 616 4215 Lapides
658 4145 758 4199 vivi
785 4146 1064 4201 volvuntur
1095 4165 1254 4218 super
1279 4158 1476 4202 terram
1506 4147 1693 4220 (Zach.
1740 4165 1820 4216 ιι,

221 4233 390 4304 juxta
420 4233 590 4308 LXX)
629 4279 642 4301 ,
697 4247 752 4292 et
787 4255 908 4294 cum
959 4239 1219 4295 fuerimus
1244 4241 1352 4296 vivi
1383 4241 1607 4312 lapides,
1658 4250 1715 4298 et
1752 4258 1820 4298 ex

231 4323 385 4378 omni
413 4334 570 4394 parte
591 4327 781 4394 dolati,
811 4329 1138 4385 aedificentur
1163 4331 1216 4385 in
1246 4333 1503 4403 templum
1531 4351 1543 4387 :
1569 4342 1624 4388 et
1649 4333 1822 4389 simus

230 4429 364 4470 cum
407 4420 666 4490 apostolis
722 4429 778 4476 et
819 4409 1100 4494 prophetis
1145 4425 1501 4480 habitaculum
1551 4426 1651 4481 Dei
1697 4417 1850 4482 san--

229 4517 399 4576 ctum,
429 4511 725 4581 spirituale,
759 4530 864 4568 non
886 4515 1248 4585 manufactum
1278 4515 1436 4570 (Heb.
1472 4520 1572 4587 ιχ).

816 4606 1046 4664 CAPUT
1084 4609 1218 4664 LXI.

627 4698 703 4754 De
729 4701 1035 4769 stt/ferentia
1063 4703 1428 4756 tentationum.

315 4787 512 4844 Beants
539 4793 618 4845 vir
660 4789 757 4862 (ait
783 4788 1018 4846 Iacobus
1047 4792 1342 4864 apostolus)
1373 4793 1463 4864 qui
1490 4794 1677 4863 suffert
1698 4802 1814 4849 ten-

229 4879 510 4946 tationem,
539 4881 788 4952 quoniam
816 4897 934 4935 cum
958 4883 1209 4952 probatus
1242 4883 1422 4954 fuerit,
1457 4885 1677 4956 accipiet
1721 4903 1814 4940 co-

231 4987 425 5024 ronam
477 4972 616 5038 vitae,
655 4989 813 5043 quam
859 4974 1152 5045 repromisit
1203 4974 1344 5030 Deus
1387 4974 1723 5047 diligentibus
1761 4993 1817 5030 se

231 5058 452 5131 (Iacob.
484 5061 548 5133 ι).
578 5061 713 5118 Huic
743 5062 916 5118 simile
942 5071 1028 5118 est
1050 5064 1179 5118 illud
1220 5064 1273 5118 in
1295 5065 1639 5136 Apocalypsi.
1685 5065 1814 5120 Esto

230 5150 412 5220 ﬁdelis
441 5168 604 5223 usque
634 5152 702 5205 ad
730 5162 969 5219 mortem,
1016 5164 1061 5208 et
1089 5153 1224 5208 dabo
1271 5154 1364 5209 tibi
1391 5172 1638 5210 coronam
1669 5156 1812 5222 vitae,

184 5269 218 5292 ιι
229 5256 397 5311 quam
411 5241 726 5312 repromisit,
744 5241 940 5311 inquit,
959 5240 1099 5296 Deus
1110 5242 1446 5313 diligentibus
1461 5260 1516 5297 se
1530 5242 1712 5314 (Apoc.
1730 5243 1813 5315 ιι).

229 5330 443 5402 Aperte
471 5329 771 5386 admonens
792 5331 918 5400 quia
942 5340 1094 5386 tanto
1115 5333 1346 5404 amplius
1368 5334 1605 5403 gaudere
1625 5333 1680 5386 in
1702 5341 1820 5388 ten-

229 5424 539 5480 tationibus
578 5431 809 5495 oportet,
844 5432 1046 5494 quanto
1089 5423 1292 5479 certius
1319 5423 1491 5479 claret
1539 5423 1710 5478 Deum
1752 5423 1818 5478 iis

228 5528 379 5586 quos
405 5513 582 5587 diligit
621 5513 802 5583 majus
845 5529 988 5585 saepe
1015 5514 1374 5570 tentationum
1401 5516 1610 5586 pondus
1639 5516 1814 5586 impo-

227 5621 394 5672 nere,
423 5614 486 5661 ut
510 5605 720 5664 scilicet
736 5620 835 5676 per
858 5607 1216 5662 tentationum
1235 5607 1553 5661 exercitium
1581 5608 1818 5677 proben-

229 5707 333 5753 tur
357 5697 414 5752 in
437 5697 542 5753 ﬁde
568 5697 816 5768 perfecti.
840 5696 972 5752 Cum
997 5705 1176 5753 autem
1199 5696 1408 5767 probati
1435 5697 1639 5753 fuerint
1662 5715 1818 5754 vera-

229 5791 380 5845 citer
404 5805 525 5846 esse
551 5789 756 5855 fideles,
787 5791 890 5846 hoc
911 5799 1014 5857 est,
1039 5789 1263 5860 perfecti
1291 5798 1347 5846 et
1367 5791 1562 5862 integri
1585 5792 1638 5846 in
1667 5793 1816 5850 nullo

229 5882 579 5944 deﬁcientes.
621 5880 740 5950 iure
769 5884 1032 5952 accipient
1061 5882 1385 5950 promissam
1425 5893 1642 5938 aeterna
1691 5885 1818 5942 vitae

1846 4653 1901 4714 D

1937 647 2080 716 quod
2105 645 2323 717 decipit,
2370 645 2602 701 alterum
2628 646 2773 716 quod
2811 647 3028 720 probat.
3062 644 3375 702 Secundum
3420 648 3530 706 hoc

1936 740 2080 810 quod
2111 738 2330 810 decipit,
2360 740 2620 810 scriptum
2646 748 2765 795 est:
2795 738 2988 806 Nemo,
3013 756 3130 795 cum
3155 749 3407 808 tentatur,
3434 742 3526 796 di-

1937 841 2020 885 cat
2046 832 2184 902 quod
2210 849 2243 886 a
2271 831 2380 885 Deo
2420 840 2673 886 tentatur.
2710 831 2852 886 Deus
2882 834 3021 888 enim
3052 832 3316 888 neminem
3358 841 3526 888 tentat

1938 922 2147 994 (Iacob.
2166 923 2227 994 1).
2247 923 2553 980 Secundum
2579 925 2710 980 illud
2733 925 2877 995 quod
2899 925 3113 995 probat.
3137 925 3282 980 Deus
3307 927 3525 982 tentavit

1937 1014 2204 1068 Abraham
2231 1013 2384 1086 (Gen.
2413 1015 2570 1087 χχιι).
2603 1017 2680 1071 De
2703 1032 2809 1086 qua
2843 1018 3142 1073 tentatione
3170 1028 3224 1074 et
3249 1018 3524 1089 Propheta

1936 1105 2216 1176 postulans
2239 1106 2524 1162 Dominum
2548 1107 2696 1163 dicit.
2720 1105 2899 1162 Proba
2923 1124 3025 1172 me,
3053 1109 3360 1176 Domine,et
3380 1119 3525 1165 tenta

1937 1214 2018 1252 me
2062 1197 2234 1269 (Psal.
2266 1199 2416 1274 xxv).
2451 1200 2725 1272 Scriptum
2753 1209 2838 1257 est
2867 1208 2922 1257 et
2948 1202 3076 1257 alibi
3125 1221 3138 1257 :
3188 1202 3326 1258 Vasa
3367 1203 3524 1277 ﬁguli

1935 1291 2119 1364 probat
2145 1292 2358 1362 fornax,
2388 1295 2622 1349 homines
2653 1303 2828 1349 autem
2849 1295 3024 1365 justas
3055 1298 3274 1350 tentatio
3300 1298 3524 1354 tribula-

1938 1381 2093 1434 tionis
2143 1381 2312 1454 (Eccl.
2360 1384 2480 1454 vu).
2518 1382 2716 1456 [Greg.,
2768 1384 2971 1440 Homil.
3016 1386 3073 1439 in
3116 1385 3344 1457 Evang.,
3379 1387 3417 1441 ι.
3467 1407 3522 1455 L,

1937 1472 2078 1525 hom.
2111 1472 2220 1545 16.]
2253 1474 2450 1530 Tribus
2480 1475 2625 1530 enim
2666 1476 2842 1530 modis
2870 1477 3099 1532 tentatio
3131 1478 3310 1548 agitur
3337 1496 3350 1533 :
3386 1477 3526 1551 Sug-

1937 1565 2200 1634 gestione,
2252 1565 2629 1632 delectatione,
2679 1579 2969 1623 consensu.
3029 1566 3388 1639 Suggestione
3427 1570 3526 1624 ho-

1938 1657 2059 1722 stis,
2092 1657 2449 1714 delectatione
2475 1666 2658 1714 autem
2687 1660 2771 1713 vel
2809 1659 2974 1715 etiam
3004 1675 3275 1715 consensu
3321 1667 3526 1716 nostra:

1936 1747 2267 1820 fragilitatis.
2307 1749 2460 1816 Quod
2504 1751 2550 1805 si
2581 1752 2742 1806 hoste
2775 1760 3098 1823 suggerente
3131 1750 3390 1822 delectari
3430 1759 3525 1805 aut

1936 1843 2246 1899 consentire
2272 1852 2498 1914 peccato
2528 1843 2805 1909 nolumus,
2842 1845 3071 1900 tentatio
3100 1845 3218 1915 ipsa
3245 1843 3406 1900 nobis
3452 1843 3524 1900 ad

1863 1944 1908 2004 Β
1933 1935 2217 1989 victoriam
2243 1935 2511 2004 provenit,
2537 1951 2643 2004 qua
2670 1951 2926 1992 coronam
2953 1938 3081 1992 vitae
3101 1951 3414 1992 mereamur
3437 1951 3524 1992 ac-

1934 2024 2135 2093 cipere.
2167 2022 2429 2079 Tentatus
2473 2033 2558 2079 est
2583 2023 2684 2079 Joh
2721 2026 3111 2096 multipliciter,
3143 2027 3236 2082 sed
3267 2027 3392 2096 quia
3420 2041 3522 2081 nec

1931 2120 2322 2189 possessiones,
2371 2134 2471 2174 nec
2521 2120 2749 2176 salutem
2799 2121 3061 2190 corporis,
3115 2122 3298 2176 divino
3346 2120 3521 2176 amori

1932 2219 2324 2281 praeposuerat,
2360 2211 2557 2266 tentari
2591 2211 2809 2281 quidem
2839 2211 3183 2284 suggestione
3207 2211 3391 2266 hostili
3421 2227 3521 2283 po-

1934 2303 2058 2367 tuit,
2110 2304 2204 2358 sed
2253 2303 2562 2358 consentire
2612 2302 2696 2358 vel
2745 2303 2936 2358 saltem
2981 2302 3240 2359 delectari
3268 2312 3518 2374 peccato,

1933 2395 2242 2451 nullatenus
2271 2395 2503 2450 valebat.
2539 2395 2687 2450 Dixit
2715 2395 2882 2450 abbas
2905 2395 3174 2450 Antonius
3201 2396 3385 2451 abbati
3415 2395 3519 2449 Pa-

1932 2486 2068 2541 stOri
2116 2485 2274 2541 :Hoc
2302 2496 2387 2540 est
2434 2501 2690 2556 magnum
2719 2502 2854 2557 opus
2899 2487 3156 2552 hominis,
3198 2495 3260 2541 ut
3305 2487 3518 2557 culpam

1931 2593 2084 2635 suam
2115 2593 2280 2648 super
2304 2578 2539 2648 seipsum
2581 2579 2957 2650 unusquisque
2987 2588 3156 2650 ponat
3180 2595 3365 2635 coram
3408 2579 3518 2634 Do-

1929 2669 2103 2735 mino,
2145 2677 2200 2723 et
2239 2678 2519 2740 exspectet
2562 2671 2919 2726 tentationem
2953 2687 3124 2741 usque
3153 2673 3221 2727 ad
3267 2672 3516 2728 ultimum

1928 2762 2054 2817 vitae
2089 2777 2201 2817 sua:
2228 2770 2459 2832 tempus.
2510 2762 2733 2818 Dicebat
2778 2763 2998 2833 quidam
3029 2780 3197 2819 senex
3244 2783 3258 2818 :
3292 2764 3519 2833 Quando

1930 2866 2227 2923 tentamur,
2277 2864 2407 2912 tunc
2452 2857 2624 2928 magis
2651 2857 3020 2912 humiliamur.
3070 2858 3338 2926 Quoniam
3376 2857 3521 2914 Deus

1928 2952 2109 3008 sciens
2139 2949 2512 3005 infirmitatem
2540 2957 2805 3015 nostram,
2828 2951 3064 3022 protegit
3100 2965 3230 3017 nos;
3258 2951 3305 3006 si
3335 2959 3519 3006 autem

1927 3043 2244 3115 gloriamur,
2271 3041 2447 3097 aufert
2479 3058 2511 3096 a
2540 3043 2698 3098 nobis
2723 3045 3117 3113 protectionem
3145 3059 3323 3110 suam,
3346 3053 3402 3100 et
3423 3059 3516 3115 pe-

1928 3136 2119 3191 rimus.
2151 3133 2526 3196 Narraverunt
2554 3136 2620 3190 de
2649 3137 2885 3205 quodam
2915 3150 3044 3191 sene
3073 3138 3201 3206 quia
3240 3138 3434 3193 sedens
3460 3137 3517 3191 in

1929 3227 2088 3294 cella,
2117 3235 2173 3281 et
2201 3227 2477 3282 sustinens
2502 3226 2848 3292 tentationes,
2877 3227 3096 3283 videbat
3116 3228 3388 3283 daemones
3403 3242 3520 3282 ma-

1929 3317 2128 3372 nifeste
2159 3326 2214 3372 et
2241 3320 2627 3374 contemnebat
2651 3332 2765 3373 eos.
2799 3317 2934 3373 Cum
2975 3327 3154 3373 autem
3184 3318 3432 3374 diabolus
3459 3333 3518 3373 se

1928 3410 2143 3465 videret
2167 3409 2309 3464 vinci
2335 3425 2364 3463 a
2395 3423 2546 3474 sene,
2575 3409 2744 3474 venit,
2775 3417 2829 3463 et
2853 3410 3144 3464 ostendens
3166 3423 3224 3464 se
3246 3409 3317 3475 ei,
3341 3408 3516 3464 dixit:

1927 3501 2042 3573 Ego
2066 3515 2188 3555 sum
2215 3500 2486 3556 Christus.
2515 3501 2718 3556 Videns
2745 3510 2928 3557 autem
2961 3516 3086 3556 eum
3108 3515 3296 3566 senex,
3321 3499 3519 3555 clausit

1926 3594 2115 3650 oculos
2139 3609 2287 3649 suos.
2321 3594 2390 3648 Et
2414 3594 2551 3647 dixit
2573 3593 2622 3648 ei
2650 3593 2895 3648 diabolus
2919 3611 2933 3648 :
2961 3593 3076 3666 Ego
3100 3609 3219 3649 sum
3240 3591 3512 3658 Christus,

1929 3701 2100 3756 quare
2133 3683 2375 3739 clausisti
2407 3684 2595 3739 oculos
2643 3685 2800 3739 tuos?
2830 3683 2898 3738 Et
2942 3683 3274 3755 respondens
3314 3695 3515 3748 senex,

1929 3780 2066 3836 dixit
2093 3780 2142 3834 ei
2175 3795 2188 3833 :
2219 3780 2332 3850 Ego
2355 3779 2635 3834 Christum
2679 3779 2768 3836 hic
2810 3779 2935 3834 nolo
2960 3779 3166 3844 videre,
3203 3778 3297 3834 sed
3327 3777 3382 3832 in
3424 3774 3517 3832 illa

1926 3874 2055 3930 vita.
2083 3873 2326 3928 Audiens
2348 3873 2465 3928 haec
2493 3871 2760 3939 diabolus,
2793 3889 2900 3927 non
2927 3871 3246 3944 comparuit.

2501 3963 2729 4021 CAPUT
2768 3964 2926 4020 an.
2972 4032 2974 4034 _

2099 4055 2175 4109 De
2205 4056 2497 4126 cognitione
2522 4055 2734 4109 Domini
2764 4056 2932 4109 nostri
2955 4053 2992 4107 Ι
2995 4071 3084 4108 esu
3107 4053 3300 4108 Christi

1998 4144 2194 4200 Petrus
2239 4145 2516 4214 apostolus
2563 4147 2641 4200 ait
2685 4164 2698 4198 :
2746 4143 2934 4198 Gratia
2966 4143 3106 4198 vobis
3132 4155 3182 4198 et
3209 4161 3316 4214 paa:
3338 4144 3514 4200 adim-

1925 4236 2133 4308 pleatur
2183 4238 2238 4290 in
2287 4238 2583 4307 cognitione
2629 4235 2846 4290 Domini
2893 4237 3058 4290 nostri
3107 4235 3236 4291 Jesu
3282 4235 3510 4303 Christi,

1924 4329 2183 4400 quomodo
2215 4329 2392 4383 omnia
2424 4329 2573 4383 nobis
2599 4329 2791 4384 divinae
2817 4330 3022 4384 virtutis
3047 4347 3160 4385 sua:
3187 4330 3257 4384 ad
3279 4331 3440 4386 vitam
3464 4339 3514 4386 et

1924 4423 2168 4492 pietatem
2205 4421 2401 4476 donata
2428 4432 2550 4475 sunt
2580 4439 2673 4492 per
2698 4422 3045 4491 cognitionem
3100 4423 3212 4492 ejus
3239 4423 3328 4494 qui
3360 4439 3512 4479 voca-

1925 4515 1996 4567 vit
2022 4531 2115 4567 nos
2135 4513 2348 4584 propria
2379 4512 2550 4583 gloria
2573 4522 2622 4568 et
2647 4515 2838 4568 virtute
2862 4512 2950 4585 (II
2975 4510 3121 4568 Petr.
3147 4513 3232 4585 ιι).
3259 4515 3339 4568 Ac
3363 4515 3408 4570 si
3434 4515 3516 4570 di-

1928 4613 2076 4661 ceret
2103 4624 2115 4658 :
2146 4605 2523 4675 Adimpleatur
2551 4605 2704 4660 vobis
2731 4605 2909 4676 gratia
2937 4605 2991 4659 in
3018 4620 3103 4671 eo,
3137 4613 3197 4660 ut
3223 4604 3513 4662 Dominum

1925 4705 2170 4752 nostrum
2205 4695 2393 4752 Jesum
2439 4697 2714 4753 Christum
2755 4698 2994 4767 perfecte
3037 4700 3395 4770 cognoscatis.
3443 4701 3513 4755 Et

1921 4791 2024 4845 hoc
2052 4805 2269 4860 quoque
2317 4791 2494 4845 adhuc
2536 4805 2634 4861 per
2675 4806 2800 4846 eum
2843 4794 3205 4863 cognoscatis,
3240 4795 3510 4866 quomodo

1921 4882 2100 4936 omnia
2127 4882 2285 4937 nobis
2309 4882 2505 4937 divinze
2530 4882 2749 4937 virtutis
2771 4897 2883 4938 sua:
2903 4884 3102 4940 donata
3125 4895 3252 4941 sunt
3269 4901 3369 4956 per
3393 4884 3510 4954 ejus

1917 4973 2172 5043 gratiam,
2197 4989 2318 5044 qua:
2347 4974 2415 5028 ad
2442 4975 2610 5028 vitam
2639 4976 2988 5032 obtinendam
3013 4986 3069 5033 et
3091 4978 3354 5049 pietatem
3381 4991 3507 5034 eon—

1918 5067 2244 5121 servandam
2282 5066 2578 5123 suﬁiciant.
2629 5067 2767 5136 Quia
2815 5079 3020 5141 quanto
3066 5072 3189 5142 quis
3216 5071 3509 5144 perfectius

1922 5157 2210 5212 Dominum
2246 5160 2546 5228 cognoscit,
2582 5168 2734 5217 tanto
2767 5162 2929 5219 altius
2954 5165 3351 5235 promissorum
3389 5164 3508 5234 ejus

1923 5249 2348 5318 magnitudinem
2380 5252 2563 5306 sentit.
2596 5251 2735 5309 Hinc
2761 5262 2816 5309 et
2843 5253 3044 5310 Paulus
3067 5256 3142 5310 ait
3171 5274 3184 5310 :
3213 5256 3298 5309 Ad
3340 5271 3503 5326 agno-

1920 5337 2171 5391 scendum
2227 5336 2376 5393 illum
2405 5350 2452 5394 et
2484 5341 2728 5399 virtutem
2767 5347 3166 5401 resurrectionis
3198 5347 3316 5417 ejus
3343 5345 3503 5419 (Phi-

1921 5427 2014 5499 lip.
2045 5428 2150 5500 ιιι).
2182 5428 2432 5500 Cognitio
2456 5434 2599 5488 enim
2642 5437 2886 5508 mysterii
2933 5438 3326 5496 incarnationis
3351 5439 3502 5510 ejus,

1921 5520 2193 5591 passionis
2239 5529 2296 5576 et
2341 5526 2776 5591 resurrectionis,
2824 5526 3090 5597 perfectio
3143 5529 3271 5584 vitae
3320 5539 3403 5588 est
3451 5540 3508 5588 et

1923 5615 2213 5670 thesaurus
2244 5615 2546 5686 sapientiae.
2575 5619 2683 5674 Per
2713 5619 3077 5690 cognitionem
3106 5621 3252 5677 enim
3279 5622 3498 5679 Domini

1922 5717 1977 5764 et
2003 5707 2306 5764 Salvatoris
2335 5711 2514 5765 nostri
2557 5707 2686 5764 Jesu
2734 5709 2936 5766 Christi
2985 5712 3168 5768 omnia
3201 5715 3504 5770 divinitatis

1925 5798 2040 5869 ejus
2066 5799 2328 5872 mysteria
2352 5801 2552 5872 quibus
2578 5800 2873 5869 salvamur,
2901 5805 3262 5874 agnoscimus.
3299 5803 3496 5875 Tripli-

1925 5891 2062 5945 citer
2090 5891 2237 5946 enim
2267 5891 2338 5946 ad
2365 5891 2699 5963 agnitionem
2745 5893 2950 5951 Christi
2980 5897 3183 5966 venire,
3215 5897 3500 5968 Scriptura
