4020 6502
441 309 546 368 665

443 529 592 582 niam
621 532 1000 581 convertentes
1021 521 1166 578 Deus
1207 537 1316 577 non
1358 519 1569 591 repellit
1606 536 1637 574 a
1681 535 1759 576 se.
1792 520 2029 575 Verbum

444 627 626 674 autem
653 613 873 671 malitia:
913 622 969 670 et
1006 611 1261 682 nequitiae
1284 628 1393 668 non
1434 612 1638 667 habeas
1667 610 1722 665 in
1746 611 1910 666 corde
1938 618 2031 664 tuo

445 713 708 768 adversus
749 709 973 765 fratrem
1016 714 1205 772 tuum,
1250 713 1312 761 ut
1351 705 1527 778 possis
1564 705 1778 760 dicere:
1817 701 2032 757 Dimitte

445 806 596 860 nobis
642 803 812 858 debita
861 809 1058 866 nostra,
1091 800 1226 854 sicut
1269 808 1318 852 et
1356 814 1451 852 nos
1486 796 1798 850 dimittimus
1835 793 2035 847 debito-

447 898 593 952 ribus
639 895 829 950 nostris
879 891 1105 964 (Matth.
1139 891 1253 963 γι).
1295 890 1378 946 De
1422 891 1527 945 hoc
1555 886 1789 959 capitulo
1820 894 1877 942 et
1903 885 2032 943 alibi

445 990 708 1060 scriptum
733 995 817 1043 est
841 1005 854 1040 :
896 982 962 1039 Ut
990 986 1108 1040 sitis
1130 986 1242 1039 sine
1275 980 1510 1055 querela,
1541 989 1589 1035 et
1611 979 1870 1051 simplices
1899 980 2033 1034 sicut

447 1081 547 1152 ﬁlii
590 1080 688 1135 Dei
721 1077 890 1151 (Phil.
923 1078 1008 1149 ιι).
1056 1077 1151 1133 Ille
1187 1077 1333 1132 enim
1377 1075 1496 1131 sine
1541 1073 1762 1144 querela
1792 1080 1877 1128 est
1917 1073 2033 1143 qui,

448 1180 710 1246 quantum
739 1171 1006 1242 fragilitas
1035 1168 1302 1241 permittit
1340 1167 1599 1232 humana,
1640 1165 1810 1220 vitam
1855 1165 2037 1220 studet

449 1265 647 1320 ducere
674 1263 792 1318 sine
818 1261 994 1332 culpa.
1019 1259 1303 1327 Querelam
1332 1265 1522 1313 contra
1549 1257 1719 1312 Deum
1744 1256 1829 1311 vel
1854 1256 2039 1327 proxi—

450 1371 600 1411 mum
637 1354 927 1410 commissa
963 1353 1189 1408 suscitat
1234 1350 1408 1421 culpa.
1441 1350 1588 1422 Ergo
1617 1349 1706 1404 ille
1744 1349 1878 1404 vivit
1919 1349 2038 1404 sine

451 1450 672 1521 querela
699 1450 790 1521 qui
827 1465 933 1504 non
973 1449 1121 1503 ducit
1162 1448 1330 1501 vitam
1370 1446 1518 1501 vitiis
1546 1445 1896 1509 sordidatam,
1937 1458 2039 1500 nec

454 1540 746 1597 committit
772 1539 983 1610 culpam
1004 1539 1145 1595 unde
1179 1537 1253 1592 illi
1280 1537 1428 1607 juste
1456 1535 1722 1593 inferatur
1745 1533 1985 1608 querela.

1001 1675 1230 1733 CAPUT
1263 1675 1470 1732 LXVII.

1731 304 2087 363 SMARAGDI
2124 303 2412 363 ABBATIS

440 393 704 507 peccatis,
721 437 922 501 quanta
945 428 1042 484 tibi
1066 428 1242 483 virtus
1263 435 1366 494 est,
1390 427 1506 483 sine
1531 425 1880 497 improperio,
1902 437 2036 494 quo—
2060 421 2110 482 A

2683 419 2910 476 CAPUT
2947 418 3175 476 LXVIII.

2373 510 2646 578 Quomodo
2680 513 2836 566 homo
2866 511 3166 582 lucrifaciat
3193 511 3481 567 Christum.

2207 605 2264 662 Si
2294 606 2416 678 quis
2445 606 2745 662 monachus
2773 606 3166 676 mortiﬁcarerit
3202 607 3435 662 membra
3472 626 3576 663 sua
3613 629 3738 681 quia

2134 710 2256 756 sunt
2302 717 2458 774 super
2490 710 2718 766 terram,
2767 708 2814 754 et
2853 697 3040 754 tollens
3071 716 3278 754 crucem
3320 717 3476 756 suam
3517 714 3740 758 secutus

2135 793 2293 863 fuerit
2325 793 2590 848 Christum
2623 789 2848 864 (Coloss.
2878 809 2974 858 nl;
3001 791 3193 847 Matth.
3221 792 3359 862 xvi),
3397 801 3455 849 et
3484 805 3743 851 mortuus

2134 885 2374 952 mundo,
2405 894 2460 940 et
2489 895 2751 956 tropznum
2797 886 3233 942 mortiﬁcationis
3275 903 3389 944 suae
3434 889 3743 947 Dominica:

2135 977 2404 1046 passionis
2445 977 2676 1032 alliserit
2714 977 2892 1048 ligno,
2938 978 3012 1032 ita
3057 986 3116 1032 ut
3159 979 3342 1035 dicere
3389 983 3566 1050 possit
3612 1000 3745 1040 cum

2136 1065 2342 1122 Paulo:
2389 1067 2504 1138 Ego
2540 1085 2633 1140 per
2669 1068 2831 1138 legem
2876 1067 2979 1139 legi
3017 1079 3255 1124 mortuus
3305 1088 3458 1138 sum,
3513 1082 3576 1126 ut
3628 1074 3743 1130 Deo

2135 1160 2321 1223 vivam,
2354 1157 2560 1215 Christo
2593 1162 2833 1231 conﬁxus
2863 1162 3006 1215 cruci
3050 1160 3194 1234 (Gal.
3240 1161 3341 1232 ιι),
3384 1164 3490 1220 iste
3531 1169 3746 1237 poterit

2137 1252 2461 1310 lucrifacere
2486 1253 2784 1309 Christum.
2830 1253 3081 1310 Christus
3121 1255 3266 1310 enim
3301 1265 3356 1312 et
3397 1257 3658 1324 Veritas,
3688 1269 3746 1315 et

2139 1343 2418 1410 Charitas,
2451 1354 2508 1400 et
2551 1345 2852 1416 Sapientia,
2895 1355 2951 1402 et
2995 1345 3247 1413 Iustitia,
3274 1357 3330 1403 et
3361 1347 3744 1409 Sanctiﬁcatio

2139 1441 2356 1496 dicitur.
2373 1440 2473 1507 Qui
2498 1441 2644 1496 enim
2665 1441 2782 1496 haec
2805 1441 2986 1495 omnia
3013 1440 3116 1495 sibi
3142 1441 3282 1496 bene
3295 1442 3530 1498 vivendo
3549 1446 3743 1515 acqui-

2139 1531 2231 1598 rit,
2259 1530 2534 1587 Christum
2563 1530 2752 1601 procul
2785 1529 2949 1584 dubio
2979 1529 3279 1596 lucrifacit,
3321 1532 3408 1588 vel
3446 1544 3605 1589 certe
3650 1537 3744 1605 qui

2137 1619 2367 1678 fratrem
2387 1637 2564 1686 suum,
2582 1621 2676 1691 qui
2697 1619 2900 1676 Christi
2927 1627 3011 1675 est
3035 1622 3358 1686 membrum,
3389 1625 3742 1694 praedicando

2141 1726 2197 1775 et
2220 1717 2420 1773 bonum
2446 1716 2753 1788 exemplum
2787 1715 3123 1772 ostendendo
3150 1715 3420 1784 lucratur,
3457 1717 3744 1774 Christum

453 1794 533 1852 De
558 1809 618 1849 eo
643 1793 782 1863 quod
809 1790 907 1861 ﬁlii
933 1788 1034 1872 Dei
1061 1805 1266 1881 sumus,
1308 1796 1356 1842 et
1396 1787 1652 1881 haredes,
1682 1795 1730 1842 et
1755 1786 2037 1842 Iuereditas

2145 1808 2429 1866 lucrifacit.
2460 1786 2661 1865 Beatus
2683 1809 2828 1864 enim
2853 1809 3186 1879 Augustinus
3212 1811 3326 1865 ait:
3355 1809 3415 1865 Si
3443 1812 3577 1881 quid
3606 1812 3744 1870 forte

958 1859 1091 1931 ejus,
1121 1859 1310 1931 illeque
1333 1868 1532 1913 nostra.

525 1999 662 2055 Hinc
689 1997 890 2053 Paulus
913 1995 989 2050 ait
1012 2013 1024 2049 :
1064 1993 1328 2060 Quoniam
1347 1995 1470 2049 estis
1489 1993 1589 2063 ﬁlii
1611 1993 1730 2060 Dei,
1757 1993 1896 2047 misit
1921 1989 2037 2064 Spi-

453 2094 615 2147 ritum
644 2088 772 2144 Filii
795 2088 877 2142 sui
898 2087 950 2141 in
978 2085 1139 2141 corda
1161 2094 1352 2151 vestra,
1375 2083 1688 2139 clamantem
1708 2083 1854 2137 Abba
1877 2083 2040 2138 Pater

456 2181 602 2255 (Gal.
637 2178 733 2252 tv).
760 2178 1049 2248 Nunquam
1089 2176 1234 2230 enim
1274 2175 1596 2230 auderemus
1625 2175 1834 2240 dicere,
1876 2173 2041 2228 Pater

455 2284 633 2328 noster
657 2272 746 2344 qui
775 2288 829 2326 es
857 2271 915 2325 in
940 2269 1101 2334 caelis,
1127 2267 1232 2322 nisi
1253 2269 1319 2323 de
1347 2268 1679 2323 conscientia
1701 2267 1920 2337 spiritus
1941 2265 2040 2322 ha-

454 2370 680 2426 bitantis
708 2370 765 2424 in
795 2368 970 2422 nobis.
997 2366 1069 2422 Ut
1090 2366 1237 2421 enim
1265 2364 1622 2436 probaremur
1657 2365 1895 2437 adoptati
1919 2380 2040 2422 esse

456 2479 488 2519 a
517 2463 628 2519 Deo
668 2462 723 2516 in
752 2461 909 2527 ﬁlios,
945 2459 1207 2531 Spiritum
1237 2473 1395 2514 suum
1437 2459 1586 2514 dedit
1616 2460 1794 2526 nobis,
1837 2461 1930 2531 qui
1962 2460 2038 2517 si-

455 2570 619 2626 gnum
646 2553 826 2610 Patris
858 2552 1112 2609 ostendat
1134 2566 1256 2608 esse
1285 2551 1340 2606 in
1362 2551 1506 2618 ﬁliis,
1536 2561 1598 2610 ut
1626 2553 1922 2610 audeamus
1956 2555 2037 2609 di-

455 2661 620 2705 cere:
658 2647 828 2714 Abba,
855 2647 998 2718 quod
1029 2654 1111 2702 est
1132 2644 1315 2710 Pater,
1343 2646 1488 2716 quod
1515 2643 1717 2702 Judteis
1745 2647 1922 2703 dicere
1944 2648 2042 2702 du-

456 2745 582 2799 dum
608 2759 716 2798 non
759 2742 938 2797 fuerat
964 2755 1318 2798 concessum:
1355 2739 1543 2812 Itaque
1561 2741 1681 2810 jam
1720 2757 1825 2796 non
1860 2759 2042 2799 sumus

453 2836 610 2900 servi,
637 2834 728 2888 sed
764 2833 882 2903 ﬁlii.
927 2833 1082 2899 Quod
1127 2833 1174 2887 si
1228 2832 1348 2900 ﬁlii,
1386 2841 1435 2887 et
1475 2833 1707 2887 hcet-edes
1738 2849 1833 2904 per
1872 2833 2043 2889 Deum

457 2921 604 2996 (Gal.
631 2924 732 2998 tv),
761 2924 816 2980 id
839 2932 956 2989 est,
1003 2925 1048 2978 si
1095 2923 1188 2977 lilii
1219 2937 1422 2986 sumus,
1466 2930 1862 2994 consequenter
1885 2925 2042 2981 nobis

459 3016 685 3072 debetur
712 3016 1000 3071 haereditas
1022 3016 1231 3082 Patris;
1256 3024 1316 3071 ut
1340 3018 1606 3088 quomodo
1635 3016 1894 3088 Spiritum
1919 3017 2042 3073 Filii

2136 1918 2454 1975 perversum
2475 1903 2698 1968 videris,
2719 1910 2906 1972 satage
2929 1905 3224 1973 corrigere,
3239 1911 3293 1960 et
3314 1905 3617 1960 emendare
3637 1923 3741 1961 non

2139 2009 2339 2050 cesses.
2372 1992 2483 2048 Fac
2512 1993 2779 2064 quidquid
2824 2002 2980 2064 potes
3021 2009 3122 2065 pro
3159 2011 3392 2064 persona
3420 2012 3592 2066 quam
3622 2014 3744 2068 por-

2137 2093 2242 2139 tas.
2274 2081 2390 2139 Noli
2429 2084 2709 2154 quiescere
2748 2083 2948 2139 lucrari
2993 2084 3270 2141 Christum
3293 2129 3308 2153 ,
3340 2089 3471 2158 quia
3503 2089 3745 2145 lucratus

2141 2192 2199 2232 es
2226 2193 2258 2232 a
2292 2177 2533 2234 Christo.
2563 2177 2702 2233 Nam
2728 2186 2783 2232 et
2809 2179 3106 2235 secundum
3135 2181 3554 2254 intelligentiam
3585 2183 3745 2251 hujus

2139 2273 2443 2338 sententiae,
2476 2273 2568 2342 qui
2591 2271 2839 2342 intelligit
2864 2272 2946 2327 sui
2971 2288 3135 2328 causa
3160 2273 3438 2329 Christum
3463 2277 3744 2333 hominem

2141 2363 2362 2426 factum,
2390 2377 2632 2433 passum,
2665 2370 2721 2417 et
2747 2372 3042 2428 mortuum,
3075 2370 3127 2417 et
3157 2379 3187 2418 a
3212 2365 3445 2419 mortuis
3486 2381 3743 2422 resurre-

2142 2456 2308 2521 xisse,
2332 2463 2387 2509 et
2407 2455 2461 2509 in
2488 2454 2658 2510 caelos
2685 2454 3015 2520 ascendisse,
3039 2463 3093 2509 et
3119 2456 3316 2524 spretis
3345 2457 3605 2512 omnibus
3627 2475 3747 2528 qua:

2143 2555 2268 2604 sunt
2293 2547 2474 2602 mundi
2510 2555 2659 2604 recto
2681 2562 2842 2603 cursu
2871 2563 2995 2602 eum
3029 2547 3191 2602 fuerit
3215 2558 3454 2615 secutus,
3480 2558 3548 2605 nt
3569 2552 3746 2622 ipsum

2143 2639 2420 2696 Christum
2446 2639 2833 2710 apprehendat,
2863 2655 2894 2693 a
2922 2655 3030 2710 quo
3056 2647 3140 2695 est
3165 2643 3619 2710 comprehensus,
3643 2644 3747 2698 iste

2143 2731 2377 2787 feliciter
2402 2731 2675 2787 lucrifacit
2697 2730 3001 2787 Christum.
3042 2732 3178 2788 Hinc
3205 2739 3260 2786 et
3287 2732 3416 2788 alibi
3444 2733 3590 2788 idem
3620 2750 3747 2804 apo-

2143 2828 2314 2884 stolus
2348 2827 2426 2882 ait
2463 2845 2476 2881 :
2510 2826 2646 2882 Mihi
2690 2837 2866 2883 autem
2908 2829 3043 2883 absit
3088 2828 3308 2900 gloriari
3363 2829 3466 2882 nisi
3505 2829 3563 2882 in
3594 2844 3745 2881 cruce

2143 2918 2358 2974 Domini
2400 2920 2567 2973 nostri
2594 2918 2725 2974 Jesu
2751 2917 2981 2986 Christi,
3017 2937 3109 2991 per
3146 2936 3297 2991 quem
3342 2921 3474 2973 mihi
3513 2919 3746 2973 mundus

2144 3013 2429 3082 cruciﬁxus
2460 3021 2535 3068 est
2558 3023 2607 3068 et
2634 3030 2728 3084 ego
2759 3013 2955 3068 mundo
2997 3010 3140 3085 (Gal.
3165 3013 3265 3084 vr).
3299 3011 3415 3066 Non
3448 3013 3502 3066 in
3524 3011 3744 3082 propria

457 3106 555 3162 Dei
591 3106 940 3176 accipientes,
985 3105 1112 3162 facti
1157 3123 1342 3164 sumus
1385 3108 1501 3175 lilii,
1543 3110 1616 3164 ita
1647 3110 1702 3165 in
1736 3110 2041 3166 libertatem
2069 3147 2114 3210 Ο
2139 3104 2351 3175 iustitia
2380 3105 2602 3176 gloriari
2636 3105 2795 3160 debet
2819 3105 3134 3171 monachus,
3162 3105 3247 3159 vel
3277 3105 3332 3158 in
3361 3105 3614 3160 doctrina
3643 3105 3742 3159 ali-

459 3197 527 3253 de
562 3197 824 3252 servitute
850 3199 1065 3265 mutati,
1097 3199 1337 3256 hatredes
1365 3201 1535 3257 simus
1561 3201 1658 3257 Dei
1694 3202 1907 3269 Patris,
1951 3218 2044 3261 co-

457 3289 703 3345 haeredes
749 3297 927 3345 autem
971 3290 1097 3346 Jesu
1130 3291 1333 3348 Christi
1379 3292 1474 3347 lilii
1517 3293 1651 3362 ejus.
1692 3293 1826 3348 Nam
1855 3302 1909 3349 et
1937 3293 2044 3350 alio

456 3380 578 3438 loco
623 3383 766 3438 idem
807 3383 883 3437 ait
915 3383 1206 3453 Apostolus
1243 3382 1438 3457 (Colos.
1470 3384 1547 3456 1):
1590 3382 1803 3442 Gratias
1834 3395 2044 3458 agentes

462 3473 570 3528 Deo
600 3473 759 3529 Patri
785 3476 872 3547 qui
897 3476 1082 3546 dignos
1109 3492 1202 3531 nos
1233 3476 1352 3545 fecit
1367 3478 1421 3531 in
1435 3487 1636 3548 partem
1662 3479 1818 3534 sortis
1843 3487 2047 3533 sancto-

461 3580 579 3618 rum
606 3565 661 3618 in
686 3564 902 3619 lumine.
943 3564 1077 3620 Pars
1117 3567 1278 3622 sortis
1309 3576 1652 3634 sanctorum,
1697 3569 2045 3640 congregatio

463 3665 549 3712 est
577 3657 834 3722 adunata,
862 3666 919 3712 et
940 3657 996 3712 in
1024 3674 1133 3713 una
1158 3661 1417 3715 societate
1439 3661 1650 3731 juncta,
1670 3663 1910 3716 omnium
1937 3661 2046 3716 ele-

464 3755 702 3812 ctorum,
720 3749 861 3804 sicut
884 3757 938 3804 et
962 3749 1088 3804 alibi
1111 3751 1269 3806 dicit:
1307 3752 1411 3807 Vos
1434 3763 1609 3808 autem
1630 3752 1889 3808 Dominus
1910 3753 2048 3807 mul—

463 3839 660 3911 tiplicet
691 3840 742 3912 (Ι
775 3839 952 3895 Thess.
987 3840 1096 3914 ιιι),
1135 3842 1481 3911 subauditur,
1514 3845 1570 3899 in
1601 3860 1825 3902 numero
1850 3845 2050 3903 electo-

466 3946 588 3988 rum
615 3947 858 3998 suorum,
892 3943 948 3986 ut
975 3934 1090 3988 sitis
1111 3936 1280 3989 sancti
1305 3945 1354 3990 et
1387 3936 1733 4004 immaculati,
1758 3938 1812 3994 in
1842 3941 2048 4010 gremio

465 4024 674 4081 scilicet
706 4028 1020 4097 congregati
1055 4036 1386 4084 sanctorum.
1420 4029 1508 4086 Fit
1548 4046 1676 4102 ergo
1715 4049 1842 4104 pars
1886 4035 2050 4091 sortis

462 4129 777 4177 sanctorum
803 4123 856 4178 in
881 4123 1110 4189 lumine;
1131 4131 1187 4178 et
1209 4121 1511 4180 illustratur
1537 4141 1567 4181 a
1589 4126 1811 4193 lumine,
1833 4127 2049 4198 quando

463 4211 524 4265 lit
550 4212 605 4266 in
637 4211 874 4280 Christo,
909 4223 963 4270 et
1005 4215 1306 4272 illustratur
1332 4233 1363 4272 a
1403 4217 1642 4284 Christo,
1673 4218 1799 4288 quia
1827 4221 1964 4276 solet
1993 4222 2046 4277 in

470 4310 618 4356 sorte
642 4302 931 4359 haereditas
957 4305 1273 4376 significari,
1301 4306 1442 4362 sicut
1467 4309 1727 4377 scriptum
1757 4317 1869 4365 est:
1897 4309 2050 4366 Sorte

465 4391 641 4445 divisit
685 4394 758 4447 eis
805 4403 999 4449 terram
1045 4397 1100 4450 in
1146 4397 1384 4467 funiculo
1429 4398 1813 4455 distributionis
1862 4400 2047 4473 (Psal.

2145 3213 2273 3270 qua,
2298 3199 2390 3254 sed
2422 3199 2476 3254 in
2508 3197 2614 3254 ﬁde
2644 3199 2822 3254 crucis
2847 3197 3076 3264 Christi,
3102 3212 3200 3268 per
3225 3212 3387 3268 quem
3423 3197 3530 3251 sibi
3560 3197 3744 3252 omnia

2146 3301 2329 3363 sperat
2353 3292 2553 3348 dimitti
2581 3301 2822 3363 peccata.
2856 3291 3039 3346 Mutuo
3077 3306 3208 3362 ergo
3250 3291 3354 3346 sibi
3381 3291 3586 3344 mortui
3626 3304 3747 3368 esse

2145 3382 2365 3446 debent,
2396 3391 2452 3437 et
2481 3383 2714 3438 mundus
2741 3381 3005 3437 monacho
3025 3423 3041 3448 ,
3084 3388 3139 3437 et
3181 3381 3482 3437 monachus
3512 3383 3744 3437 mundo.

2146 3473 2215 3528 Et
2242 3473 2378 3528 nihil
2416 3473 2802 3544 concupiscere
2849 3473 3008 3528 debet
3051 3475 3352 3528 monachus
3383 3487 3578 3528 eorum
3626 3489 3745 3543 quae

2148 3575 2275 3622 sunt
2303 3567 2514 3632 mundi,
2545 3580 2648 3620 nec
2687 3566 2921 3620 mundus
2947 3565 3148 3621 habere
3179 3566 3338 3622 debet
3368 3565 3514 3636 quod
3543 3579 3744 3621 conen-

2147 3662 2320 3731 piscat
2345 3659 2398 3713 in
2424 3657 2710 3712 monacho.
2741 3656 2899 3713 Solus
2927 3672 3052 3728 ergo
3073 3665 3253 3728 potest
3275 3658 3329 3712 in
3354 3671 3520 3712 cruce
3538 3655 3745 3712 Christi

2150 3753 2410 3824 gloriari:
2451 3751 2542 3823 qui
2566 3751 2703 3805 tollit
2737 3768 2877 3818 eam,
2907 3761 2954 3806 et
2977 3753 3215 3822 sequitur
3241 3749 3609 3805 Salvatorem:
3643 3751 3744 3816 Qui

2150 3844 2408 3915 cruciﬁgit
2450 3860 2663 3898 carnem
2701 3861 2850 3899 suam
2892 3860 3010 3898 cum
3043 3844 3182 3898 vitiis
3209 3851 3257 3896 et
3283 3843 3742 3911 concupiscentiis,

2147 3938 2237 4008 qui
2260 3945 2498 3990 mortuus
2528 3944 2604 3990 est
2628 3937 2847 4002 mundo,
2879 3945 2929 3990 et
2967 3952 3072 3989 non
3099 3933 3486 4004 contemplatur
3529 3952 3592 3988 ea
3629 3952 3745 4006 qua:

2151 4027 2414 4092 videntur,
2439 4027 2528 4082 sed
2551 4043 2667 4098 qua:
2692 4044 2795 4080 non
2821 4027 3065 4081 videntur
3083 4036 3132 4081 et
3153 4035 3349 4081 (eterna
3374 4036 3499 4081 sunt
3521 4025 3743 4100 (Matth.

2149 4136 2270 4176 χνιο
2309 4116 2429 4174 Gal.
2461 4136 2515 4187 v;
2544 4119 2608 4175 ΙΙ
2637 4117 2760 4174 Cor.
2790 4118 2892 4191 IV).

2715 4231 2945 4288 CAPUT
2983 4232 3170 4288 LXIX.

2149 4323 2228 4379 De
2249 4339 2308 4379 eo
2337 4322 2477 4394 quod
2507 4321 2721 4378 Domini
2750 4340 2951 4404 semper
2978 4343 3011 4378 a
3051 4325 3320 4380 monachis
3358 4328 3746 4383 annuntientur

2822 4404 3054 4449 rtrtutes.

465 4484 689 4555 Lxxvn).
725 4485 980 4542 Dicamus
1009 4488 1136 4557 quia
1175 4489 1315 4544 sicut
1350 4490 1525 4545 omnis
1549 4491 1846 4547 electorum
1870 4507 2043 4564 papu-
2068 4507 2122 4569 D
2223 4486 2360 4542 Hinc
2381 4485 2574 4542 Petrus
2603 4487 2875 4556 apostolus
2910 4487 3021 4542 ait:
3058 4485 3123 4542 Ut
3153 4490 3368 4544 virtutes
3414 4493 3744 4546 annuntians

468 4571 574 4639 lus,
603 4588 730 4643 pars
757 4583 811 4630 et
840 4576 1111 4634 funiculus
1134 4579 1470 4635 btereditatis
1498 4581 1711 4636 Domini
1755 4591 1868 4650 est,
1900 4582 2049 4639 Scri-
2147 4581 2260 4650 ejus
2290 4580 2377 4652 qui
2411 4579 2475 4634 de
2513 4579 2732 4634 tenebris
2774 4597 2863 4634 vos
2893 4583 3090 4636 vocavit
3122 4583 3178 4635 in
3218 4583 3537 4638 admirabile
3566 4584 3748 4639 lumen

471 4673 630 4734 ptura
673 4666 928 4724 dicente:
974 4670 1109 4726 Pars
1153 4681 1328 4726 autem
1375 4672 1588 4728 Domini
1626 4675 1850 4745 populus
1892 4677 2047 4747 ejus:

467 4753 635 4810 Iacob
657 4756 926 4828 funiculus
946 4761 1265 4817 Itwreditatis
1287 4764 1400 4835 ejus
1417 4765 1594 4836 (Deut.
1620 4766 1813 4838 χχχιι).
1828 4767 1905 4822 Ita
1923 4783 2049 4839 pars

465 4857 520 4904 et
547 4847 833 4906 hareditas
861 4853 1023 4908 sortis
1053 4863 1362 4910 sanctorum
1388 4855 1502 4926 ipse
1535 4857 1793 4914 Dominus
1818 4867 1929 4924 est,
1957 4860 2051 4930 qui

467 4941 604 4996 dixit
632 4942 701 4998 ad
725 4942 907 4998 Aaron
933 4965 946 5000 :
980 4944 1093 5017 Ego
1117 4963 1240 5017 pars
1276 4957 1325 5002 et
1365 4949 1646 5006 htereditas
1674 4960 1766 5005 tua
1796 4952 1852 5004 in
1876 4951 2048 5007 medio

466 5031 700 5101 ﬁliorum
725 5034 894 5090 Israel
922 5035 1112 5108 (Num.
1139 5039 1319 5111 xvm).
1348 5039 1458 5095 Nos
1483 5049 1664 5096 autem
1688 5057 1809 5097 cum
1834 5034 2048 5114 aposto-

470 5125 536 5180 lis
562 5134 617 5181 et
641 5126 893 5183 omnibus
918 5129 1122 5185 sanctis
1150 5131 1463 5188 societatem
1501 5133 1759 5190 habentes
1783 5153 1796 5189 :
1835 5133 2048 5190 Gratias

466 5227 672 5288 agentes
695 5216 806 5272 Deo
833 5215 1008 5286 Patri,
1032 5237 1240 5276 oremus
1264 5235 1319 5276 ut
1341 5223 1524 5294 dignos
1549 5242 1642 5279 nos
1664 5226 1825 5296 faciat
1852 5227 1906 5280 in
1925 5244 2048 5298 par-

465 5317 567 5362 tem
596 5308 753 5362 sortis
783 5319 1084 5364 sanctorum
1113 5312 1168 5365 in
1198 5311 1392 5368 lumine
1420 5312 1642 5386 (Coloss.
1675 5317 1739 5388 1),
1768 5318 1820 5374 id
1841 5326 1957 5384 est,
1988 5326 2050 5374 ut

464 5413 594 5468 pars
616 5409 670 5453 et
695 5415 816 5456 sors
837 5407 894 5455 et
926 5401 1216 5458 hiereditas
1249 5403 1460 5461 Domini
1491 5423 1612 5464 esse
1637 5425 1962 5479 mereamur,
1993 5419 2049 5467 et

469 5489 646 5560 ipsum
693 5490 984 5546 Dominum
1033 5492 1370 5551 Salvatorem
1411 5507 1654 5554 nostrum
1703 5500 1759 5554 in
1803 5510 1950 5556 sorte
1993 5510 2049 5556 et

469 5579 785 5634 hatreditnte
817 5583 1147 5653 sempiterna
1189 5584 1417 5642 feliciter
1457 5589 1862 5660 possideamus,
1903 5601 1958 5647 et
1990 5592 2046 5646 in

469 5673 690 5740 lumine,
721 5673 779 5730 id
802 5684 884 5730 est
921 5677 975 5732 in
1013 5678 1130 5749 ipso
1173 5689 1228 5734 et
1271 5696 1369 5752 per
1405 5683 1582 5754 ipsum
1629 5683 1943 5749 illuminati,
1991 5687 2046 5740 in

469 5774 731 5822 aeternum
760 5765 944 5823 felices
979 5784 1411 5838 permaneamus.

2149 4691 2301 4728 suum
2331 4673 2384 4746 (Ι
2412 4673 2559 4728 Petr.
2585 4671 2670 4745 ιι).
2704 4673 2858 4730 Sicut
2885 4674 3031 4730 enim
3061 4675 3098 4730 ii
3125 4676 3216 4744 qui
3247 4676 3313 4730 de
3341 4675 3603 4749 .‘Egyptia
3629 4695 3745 4735 ser-

2150 4768 2321 4823 vitute
2348 4767 2561 4822 liberati
2585 4775 2713 4822 sunt
2737 4783 2834 4838 per
2863 4767 3082 4839 Moysen
3103 4809 3117 4833 ,
3151 4783 3370 4824 carmen
3411 4771 3744 4843 triumphale

2150 4868 2270 4930 post
2293 4860 2581 4915 transitum
2609 4861 2776 4916 maris
2809 4860 2997 4926 Rubri,
3026 4870 3082 4917 et
3107 4863 3416 4918 demersum
3437 4864 3742 4922 Pharaonis

2150 4950 2448 5006 exercitum
2470 4991 2484 5016 ,
2527 4951 2756 5006 Domino
2799 4959 3153 5007 cantaverunt
3181 4952 3379 5024 (Exod.
3411 4954 3543 5028 xv);
3583 4958 3661 5013 ita
3688 4967 3739 5014 et

2150 5056 2249 5097 nos
2274 5049 2486 5112 oportet
2511 5051 2635 5112 post
2669 5051 2944 5113 acceptam
2973 5043 3027 5098 in
3057 5043 3325 5114 baptismo
3356 5047 3738 5104 remissionem

2149 5142 2518 5205 peccatorum,
2555 5134 2744 5206 dignas
2789 5135 3066 5190 beneficiis
3092 5135 3402 5193 coelestibus
3442 5141 3738 5210 rependere

2149 5226 2371 5299 gratias,
2408 5234 2464 5282 et
2491 5227 2609 5299 ejus
2630 5242 2844 5297 semper
2867 5229 3189 5283 annuntiare
3210 5228 3457 5285 virtutes.
3487 5230 3545 5285 Si
3570 5233 3739 5287 virtu-

2149 5326 2231 5374 tes
2261 5333 2385 5374 suas
2404 5320 2745 5391 omnipotens
2770 5319 2913 5374 Deus
2937 5328 3160 5386 taceret,
3188 5321 3366 5378 nullus
3392 5333 3732 5395 agnosceret,

2150 5411 2330 5466 nullus
2359 5421 2586 5467 amaret.
2618 5413 2860 5467 Virtutes
2887 5428 3017 5482 ergo
3054 5429 3182 5469 suas
3207 5417 3512 5480 annuntiat,
3541 5433 3651 5472 non
3679 5425 3736 5472 ut

2150 5503 2399 5560 laudibus
2424 5506 2539 5560 suis
2565 5505 2678 5576 ipse
2704 5506 2974 5576 proficiat,
3003 5507 3094 5562 sed
3124 5516 3185 5562 ut
3211 5507 3247 5562 ii
3267 5509 3358 5578 qui
3389 5509 3532 5565 hunc
3559 5512 3612 5565 in
3636 5526 3731 5566 sua

2151 5596 2309 5651 laude
2338 5606 2728 5666 cognoverunt,
2762 5597 2827 5651 ad
2864 5606 3178 5668 perpetuam
3202 5600 3576 5656 haereditatem
3605 5618 3731 5672 per-

2150 5687 2385 5743 veniant.
2419 5685 2629 5759 [Greg.,
2680 5689 2872 5744 Moral.
2918 5691 2956 5746 ι.
2989 5708 3138 5758 xvm,
3169 5710 3214 5748 c.
3243 5692 3323 5766 5.]
3353 5694 3559 5751 Idcirco
3587 5697 3732 5753 Dens

2151 5778 2335 5834 Iaudes
2364 5794 2489 5833 sitas
2517 5779 2737 5846 indicat,
2766 5792 2826 5835 ut
2854 5781 3129 5841 valeamus
3156 5798 3279 5840 eum
3306 5786 3591 5842 audientes
3627 5796 3692 5841 eo
