4020 6460
1454 343 1761 400 DIADEMA
1800 343 2308 401 MONACHORUM.

3412 349 3520 409 660

232 483 518 546 gnoscere,
566 474 954 541 cognoscentes
983 481 1198 534 amare,
1245 473 1491 522 amantes
1529 466 1706 537 sequi,
1733 480 1818 522 se-
1844 468 1897 530 Α
1922 464 2188 532 confusio,
2248 466 2343 522 sed
2375 482 2572 539 magna
2605 467 2766 525 debet
2792 467 3041 526 ﬁdelibus
3068 483 3189 526 esse
3227 469 3507 544 gloriatio.

231 571 465 636 quentes
502 563 748 633 adipisci,
779 562 1141 633 adipiscentes
1166 575 1297 616 vero
1323 559 1440 630 ejus
1465 559 1672 615 visione
1697 575 1822 630 per-

232 657 363 712 frui.
401 654 538 710 Hinc
577 655 847 725 Propheta
887 655 1000 710 ait:
1051 653 1306 708 Virtutem
1347 669 1560 724 operum
1603 667 1821 706 suorum

232 749 570 804 annuntiabit
595 747 787 820 papula
817 765 936 815 suo,
968 758 1025 803 ut
1051 749 1137 803 det
1172 748 1277 803 illis
1304 748 1661 802 hwreditatem
1697 764 1822 818 gen-

232 846 368 899 tium
405 841 579 916 (Psal.
620 843 730 916 cx).
760 843 839 900 Ac
864 845 909 900 si
937 853 1123 916 aperte
1149 845 1332 900 dicat:
1372 843 1579 898 Idcirco
1607 841 1822 897 fortitu-

228 937 415 994 dinem
437 953 549 993 suaa
565 938 893 1008 operationis
914 938 1174 1004 insinuat,
1194 945 1255 991 ut
1273 951 1391 992 eam
1415 936 1506 1005 qui
1529 934 1818 1001 audierint,

229 1029 391 1085 donis
420 1030 795 1100 spiritualibus
832 1030 1120 1086 ditescant.
1170 1029 1229 1084 In
1275 1027 1646 1099 spiritualihus
1675 1025 1820 1080 enim

230 1119 392 1176 donis
420 1121 708 1191 proﬁcere,
739 1129 824 1177 est
849 1121 1007 1193 digne
1029 1121 1083 1176 in
1107 1120 1217 1175 Deo
1245 1119 1539 1184 ambulare,
1568 1126 1624 1174 et
1644 1118 1709 1172 de
1734 1117 1821 1172 die

229 1212 286 1267 in
317 1212 460 1267 diem
492 1213 546 1267 in
575 1213 868 1267 virtutibus
895 1213 1098 1268 sanctis
1126 1210 1423 1282 proﬁcere,
1452 1205 1623 1265 donec
1646 1208 1713 1263 ad
1739 1209 1823 1263 vi-

229 1303 440 1358 sionem
487 1302 890 1374 Omnipotentis
926 1303 1103 1358 valeat
1143 1303 1461 1372 pervenire,
1506 1309 1568 1355 ut
1609 1300 1821 1355 dicatur

231 1412 355 1452 cum
388 1399 602 1453 caeteris
631 1398 835 1452 sanctis
859 1398 925 1452 de
960 1397 1088 1452 illo:
1130 1396 1290 1451 Ibunt
1318 1396 1382 1449 de
1413 1397 1601 1450 virtute
1636 1395 1692 1448 in
1717 1395 1822 1447 vir-

229 1496 414 1553 tutem,
429 1497 478 1542 et
491 1488 747 1542 videbitur
759 1487 902 1542 Deus
917 1488 1135 1542 deorum
1157 1487 1210 1542 in
1230 1486 1360 1542 Sion
1375 1485 1544 1558 (Psal.
1557 1475 1817 1556 {1.xxx111).

227 1578 323 1634 Ille
343 1581 597 1636 videlicet
624 1581 898 1636 videbitur
925 1596 956 1635 a
980 1581 1136 1636 nobis
1167 1581 1222 1635 in
1251 1579 1401 1642 Sion,
1431 1578 1485 1633 id
1519 1586 1602 1633 est
1626 1578 1679 1632 in
1699 1591 1819 1648 Spe-

228 1669 503 1728 culatione
527 1688 782 1743 superna,
813 1673 904 1743 qui
933 1689 1032 1729 nos
1054 1673 1271 1728 vocavit
1312 1673 1366 1727 in
1409 1689 1567 1728 suum
1592 1687 1818 1743 regnum

226 1770 285 1818 et
312 1763 561 1832 gloriam.
589 1765 815 1820 Vocavit
837 1765 989 1836 prius
1015 1780 1114 1836 per
1141 1765 1327 1832 ﬁdem,
1352 1774 1539 1836 postea
1571 1780 1700 1820 vero
1721 1781 1818 1820 vo-

1923 556 2175 614 Christus
2199 559 2364 625 enim,
2393 561 2471 615 ait
2494 560 2804 631 Apostolus,
2829 563 3001 633 factus
3030 573 3104 618 est
3139 564 3287 618 nobis
3301 565 3516 635 justitia

1925 649 1980 722 (I
2027 649 2148 705 Cor.
2192 650 2255 724 1).
2314 651 2432 708 Pati
2481 667 2612 724 ergo
2672 671 2768 726 pro
2816 655 3054 722 Christo,
3097 658 3207 728 pati
3250 668 3337 714 est
3382 675 3513 730 pro-

1922 752 2046 814 pter
2074 744 2362 813 justitiam.
2389 745 2540 802 Beati
2569 748 2705 802 enim
2733 747 2831 819 (ait
2858 750 3139 822 Dominus)
3163 753 3253 823 qui
3282 769 3519 822 persecu-

1921 837 2116 892 tionem
2141 840 2417 908 patiuntur
2443 850 2652 911 propter
2665 841 2954 911 justitiam,
2994 845 3245 914 quoniam
3274 846 3511 915 ipsorum

1921 938 1995 983 est
2031 945 2243 999 regnum
2268 930 2514 985 calorum
2539 931 2755 1001 (Matth.
2809 933 2885 1001 v).
2915 933 3335 990 Confundantur
3380 952 3512 1008 ergo

1922 1021 1997 1077 illi
2023 1025 2113 1092 qui
2141 1036 2361 1096 propter
2383 1027 2650 1098 justitiam
2671 1039 3072 1098 persequuntur
3103 1031 3328 1097 electos,
3377 1033 3507 1102 quia

1920 1129 2016 1170 eos
2065 1119 2342 1174 cruciatus
2389 1128 2668 1190 exspectat
2704 1129 2962 1176 :eternus.
3012 1122 3128 1178 Non
3166 1124 3503 1179 confundan-

1923 1214 2013 1261 tur
2043 1208 2225 1275 electi,
2269 1211 2466 1281 quibus
2495 1227 2594 1282 pro
2621 1212 2878 1267 brevibus
2909 1213 3350 1270 tribulationibus
3380 1232 3512 1286 gau-

1873 1310 1879 1318 '
1922 1300 2070 1356 dium
2121 1309 2405 1368 :eternum,
2462 1304 2668 1374 pariter
2722 1304 2983 1360 ccelorum
3027 1305 3299 1360 tribuetur
3329 1315 3383 1359 et
3424 1322 3512 1362 re-

1921 1406 2107 1460 gnum.
2145 1391 2282 1447 Hinc
2338 1392 2532 1448 Petrus
2567 1394 2644 1448 ait
2687 1393 2806 1450 ειδὶ
2855 1395 2982 1465 quid
3010 1395 3256 1465 patimini
3305 1407 3516 1466 propter

1910 1482 2203 1552 justitiam,
2240 1483 2380 1537 beati
2426 1483 2481 1556 (I
2514 1482 2662 1538 Petr.
2694 1484 2800 1557 111).
2837 1484 2953 1540 Non
2985 1485 3184 1550 solum,
3213 1485 3406 1554 inquit,
3439 1484 3514 1540 nil

1920 1576 2072 1631 vobis
2110 1584 2288 1642 nocet,
2321 1578 2414 1647 qui
2450 1577 2653 1632 bonum
2709 1578 3038 1634 facientibus
3086 1578 3227 1633 mala
3271 1578 3508 1649 irrogat;

1920 1667 2015 1723 sed
2057 1670 2224 1724 etiam
2265 1685 2390 1724 cum
2431 1686 2528 1726 vos
2569 1679 2791 1741 propter
2832 1672 2970 1726 bona
3023 1687 3144 1741 quae
3196 1678 3514 1726 exsecratur

1923 1762 2098 1818 hostis
2153 1763 2478 1833 insequitur,
2517 1779 2738 1819 causam
2793 1765 2949 1819 vobis
3010 1765 3233 1835 majoris
3279 1765 3511 1818 beatitu-

227 1855 374 1910 cavit
397 1870 497 1925 per
542 1857 776 1927 speciem
794 1897 808 1922 ,
849 1857 1066 1926 quando
1091 1855 1394 1912 videbimus
1421 1872 1545 1912 eum
1574 1855 1712 1911 facie
1748 1855 1817 1909 ad
1845 1857 1892 1918 B
1921 1851 2062 1906 diuis
2103 1861 2344 1922 praestat,
2402 1869 2525 1908 cum
2555 1855 2830 1924 patientia:
2876 1864 3074 1910 vestrm
3096 1855 3241 1911 vires
3268 1864 3511 1912 exercet.

226 1947 442 2014 faciem,
476 1959 530 2006 et
569 1951 716 2006 illam
754 1953 1166 2008 desiderabilem
1214 1954 1495 2009 audiemus
1521 1969 1709 2008 vocem
1737 1953 1817 2008 di-

224 2041 433 2096 centis:
474 2040 675 2108 Venite,
693 2044 945 2098 benedicti
970 2041 1150 2099 Patris
1172 2045 1294 2110 mei,
1309 2045 1556 2115 percipite
1578 2062 1814 2114 regnum,

223 2133 363 2203 quod
384 2133 526 2188 vobis
549 2143 796 2204 paratum
820 2146 895 2190 est
918 2137 982 2188 ab
1004 2137 1206 2206 origine
1227 2138 1409 2190 mundi
1426 2137 1812 2209 (Matthrxxv).

224 2220 281 2276 In
304 2239 412 2292 quo
435 2240 603 2296 regno
621 2233 677 2280 et
697 2225 867 2295 gloria
889 2234 1092 2282 aeterna
1115 2237 1169 2282 et
1192 2229 1300 2283 vita
1327 2239 1510 2283 manet
1533 2238 1812 2300 perpetua.

223 2311 424 2371 Beatus
444 2315 545 2371 Job
571 2317 638 2371 de
662 2318 763 2372 hac
789 2320 1198 2375 annuntiationc
1218 2321 1500 2386 virtutum,
1525 2323 1624 2376 sub
1645 2322 1816 2392 ﬁgura

222 2404 602 2476 Redemptoris
631 2410 804 2463 nostri
833 2411 938 2464 ait:
973 2409 1155 2475 Terra,
1188 2429 1250 2466 ne
1275 2413 1478 2481 operias
1507 2415 1814 2484 sanguinem

220 2511 396 2549 meum
428 2495 570 2567 (Job.
597 2498 730 2569 xv1).
754 2496 956 2571 [Creg.,
990 2500 1184 2554 Moral.
1205 2501 1242 2555 ι.
1279 2519 1396 2567 x111,
1427 2520 1473 2556 c.
1505 2503 1622 2575 25.]
1649 2505 1815 2560 Terra

222 2603 459 2657 namque
498 2591 814 2660 sanguinem
840 2593 1041 2648 Christi
1069 2610 1175 2648 non
1203 2596 1443 2665 operuit:
1474 2596 1601 2665 quia
1628 2606 1814 2651 sancta

219 2675 467 2732 Ecclesia
495 2681 880 2750 redemptionis
909 2699 1022 2738 sum
1050 2687 1370 2754 mysterium
1393 2686 1447 2739 in
1469 2688 1682 2741 cunctis
1700 2687 1814 2755 jam

222 2770 408 2823 mundi
436 2771 680 2839 partibus
705 2773 1034 2841 praedicavit.
1058 2775 1176 2844 Ipse
1199 2777 1341 2831 enim
1365 2778 1582 2847 sanguis
1603 2777 1815 2833 redem-

221 2860 426 2931 ptionis
460 2862 552 2930 qui
583 2863 833 2929 sumitur,
864 2864 1072 2920 clamor
1099 2868 1271 2922 nostri
1300 2866 1680 2938 Redemptoris
1707 2877 1810 2924 est.

225 2952 368 3022 Ergo
397 2962 458 3008 ut
485 2965 886 3012 sacramentum
932 2958 1224 3015 Dominica:
1264 2963 1532 3031 passionis
1563 2963 1616 3016 in
1657 2963 1812 3019 nobis

223 3061 331 3101 non
360 3047 432 3102 sit
463 3048 720 3116 otiosum,
747 3048 1008 3105 debemus
1035 3051 1235 3107 imitari
1277 3068 1396 3123 quae
1437 3056 1722 3121 sumimus,
1759 3064 1814 3111 et

223 3141 524 3212 praedicare
547 3143 760 3198 caeteris
787 3159 907 3214 quae
935 3160 1281 3200 veneramur.
1305 3145 1443 3200 Hinc
1466 3148 1662 3202 iterum
1684 3148 1812 3202 bea-

1924 1945 2039 2014 Ipse
2079 1945 2274 2001 iterum
2321 1946 2452 2000 dicit
2486 1964 2497 2000 :
2531 1945 2724 2001 Melius
2771 1956 2843 2002 est
2889 1948 3028 2002 enim
3088 1947 3213 2002 bene
3261 1948 3514 2018 facientes

1923 2036 1990 2108 (si
2040 2036 2157 2090 velit
2202 2038 2441 2092 voluntas
2505 2036 2625 2107 Dei)
2680 2039 2792 2106 pati
2851 2055 3010 2108 quam
3063 2037 3203 2090 male
3259 2039 3514 2108 facientes

1922 2127 2133 2198 (Ibid.).
2188 2126 2312 2182 Hme
2364 2128 2631 2182 sententia
2660 2127 2876 2182 illorum
2907 2128 3298 2184 monachorum
3335 2129 3516 2184 stulti-

1920 2221 2052 2275 tiam
2102 2222 2299 2292 arguit,
2341 2221 2433 2290 qui
2481 2237 2606 2275 cum
2649 2237 2748 2293 pro
2778 2221 2954 2292 culpis
2997 2232 3300 2292 arguuntur
3343 2238 3374 2277 a
3401 2223 3516 2278 fra-

1919 2313 2112 2376 tribus,
2141 2314 2227 2369 vel
2273 2315 2436 2368 etiam
2472 2315 3044 2381 excommunicantur,
3105 2317 3375 2386 patienter
3403 2331 3513 2372 non

1919 2405 2169 2460 tolerant.
2229 2404 2288 2460 Si
2325 2421 2456 2460 vero
2512 2407 2631 2461 sine
2685 2407 2867 2476 culpa,
2914 2407 3000 2462 vel
3044 2409 3333 2462 verborum
3381 2423 3515 2464 con-

1918 2494 2188 2561 tumelias,
2238 2495 2324 2548 vel
2373 2495 2603 2550 adversa
2643 2511 2872 2566 qumque
2911 2497 3195 2565 patiuntur
3233 2513 3264 2551 a
3298 2513 3512 2568 praepo-

1917 2590 2056 2654 sitis,
2085 2605 2211 2644 mox
2239 2589 2306 2644 ad
2335 2590 2676 2644 iracundiam
2703 2597 3071 2660 prorumpunt
3111 2607 3124 2644 :
3159 2597 3214 2646 et
3235 2591 3328 2662 qui
3356 2599 3514 2646 antea

1919 2682 2239 2737 videbantur
2278 2682 2506 2749 innoxii,
2556 2699 2654 2752 per
2693 2683 3089 2753 impatientiam
3125 2692 3179 2739 et
3205 2700 3515 2740 murmura-

1917 2774 2081 2827 tionis
2125 2774 2409 2828 audaciam
2453 2774 2753 2844 culpabiles
2795 2790 2854 2830 se
2891 2775 3124 2830 reddunt
3195 2783 3251 2830 et
3292 2779 3510 2832 noxios.

1914 2863 1982 2918 Et
2017 2864 2149 2919 mihi
2195 2865 2242 2918 si
2275 2865 2496 2919 daretur
2531 2867 2701 2936 optio,
2750 2865 2968 2921 mallem
3013 2867 3249 2937 judicari
3293 2877 3388 2923 aut
3415 2869 3512 2924 ad-

1914 2971 2070 3011 versa
2120 2957 2234 3026 pati
2271 2957 2387 3011 sine
2410 2957 2585 3028 culpa,
2642 2973 2808 3028 quam
2856 2973 2979 3012 cum
3019 2958 3177 3030 culpa
3227 2960 3512 3031 subjacere

1913 3046 2231 3102 verberibus
2267 3048 2353 3100 vel
2383 3049 3062 3105 excommunicationibus.
3097 3050 3202 3118 Qui
3223 3051 3368 3106 enim
3418 3051 3509 3122 ju-

1915 3145 2033 3192 stus
2058 3144 2114 3191 et
2159 3137 2278 3192 sine
2305 3137 2466 3207 culpa
2489 3139 2713 3207 patitur,
2767 3139 3044 3194 Christum
3083 3142 3362 3209 imitatur;
3416 3142 3510 3212 qui

224 3241 311 3288 tus
335 3233 434 3289 Job
465 3235 578 3289 ait:
620 3233 801 3307 Neque
830 3237 1061 3290 inveniat
1087 3236 1257 3291 locum
1282 3238 1337 3292 in
1379 3247 1427 3292 te
1457 3238 1655 3292 latendi
1702 3240 1812 3293 ειη-
1839 3222 1884 3286 C
1915 3243 2046 3283 vero
2066 3228 2119 3282 in
2161 3227 2389 3298 ﬂagellis
2429 3229 2747 3299 corripitur,
2784 3229 3049 3285 latronem
3083 3231 3232 3284 illum
3265 3231 3513 3286 imitatur

222 3342 341 3381 mor
381 3343 527 3381 meus
575 3325 718 3400 (Job.
764 3328 899 3398 xv1).
932 3327 1133 3383 Locum
1175 3330 1320 3384 enim
1364 3328 1565 3383 latendi
1606 3329 1812 3385 clamor

1915 3320 2008 3390 qui
2056 3319 2111 3373 in
2159 3335 2320 3374 cruce
2365 3319 2643 3375 Christum
2689 3321 2943 3391 cognovit
3001 3329 3056 3374 et
3107 3330 3231 3390 post
3280 3336 3509 3376 crucem

221 3421 340 3490 ejus
372 3423 426 3477 in
456 3423 610 3479 nobis
639 3424 863 3488 invenit,
889 3424 933 3479 si
964 3426 1067 3480 hoc
1085 3426 1228 3495 quod
1258 3440 1413 3479 mens
1435 3425 1608 3479 credit
1627 3425 1810 3494 lingua
1913 3412 1966 3466 in
2013 3409 2327 3481 Paradisum
2373 3426 2499 3465 cum
2549 3410 2766 3466 Chrism
2795 3411 3037 3465 ίηιΐίινίῑο
3107 3413 3207 3478 (illi
3234 3427 3365 3467 νεΐο
3408 3425 3510 3468 nec

223 3525 419 3571 taceat.
453 3516 559 3572 Sed
587 3533 655 3573 ne
682 3518 736 3572 in
763 3517 918 3573 nobis
950 3517 1155 3572 clamor
1179 3519 1296 3588 ejus
1321 3517 1520 3582 lateat,
1553 3526 1722 3572 restat
1747 3526 1809 3572 ut

1914 3504 2054 3560 inter
2101 3504 2311 3575 ﬂagella
2349 3505 2563 3559 desistit
2601 3519 2633 3558 a
2674 3504 2868 3575 culpis,
2920 3505 3203 3560 sinistrum
3248 3506 3505 3561 imitatur

1906 3595 2196 3661 latronem,
2233 3597 2324 3666 qui
2364 3605 2587 3667 propter
2623 3605 2846 3666 peccata
2889 3598 2943 3652 in
2979 3613 3194 3653 crucem
3238 3599 3505 3666 ascendit,

1907 3697 1964 3744 et
1989 3700 2108 3759 post
2127 3703 2344 3743 crucem
2389 3689 2441 3742 in
2473 3698 2738 3744 tartarum
2781 3689 2911 3742 ruit.
2959 3688 3106 3744 Dixit
3134 3697 3320 3744 sancta
3371 3687 3512 3761 Syn-

1907 3783 2098 3840 cletice
2125 3783 2411 3851 :Quamvis
2437 3783 2753 3838 concidatur
2767 3797 2963 3852 corpus
2979 3782 3414 3849 inﬁrmitatibus,
3453 3787 3511 3838 et

1904 3875 2101 3930 validis
2133 3875 2496 3931 inllammetur
2539 3875 2811 3942 febribus,
2850 3891 2958 3930 non
2985 3875 3209 3931 deﬁcias
3257 3877 3312 3931 in
3351 3891 3508 3946 pres-

1906 3968 2071 4032 suris,
2088 3967 2183 4022 sed
2200 3967 2370 4037 magis
2394 3967 2585 4038 gaude,
2610 3967 2736 4036 quia
2759 3967 3000 4021 visitavit
3014 3975 3064 4022 te
3080 3966 3340 4022 Dominus
3355 3975 3408 4022 et
3429 3967 3510 4024 di-

1905 4073 2020 4124 ces,
2043 4057 2318 4127 Castigans
2336 4059 2607 4128 castigavit
2623 4076 2703 4112 me
2725 4058 3002 4122 Dominus,
3031 4068 3079 4112 et
3096 4060 3252 4112 morti
3281 4076 3382 4112 non
3403 4066 3510 4113 tra-

1905 4149 2040 4203 didit
2066 4165 2148 4202 me
2175 4145 2346 4219 (Psal.
2380 4149 2570 4220 cxv11).
2605 4148 2662 4202 Si
2691 4148 2896 4204 ferrum
2911 4165 2991 4211 es,
3018 4165 3173 4219 spera
3203 4149 3504 4203 adhibitum

1905 4243 2000 4297 tibi
2039 4243 2238 4312 ignem.
2293 4241 2499 4295 Aurum
2555 4257 2638 4307 es,
2700 4241 2794 4296 sed
2840 4257 2938 4312 per
2985 4243 3161 4314 ignem
3224 4241 3506 4312 probatior

1905 4332 2013 4387 eris
2047 4331 2100 4404 (1
2151 4328 2296 4386 Petr.
2339 4332 2398 4403 1).
2453 4331 2607 4399 Quod
2652 4333 2697 4387 si
2723 4332 2906 4403 justus
2933 4349 2992 4389 es
3037 4341 3090 4388 et
3123 4333 3240 4388 haec
3275 4333 3500 4404 pateris,

1907 4425 1973 4480 de
2024 4425 2234 4497 magnis
2281 4425 2348 4480 ad
2375 4423 2579 4492 majora
2610 4427 2973 4496 promoveris.
2998 4426 3357 4498 Interrogavit
3383 4425 3503 4496 qui-

1910 4517 2035 4571 dam
2079 4516 2249 4572 frater
2298 4531 2500 4580 senem,
2566 4518 2752 4572 dicens
2787 4537 2799 4572 :
2832 4519 2927 4574 Dic
2979 4519 3112 4574 mihi
3162 4534 3322 4572 unam
3380 4533 3495 4572 rem

223 3609 594 3680 unusquisque
618 3610 774 3681 juxta
807 3609 1082 3665 modulum
1109 3625 1266 3665 suum
1291 3607 1668 3664 viviﬁcationis
1695 3623 1808 3665 suae

223 3705 542 3776 mysterium
569 3705 831 3775 proximis
856 3705 1117 3760 notiﬁcet.

788 3796 1016 3854 CAPUT
1053 3796 1219 3852 LXX.

220 3887 302 3942 De
341 3905 400 3942 eo
434 3888 572 3959 quod
624 3892 876 3944 donatum
913 3889 979 3944 sit
1035 3890 1234 3948 sanctis
1287 3889 1399 3960 pati
1434 3871 1528 3960 pro
1571 3887 1802 3944 Christo.

293 3979 386 4037 Sic
410 3982 549 4037 inter
574 3990 766 4037 ctetcra
803 3982 1001 4038 Paulus
1049 3982 1324 4052 apostolus
1353 3983 1432 4036 ait
1468 4001 1480 4036 :
1526 3981 1683 4036 Vobis
1711 3982 1806 4036 do-

221 4082 405 4128 natum
435 4083 508 4127 est
540 4089 634 4145 pro
661 4073 888 4139 Christo,
919 4084 975 4127 ut
1010 4090 1113 4127 non
1134 4074 1303 4128 solum
1326 4075 1381 4127 in
1406 4091 1523 4127 eum
1554 4075 1802 4141 credatis,

219 4165 314 4220 sed
341 4165 496 4219 etiam
534 4175 588 4219 ut
617 4183 710 4237 pro
748 4165 840 4220 illo
870 4167 1147 4236 patiamini
1189 4164 1359 4236 (Phil.
1394 4165 1456 4238 1).
1502 4165 1804 4221 Notandum

221 4261 367 4330 quod
400 4269 456 4314 et
478 4259 609 4314 ﬁdes
629 4276 734 4330 qua
771 4261 825 4315 in
860 4259 1135 4315 Christum
1166 4259 1461 4324 credimus,
1513 4268 1569 4314 et
1598 4259 1805 4329 passio-

223 4369 323 4408 nes
374 4367 510 4422 quas
555 4367 654 4422 pro
689 4352 782 4407 illo
815 4353 1070 4423 patimur,
1117 4367 1148 4406 a
1177 4352 1286 4406 Deo
1325 4351 1488 4406 Patre
1512 4367 1612 4422 pro
1649 4350 1806 4406 Chri-

223 4451 310 4500 sto
342 4444 499 4500 nobis
533 4444 820 4500 donantur.
863 4443 981 4498 Non
1027 4443 1171 4498 enim
1219 4443 1365 4509 aliis,
1402 4443 1499 4498 sed
1550 4442 1806 4497 amatori-

222 4538 328 4592 bus
357 4535 580 4604 Cbristi,
624 4552 736 4616 pro.
757 4537 976 4594 Christo
1017 4538 1128 4608 pati
1181 4537 1518 4592 conceditur.
1574 4536 1728 4593 Unde
1751 4544 1806 4590 et

223 4646 334 4685 non
373 4631 529 4686 nobis
568 4597 645 4686 in.
678 4597 1032 4702 passionibus-
1069 4647 1168 4702 pro
1222 4631 1442 4688 Christo
1491 4631 1806 4697 dolendum,

1914 4623 2075 4678 quam
2123 4609 2446 4672 custodiam,
2499 4617 2555 4663 et
2601 4609 2778 4665 vivam
2824 4625 2922 4679 per
2963 4626 3103 4666 eam.
3157 4610 3225 4664 Et
3275 4609 3412 4665 dixit
3446 4609 3496 4664 ei

224 4722 320 4776 sed
347 4722 514 4778 multo
548 4725 718 4796 magis
747 4733 830 4779 est
857 4725 1199 4796 gaudendum
1225 4725 1381 4780 nobis
1433 4736 1489 4780 et
1537 4727 1814 4784 exsultan-

224 4815 357 4869 dum
399 4832 410 4867 :
447 4813 585 4880 Quia
612 4826 660 4870 et
687 4817 910 4887 apostoli
955 4818 1098 4872 ibant
1139 4819 1424 4888 gaudentes
1466 4837 1498 4872 a
1535 4833 1811 4890 conspectu

223 4908 458 4973 concilii,
490 4911 736 4980 quoniam
761 4911 906 4981 digni
934 4911 1098 4966 habiti
1140 4921 1260 4966 sunt
1286 4929 1380 4983 pro
1432 4915 1640 4968 nomine
1681 4913 1811 4969 Iesu

222 4999 596 5054 contumeliam
631 5003 740 5071 pati
787 5002 922 5073 (Act.
967 5003 1044 5073 v).
1092 5001 1210 5058 Non
1260 5002 1433 5058 solum
1473 5005 1606 5058 nihil
1655 5006 1814 5062 bonis

223 5098 410 5156 nocet,
460 5091 550 5160 qui
593 5091 794 5146 bonum
843 5092 1166 5148 facientibus
1222 5094 1365 5148 mala
1419 5095 1656 5166 irrogat;
1712 5096 1808 5152 sed

222 5182 394 5238 etiam
450 5197 670 5238 causam
720 5183 939 5252 majoris
996 5185 1346 5240 beatitudinis
1409 5185 1516 5240 illis
1558 5195 1803 5257 praestat,

217 5276 378 5347 juxta
404 5274 530 5329 illud
561 5276 926 5347 evangelicum
953 5295 965 5330 :
994 5276 1145 5331 Beati
1167 5277 1254 5348 qui
1293 5279 1702 5347 persecutionem
1724 5295 1814 5350 pa-

225 5369 436 5422 tiuntur
474 5377 684 5438 propter
702 5367 995 5438 justitiam,
1038 5369 1287 5438 quoniam
1332 5370 1565 5439 ipsorum
1608 5379 1684 5423 est
1730 5387 1813 5424 re-

225 5480 390 5536 gnum
426 5463 669 5519 cmlorum
701 5463 916 5535 (Matth.
952 5463 1026 5535 v).
1064 5463 1202 5518 Ilinc
1224 5471 1278 5517 et
1308 5464 1436 5518 alibi
1464 5463 1662 5519 Paulus
1686 5465 1764 5520 ait
1796 5483 1808 5520 :

230 5552 312 5609 0b
343 5572 499 5627 quam
519 5572 732 5610 causam
755 5555 912 5609 etiam
939 5556 1049 5608 hwc
1073 5555 1262 5626 patior,
1315 5555 1406 5610 sed
1451 5573 1555 5610 non
1590 5557 1814 5626 confun-

228 5650 332 5705 dor
382 5649 468 5722 (ΙΙ
509 5648 644 5705 Tim.
685 5649 748 5722 1).
803 5646 883 5702 0b
933 5663 1095 5718 quam
1135 5663 1354 5703 causam
1420 5649 1570 5715 dicit,
1613 5649 1665 5704 id
1705 5658 1810 5717 est,

229 5752 456 5816 propter
487 5741 928 5814 praedicationem
957 5741 1251 5813 Evangelii,
1321 5751 1378 5796 et
1412 5741 1572 5797 ﬁdem
1594 5742 1812 5798 Domini

230 5838 410 5893 nostri
451 5835 579 5895 Jesu
622 5835 846 5895 Christi.
893 5834 1002 5892 Pro
1044 5831 1263 5912 Christo
1311 5833 1454 5890 enim
1503 5834 1653 5906 pati,
1702 5847 1812 5895 non

1916 4713 2100 4755 senex.
2143 4697 2202 4754 Si
2243 4700 2486 4769 potueris
2525 4700 2906 4755 contumeliam
2965 4701 3075 4771 pati
3104 4709 3157 4755 et
3201 4702 3496 4766 sustinere,

1916 4808 2170 4864 magnum
2199 4802 2282 4846 est
2306 4793 2430 4856 hoc,
2467 4800 2520 4846 et
2543 4806 2707 4860 super
2735 4807 2921 4846 omnes
2947 4793 3196 4848 virtutes.
3238 4793 3339 4860 Qui
3367 4809 3497 4847 con-

1918 4893 2178 4955 temptum
2200 4891 2254 4939 et
2269 4883 2520 4952 iniuriam
2544 4891 2599 4939 et
2617 4885 2872 4939 damnum
2889 4885 3162 4954 patienter
3177 4884 3301 4951 fert,
3318 4894 3497 4955 potest

1917 4977 2098 5033 salvus
2126 4991 2267 5032 esse.

2489 5085 2716 5143 CAPUT
2739 5087 2923 5144 LXXI.

1917 5185 1995 5238 De
2015 5158 2087 5238 ﬂeo
2131 5181 2270 5253 quod
2314 5179 2551 5235 Christus
2597 5197 2691 5251 pro
2721 5181 2996 5238 dilectione
3040 5190 3219 5237 nostra
3276 5181 3494 5236 tradidit

2535 5253 2886 5323 semetipsum.

1991 5365 2131 5420 Diett
2174 5363 2318 5419 enim
2347 5363 2546 5418 Paulus
2578 5364 2852 5434 apostolus
2881 5381 2895 5419 :
2935 5362 3118 5418 Gratia
3144 5363 3286 5418 vobis
3315 5373 3362 5418 et
3390 5380 3497 5434 pas

1915 5479 1948 5516 a
1970 5460 2081 5514 Deo
2111 5457 2271 5513 Patre
2297 5466 2494 5523 nostro,
2518 5465 2566 5511 et
2592 5455 2816 5510 Domino
2834 5454 2962 5509 Iesu
2979 5454 3206 5521 Christo,
3235 5456 3326 5527 qui
3351 5455 3496 5511 dedit

1913 5554 2242 5624 semetipsum
2270 5569 2364 5623 pro
2394 5549 2618 5623 peccatis
2649 5549 2838 5602 nostris
2863 5543 3004 5619 (Gal.
3043 5549 3106 5622 1).
3127 5549 3266 5605 Hinc
3290 5558 3344 5606 et
3365 5550 3492 5606 alibi

1913 5649 2028 5720 ipse
2080 5648 2157 5703 ait
2190 5666 2202 5702 :
2249 5645 2350 5713 Qui
2375 5644 2555 5700 dilexit
2582 5659 2698 5716 nos,
2731 5650 2776 5695 et
2800 5642 3018 5698 tradidit
3049 5645 3379 5716 semetipsum
3399 5661 3494 5715 pro

1915 5743 2060 5797 nobis
2091 5740 2306 5814 (Ephes.
2349 5738 2424 5810 v).
2467 5737 2522 5791 In
2562 5745 2769 5793 tantum
2807 5737 2948 5792 enim
2973 5735 3219 5794 Christus
3247 5745 3493 5793 nostram

1914 5833 2104 5892 dilexit
2135 5832 2324 5896 vitam,
2380 5837 2439 5886 ut
2477 5843 2577 5899 pro
2613 5828 2700 5887 illa
2755 5843 2910 5888 suam
2954 5837 3181 5902 poneret
3229 5828 3489 5889 animum.
