4020 6460
519 372 622 436 667

1805 334 2158 426 summai
2195 348 2486 427 Aesaris

3686 369 3798 438 86$

515 474 682 556 Dedit
731 485 876 550 enini
933 480 1282 570 semetipsum
1347 481 1606 544 Dominus
1649 480 1806 542 Jesns
1849 472 2100 570 Christus
2126 457 2289 552 Adie
2323 480 2428 558 (ἠιιὸ
2473 471 2732 570 habuisti
2770 501 2959 570 sumus
3001 497 3056 544 et
3084 479 3412 559 cliulirmati,
3455 489 3798 565 accepimuS;

517 567 714 652 morti,
757 579 819 642 ut
862 601 962 641 nos
1001 601 1030 640 a
1077 563 1317 655 periculo
1370 581 1566 664 mortis
1599 571 1855 654 eriperet,
1903 563 1956 635 ei
1988 593 2107 635 ere-

515 689 642 756 ptos
679 658 826 737 Patri
867 660 920 737 in
953 674 1094 756 lilios
1120 673 1422 756 adoptaret.
1462 658 1705 730 hiortuus
1730 681 1816 729 est
1846 667 2101 756 namque,

520 747 588 832 ite
614 792 712 830 nos
761 756 898 828 mori
943 753 1279 825 timeremus.
1328 750 1672 833 liesni‘retiit,
1706 772 1844 823 utet
1879 765 1978 824 nos
2009 747 2108 837 pei-

520 886 644 925 eum
675 863 957 936 resurgere
979 864 1256 918 valeamus
1287 881 1298 916 :
1326 850 1534 932 Eripuit
1559 861 1622 914 de
1647 851 1890 947 prwsenti
1912 846 2104 947 dtPCtti'O

521 977 739 1032 nequam
773 934 914 1032 (Gal.
949 975 988 1020 ι,
1023 941 1098 1029 δῖ),
1131 966 1192 1011 ιιι
1218 955 1375 1010 nobis
1423 955 1649 1032 gloriam
1693 934 1897 1024 paritei
1927 935 1982 1008 et
2026 934 2108 1007 vi-

521 1031 630 1108 tam
675 1031 900 1108 donaret
944 1057 1220 1105 aeternam.
1274 1047 1382 1103 Nos
1413 1063 1554 1102 enim
1585 1031 1754 1101 Filius
1786 1045 1882 1100 Dei
1911 1041 2107 1115 eripuit

521 1162 550 1202 a
598 1153 815 1217 raptore
845 1127 1051 1214 iniquo,
1098 1149 1159 1198 ut
1201 1143 1422 1214 proprio
1445 1143 1544 1196 nos
1580 1141 1830 1196 redderet
1856 1121 2101 1192 Domino.

521 1233 673 1294 Tunc
725 1225 924 1292 etenirii
956 1219 1206 1292 Christus
1255 1233 1352 1289 nos
1377 1233 1575 1302 eripuit
1601 1229 1668 1286 de
1710 1227 1970 1302 praesenti
2009 1245 2108 1284 sas-

521 1330 643 1386 culo
693 1325 948 1400 nequ‘am‘,
1001 1343 1123 1382 cum
1156 1334 1397 1382 nostram
1427 1325 1482 1380 in
1531 1319 1677 1404 vitiis
1708 1321 2024 1385 eimtritam,
2051 1321 2106 1376 in

523 1405 800 1477 meliorem
855 1406 1083 1474 mutavit
1117 1413 1304 1472 vitam:
1337 1403 1818 1472 Conversationem'
1860 1418 2104 1469 nostram

521 1511 734 1567 tantum
789 1503 1016 1566 mutavit
1045 1506 1099 1564 in
1139 1503 1332 1564 melius
1379 1505 1662 1579 ereﬁitqne
1695 1487 2003 1572 su'hliiiuus',
2049 1515 2108 1561 ut

521 1619 646 1659 cum
681 1601 848 1658 Paulo
879 1581 1056 1656 dicere}
1083 1589 1353 1674 possimus
1385 1616 1400 1654 :
1434 1585 1634 1656 Nostrci
1664 1597 1838 1655 autem
1888 1601 2104 1654 conver-

520 1691 656 1750 satio
684 1694 737 1748 in
763 1693 902 1747 caelis
924 1677 996 1746 est
1042 1677 1262 1764 (Philip.
1309 1687 1412 1762 iit).
1460 1683 1650 1747 Merito
1700 1689 1829 1762 ergo
1865 1693 2108 1746 suamet

521 1785 708 1843 eorum
749 1785 1218 1843 conversationem
1263 1785 1315 1839 in
1360 1777 1511 1840 caelis
1551 1799 1672 1840 esse
1715 1781 1844 1838 dicit
1884 1780 2104 1848 Paulus,
2148 1847 2156 1854 _

2209 575 2555 649 quodutiQue
2612 567 2840 636 fideliter
2881 567 3103 637 servare
3147 581 3428 638 debemus.
3488 577 3802 659 Hocigitur

2207 667 2485 744 signaculo
2536 675 2706 729 sancti
2739 663 2996 745 Spiritus,
3038 674 3160 731 ideo
3189 675 3281 746 Qui
3333 667 3512 734 credit
3543 675 3684 748 Deo,
3718 681 3798 738 si-

2207 767 2403 836 gna-tur
2431 759 2498 819 ab
2528 763 2650 832 illo;
2705 757 2765 820 ιιῑ
2819 769 3003 822 servet
3035 774 3106 822 σει
3149 764 3406 824 ostendat
3449 763 3584 826 illud
3621 768 3680 828 in
3710 769 3801 832 die

2205 849 2592 926 iedéihptidnis
2632 853 2828 928 purum
2873 851 3038 927 atque
3083 857 3378 926 sincerum,
3433 855 3490 916 et
3541 863 3696 918 nulla
3731 859 3801 922 ei

2204 949 2357 1018 parte
2410 947 2732 1002 mutilatum.
2777 941 2932 1004 Unde
2969 946 3025 1006 et
3060 945 3298 1008 Joannes
3337 950 3624 1022 apust'olns
3684 955 3800 1011 ait:

2205 1033 2276 1092 Et
2321 1037 2496 1092 unctio
2562 1035 2720 1110 quam
2766 1035 3038 1108 accepistis
3183 1055 3244 1097 eo
3297 1045 3511 1096 maneat
3555 1044 3614 1100 tu
3656 1047 3804 1100 vobis

2208 1124 2260 1202 (1
2294 1127 2454 1186 Joan.
2480 1133 2564 1203 ιι).
2614 1127 2692 1186 Ᾱὸ
2723 1131 2768 1186 si
2813 1128 3015 1188 diceret
3043 1149 3056 1186 :
3089 1129 3202 1190 [loc
3244 1133 3471 1192 Domino
3503 1133 3806 1207 adiuvante

2205 1217 2509 1292 procurate,
2537 1232 2596 1277 ut
2623 1222 2856 1296 Spiritus
2883 1223 3058 1281 salicti
3101 1229 3352 1297 gratiam,
3409 1226 3579 1301 quam
3623 1231 3680 1286 iri
3707 1227 3804 1288 ba-

2204 1311 2402 1386 ptismo
2439 1314 2718 1372 consecuti
2749 1317 2902 1384 estis,
2935 1318 3199 1392 integram
3238 1316 3422 1376 vestro
3445 1323 3502 1376 in‘
3548 1325 3722 1380 corde
3749 1322 3804 1382 et

2205 1424 2432 1479 corp02e
2469 1411 2716 1477 servetis,
2755 1416 2810 1466 et
2862 1394 2964 1469 hoc
3009 1413 3080 1468 sit
3115 1411 3357 1484 spiritum
3397 1413 3562 1470 nolite
3605 1419 3806 1473 exstin-

2205 1498 2361 1572 guere
2390 1513 2438 1554 ει.
2477 1502 2659 1558 Potest
2691 1499 2872 1559 unctio
2911 1503 3048 1573 ejus,
3097 1498 3162 1560 de
3201 1515 3306 1575 Qua
3343 1503 3588 1562 Joannes
3633 1508 3805 1579 loqui-

2207 1579 2310 1660 tur,
2347 1604 2404 1650 et
2439 1596 2664 1666 spiritus
2700 1597 2766 1652 de
2795 1603 2902 1668 duo
2932 1597 3129 1654 Paulus
3158 1597 3309 1664 dicit,
3342 1598 3592 1672 spiritum
3649 1595 3806 1656 uetiti

2205 1688 2554 1756 exstinguere,
2611 1689 2724 1759 ipsa
2763 1687 2857 1744 Del
2890 1685 3140 1746 Charitas
3165 1691 3417 1764 intelligi,
3447 1695 3571 1763 qua”:
3604 1691 3806 1763 cli/rna-

2207 1775 2354 1832 ditur
2378 1775 2432 1833 in
2489 1777 2734 1835 cordibus
2782 1781 2974 1838 nostris
3023 1785 3116 1854 iter
3149 1781 3404 1855 Spintum
3436 1783 3694 1840 sanctum
3719 1783 3806 1856 qiii

521 1879 631 1950 qui,
673 1863 872 1935 relictis
911 1877 1164 1941 terrenis,
1197 1863 1308 1932 toto
1335 1875 1604 1932 desiderio
1635 1866 1875 1945 cogitant
1899 1877 1965 1931 de
1995 1891 2106 1930 (ταξ-
2132 1859 2182 1940 B
2209 1867 2364 1922 άίιῑηδ
2410 1877 2484 1924 οδε
2529 1869 2676 1926 nam
2725 1866 2896 1945 (Ποηιο
2942 1869 3016 1946 ἢ·
3057 1871 3186 1942 Ουεε
3211 1868 3477 1932 οίῖῖεεῖῐίιέ
3509 1867 3584 1932 ad
3620 1861 3808 1932 0559"

519 1969 765 2040 testibus,
809 1967 864 2026 et
893 1971 1073 2026 mente
1114 1969 1250 2040 pura
1281 1955 1443 2040 atque
1476 1969 1690 2036 devota,
1742 1985 1849 2024 non
1888 1983 1948 2024 ea
1983 1981 2104 2038 quae

519 2071 648 2121 sunt
689 2073 904 2120 terrena
948 2071 1004 2117 et
1059 2061 1279 2126 caduca,
1338 2061 1433 2116 sed
1489 2077 1552 2116 ea
1618 2061 1930 2117 desiderant
1985 2075 2106 2130 qua;

519 2143 646 2214 sunt
673 2154 916 2212 caelestia
957 2151 1013 2210 et
1040 2165 1263 2210 aeterna.
1295 2137 1556 2209 Voluntas
1584 2155 1727 2208 enim
1758 2153 1859 2208 fuit
1885 2151 1981 2208 Dei
2005 2151 2106 2207 Pa-

519 2231 640 2315 iri's,
690 2255 750 2302 ut
783 2239 1041 2301 Dominus
1069 2245 1226 2301 Jesus
1268 2231 1516 2301 Christus
1545 2262 1642 2316 pro
1672 2243 1874 2300 nostris
1925 2246 2106 2300 trade-

518 2340 672 2398 retur
713 2342 971 2413 peccatis.
1021 2328 1089 2395 Ει
1133 2328 1382 2395 voluntas
1429 2337 1532 2395 fuit
1573 2323 1774 2395 Christi
1816 2339 1875 2394 ut
1924 2328 2104 2395 Patris

517 2431 722 2489 faceret
759 2431 1112 2500 voluntatem,
1155 2415 1297 2488 sicut
1339 2413 1479 2488 idem
1522 2427 1784 2488 Dominus
1829 2425 1926 2504 pei
1963 2413 2101 2488 Pro-

515 2513 732 2602 phetam
785 2505 1050 2602 (Ποῇεῶ
1095 2527 1321 2598 facerem
1370 2525 1694 2581 voluntatem
1744 2521 1910 2592 luam,
1957 2525 2101 2581 Deus

515 2638 682 2690 meus,
711 2621 852 2676 volui
882 2615 1052 2692 (Psal.
1079 2619 1288 2692 χχχιιι).
1324 2603 1498 2692 ipsius
1519 2620 1654 2676 enim
1684 2636 1866 2674 sumus
1893 2619 2102 2689 factura

517 2711 679 2768 creati
721 2713 794 2784 in,
823 2697 1034 2767 Christo
1057 2708 1210 2778 Iesu,
1242 2711 1297 2766 in
1326 2707 1585 2796 loperib‘us'
1619 2697 1788 2796 bonis,
1817 2712 1934 2782 qua:
1964 2713 2102 2790 prte-

511 2795 720 2874 paravit
746 2787 908 2886 Deus,
943 2811 998 2856 ut
1020 2801 1074 2856 in
1095 2801 1201 2856 illis
1228 2785 1554 2856 ambulem—us
1611 2785 1830 2874 (Epltes.
1873 2795 1959 2886 ιι).
1987 2785 2101 2885 iloc

515 2901 622 2963 est,
663 2869 804 2966 quod
857 2889 1109 2966 vivimus,
1171 2893 1316 2966 quod
1355 2895 1660 2966 speramus,
1711 2895 1856 2966 quod
1897 2873 2102 2952 intelli-

515 2964 712 3059 gimus,
747 2987 818 3064 et
859 2964 1082 3042 credere
1123 2964 1430 3056 possumus,
1475 2985 1644 3064 ipsius
1665 2995 1767 3052 est,
1811 2989 1936 3059 quia
1986 2987 2102 3060 ipse

515 3085 600 3134 est
620 3063 868 3133 conditor
903 3088 1110 3144 noster,
1149 3073 1246 3134 nos
1273 3079 1450 3160 autem
1479 3063 1687 3134 iactura
1729 3078 1845 3160 ejus
1884 3069 2093 3160 sumus.

512 3167 596 3226 Ad
641 3165 744 3226 hoc
785 3167 932 3227 enini
975 3186 1074 3227 nos
1127 3171 1296 3228 creati
1325 3155 1559 3227 dicimur
1608 3171 1662 3229 in
1689 3155 1908 3228 Christo
1943 3166 2099 3241 Jesu,

2211 1962 2386 2020 vanda
2411 1963 2511 2020 Dei
2540 1967 2795 2022 mandata
2825 1980 2921 2022 cor
2941 1968 3083 2038 quod
3114 1967 3302 2040 implet
3323 1967 3653 2031 inflammat,
3691 1969 3807 2041 qua

2211 2071 2429 2126 aprave
2471 2057 2778 2115 viventibus
2816 2067 2914 2130 per
2957 2061 3139 2116 odium
3179 2068 3235 2116 et
3275 2057 3544 2117 invidiam
3601 2059 3808 2117 exstiti1

2209 2149 2390 2218 guitur
2428 2157 2592 2220 atque
2629 2151 2976 2208 discordiam.
3031 2147 3407 2226 Exstinguitnr
3467 2161 3528 2211 et
3581 2155 3805 2227 spiritus

2206 2239 2638 2310 praedicatorum,
2697 2243 2789 2314 qui
2847 2237 3196 2302 audientibus
3243 2235 3437 2304 salutis
3498 2237 3806 2320 prtedicani

2206 2331 2453 2400 verbum,
2486 2350 2516 2388 a
2555 2335 3062 2407 contradicentium,
3092 2340 3465 2395 resistentium
3493 2345 3552 2396 et
3579 2357 3807 2414 exaspe-

2208 2425 2444 2480 rantiu'm
2473 2427 2676 2482 malitia
2706 2427 3034 2495 auditorum,
3080 2430 3158 2486 ita
3183 2440 3243 2486 ut
3270 2433 3446 2504 magis
3491 2443 3596 2489 eos
3625 2439 3804 2491 tacere

2205 2511 2391 2585 libeat,
2443 2534 2604 2589 quam
2647 2523 2944 2592 prtedicare
2985 2508 3214 2580 delectet
3249 2541 3262 2579 τ
3294 2525 3349 2580 et
3385 2525 3460 2581 ita
3507 2514 3574 2582 lit
3615 2535 3678 2584 ut
3713 2543 3804 2600 per

2205 2619 2674 2686 exasperationem
2720 2620 3025 2676 auditorum
3071 2621 3528 2692 prmdicatorihus
3579 2624 3802 2680 tollatur

2204 2710 2449 2764 verbum.
2480 2709 2632 2767 Unde
2659 2718 2711 2767 et
2731 2695 3001 2768 Ezechieli
3052 2697 3315 2772 Dominus
3355 2699 3432 2772 ait
3465 2735 3478 2772 :
3511 2704 3799 2773 Adiitzreri

2206 2798 2400 2871 faciam
2425 2801 2658 2874 linguam
2703 2797 2848 2859 tuam
2883 2805 3062 2876 palato
3095 2807 3206 2872 tuo,
3253 2815 3302 2862 et
3323 2809 3428 2865 eris
3474 2819 3681 2876 mutus,
3713 2827 3799 2864 nec

2203 2888 2357 2964 quasi
2409 2894 2486 2948 vir
2539 2891 2862 2966 objurgans',
2916 2895 3042 2967 quid
3096 2891 3283 2953 domus
3351 2897 3678 2971 exasperans
3728 2897 3800 2956 est

2206 2981 2422 3055 (Επειδὴ.
2463 2985 2568 3056 ιιι).
2606 2984 2764 3042 Venit
2789 2973 3009 3057 quidam
3063 2990 3229 3046 senex
3277 2978 3346 3046 ad
3385 2991 3559 3047 alium
3610 3008 3798 3048 senem

2203 3083 2258 3130 ct
2284 3066 2421 3132 dixit
2442 3091 2580 3134 unus
2605 3087 2671 3134 ex
2699 3081 2777 3136 eis
2805 3099 2816 3135 :
2848 3063 2962 3153 Ego
2985 3095 3230 3140 mortuus
3259 3089 3379 3140 sitm
3418 3083 3552 3141 huic
3583 3082 3798 3142 saeculo.

2200 3161 2354 3220 Alter
2381 3167 2686 3224 verodixit
2729 3170 2780 3225 ei
2809 3189 2820 3225 :
2856 3169 2933 3227 Ne
2962 3174 3206 3230 conﬁdas
3237 3173 3289 3230 in
3331 3175 3652 3248 temetipso,
3710 3180 3803 3234 do-

513 3258 682 3317 creati
725 3243 910 3334 utique
951 3279 1058 3319 non
1089 3263 1215 3334 quia
1261 3271 1386 3320 ante
1442 3280 1550 3319 non
1589 3263 1812 3334 fuimus,
1863 3265 1962 3322 sed
2007 3283 2096 3323 re-
2124 3240 2171 3328 (ξ
2201 3270 2303 3312 nec
2339 3259 2502 3314 93955
2553 3259 2619 3314 de
2660 3273 2888 3334 σοφοΓο
2917 3259 3042 3319 ίείθ.
3096 3263 3233 3333 Quia
3266 3260 3310 3322 έί
3334 3273 3391 3321 ιιι
3415 3277 3675 3324 mortuus
3723 3284 3798 3337 es.

511 3358 624 3412 nati
675 3336 1004 3443 in'Chri'sto,
1051 3344 1106 3414 et
1141 3347 1310 3443 creati
1355 3357 1709 3443 inuoperibus
1749 3339 1929 3428 bonis,
1981 3375 2101 3430 quae

510 3435 838 3528 praeparavit
877 3431 1019 3528 Deus
1063 3459 1123 3504 ut
1169 3435 1224 3505 in
1257 3431 1757 3528 illisambnlemus.
1812 3445 1878 3506 In
1928 3449 2103 3528 citari-

513 3524 618 3615 taie
662 3525 886 3594 radicati
921 3539 968 3594 et
1019 3533 1230 3612 fundati
1261 3525 1478 3614 (Epltes.
1509 3543 1616 3615 ιιι).
1673 3525 2103 3599 CharitasChri—

515 3614 629 3686 sius
673 3640 778 3697 est,
821 3640 874 3686 et
905 3630 958 3686 in
989 3635 1276 3700 charitate,
1324 3614 1376 3690 id
1407 3644 1511 3702 est,
1551 3614 1604 3688 in
1629 3626 1847 3692 Christo
1872 3621 2102 3694 radicati

513 3717 568 3779 et
614 3705 820 3778 iundati
845 3711 918 3778 ita
947 3737 1067 3779 esse
1097 3718 1374 3792 debemus,
1415 3734 1474 3780 ut
1510 3725 1565 3780 in
1604 3725 1720 3794 ejus
1773 3743 1958 3783 amore
2010 3729 2102 3784 lir-

516 3811 678 3869 initer
701 3830 1108 3886 perseveremus
1136 3834 1148 3870 :
1182 3810 1608 3870 Fundamentum
1626 3817 1764 3872 enim
1782 3815 1930 3872 aliud
1951 3837 2100 3876 nemo

517 3915 682 3977 potest
709 3903 920 3978 ponere,
945 3918 1137 3978 pra'ter
1174 3903 1230 3962 id
1271 3907 1409 3980 quod
1437 3909 1664 3980 positum
1711 3919 1810 3975 est,
1860 3899 2001 3983 quod
2025 3921 2101 3968 est

515 3990 756 4054 Christus
793 3997 951 4072 Iesus
983 3997 1036 4072 (I
1062 3997 1184 4054 Cor.
1243 3997 1347 4072 ιιι).
1389 3997 1669 4055 Veritatem
1705 4013 1878 4057 autem
1909 4004 2104 4074 facieno

513 4099 588 4146 tes
618 4085 672 4146 in
719 4091 998 4158 cltaritate,
1045 4109 1340 4169 crescamus
1377 4095 1433 4148 in
1478 4088 1569 4147 illo
1607 4111 1700 4165 per
1752 4095 1948 4162 omnia,
2015 4095 2103 4168 qui

512 4193 585 4238 est
621 4194 775 4256 caput
818 4180 1304 4266 Christus_(Epltes.
1349 4185 1445 4258 ιν).
1499 4185 1712 4243 Veritas
1762 4190 1908 4244 enim
1942 4183 2103 4245 Chri-

513 4286 630 4333 stus
666 4287 773 4344 est,
827 4288 883 4334 et
935 4261 1176 4336 charitas
1231 4261 1484 4336 Christus
1531 4289 1636 4347 est,
1686 4291 1740 4337 et
1761 4285 1995 4351 justitia,
2046 4292 2101 4339 et

516 4367 904 4434 sanctiﬁcatio,
941 4377 995 4424 et
1029 4386 1134 4440 pax
1170 4355 1418 4426 Christus
1464 4380 1548 4426 est
1595 4371 1647 4444 (1
1698 4373 1821 4428 Cor.
1873 4376 1936 4448 ι).
1996 4375 2098 4444 Qui

516 4469 644 4528 ergo
699 4458 818 4513 haec
871 4461 1051 4514 omnia
1107 4477 1227 4532 quae
1269 4455 1521 4517 Christus
1579 4472 1678 4525 est,
1736 4465 1889 4531 facit,
1947 4467 2097 4522 insu-

514 4562 612 4622 per
645 4555 702 4602 et
729 4550 981 4604 mandata
1025 4551 1143 4622 ejus
1187 4554 1454 4617 custodit,
1501 4551 1784 4609 veritatem
1845 4551 1994 4624 facit,
2041 4565 2097 4613 et
2137 4614 2146 4624 _

516 4635 572 4693 in
612 4633 896 4708 charitate,
929 4627 983 4698 id
1002 4652 1087 4699 est
1115 4642 1169 4698 in
1196 4625 1432 4709 Christo,
1466 4647 1702 4714 quotidie
1734 4651 1949 4706 crescit.

1086 4755 1312 4813 CAPUT
1349 4757 1555 4814 LXXII.

514 4839 594 4896 De
639 4858 698 4896 eo
728 4841 878 4913 quod
917 4843 1194 4914 Apostolus
1239 4849 1358 4902 ait:
1405 4848 1666 4918 Spiritum
1701 4852 1869 4909 nolite
1896 4858 2100 4909 exstin-

1226 4933 1409 4988 gnere.

592 5002 668 5057 Ac
707 5004 752 5057 si
776 5005 920 5059 dicat
945 5023 956 5060 :
983 5004 1220 5076 Spiritus
1247 5011 1420 5065 sancti
1444 5015 1694 5082 gratiam,
1720 5013 1882 5084 quam
1919 5002 2100 5086 bapti-

515 5093 622 5146 zati
673 5107 772 5164 per
827 5111 1018 5152 manus
1053 5087 1449 5168 impositionetn
1508 5113 1561 5159 et
1587 5107 1896 5163 chrismatis
1936 5124 2096 5165 acce-

513 5185 672 5256 pistis
713 5187 1041 5256 unctionem,
1082 5190 1246 5247 nolite
1294 5209 1458 5264 prave
1480 5181 1712 5253 vivendo
1751 5201 2098 5272 exstinguere

517 5275 570 5346 (1
620 5275 773 5332 Thes.
817 5279 905 5350 v);
958 5283 1052 5337 sed
1105 5300 1228 5339 eam
1265 5285 1532 5359 integram
1574 5301 1629 5346 et
1680 5293 1991 5350 inviolatam
2041 5297 2096 5350 in

515 5377 699 5424 vestro
725 5371 888 5428 corde
916 5379 972 5430 et
995 5376 1226 5459 corpore
1257 5389 1488 5437 servate.
1522 5381 1673 5440 Unde
1721 5387 1792 5440 ad
1836 5383 2100 5459 Ephesios

519 5457 660 5516 idem
683 5462 759 5519 ait
781 5449 1072 5536 Apdstolus
1097 5489 1110 5524 :
1142 5467 1320 5526 Nolite
1341 5476 1652 5530 contristare
1675 5449 1928 5548 Spiritum
1977 5484 2103 5534 salt-

519 5553 662 5640 etum
700 5552 822 5621 Dei,
871 5557 927 5612 in
963 5575 1066 5630 quo
1107 5561 1300 5632 signati
1335 5565 1458 5618 estis
1502 5567 1558 5619 in
1598 5567 1682 5622 die
1734 5569 2102 5640 redemptionis

522 5639 741 5718 (Ephes.
798 5648 873 5722 tv)
910 5651 1290 5722 :signticulutn
1346 5651 1490 5712 enim
1531 5659 1704 5714 sancti
1761 5639 1998 5733 Spiritus
2045 5661 2099 5718 in

644 5764 786 5914 Ἡἰᾶ
807 5767 883 5844 sit
929 5789 1175 5861 spiritum
1221 5794 1548 5866 exstinguere
1603 5769 1832 5868 pulchre
1885 5773 2122 5859 ostendit

2121 4627 2174 4694 D

2209 3347 2438 3405 Satanas
2461 3347 2708 3407 mortuus
2734 3369 2844 3431 non
2875 3363 2978 3410 est.
3013 3346 3162 3412 Dixit
3193 3357 3358 3414 abbas
3381 3346 3582 3416 Pastor
3615 3381 3629 3415 :
3664 3361 3801 3431 Qui:

2205 3439 2424 3514 Semper
2453 3443 2616 3499 homo
2646 3429 3006 3503 humilitatelil
3057 3443 3106 3504 et
3162 3434 3412 3505 timorem‘
3472 3441 3571 3507 Dei
3616 3429 3803 3509 ita'in-

2205 3529 2546 3590 ‘c'essabiiiter
2572 3537 2844 3608 respirare
2875 3537 3054 3605 debet,
3091 3537 3229 3597 sicut
3254 3535 3459 3608 tiatuin,
3512 3559 3680 3614 quem
3709 3557 3802 3600 na-

2205 3620 2358 3681 iihils
2384 3627 2608 3682 attrahit
2643 3629 2728 3683 vel
2751 3632 2970 3687 emittit.
3009 3629 3156 3688 Dixit
3185 3627 3379 3689 iterum
3417 3653 3430 3688 :
3461 3628 3604 3703 Quia
3643 3632 3802 3706 proji-

2205 3732 2330 3773 cere
2361 3734 2419 3774 se
2439 3719 2492 3773 in
2530 3730 2824 3790 conspectu
2846 3723 2964 3789 Dei,
3017 3725 3072 3779 et
3098 3729 3204 3780 non
3228 3724 3468 3796 scipsm'n
3515 3728 3797 3792 extollere,

2204 3816 2260 3862 et
2287 3808 2502 3863 mittere
2529 3821 2653 3880 post
2684 3820 2894 3884 tergum
2930 3799 3210 3886 propriam
3245 3821 3590 3876 voluntatem
3627 3817 3803 3876 ferra—

2203 3900 2386 3958 me'nta'
2425 3905 2554 3959 sunt
2576 3905 2772 3976 quibus
2807 3907 2988 3964 aninta
3019 3914 3296 3980 operatur.

2827 4001 3056 4077 CAPUT
3097 3997 3307 4079 mima

2488 4107 2568 4166 De
2590 4111 2775 4168 nociva
2805 4111 3110 4170 curiositate
3136 4118 3538 4175 monachorum.

2273 4199 2472 4258 Paulus
2507 4203 2782 4273 apostolus
2822 4203 2956 4261 dicit
2991 4221 3005 4260 :
3037 4193 3304 4278 Rogamus
3326 4218 3506 4262 autem
3544 4226 3666 4276 eos,
3700 4207 3806 4280 frti-

2202 4302 2326 4357 tres,
2382 4301 2439 4347 ut
2475 4293 2640 4373 quieti
2665 4296 2802 4362 sitis,
2844 4305 2894 4351 et
2935 4309 3160 4353 vestrum
3210 4302 3474 4370 negotians
3529 4301 3730 4371 agatis,
3759 4306 3804 4354 ιι

2200 4383 2484 4462 operamini
2517 4387 2758 4442 manibus
2789 4390 2970 4443 vestris
3013 4387 3064 4462 (1
3099 4388 3275 4444 Thess.
3327 4391 3426 4462 tv).
3471 4388 3556 4446 At:
3581 4392 3629 4448 si
3662 4391 3807 4447 dice-

2199 4461 2429 4531 retzAb'
2462 4474 2611 4532 omni
2651 4469 3166 4562 iosinquietndinis
3213 4473 3266 4538 et
3312 4461 3669 4542 curiusitaiis
3715 4482 3805 4542 ih-

2198 4567 2396 4622 stinete
2429 4569 2586 4635 vitio,
2643 4583 2704 4626 ut
2745 4571 2915 4644 quieti
2946 4563 3098 4641 i'acti,
3137 4580 3378 4630 vestrum
3430 4577 3612 4648 agatis
3644 4579 3804 4651 nego-

2202 4656 2360 4712 tium.
2415 4657 2508 4714 lile
2548 4661 2715 4732 igitur
2766 4680 2922 4720 suum
2960 4667 3070 4737 agit
3098 4667 3392 4740 n'ego'tiu'm,
3439 4669 3538 4739 qui
3585 4680 3802 4742 postpo-

2204 4741 2310 4805 sito
2357 4749 2692 4811 Curiositatis
2723 4757 2876 4826 vitio,
2916 4758 2981 4814 de
3008 4753 3186 4816 salute
3223 4743 3318 4816 sua
3342 4769 3427 4817 est
3454 4763 3802 4818 incessanter

2203 4839 2485 4898 sollicitus.
2540 4843 2678 4902 Nam
2728 4840 2817 4904 ille
2864 4847 3162 4906 monachus
3195 4851 3434 4908 alienum
3479 4855 3600 4924 agit
3641 4869 3802 4926 nego-

2204 4933 2362 5000 tium,
2410 4937 2500 5005 qui
2532 4939 2865 4997 'curiositatis
2903 4941 3036 4998 vitio
3087 4959 3243 4998 suam
3293 4945 3500 5002 oblitus
3545 4949 3798 5002 vitiosam

2205 5027 2474 5084 discutere
2499 5028 2692 5096 vitani,
2723 5031 2954 5087 alienam
2986 5033 3314 5106 investigare
3357 5023 3593 5092 sollicite
3625 5033 3798 5092 curat.

2208 5115 2362 5175 Unde
2391 5129 2444 5176 et
2473 5106 2541 5175 ad
2571 5114 2786 5176 eosdem
2816 5123 2870 5178 in
2902 5125 3138 5180 secunda
3189 5127 3331 5182 idem‘
3365 5129 3444 5182 a‘it
3489 5127 3738 5198 Epistola
3781 5147 3795 5181 :

2205 5209 2518 5266 Audiuimus
2555 5215 2692 5267 enim
2723 5213 2979 5285 quosdam
3025 5215 3163 5271 inter
3204 5235 3290 5273 vos
3338 5207 3677 5290 amlitilantes
3723 5219 3801 5274 iri-

2203 5303 2393 5375 duiete,
2426 5292 2555 5360 nihil
2575 5311 2870 5376 aperantes,
2904 5307 2996 5364 sed
3021 5310 3226 5366 curiose
3254 5312 3464 5383 agentes
3493 5293 3586 5384 (ΙῘ
3615 5305 3798 5368 Thess.

2204 5395 2309 5464 ιιι).
2346 5393 2402 5449 in
2431 5393 2531 5452 hac
2551 5397 2699 5452 brevi
2745 5399 3014 5456 sententia
3042 5402 3210 5456 inulla
3248 5399 3450 5460 Paulus
3492 5405 3800 5461 monacho-

2205 5487 2326 5538 ruin
2369 5488 2715 5556 reprehendit
2764 5485 2917 5556 vitia",
2959 5483 3390 5562 inquietudinem
3438 5476 3700 5550 videlicet
3747 5501 3802 5550 et

2205 5570 2534 5632 otiositatem‘
2561 5569 2614 5633 et
2637 5581 3034 5648 curiositatem,
3063 5585 3116 5637 et
3147 5576 3570 5666 multiloquium,
3607 5588 3660 5640 in
3692 5601 3800 5656 quo

2207 5669 2502 5723 Secundum
2526 5667 2872 5728 Salomonem
2917 5665 3099 5744 (Prov.
3128 5674 3184 5742 χ)
3241 5675 3350 5730 rion
3394 5665 3652 5748 efﬁngitur
3673 5689 3800 5750 pec-

2195 5776 2618 5877 Chrysostomus
2669 5807 2724 5862 in
2791 5809 2946 5880 Epist
2993 5812 3066 5868 ad
3121 5811 3342 5882 Thess;
3373 5831 3495 5894 cap.
3555 5833 3630 5885 ν,
3699 5819 3800 5880 h0-
