4020 6458
304 442 407 500 669

1514 400 1819 492 nituistis
1860 412 2362 495 thAchonuM.

3462 424 3567 502 diu

302 566 520 623 catum;
550 536 867 625 in'quietudo
894 568 1043 625 ergo,
1087 546 1281 623 quaeet
1305 549 1409 607 alio
1439 534 1657 607 ‘no'inine
1707 549 1885 607 curio-
1912 538 1965 614 Α
1990 565 2053 606 su
2109 550 2310 607 Christi
2359 559 2440 608 est
2490 546 2822 610 denuntiata.
2864 534 2932 611 Et
2973 548 3218 625 quamvis
3272 542 3568 627 apostolica

302 650 436 708 sitas
462 647 782 723 appellatur,
828 640 1032 717 grande
1060 655 1143 701 est
1168 630 1380 711 vitium,
1425 660 1544 716 quae
1567 656 1666 699 nec
1687 644 1883 714 corpus

301 739 563 813 quietum,
612 740 711 792 nec
757 738 994 791 animam
1043 728 1265 793 dimittit
1308 751 1427 792 esse
1474 735 1591 813 sine
1636 736 1880 807 peccato.

299 829 438 886 Dum
472 830 616 885 enim
650 822 877 884 sollicite
907 822 1136 883 aliorum
1173 826 1362 883 domos
1389 808 1607 892 circuit,
1646 826 1727 882 vel
1756 826 1885 881 alie-

299 922 369 978 na
408 930 530 977 acta
569 921 783 976 curiose
833 920 1122 991 perquirit,
1166 919 1354 990 procul
1395 918 1557 976 dubib’
1607 920 1660 974 in
1699 919 1884 975 multis

297 1010 540 1069 otl‘endit.
598 1010 733 1066 Nam
782 1010 1111 1066 curiositatis
1146 1009 1338 1065 vitium
1382 996 1752 1064 indesinenter
1788 1008 1881 1063 eo-

296 1109 523 1164 mitatur
560 1106 617 1161 et
663 1105 855 1160 otium.
912 1100 1164 1158 Otiositas
1206 1112 1379 1157 autent
1418 1102 1632 1155 inimica
1663 1110 1737 1155 est
1769 1099 1881 1154 ani-

295 1218 395 1256 mm
425 1198 595 1273 (Eccl.
626 1198 841 1269 χχχιιι).
872 1196 1060 1252 Melius
1104 1206 1185 1253 est
1213 1213 1342 1265 ergo
1377 1196 1653 1251 monachis
1675 1200 1732 1249 ut
1754 1196 1881 1250 obe-

294 1293 507 1348 dientes
538 1294 647 1348 sint
675 1292 980 1362 praepositis
1002 1292 1112 1346 suis
1153 1292 1221 1347 ad
1260 1298 1474 1345 omnem
1512 1288 1877 1344 obedientiam

291 1384 547 1440 utilitatis
586 1384 716 1447 suae,
743 1391 946 1438 etcum
978 1381 1209 1446 silentio,
1263 1381 1316 1435 id
1339 1380 1421 1435 est
1467 1378 1533 1433 :ib
1563 1379 1707 1433 omni
1746 1378 1876 1432 vitio

291 1458 683 1548 inquietudinis
730 1484 784 1531 et
819 1474 1173 1537 curiositatis,
1224 1479 1277 1526 et
1307 1470 1650 1526 verbositatis
1687 1470 1871 1549 alicui,

292 1554 543 1624 inanibus
580 1572 869 1636 operantes
898 1582 1053 1621 suum
1103 1566 1294 1635 panem
1326 1562 1673 1625 manducent,
1709 1569 1763 1615 et
1792 1561 1873 1616 in-

292 1658 535 1728 telligant
570 1659 636 1712 de
659 1657 852 1727 seipsis
888 1657 1020 1711 illud
1042 1652 1449 1725 l’salmographi
1478 1653 1680 1708 dictum
1708 1672 1719 1706 :
1744 1649 1874 1722 Ope-

288 1766 349 1803 ra
377 1765 628 1802 manuum
653 1757 868 1800 tuarum
899 1745 1242 1800 manducabis
1273 1761 1291 1798 :
1320 1744 1500 1797 beatus
1525 1759 1601 1807 es,
1642 1751 1692 1795 et
1746 1741 1871 1795 bene

287 1843 380 1897 tibi
403 1844 500 1897 erit
526 1840 699 1914 (Psal.
732 1841 954 1911 cum).
987 1841 1212 1896 Dicebat
1235 1840 1453 1909 quidem
1484 1852 1648 1893 senex
1688 1856 1700 1892 :
1739 1837 1869 1892 Pro-

284 1945 471 2006 pterea
520 1950 628 1990 non
674 1934 1011 2005 proﬁcimus,-
1068 1932 1197 2003 quia
1251 1932 1524 1985 nescimus
1581 1944 1868 1984 mensuras
1895 1905 1945 1965 Β

285 2038 524 2094 nostras,
580 2043 756 2099 neque
781 2027 1096 2098 patientiam
1129 2026 1391 2079 habemus
1412 2024 1467 2078 in
1515 2036 1680 2092 opere
1720 2020 1868 2091 quod

284 2124 621 2193 ceperimus;
655 2120 751 2176 sed
779 2120 897 2174 sine
940 2119 1125 2172 labore
1154 2116 1334 2185 aliquo
1377 2116 1602 2168 virtutes
1624 2113 1874 2167 volumus

285 2213 585 2284 possidere.
619 2212 842 2265 Dicebat
866 2210 1035 2264 abbas
1073 2216 1281 2277 pastor,
1333 2205 1476 2275 quod
1503 2204 1670 2258 abbas
1696 2202 1869 2257 lsido-

286 2318 381 2360 rus
409 2305 673 2359 allocutus
703 2303 776 2357 sit
804 2300 1096 2371 aliquando
1126 2299 1335 2369 plebem
1368 2297 1596 2350 fratrum
1622 2293 1809 2349 dicens
1843 2312 1857 2348 :

282 2392 526 2458 Fratres,
579 2391 825 2461 nunquid
863 2407 971 2445 non
1015 2386 1469 2444 adlaborandum
1512 2385 1764 2442 venimus
1815 2385 1873 2439 in

283 2487 463 2543 lucum
503 2486 692 2542 hunc?
747 2486 809 2539 Et
833 2499 976 2539 nunc
1001 2482 1159 2536 video
1206 2481 1331 2550 quia
1371 2479 1548 2534 nullus
1596 2477 1686 2533 hic
1718 2477 1872 2531 labor

285 2588 388 2636 εει.
433 2580 545 2649 Ego
587 2579 774 2649 igitur,
803 2576 1025 2630 dimissa
1055 2574 1228 2643 plebe,
1267 2572 1406 2626 vado
1441 2570 1531 2624 ubi
1572 2579 1657 2624 est
1694 2569 1869 2635 labor,

282 2669 451 2726 etubi
483 2683 589 2722 non
619 2667 835 2722 invenio
866 2665 1128 2735 requiem.
1173 2663 1473 2730 Quemdam
1499 2672 1683 2715 senem
1708 2674 1869 2728 roga-

281 2762 411 2818 bant
456 2760 653 2815 fratres
681 2767 735 2813 ut
765 2759 1071 2829 quiesceret
1094 2772 1125 2810 a
1154 2756 1304 2827 gravi
1330 2754 1530 2817 labore,
1571 2752 1660 2807 ille
1690 2760 1870 2807 autem

282 2852 564 2922 respondit
601 2852 683 2905 eis
710 2868 723 2904 :
751 2849 971 2905 Credite
1018 2848 1175 2913 mihi,
1227 2845 1345 2911 lilii,
1404 2841 1549 2915 quod
1590 2843 1868 2899 Abraham

281 2942 591 3015 paenitebit;
644 2944 771 2995 cum
821 2940 1016 2994 viderit
1056 2953 1249 3010 magna
1302 2944 1357 2991 et
1404 2934 1666 3006 praeclara
1728 2935 1869 2990 dona

282 3036 421 3102 Dei;
475 3036 622 3105 quod
672 3034 903 3104 amplius
955 3048 1063 3088 non
1116 3030 1279 3087 fuerit
1324 3031 1380 3085 in
1442 3029 1720 3084 laboribus
1770 3028 1866 3083 de-

285 3137 543 3186 certatus.

848 3215 1076 3272 CAPUT
1114 3212 1347 3268 LXXIV.

605 3310 682 3365 De
702 3309 881 3380 regula
916 3308 980 3361 ab
1007 3306 1259 3378 apostolis
1310 3304 1501 3374 posita.

354 3404 495 3460 Hinc
531 3402 734 3458 Paulus
752 3400 1028 3471 apostolus
1057 3397 1134 3452 ait
1165 3415 1179 3449 :
1222 3395 1530 3465 Quicunque
1553 3393 1688 3446 hanc
1712 3409 1865 3462 regu-

283 3497 393 3554 tam
440 3497 606 3553 secuti
657 3496 880 3565 fuerint,
920 3506 1026 3564 pas:
1068 3504 1223 3560 super
1261 3486 1381 3542 illos
1421 3496 1469 3541 et
1510 3485 1867 3539 misericordia

283 3586 429 3663 (Gal.
462 3588 563 3661 v1).
594 3587 851 3642 Doctrina
874 3583 969 3639 Dei
990 3582 1237 3652 quaedam
1265 3578 1444 3649 regula
1469 3576 1733 3631 sermonis
1760 3582 1865 3642 est,

283 3696 406 3753 quae
435 3681 578 3736 inter
598 3678 745 3751 iusta
774 3675 984 3745 iudicat
1005 3683 1061 3728 et
1086 3673 1286 3743 injusta
1318 3688 1332 3724 ε
1365 3682 1528 3740 quam
1568 3667 1662 3737 qui
1712 3682 1868 3722 secu-

286 3778 373 3826 tus
413 3768 592 3834 fuerit,
644 3767 863 3822 habebit
899 3770 1089 3834 pacem
1115 3763 1167 3816 in
1206 3762 1514 3831 semetipso,
1553 3775 1674 3828 qua:
1706 3772 1865 3813 exsu-

280 3862 441 3934 perat
468 3875 682 3916 omnem
710 3872 952 3922 sensum,
977 3865 1031 3911 et
1060 3861 1181 3925 post
1223 3867 1410 3923 pacem
1438 3850 1865 3906 misericordiam

285 3958 667 4022 Consequetur.
721 3949 871 4004 Nova
910 3954 1161 4025 creatura
1190 3956 1273 4000 est
1297 3943 1572 4014 generatio
1600 3941 1866 3997 Christia-

284 4060 375 4114 na,
417 4045 542 4117 quia
570 4044 819 4101 Christus
852 4057 1020 4097 novus
1050 4043 1211 4095 homo
1237 4039 1384 4093 venit
1408 4039 1461 4091 in
1495 4038 1771 4101 mundum,
1809 4043 1865 4091 et

284 4148 424 4194 nova
450 4146 724 4209 prtecepta
758 4135 902 4190 dedit
947 4133 1170 4197 mundo,
1224 4137 1279 4185 et
1321 4144 1481 4200 super
1517 4130 1864 4183 observantes

285 4246 350 4286 ea
378 4244 484 4299 pax
532 4234 585 4282 et
629 4225 1021 4282 misericordia.
1068 4222 1205 4277 ltem
1248 4223 1363 4291 ipse
1406 4221 1696 4289 Apostolus
1744 4221 1861 4273 ait:

293 4319 663 4376 Verumtamen
692 4318 759 4372 ad
789 4316 927 4388 quod
949 4316 1293 4388 pervenimus,
1318 4322 1373 4366 ut
1401 4314 1536 4367 idem
1560 4312 1860 4382 sapiamus,

285 4422 333 4468 et
363 4413 417 4467 in
439 4411 619 4466 cadent
660 4424 1058 4480 permaneamus
1093 4405 1271 4475 regula
1299 4402 1521 4478 (Philip.
1548 4404 1651 4473 ιιι),
1676 4403 1729 4457 id
1758 4410 1861 4467 est,-

285 4512 347 4559 ιιι
393 4504 449 4558 in
489 4499 791 4555 ministerio
830 4497 953 4551 tidei
984 4510 1413 4566 permaneamns,
1448 4494 1514 4548 ad
1544 4493 1686 4561 quod
1713 4489 1864 4546 Chri-

286 4602 371 4650 sto
395 4598 624 4647 vocante
645 4590 1012 4659 pervenimus,
1047 4594 1103 4642 et
1141 4585 1275 4640 nihil
1297 4594 1449 4641 extra
1480 4584 1677 4655 regula:
1701 4584 1863 4638 disci-
1888 4602 1921 4659 t'

285 4686 487 4756 plinam
511 4685 563 4738 in
594 4682 1004 4738 conversatione
1031 4680 1155 4736 ﬁdei
1182 4680 1478 4749 sapiamus,
1512 4679 1607 4733 sed
1641 4678 1742 4733 hoc
1770 4693 1861 4732 sa-

287 4779 500 4849 piamus
545 4776 686 4845 quod
713 4786 998 4829 commune
1023 4774 1094 4829 sit
1136 4781 1191 4828 et
1216 4774 1539 4838 modestum,
1594 4773 1648 4828 in
1694 4780 1860 4827 evan-

288 4871 458 4941 gelica
490 4869 717 4924 veritate
760 4868 894 4922 etin
923 4869 1115 4923 eadem
1162 4867 1282 4922 ﬁdei
1321 4868 1503 4937 regula
1543 4882 1865 4937 permanea-

291 4976 431 5015 nius.
486 4957 687 5029 Regula
728 4958 831 5012 hoc
866 4957 919 5010 in
968 4957 1085 5012 loco
1134 4957 1267 5012 fides
1308 4962 1534 5012 vocatur
1574 4958 1862 5013 catholica.

292 5049 499 5120 Regula
545 5064 674 5103 vero
699 5049 767 5102 ab
786 5063 851 5101 eo
886 5049 1029 5116 quod
1060 5057 1205 5103 recte
1237 5050 1417 5110 ducat,
1472 5057 1526 5103 et
1548 5057 1693 5102 recte
1717 5057 1870 5119 regat

292 5151 379 5197 est
411 5142 573 5197 dicta.
623 5139 775 5195 Unde
796 5148 849 5193 et
873 5140 959 5194 illa
1008 5141 1228 5193 Patrum
1258 5140 1527 5204 instituta,
1576 5150 1694 5207 quae
1717 5146 1867 5195 recte

286 5236 478 5289 vivere
534 5232 854 5289 catholicam
903 5233 1096 5287 docent
1142 5232 1437 5287 Eeelesiam
1487 5246 1723 5287 canones
1776 5248 1870 5287 vo-

294 5334 505 5381 cantur.
553 5322 738 5377 Canon
777 5331 955 5376 autem
989 5320 1194 5387 Graece,
1218 5321 1408 5376 Latine
1439 5320 1624 5389 regula
1645 5320 1864 5376 dicitur.

296 5414 432 5470 llinc
453 5423 508 5469 et
537 5414 663 5468 alibi
697 5412 895 5466 Paulus
940 5412 1015 5466 ait
1044 5431 1056 5465 :
1084 5412 1466 5466 Denuntiamus
1493 5422 1667 5466 autem
1702 5413 1865 5480 vobis,

297 5507 511 5576 fratres,
561 5504 616 5559 in
663 5503 868 5559 nomine
913 5502 1124 5555 Domini
1171 5504 1335 5556 nostri
1374 5502 1501 5556 Iesu
1552 5500 1770 5569 Christi,
1812 5513 1869 5558 ut

297 5597 615 5655 subtraltatis
655 5613 742 5650 vos
777 5594 841 5650 ab
875 5595 1014 5649 omni
1038 5593 1201 5664 fratre
1228 5594 1456 5665 inquiete
1497 5594 1797 5650 ambulante
1821 5605 1868 5651 et

297 5693 595 5748 inordinate
626 5688 708 5761 (II
758 5687 937 5742 Thess.
976 5688 1080 5758 ιιι).
1133 5687 1238 5741 ista
1268 5686 1605 5741 denuntiatio
1644 5700 1748 5739 non
1786 5694 1870 5740 est

300 5784 369 5838 ab
395 5780 733 5836 auditoribus
756 5778 1207 5850 parvipendenda,
1242 5778 1367 5847 quia
1389 5776 1554 5850 regali
1579 5785 1662 5830 est
1687 5770 1872 5832 aucto-

299 5874 463 5935 ritate
495 5870 706 5937 fulcita,
741 5872 956 5939 quando
984 5870 1039 5925 in
1062 5870 1276 5925 nomine
1320 5868 1529 5924 Domini
1580 5868 1749 5922 nostri
1784 5866 1872 5925 le-

1986 642 2251 699 charitate
2279 646 2349 700 sit
2367 644 2545 715 plena,
2583 642 2961 703 auctoritatem
2989 642 3169 702 tamen
3211 646 3453 706 continet
3481 666 3568 709 re-

1985 735 2151 806 giam,
2190 752 2310 807 qua:
2340 734 2573 792 ﬁdelium
2598 738 2839 793 omnium
2864 728 3155 794 salubriter
3190 742 3466 796 catervam
3491 740 3561 798 ad

1986 828 2189 882 rectam
2233 826 2535 884 animarum‘
2571 828 2817 899 perducit
2848 826 3108 900 regulam.
3156 824 3247 885 Ait
3280 830 3464 887 enim:
3496 829 3564 888 Ut

1982 914 2302 974 subtrahatis
2327 937 2413 975 vos
2436 920 2499 973 ab
2524 920 2664 974 omni
2712 922 2881 991 fratre
2910 921 3137 992 inquiete
3166 922 3487 991 anibulante,
3514 926 3565 979 et

1984 1008 2086 1068 non
2109 1016 2390 1069 secundum
2413 1012 2765 1081 traditionem,
2818 1032 2975 1088 quam
3006 1029 3313 1089 acceperunt
3341 1032 3372 1073 a
3410 1016 3559 1076 nobis

1983 1094 2068 1178 (ΙΙ
2095 1096 2274 1162 Tiiess.
2304 1109 2383 1181 ιι).
2412 1100 2546 1163 llinc
2562 1102 2935 1163 auctoritatem
2966 1108 3177 1164 firmam
3207 1112 3563 1169 subtrahendi

1981 1200 2039 1252 se
2076 1215 2105 1252 a
2130 1199 2311 1267 pravis
2343 1196 2645 1253 hominibus
2672 1194 2739 1253 ab
2767 1198 3009 1269 apostolo
3052 1198 3363 1255 saneturhni
3391 1206 3555 1258 aece-

1979 1282 2057 1359 pit
2102 1280 2360 1345 Ecclesia.
2415 1286 2675 1360 Regulam
2724 1292 2904 1345 autem
2949 1293 3085 1345 bene
3124 1273 3461 1355 ambulandi:
3506 1292 3561 1348 id

1979 1374 2081 1445 est,
2110 1380 2265 1448 ncne,
2293 1391 2348 1438 et
2381 1382 2549 1452 juste,
2589 1392 2643 1439 et
2668 1384 2756 1455 pie
2780 1384 3013 1448 vivendi,
3046 1380 3384 1439 t'radidernnt
3433 1384 3565 1441 tide-

1976 1472 2119 1530 illius
2162 1476 2411 1547 apostoli,
2452 1493 2613 1547 quam
2658 1476 2896 1532 omnium
2927 1476 3161 1531 ﬁdelium
3194 1472 3349 1531 debet
3383 1483 3566 1532 tenere
3615 1511 3619 1517 ν

1975 1556 2207 1622 ﬂrin’iter
2237 1567 2497 1634 Ecclesia,
2531 1578 2649 1639 qurc
2671 1568 2738 1624 ad
2769 1564 2981 1624 illorum
3006 1580 3160 1623 Suam
3187 1570 3300 1622 vult
3326 1568 3561 1639 dirigere

1974 1658 2159 1714 vitam.
2200 1660 2358 1715 lstius
2381 1677 2509 1732 ergo
2535 1662 2732 1730 regula:
2772 1662 2984 1725 norma,
3020 1660 3270 1716 dmiiibns
3297 1654 3563 1716 Cliristia-

1973 1750 2078 1817 nis,
2119 1749 2361 1822 ipsorum
2404 1752 2769 1821 apostolorum
2825 1752 2965 1807 facta
3005 1760 3088 1806 est
3128 1753 3261 1806 vita.
3318 1750 3470 1807 Unde
3505 1752 3561 1807 et

1973 1840 2408 1913 sequitur:1pst
2460 1845 2597 1896 enim
2645 1842 2792 1897 scitis
2836 1838 3277 1919 quemadmodum
3327 1846 3566 1913 aporteat

1976 1948 2062 1992 vos
2099 1937 2298 1989 imitari
2330 1952 2421 1989 nos
2447 1934 2659 2006 (lbid.).
2693 1936 2770 1989 Ac
2798 1934 2841 1989 si
2866 1932 3071 1989 diceret
3099 1952 3110 1987 :
3137 1930 3272 2001 Quia
3303 1930 3416 2002 jam
3458 1932 3565 1990 fre-

1975 2028 2204 2097 quenter
2229 2036 2283 2081 et
2327 2024 2508 2081 verbis
2550 2024 2701 2080 vobis
2727 2024 3080 2096 praidiximu's‘
3109 2026 3164 2080 et
3196 2026 3460 2096 exemplis
3480 2037 3566 2081 os-

1976 2110 2268 2181 tendimus,
2299 2119 2420 2171 itfeo
2460 2116 2647 2172 notum
2691 2126 2775 2171 est
2817 2114 2969 2172 vobis
3009 2119 3279 2188 quomodo
3318 2110 3566 2187 oporteat

1974 2212 2071 2261 vos
2106 2198 2307 2261 imitari
2335 2224 2451 2262 nos.
2490 2206 2747 2261 Libenter
2781 2218 2958 2262 tamen
2984 2209 3145 2263 facite
3191 2206 3332 2277 quod
3379 2208 3566 2264 horta—-

1975 2310 2117 2367 mur,
2160 2300 2205 2355 si
2232 2317 2262 2355 a
2301 2302 2455 2356 nobis
2492 2303 2749 2356 traditam
2790 2300 2916 2357 ﬁdei
2969 2298 3133 2357 vultis
3174 2292 3362 2357 tenere
3412 2300 3566 2372 regii-

1974 2390 2103 2446 lam.
2142 2393 2287 2446 Dixit
2334 2393 2554 2461 quidam
2586 2407 2751 2447 senex
2778 2411 2791 2446 :
2818 2391 3093 2462 Scriptum
3139 2401 3242 2459 est,
3287 2394 3474 2448 Justus
3505 2401 3562 2448 ut

1974 2484 2150 2555 palma
2176 2485 2381 2555 florebit
2422 2482 2593 2555 (Psal.
2638 2484 2768 2555 χει).
2810 2483 3091 2554 Signiﬁcat
3124 2495 3302 2539 autem
3334 2486 3422 2541 hic
3444 2500 3560 2541 ser-

1975 2568 2064 2627 md
2088 2570 2288 2627 ltoriitm
2321 2583 2521 2639 actum,
2550 2570 2740 2639 altum,
2768 2570 2821 2629 et
2856 2576 3083 2638 rectum,
3108 2570 3161 2629 et
3187 2570 3419 2631 dulcem.
3460 2574 3554 2629 Est

1974 2654 2120 2716 eiiidi
2148 2663 2200 2716 in
2224 2663 2403 2734 palma
2428 2678 2593 2723 unum
2619 2664 2914 2719 incardium
2953 2670 3007 2719 et
3037 2664 3208 2734 ipsum
3242 2666 3554 2731 candidum,

1971 2762 2189 2810 omnem
2220 2754 2426 2811 habens
2473 2755 2840 2826 operationem
2874 2757 2928 2811 in
2962 2772 3038 2812 sc.
3086 2757 3352 2813 Similiter
3378 2762 3557 2813 autem

1971 2846 2025 2900 et
2052 2844 2106 2899 in
2138 2846 2254 2900 viro
2269 2845 2417 2915 justo
2458 2846 2722 2918 reperitur
2750 2850 2914 2902 unum
2952 2846 3000 2901 ei
3025 2855 3077 2903 et
3118 2846 3347 2919 simple:
3379 2848 3560 2905 inesse

1971 2926 2085 3003 eor,
2128 2940 2195 2992 ad
2238 2938 2406 2993 Deum
2440 2940 2812 2995 tantummodo
2847 2942 3165 3010 respiciens.
3232 2940 3329 2995 Est
3376 2942 3561 2995 alitem

1968 3036 2025 3085 et
2079 3030 2280 3095 album,
2335 3030 2541 3085 habens
2588 3030 3039 3088 illuminationem
3090 3032 3238 3097 fidei,
3288 3034 3344 3087 ἐι
3382 3031 3561 3086 omnis

1970 3124 2215 3192 operatid
2242 3120 2376 3190 justi
2408 3123 2460 3177 in
2494 3124 2658 3178 corde
2700 3125 2868 3194 ipsius
2897 3133 3001 3180 est.
3044 3124 3179 3180 Nam
3223 3134 3277 3179 et
3329 3122 3561 3179 aenideh

1974 3212 2317 3268 stimulorum
2360 3204 2477 3284 eius
2506 3214 2768 3270 adversus
2803 3215 3078 3270 diabolum
3116 3216 3203 3270 est
3251 3212 3561 3287 prbpu'gna-

1893 3274 1942 3341 α
1974 3306 2176 3361 cultiln'.

2525 3375 2752 3432 CAPUT
2790 3376 3004 3434 LXXV.

2364 3465 2431 3521 Ut
2451 3468 2727 3538 vigilantes
2760 3470 2865 3523 sint
2895 3469 3158 3529 monachi.

2040 3572 2238 3636 Patrius
2276 3581 2551 3651 apostolus
2599 3594 2697 3635 nos
2728 3583 2978 3637 adinonet
3008 3582 3196 3638 dicens
3229 3596 3245 3637 :
3280 3581 3400 3638 Non
3426 3582 3549 3639 dar-

1968 3675 2196 3728 m‘iat‘nils
2216 3674 2352 3727 sicut
2371 3673 2565 3737 centeri,
2592 3674 2682 3726 sed
2704 3674 2973 3744 vigilemus
2994 3660 3047 3746 (1
3073 3674 3249 3730 Thess.
3268 3676 3345 3748 v).
3369 3674 3426 3730 id
3451 3680 3552 3741 est,

1967 3767 2075 3821 nell
2108 3764 2439 3820 dormiamus
2466 3763 2605 3819 sient
2632 3764 2811 3818 eteteri
2837 3765 3101 3826 inﬁdeles,
3128 3764 3330 3833 in'justi,
3359 3764 3555 3836 iniqui,-

1965 3856 2057 3927 qui
2117 3856 2431 3927 ignorantiae
2456 3862 2509 3909 et
2541 3856 2783 3925 corporis
2819 3861 3007 3910 som'no
3032 3855 3294 3925 depressi,
3338 3865 3392 3912 et
3422 3858 3553 3928 pec-

1966 3957 2212 4004 catorum
2262 3963 2482 4002 suorum
2506 3947 2646 4002 mole
2691 3948 2921 4015 gravati,
2954 3936 3082 4017 quid
3136 3948 3240 4002 illis
3286 3948 3339 4003 in
3369 3948 3553 4004 futuro’

1966 4043 2181 4096 eveniat
2215 4040 2511 4110 praévidere
2541 4056 2647 4094 non
2678 4042 2877 4094 valent.
2922 4039 3023 4107 ριιι
3051 4048 3156 4094 tam
3181 4041 3417 4111 graviter
3442 4036 3557 4095 tui-

1964 4135 2213 4206 piterquc
2234 4133 2528 4194 dormiunt,
2588 4140 2646 4185 ut
2672 4132 2736 4186 ad
2761 4134 2841 4186 sui
2884 4130 3185 4186 custodiam
3216 4131 3395 4185 cordis
3421 4144 3544 4186 ocu-

1962 4226 2043 4281 los
2084 4240 2189 4280 non
2236 4224 2516 4294 aperiant;
2554 4223 2643 4294 qui
2693 4223 2824 4276 nihil
2874 4223 2938 4276 de
2989 4218 3169 4275 futura
3206 4221 3397 4292 gloria,
3455 4214 3553 4277 sed

1965 4330 2179 4386 semper
2216 4313 2283 4368 de
2316 4300 2587 4385 pnesenti
2618 4313 2857 4382 cogitant
2906 4312 3035 4365 vita.
3080 4310 3193 4364 Non
3223 4312 3286 4366 de
3310 4311 3376 4365 iis
3428 4318 3549 4381 quia!

1964 4418 2070 4461 non
2107 4405 2358 4459 videntur
2385 4410 2438 4457 et
2468 4411 2667 4458 aeterna
2697 4410 2844 4468 sunt,
2902 4404 2997 4458 sed
3023 4410 3240 4473 semper
3268 4404 3335 4459 de
3361 4394 3427 4459 iis
3461 4412 3555 4460 co-

1966 4500 2143 4567 gitant
2189 4506 2309 4567 quae
2334 4496 2604 4561 videntur,
2651 4504 2706 4551 et
2726 4497 2928 4551 caduca
2957 4490 3011 4550 ei
3058 4496 3377 4566 temporalia
3404 4504 3554 4552 sunt.

1928 4628 1939 4661 ί
1964 4591 2073 4644 Nos
2100 4592 2278 4645 autem
2304 4605 2409 4643 non
2430 4588 2571 4642 sicut
2594 4587 2669 4642 illi
2698 4588 3051 4653 dormiam'tis,
3088 4588 3181 4642 sed
3247 4590 3552 4661 vigilemus.

1966 4681 2103 4736 Hinc
2135 4688 2231 4734 nos
2256 4684 2311 4733 et
2355 4679 2565 4733 Marcus
2598 4679 2928 4749 evangelista
2976 4678 3265 4734 salubriter
3304 4680 3561 4736 admonet

1966 4773 2151 4828 dicens
2186 4790 2197 4825 :
2240 4768 2462 4839 Vigilare
2493 4786 2636 4839 ergo,
2660 4770 2786 4839 quia
2826 4769 3033 4823 nescitis
3060 4772 3272 4841 quando
3300 4771 3558 4826 Doniinu's

1965 4864 2155 4920 ueniat.
2185 4860 2266 4916 Ne
2288 4872 2404 4915 cum
2427 4862 2623 4915 venerit
2647 4870 2869 4932 repente,
2894 4863 3121 4917 inveniat
3160 4876 3249 4917 vos
3290 4863 3555 4917 dormien-

1970 4966 2044 5011 tes
2096 4953 2293 5026 (Μάγα.
2338 4954 2494 5023 χιιι).
2537 4951 2690 5006 Beati
2737 4954 2871 5007 servi
2894 4951 2994 5018 illi,
3036 4958 3164 5025 quos
3203 4958 3321 5007 cum
3364 4944 3557 5006 licuerit

1970 5047 2250 5110 Dominus,
2276 5043 2526 5098 inuenerit
2556 5042 2829 5114 vigilantes
2858 5042 3010 5114 (Luc.
3030 5042 3145 5115 χιι).
3175 5042 3372 5113 Vigilat
3389 5044 3555 5107 enim,

1974 5140 2065 5210 qui
2095 5139 2160 5193 ad
2182 5143 2457 5206 aspectum
2514 5135 2626 5189 Veri
2673 5135 2893 5192 luminis
2918 5136 3101 5191 oculos
3147 5140 3366 5207 apertos
3391 5136 3553 5189 tenet.

1971 5228 2187 5301 Vigilat,
2218 5229 2308 5298 qui
2330 5230 2507 5282 servat
2526 5226 2799 5296 operando
2814 5228 2955 5297 quod
2977 5228 3166 5283 credit.
3194 5225 3415 5296 Vigilat,
3449 5224 3540 5293 Qui

1975 5328 2006 5375 a
2040 5336 2099 5375 se
2121 5318 2361 5390 corporis
2394 5306 2448 5373 et
2485 5318 2825 5391 negligentia:
2860 5319 3115 5372 tenebras
3155 5308 3383 5386 repellit.
3415 5313 3555 5369 Hinc

1975 5419 2029 5467 et
2052 5411 2175 5465 alibi
2200 5410 2339 5464 idem
2366 5410 2441 5464 sit
2470 5409 2780 5480 apostolus:
2815 5404 2934 5464 Sive
2964 5407 3258 5477 vigilenlus,
3289 5407 3395 5462 sine
3420 5404 3548 5463 tior-

1973 5504 2218 5568 mlnmus,
2260 5502 2419 5556 simul
2441 5512 2559 5556 cum
2578 5501 2787 5556 Christo
2827 5501 3059 5553 vivamus
3091 5498 3138 5569 (i
3170 5499 3351 5555 Thess.
3384 5501 3459 5573 v).
3493 5501 3551 5557 lt!

1968 5600 2072 5657 est,
2099 5594 2212 5649 sive
2242 5590 2521 5664 vigilemus
2549 5593 2617 5647 ad
2642 5590 2940 5646 custodiam
2970 5596 3169 5646 nostra:
3199 5584 3408 5662 salutis,
3433 5593 3550 5650 sive

1969 5686 2349 5741 darmiamnsa
2377 5685 2581 5740 nocivis
2620 5684 2779 5751 hujus
2816 5684 2995 5739 saeculi
3030 5686 3197 5753 curis;
3235 5686 3394 5742 simul
3422 5692 3547 5742 cum

1968 5777 2062 5833 illo
2090 5776 2353 5842 vivamus,
2379 5777 2432 5831 id
2456 5784 2556 5840 est,
2580 5784 2792 5844 semper
2816 5774 2867 5829 in
2908 5775 3123 5833 Christo
3142 5784 3195 5834 et
3226 5786 3350 5834 cum
3402 5777 3552 5834 ειπιο

1969 5877 2058 5924 sto
2092 5870 2259 5925 annus
2292 5888 2304 5924 :
2336 5869 2426 5926 aut
2452 5880 2544 5921 vro
2580 5865 2729 5923 nom
2760 5862 2997 5924 mortuus
3044 5874 3139 5932 est;
3168 5874 3218 5927 et
3263 5873 3531 5927 resurres't
