  <div class='ocr_page' id='page_1' title='image "/cluster/home/n/w/nwhite01/storage/ocr_20150623/102/hvd.32044015466808/342.png"; bbox 0 0 4020 6460; ppageno 0'>
   <div class='ocr_carea' id='block_1_1' title="bbox 244 386 346 442">
    <p class='ocr_par' dir='ltr' id='par_1_1' title="bbox 244 386 346 442">
     <span class='ocr_line' id='line_1_1' title="bbox 244 386 346 442; baseline 0 0"><span class='ocrx_word' id='word_1_1' title='bbox 244 386 346 442; x_wconf 75' lang='lat'><strong>675</strong></span> 
     </span>
    </p>
   </div>
   <div class='ocr_carea' id='block_1_2' title="bbox 1440 371 2295 432">
    <p class='ocr_par' dir='ltr' id='par_1_2' title="bbox 1440 371 2295 432">
     <span class='ocr_line' id='line_1_2' title="bbox 1440 371 2295 432; baseline -0.013 1"><span class='ocrx_word' id='word_1_2' title='bbox 1440 376 1743 432; x_wconf 76' lang='lat' dir='ltr'><strong>DIADEMA</strong></span> <span class='ocrx_word' id='word_1_3' title='bbox 1785 371 2295 429; x_wconf 68' lang='lat' dir='ltr'><strong>MUNACIIUHUM.</strong></span> 
     </span>
    </p>
   </div>
   <div class='ocr_carea' id='block_1_3' title="bbox 3407 363 3514 421">
    <p class='ocr_par' dir='ltr' id='par_1_3' title="bbox 3407 363 3514 421">
     <span class='ocr_line' id='line_1_3' title="bbox 3407 363 3514 421; baseline -0.028 0"><span class='ocrx_word' id='word_1_4' title='bbox 3407 363 3514 421; x_wconf 66' lang='grc'><strong>674</strong></span> 
     </span>
    </p>
   </div>
   <div class='ocr_carea' id='block_1_4' title="bbox 243 481 3526 572">
    <p class='ocr_par' dir='ltr' id='par_1_4' title="bbox 243 481 3526 572">
     <span class='ocr_line' id='line_1_4' title="bbox 243 481 3526 572; baseline -0.008 -10"><span class='ocrx_word' id='word_1_5' title='bbox 243 506 298 564; x_wconf 87' lang='lat' dir='ltr'><strong>id</strong></span> <span class='ocrx_word' id='word_1_6' title='bbox 325 512 427 567; x_wconf 86' lang='lat' dir='ltr'><strong>est,</strong></span> <span class='ocrx_word' id='word_1_7' title='bbox 475 503 565 572; x_wconf 87' lang='lat' dir='ltr'><strong>qui</strong></span> <span class='ocrx_word' id='word_1_8' title='bbox 611 499 815 570; x_wconf 76' lang='lat' dir='ltr'><strong>plangit</strong></span> <span class='ocrx_word' id='word_1_9' title='bbox 865 504 1168 568; x_wconf 89' lang='lat' dir='ltr'><strong>peccatum,</strong></span> <span class='ocrx_word' id='word_1_10' title='bbox 1219 503 1275 549; x_wconf 90' lang='lat' dir='ltr'><strong>et</strong></span> <span class='ocrx_word' id='word_1_11' title='bbox 1310 493 1504 546; x_wconf 84' lang='lat' dir='ltr'><strong>iterum</strong></span> <span class='ocrx_word' id='word_1_12' title='bbox 1543 488 1830 546; x_wconf 70' lang='lat' dir='ltr'><strong>committit</strong></span> <span class='ocrx_word' id='word_1_13' title='bbox 1855 489 1908 549; x_wconf 82' lang='grc' dir='ltr'><strong>Α</strong></span> <span class='ocrx_word' id='word_1_14' title='bbox 1931 494 2153 556; x_wconf 88' lang='lat' dir='ltr'><strong>peccata</strong></span> <span class='ocrx_word' id='word_1_15' title='bbox 2183 491 2371 540; x_wconf 88' lang='lat' dir='ltr'><strong>nostra</strong></span> <span class='ocrx_word' id='word_1_16' title='bbox 2412 483 2668 539; x_wconf 89' lang='lat' dir='ltr'><strong>dicuntur</strong></span> <span class='ocrx_word' id='word_1_17' title='bbox 2710 483 2977 549; x_wconf 87' lang='lat' dir='ltr'><strong>membra,</strong></span> <span class='ocrx_word' id='word_1_18' title='bbox 3005 481 3133 553; x_wconf 85' lang='lat' dir='ltr'><strong>quia</strong></span> <span class='ocrx_word' id='word_1_19' title='bbox 3159 495 3258 553; x_wconf 91' lang='lat' dir='ltr'><strong>per</strong></span> <span class='ocrx_word' id='word_1_20' title='bbox 3280 481 3526 538; x_wconf 84' lang='lat' dir='ltr'><strong>membra</strong></span> 
     </span>
    </p>
   </div>
   <div class='ocr_carea' id='block_1_5' title="bbox 243 581 1792 671">
    <p class='ocr_par' dir='ltr' id='par_1_5' title="bbox 243 581 1792 671">
     <span class='ocr_line' id='line_1_5' title="bbox 243 581 1792 671; baseline -0.012 -18"><span class='ocrx_word' id='word_1_21' title='bbox 243 604 543 671; x_wconf 88' lang='lat' dir='ltr'><strong>peccatum,</strong></span> <span class='ocrx_word' id='word_1_22' title='bbox 579 592 710 646; x_wconf 87' lang='lat' dir='ltr'><strong>nihil</strong></span> <span class='ocrx_word' id='word_1_23' title='bbox 753 591 963 662; x_wconf 83' lang='lat' dir='ltr'><strong>proﬁcit</strong></span> <span class='ocrx_word' id='word_1_24' title='bbox 1002 589 1193 643; x_wconf 85' lang='lat' dir='ltr'><strong>lavatio</strong></span> <span class='ocrx_word' id='word_1_25' title='bbox 1221 587 1334 657; x_wconf 88' lang='lat' dir='ltr'><strong>ejus</strong></span> <span class='ocrx_word' id='word_1_26' title='bbox 1371 584 1561 658; x_wconf 87' lang='lat' dir='ltr'><strong>(Eccli.</strong></span> <span class='ocrx_word' id='word_1_27' title='bbox 1584 581 1792 654; x_wconf 78' lang='lat' dir='ltr'><strong>xxxiv).</strong></span> 
     </span>
    </p>
   </div>
   <div class='ocr_carea' id='block_1_6' title="bbox 781 703 1342 762">
    <p class='ocr_par' dir='ltr' id='par_1_6' title="bbox 781 703 1342 762">
     <span class='ocr_line' id='line_1_6' title="bbox 781 703 1342 762; baseline -0.007 0"><span class='ocrx_word' id='word_1_28' title='bbox 781 705 1006 762; x_wconf 85' lang='lat' dir='ltr'><strong>CAPUT</strong></span> <span class='ocrx_word' id='word_1_29' title='bbox 1061 703 1342 760; x_wconf 76' lang='lat' dir='ltr'><strong>LXXVIII.</strong></span> 
     </span>
    </p>
   </div>
   <div class='ocr_carea' id='block_1_7' title="bbox 354 775 1721 838">
    <p class='ocr_par' dir='ltr' id='par_1_7' title="bbox 354 775 1721 838">
     <span class='ocr_line' id='line_1_7' title="bbox 354 775 1721 838; baseline -0.01 -1"><span class='ocrx_word' id='word_1_30' title='bbox 354 781 422 838; x_wconf 88' lang='lat' dir='ltr'><strong>Ut</strong></span> <span class='ocrx_word' id='word_1_31' title='bbox 446 782 631 836; x_wconf 81' lang='lat' dir='ltr'><strong>mentis</strong></span> <span class='ocrx_word' id='word_1_32' title='bbox 660 779 862 834; x_wconf 83' lang='lat' dir='ltr'><strong>lumbos</strong></span> <span class='ocrx_word' id='word_1_33' title='bbox 888 778 1176 832; x_wconf 82' lang='lat' dir='ltr'><strong>succinctos</strong></span> <span class='ocrx_word' id='word_1_34' title='bbox 1207 776 1393 830; x_wconf 81' lang='lat' dir='ltr'><strong>habeat</strong></span> <span class='ocrx_word' id='word_1_35' title='bbox 1414 775 1721 828; x_wconf 82' lang='lat' dir='ltr'><strong>monachus.</strong></span> 
     </span>
    </p>
   </div>
   <div class='ocr_carea' id='block_1_8' title="bbox 315 861 1832 942">
    <p class='ocr_par' dir='ltr' id='par_1_8' title="bbox 315 861 1832 942">
     <span class='ocr_line' id='line_1_8' title="bbox 315 861 1832 942; baseline -0.011 -12"><span class='ocrx_word' id='word_1_36' title='bbox 315 875 508 930; x_wconf 85' lang='lat' dir='ltr'><strong>Petrus</strong></span> <span class='ocrx_word' id='word_1_37' title='bbox 524 871 799 942; x_wconf 82' lang='lat' dir='ltr'><strong>apostolus</strong></span> <span class='ocrx_word' id='word_1_38' title='bbox 819 871 894 924; x_wconf 92' lang='lat' dir='ltr'><strong>ait</strong></span> <span class='ocrx_word' id='word_1_39' title='bbox 915 888 926 922; x_wconf 93' lang='lat'>:</span> <span class='ocrx_word' id='word_1_40' title='bbox 953 869 1177 939; x_wconf 78' lang='lat' dir='ltr'><strong>Propter</strong></span> <span class='ocrx_word' id='word_1_41' title='bbox 1196 865 1335 938; x_wconf 88' lang='lat' dir='ltr'><strong>quod</strong></span> <span class='ocrx_word' id='word_1_42' title='bbox 1356 865 1607 920; x_wconf 76' lang='lat' dir='ltr'><strong>succincti</strong></span> <span class='ocrx_word' id='word_1_43' title='bbox 1630 861 1832 916; x_wconf 85' lang='lat' dir='ltr'><strong>lumbos</strong></span> 
     </span>
    </p>
   </div>
   <div class='ocr_carea' id='block_1_9' title="bbox 244 955 1835 1029">
    <p class='ocr_par' dir='ltr' id='par_1_9' title="bbox 244 955 1835 1029">
     <span class='ocr_line' id='line_1_9' title="bbox 244 955 1835 1029; baseline -0.009 -8"><span class='ocrx_word' id='word_1_44' title='bbox 244 968 434 1021; x_wconf 85' lang='lat' dir='ltr'><strong>mentis</strong></span> <span class='ocrx_word' id='word_1_45' title='bbox 467 975 647 1020; x_wconf 66' lang='lat' dir='ltr'><strong>vestra’</strong></span> <span class='ocrx_word' id='word_1_46' title='bbox 687 963 743 1017; x_wconf 91' lang='lat' dir='ltr'><strong>in</strong></span> <span class='ocrx_word' id='word_1_47' title='bbox 787 963 1024 1026; x_wconf 86' lang='lat' dir='ltr'><strong>veritate,</strong></span> <span class='ocrx_word' id='word_1_48' title='bbox 1083 960 1244 1014; x_wconf 84' lang='lat' dir='ltr'><strong>sobrii</strong></span> <span class='ocrx_word' id='word_1_49' title='bbox 1277 960 1501 1029; x_wconf 77' lang='lat' dir='ltr'><strong>perfecte</strong></span> <span class='ocrx_word' id='word_1_50' title='bbox 1547 965 1752 1025; x_wconf 82' lang='lat' dir='ltr'><strong>sperate</strong></span> <span class='ocrx_word' id='word_1_51' title='bbox 1779 955 1835 1008; x_wconf 88' lang='lat' dir='ltr'><strong>in</strong></span> 
     </span>
    </p>
   </div>
   <div class='ocr_carea' id='block_1_10' title="bbox 245 1045 1832 1127">
    <p class='ocr_par' dir='ltr' id='par_1_10' title="bbox 245 1045 1832 1127">
     <span class='ocr_line' id='line_1_10' title="bbox 245 1045 1832 1127; baseline -0.009 -15"><span class='ocrx_word' id='word_1_52' title='bbox 245 1074 362 1112; x_wconf 86' lang='lat' dir='ltr'><strong>eam</strong></span> <span class='ocrx_word' id='word_1_53' title='bbox 389 1072 508 1127; x_wconf 70' lang='lat' dir='ltr'><strong>qum</strong></span> <span class='ocrx_word' id='word_1_54' title='bbox 535 1055 755 1124; x_wconf 74' lang='lat' dir='ltr'><strong>offertur</strong></span> <span class='ocrx_word' id='word_1_55' title='bbox 779 1053 920 1107; x_wconf 80' lang='lat' dir='ltr'><strong>vobis</strong></span> <span class='ocrx_word' id='word_1_56' title='bbox 948 1052 1196 1123; x_wconf 88' lang='lat' dir='ltr'><strong>gratiam,</strong></span> <span class='ocrx_word' id='word_1_57' title='bbox 1232 1051 1284 1104; x_wconf 90' lang='lat' dir='ltr'><strong>in</strong></span> <span class='ocrx_word' id='word_1_58' title='bbox 1310 1048 1674 1104; x_wconf 82' lang='lat' dir='ltr'><strong>reuelationem</strong></span> <span class='ocrx_word' id='word_1_59' title='bbox 1701 1045 1832 1100; x_wconf 72' lang='lat' dir='ltr'><strong>Iesu</strong></span> 
     </span>
    </p>
   </div>
   <div class='ocr_carea' id='block_1_11' title="bbox 245 1139 1837 1217">
    <p class='ocr_par' dir='ltr' id='par_1_11' title="bbox 245 1139 1837 1217">
     <span class='ocr_line' id='line_1_11' title="bbox 245 1139 1837 1217; baseline -0.008 -15"><span class='ocrx_word' id='word_1_60' title='bbox 245 1145 445 1202; x_wconf 84' lang='lat' dir='ltr'><strong>Christi</strong></span> <span class='ocrx_word' id='word_1_61' title='bbox 469 1145 521 1217; x_wconf 95' lang='lat' dir='ltr'><strong>(I</strong></span> <span class='ocrx_word' id='word_1_62' title='bbox 551 1143 694 1199; x_wconf 89' lang='lat' dir='ltr'><strong>Petr.</strong></span> <span class='ocrx_word' id='word_1_63' title='bbox 719 1143 780 1215; x_wconf 92' lang='grc' dir='ltr'><strong>ι).</strong></span> <span class='ocrx_word' id='word_1_64' title='bbox 826 1144 902 1198; x_wconf 89' lang='lat' dir='ltr'><strong>Ac</strong></span> <span class='ocrx_word' id='word_1_65' title='bbox 948 1144 992 1198; x_wconf 90' lang='lat' dir='ltr'><strong>si</strong></span> <span class='ocrx_word' id='word_1_66' title='bbox 1033 1143 1237 1198; x_wconf 84' lang='lat' dir='ltr'><strong>diceret</strong></span> <span class='ocrx_word' id='word_1_67' title='bbox 1265 1140 1585 1195; x_wconf 84' lang='lat' dir='ltr'><strong>monachis:</strong></span> <span class='ocrx_word' id='word_1_68' title='bbox 1625 1139 1837 1204; x_wconf 87' lang='lat' dir='ltr'><strong>Quanto</strong></span> 
     </span>
    </p>
   </div>
   <div class='ocr_carea' id='block_1_12' title="bbox 246 1230 1836 1309">
    <p class='ocr_par' dir='ltr' id='par_1_12' title="bbox 246 1230 1836 1309">
     <span class='ocr_line' id='line_1_12' title="bbox 246 1230 1836 1309; baseline -0.008 -13"><span class='ocrx_word' id='word_1_69' title='bbox 246 1241 423 1309; x_wconf 81' lang='lat' dir='ltr'><strong>major</strong></span> <span class='ocrx_word' id='word_1_70' title='bbox 449 1247 533 1294; x_wconf 82' lang='lat' dir='ltr'><strong>est</strong></span> <span class='ocrx_word' id='word_1_71' title='bbox 558 1239 710 1293; x_wconf 85' lang='lat' dir='ltr'><strong>vobis</strong></span> <span class='ocrx_word' id='word_1_72' title='bbox 734 1239 910 1309; x_wconf 89' lang='lat' dir='ltr'><strong>gratia</strong></span> <span class='ocrx_word' id='word_1_73' title='bbox 940 1237 1224 1307; x_wconf 89' lang='lat' dir='ltr'><strong>promissa,</strong></span> <span class='ocrx_word' id='word_1_74' title='bbox 1255 1244 1404 1290; x_wconf 89' lang='lat' dir='ltr'><strong>tanto</strong></span> <span class='ocrx_word' id='word_1_75' title='bbox 1434 1233 1664 1303; x_wconf 85' lang='lat' dir='ltr'><strong>amplius</strong></span> <span class='ocrx_word' id='word_1_76' title='bbox 1689 1230 1836 1302; x_wconf 80' lang='lat' dir='ltr'><strong>digni</strong></span> 
     </span>
    </p>
   </div>
   <div class='ocr_carea' id='block_1_13' title="bbox 246 1323 1836 1400">
    <p class='ocr_par' dir='ltr' id='par_1_13' title="bbox 246 1323 1836 1400">
     <span class='ocr_line' id='line_1_13' title="bbox 246 1323 1836 1400; baseline -0.008 -10"><span class='ocrx_word' id='word_1_77' title='bbox 246 1349 370 1390; x_wconf 82' lang='lat' dir='ltr'><strong>esse</strong></span> <span class='ocrx_word' id='word_1_78' title='bbox 399 1339 605 1393; x_wconf 90' lang='lat' dir='ltr'><strong>curate,</strong></span> <span class='ocrx_word' id='word_1_79' title='bbox 636 1339 696 1385; x_wconf 91' lang='lat' dir='ltr'><strong>ut</strong></span> <span class='ocrx_word' id='word_1_80' title='bbox 722 1346 843 1386; x_wconf 89' lang='lat' dir='ltr'><strong>eam</strong></span> <span class='ocrx_word' id='word_1_81' title='bbox 878 1330 1161 1400; x_wconf 85' lang='lat' dir='ltr'><strong>percipere</strong></span> <span class='ocrx_word' id='word_1_82' title='bbox 1189 1328 1436 1383; x_wconf 79' lang='lat' dir='ltr'><strong>valeatis.</strong></span> <span class='ocrx_word' id='word_1_83' title='bbox 1475 1326 1543 1379; x_wconf 88' lang='lat' dir='ltr'><strong>Et</strong></span> <span class='ocrx_word' id='word_1_84' title='bbox 1571 1333 1717 1380; x_wconf 89' lang='lat' dir='ltr'><strong>recte</strong></span> <span class='ocrx_word' id='word_1_85' title='bbox 1749 1323 1836 1378; x_wconf 88' lang='lat' dir='ltr'><strong>di-</strong></span> 
     </span>
    </p>
   </div>
   <div class='ocr_carea' id='block_1_14' title="bbox 247 1417 1838 1496">
    <p class='ocr_par' dir='ltr' id='par_1_14' title="bbox 247 1417 1838 1496">
     <span class='ocr_line' id='line_1_14' title="bbox 247 1417 1838 1496; baseline -0.006 -14"><span class='ocrx_word' id='word_1_86' title='bbox 247 1428 344 1490; x_wconf 90' lang='lat' dir='ltr'><strong>cit,</strong></span> <span class='ocrx_word' id='word_1_87' title='bbox 391 1442 602 1496; x_wconf 90' lang='lat' dir='ltr'><strong>sperare</strong></span> <span class='ocrx_word' id='word_1_88' title='bbox 649 1425 704 1477; x_wconf 89' lang='lat' dir='ltr'><strong>in</strong></span> <span class='ocrx_word' id='word_1_89' title='bbox 751 1441 867 1478; x_wconf 88' lang='lat' dir='ltr'><strong>eam</strong></span> <span class='ocrx_word' id='word_1_90' title='bbox 907 1439 1023 1494; x_wconf 75' lang='lat' dir='ltr'><strong>qua:</strong></span> <span class='ocrx_word' id='word_1_91' title='bbox 1073 1423 1296 1492; x_wconf 76' lang='lat' dir='ltr'><strong>offertur</strong></span> <span class='ocrx_word' id='word_1_92' title='bbox 1324 1421 1468 1474; x_wconf 87' lang='lat' dir='ltr'><strong>vobis</strong></span> <span class='ocrx_word' id='word_1_93' title='bbox 1502 1420 1752 1494; x_wconf 73' lang='lat' dir='ltr'><strong>gratiam,</strong></span> <span class='ocrx_word' id='word_1_94' title='bbox 1781 1417 1838 1472; x_wconf 91' lang='lat' dir='ltr'><strong>in</strong></span> 
     </span>
    </p>
   </div>
   <div class='ocr_carea' id='block_1_15' title="bbox 251 1509 1839 1580">
    <p class='ocr_par' dir='ltr' id='par_1_15' title="bbox 251 1509 1839 1580">
     <span class='ocr_line' id='line_1_15' title="bbox 251 1509 1839 1580; baseline -0.006 -9"><span class='ocrx_word' id='word_1_95' title='bbox 251 1517 613 1572; x_wconf 86' lang='lat' dir='ltr'><strong>revelationem</strong></span> <span class='ocrx_word' id='word_1_96' title='bbox 661 1516 871 1570; x_wconf 87' lang='lat' dir='ltr'><strong>Domini</strong></span> <span class='ocrx_word' id='word_1_97' title='bbox 919 1515 1093 1572; x_wconf 86' lang='lat' dir='ltr'><strong>nostri</strong></span> <span class='ocrx_word' id='word_1_98' title='bbox 1140 1517 1268 1570; x_wconf 85' lang='lat' dir='ltr'><strong>Jesu</strong></span> <span class='ocrx_word' id='word_1_99' title='bbox 1318 1513 1553 1577; x_wconf 85' lang='lat' dir='ltr'><strong>Christi;</strong></span> <span class='ocrx_word' id='word_1_100' title='bbox 1593 1509 1839 1580; x_wconf 88' lang='lat' dir='ltr'><strong>quiaqui</strong></span> 
     </span>
    </p>
   </div>
   <div class='ocr_carea' id='block_1_16' title="bbox 249 1606 1842 1670">
    <p class='ocr_par' dir='ltr' id='par_1_16' title="bbox 249 1606 1842 1670">
     <span class='ocr_line' id='line_1_16' title="bbox 249 1606 1842 1670; baseline -0.006 -7"><span class='ocrx_word' id='word_1_101' title='bbox 249 1608 544 1663; x_wconf 90' lang='lat' dir='ltr'><strong>succinctis</strong></span> <span class='ocrx_word' id='word_1_102' title='bbox 587 1606 784 1661; x_wconf 88' lang='lat' dir='ltr'><strong>lumbis</strong></span> <span class='ocrx_word' id='word_1_103' title='bbox 834 1608 1052 1670; x_wconf 89' lang='lat' dir='ltr'><strong>mentis,</strong></span> <span class='ocrx_word' id='word_1_104' title='bbox 1104 1607 1156 1660; x_wconf 87' lang='lat' dir='ltr'><strong>id</strong></span> <span class='ocrx_word' id='word_1_105' title='bbox 1198 1613 1301 1670; x_wconf 90' lang='lat' dir='ltr'><strong>est,</strong></span> <span class='ocrx_word' id='word_1_106' title='bbox 1344 1614 1398 1658; x_wconf 91' lang='lat' dir='ltr'><strong>et</strong></span> <span class='ocrx_word' id='word_1_107' title='bbox 1427 1611 1606 1658; x_wconf 84' lang='lat' dir='ltr'><strong>mente</strong></span> <span class='ocrx_word' id='word_1_108' title='bbox 1639 1609 1692 1655; x_wconf 88' lang='lat' dir='ltr'><strong>et</strong></span> <span class='ocrx_word' id='word_1_109' title='bbox 1722 1615 1842 1654; x_wconf 91' lang='lat' dir='ltr'><strong>cor-</strong></span> 
     </span>
    </p>
   </div>
   <div class='ocr_carea' id='block_1_17' title="bbox 249 1693 1840 1773">
    <p class='ocr_par' dir='ltr' id='par_1_17' title="bbox 249 1693 1840 1773">
     <span class='ocr_line' id='line_1_17' title="bbox 249 1693 1840 1773; baseline -0.006 -18"><span class='ocrx_word' id='word_1_110' title='bbox 249 1717 382 1773; x_wconf 89' lang='lat' dir='ltr'><strong>pore</strong></span> <span class='ocrx_word' id='word_1_111' title='bbox 435 1707 615 1755; x_wconf 90' lang='lat' dir='ltr'><strong>eastus</strong></span> <span class='ocrx_word' id='word_1_112' title='bbox 676 1698 888 1752; x_wconf 88' lang='lat' dir='ltr'><strong>Domini</strong></span> <span class='ocrx_word' id='word_1_113' title='bbox 947 1699 1234 1752; x_wconf 85' lang='lat' dir='ltr'><strong>adventum</strong></span> <span class='ocrx_word' id='word_1_114' title='bbox 1288 1703 1587 1764; x_wconf 82' lang='lat' dir='ltr'><strong>exspectat,</strong></span> <span class='ocrx_word' id='word_1_115' title='bbox 1646 1693 1840 1748; x_wconf 90' lang='lat' dir='ltr'><strong>merito</strong></span> 
     </span>
    </p>
   </div>
   <div class='ocr_carea' id='block_1_18' title="bbox 251 1785 1841 1864">
    <p class='ocr_par' dir='ltr' id='par_1_18' title="bbox 251 1785 1841 1864">
     <span class='ocr_line' id='line_1_18' title="bbox 251 1785 1841 1864; baseline -0.005 -17"><span class='ocrx_word' id='word_1_116' title='bbox 251 1793 467 1864; x_wconf 88' lang='lat' dir='ltr'><strong>quando</strong></span> <span class='ocrx_word' id='word_1_117' title='bbox 515 1790 799 1855; x_wconf 86' lang='lat' dir='ltr'><strong>reveletur,</strong></span> <span class='ocrx_word' id='word_1_118' title='bbox 848 1799 1045 1860; x_wconf 89' lang='lat' dir='ltr'><strong>sperat.</strong></span> <span class='ocrx_word' id='word_1_119' title='bbox 1079 1789 1216 1844; x_wconf 84' lang='lat' dir='ltr'><strong>Hinc.</strong></span> <span class='ocrx_word' id='word_1_120' title='bbox 1239 1797 1293 1844; x_wconf 90' lang='lat' dir='ltr'><strong>et</strong></span> <span class='ocrx_word' id='word_1_121' title='bbox 1336 1788 1531 1843; x_wconf 88' lang='lat' dir='ltr'><strong>Paulus</strong></span> <span class='ocrx_word' id='word_1_122' title='bbox 1569 1785 1841 1856; x_wconf 87' lang='lat' dir='ltr'><strong>apostolus</strong></span> 
     </span>
    </p>
   </div>
   <div class='ocr_carea' id='block_1_19' title="bbox 253 1878 1840 1952">
    <p class='ocr_par' dir='ltr' id='par_1_19' title="bbox 253 1878 1840 1952">
     <span class='ocr_line' id='line_1_19' title="bbox 253 1878 1840 1952; baseline -0.004 -15"><span class='ocrx_word' id='word_1_123' title='bbox 253 1885 364 1937; x_wconf 86' lang='lat' dir='ltr'><strong>ait:</strong></span> <span class='ocrx_word' id='word_1_124' title='bbox 411 1881 557 1937; x_wconf 86' lang='lat' dir='ltr'><strong>State</strong></span> <span class='ocrx_word' id='word_1_125' title='bbox 591 1898 712 1952; x_wconf 89' lang='lat' dir='ltr'><strong>ergo</strong></span> <span class='ocrx_word' id='word_1_126' title='bbox 757 1881 1009 1935; x_wconf 86' lang='lat' dir='ltr'><strong>succincti</strong></span> <span class='ocrx_word' id='word_1_127' title='bbox 1054 1879 1255 1934; x_wconf 87' lang='lat' dir='ltr'><strong>lumbos</strong></span> <span class='ocrx_word' id='word_1_128' title='bbox 1291 1888 1487 1934; x_wconf 90' lang='lat' dir='ltr'><strong>vestros</strong></span> <span class='ocrx_word' id='word_1_129' title='bbox 1535 1878 1591 1931; x_wconf 87' lang='lat' dir='ltr'><strong>in</strong></span> <span class='ocrx_word' id='word_1_130' title='bbox 1626 1879 1840 1932; x_wconf 89' lang='lat' dir='ltr'><strong>veritate</strong></span> 
     </span>
    </p>
   </div>
   <div class='ocr_carea' id='block_1_20' title="bbox 256 1968 1843 2047">
    <p class='ocr_par' dir='ltr' id='par_1_20' title="bbox 256 1968 1843 2047">
     <span class='ocr_line' id='line_1_20' title="bbox 256 1968 1843 2047; baseline -0.004 -18"><span class='ocrx_word' id='word_1_131' title='bbox 256 1975 470 2047; x_wconf 77' lang='lat' dir='ltr'><strong>(Ep/tes.</strong></span> <span class='ocrx_word' id='word_1_132' title='bbox 500 1974 598 2046; x_wconf 81' lang='lat' dir='ltr'><strong>v1),</strong></span> <span class='ocrx_word' id='word_1_133' title='bbox 641 1975 692 2029; x_wconf 88' lang='lat' dir='ltr'><strong>id</strong></span> <span class='ocrx_word' id='word_1_134' title='bbox 746 1983 848 2040; x_wconf 90' lang='lat' dir='ltr'><strong>est,</strong></span> <span class='ocrx_word' id='word_1_135' title='bbox 897 1971 1120 2044; x_wconf 82' lang='lat' dir='ltr'><strong>perfecti</strong></span> <span class='ocrx_word' id='word_1_136' title='bbox 1174 1980 1334 2037; x_wconf 87' lang='lat' dir='ltr'><strong>state,</strong></span> <span class='ocrx_word' id='word_1_137' title='bbox 1384 1969 1594 2025; x_wconf 90' lang='lat' dir='ltr'><strong>lumbos</strong></span> <span class='ocrx_word' id='word_1_138' title='bbox 1645 1968 1843 2023; x_wconf 88' lang='lat' dir='ltr'><strong>mentis</strong></span> 
     </span>
    </p>
   </div>
   <div class='ocr_carea' id='block_1_21' title="bbox 255 2062 1843 2133">
    <p class='ocr_par' dir='ltr' id='par_1_21' title="bbox 255 2062 1843 2133">
     <span class='ocr_line' id='line_1_21' title="bbox 255 2062 1843 2133; baseline -0.007 -10"><span class='ocrx_word' id='word_1_139' title='bbox 255 2069 538 2133; x_wconf 85' lang='lat' dir='ltr'><strong>succincti,</strong></span> <span class='ocrx_word' id='word_1_140' title='bbox 589 2069 692 2122; x_wconf 87' lang='lat' dir='ltr'><strong>hoc</strong></span> <span class='ocrx_word' id='word_1_141' title='bbox 737 2074 838 2131; x_wconf 91' lang='lat' dir='ltr'><strong>est,</strong></span> <span class='ocrx_word' id='word_1_142' title='bbox 886 2066 941 2118; x_wconf 91' lang='lat' dir='ltr'><strong>in</strong></span> <span class='ocrx_word' id='word_1_143' title='bbox 967 2064 1112 2119; x_wconf 91' lang='lat' dir='ltr'><strong>omni</strong></span> <span class='ocrx_word' id='word_1_144' title='bbox 1160 2063 1343 2133; x_wconf 76' lang='lat' dir='ltr'><strong>przelio</strong></span> <span class='ocrx_word' id='word_1_145' title='bbox 1370 2062 1600 2115; x_wconf 86' lang='lat' dir='ltr'><strong>viriliter</strong></span> <span class='ocrx_word' id='word_1_146' title='bbox 1628 2075 1843 2130; x_wconf 81' lang='lat' dir='ltr'><strong>praepa-</strong></span> 
     </span>
    </p>
   </div>
   <div class='ocr_carea' id='block_1_22' title="bbox 189 2149 1845 2222">
    <p class='ocr_par' dir='ltr' id='par_1_22' title="bbox 189 2149 1845 2222">
     <span class='ocr_line' id='line_1_22' title="bbox 189 2149 1845 2222; baseline -0.007 -9"><span class='ocrx_word' id='word_1_147' title='bbox 189 2195 192 2198; x_wconf 96' lang='lat'><strong><em>-</em></strong></span> <span class='ocrx_word' id='word_1_148' title='bbox 256 2160 382 2222; x_wconf 87' lang='lat' dir='ltr'><strong>rati,</strong></span> <span class='ocrx_word' id='word_1_149' title='bbox 413 2167 468 2212; x_wconf 87' lang='lat' dir='ltr'><strong>et</strong></span> <span class='ocrx_word' id='word_1_150' title='bbox 494 2159 560 2212; x_wconf 88' lang='lat' dir='ltr'><strong>ab</strong></span> <span class='ocrx_word' id='word_1_151' title='bbox 585 2157 834 2211; x_wconf 90' lang='lat' dir='ltr'><strong>omnibus</strong></span> <span class='ocrx_word' id='word_1_152' title='bbox 865 2155 1010 2209; x_wconf 88' lang='lat' dir='ltr'><strong>curis</strong></span> <span class='ocrx_word' id='word_1_153' title='bbox 1037 2153 1215 2208; x_wconf 66' lang='lat' dir='ltr'><strong>saeculi</strong></span> <span class='ocrx_word' id='word_1_154' title='bbox 1244 2151 1497 2220; x_wconf 83' lang='lat' dir='ltr'><strong>expediti.</strong></span> <span class='ocrx_word' id='word_1_155' title='bbox 1522 2150 1673 2216; x_wconf 81' lang='lat' dir='ltr'><strong>Quod</strong></span> <span class='ocrx_word' id='word_1_156' title='bbox 1689 2149 1845 2219; x_wconf 80' lang='lat' dir='ltr'><strong>juxta</strong></span> 
     </span>
    </p>
   </div>
   <div class='ocr_carea' id='block_1_23' title="bbox 256 2240 1847 2315">
    <p class='ocr_par' dir='ltr' id='par_1_23' title="bbox 256 2240 1847 2315">
     <span class='ocr_line' id='line_1_23' title="bbox 256 2240 1847 2315; baseline -0.008 -10"><span class='ocrx_word' id='word_1_157' title='bbox 256 2251 498 2304; x_wconf 87' lang='lat' dir='ltr'><strong>membra</strong></span> <span class='ocrx_word' id='word_1_158' title='bbox 538 2249 718 2303; x_wconf 90' lang='lat' dir='ltr'><strong>carnis</strong></span> <span class='ocrx_word' id='word_1_159' title='bbox 749 2255 802 2302; x_wconf 90' lang='lat' dir='ltr'><strong>et</strong></span> <span class='ocrx_word' id='word_1_160' title='bbox 839 2246 1103 2315; x_wconf 90' lang='lat' dir='ltr'><strong>corporis,</strong></span> <span class='ocrx_word' id='word_1_161' title='bbox 1151 2243 1328 2299; x_wconf 88' lang='lat' dir='ltr'><strong>omnia</strong></span> <span class='ocrx_word' id='word_1_162' title='bbox 1373 2243 1615 2297; x_wconf 89' lang='lat' dir='ltr'><strong>membra</strong></span> <span class='ocrx_word' id='word_1_163' title='bbox 1654 2240 1847 2294; x_wconf 71' lang='lat' dir='ltr'><strong>animae</strong></span> 
     </span>
    </p>
   </div>
   <div class='ocr_carea' id='block_1_24' title="bbox 258 2332 1846 2411">
    <p class='ocr_par' dir='ltr' id='par_1_24' title="bbox 258 2332 1846 2411">
     <span class='ocr_line' id='line_1_24' title="bbox 258 2332 1846 2411; baseline -0.008 -13"><span class='ocrx_word' id='word_1_164' title='bbox 258 2344 311 2398; x_wconf 93' lang='lat' dir='ltr'><strong>in</strong></span> <span class='ocrx_word' id='word_1_165' title='bbox 341 2342 642 2411; x_wconf 86' lang='lat' dir='ltr'><strong>Scripturis</strong></span> <span class='ocrx_word' id='word_1_166' title='bbox 671 2347 933 2393; x_wconf 85' lang='lat' dir='ltr'><strong>vocentur</strong></span> <span class='ocrx_word' id='word_1_167' title='bbox 960 2336 1090 2390; x_wconf 89' lang='lat' dir='ltr'><strong>nulli</strong></span> <span class='ocrx_word' id='word_1_168' title='bbox 1142 2336 1360 2390; x_wconf 86' lang='lat' dir='ltr'><strong>dubium</strong></span> <span class='ocrx_word' id='word_1_169' title='bbox 1391 2342 1492 2388; x_wconf 89' lang='lat' dir='ltr'><strong>est.</strong></span> <span class='ocrx_word' id='word_1_170' title='bbox 1548 2333 1624 2386; x_wconf 90' lang='lat' dir='ltr'><strong>De</strong></span> <span class='ocrx_word' id='word_1_171' title='bbox 1649 2332 1846 2402; x_wconf 86' lang='lat' dir='ltr'><strong>quibus</strong></span> 
     </span>
    </p>
   </div>
   <div class='ocr_carea' id='block_1_25' title="bbox 259 2424 1850 2501">
    <p class='ocr_par' dir='ltr' id='par_1_25' title="bbox 259 2424 1850 2501">
     <span class='ocr_line' id='line_1_25' title="bbox 259 2424 1850 2501; baseline -0.008 -14"><span class='ocrx_word' id='word_1_172' title='bbox 259 2449 430 2487; x_wconf 88' lang='lat' dir='ltr'><strong>unum</strong></span> <span class='ocrx_word' id='word_1_173' title='bbox 472 2441 602 2501; x_wconf 90' lang='lat' dir='ltr'><strong>puto</strong></span> <span class='ocrx_word' id='word_1_174' title='bbox 629 2445 749 2484; x_wconf 84' lang='lat' dir='ltr'><strong>esse</strong></span> <span class='ocrx_word' id='word_1_175' title='bbox 775 2443 914 2482; x_wconf 91' lang='lat' dir='ltr'><strong>nunc</strong></span> <span class='ocrx_word' id='word_1_176' title='bbox 963 2427 1286 2490; x_wconf 89' lang='lat' dir='ltr'><strong>membrum,</strong></span> <span class='ocrx_word' id='word_1_177' title='bbox 1337 2424 1566 2486; x_wconf 90' lang='lat' dir='ltr'><strong>lumbos,</strong></span> <span class='ocrx_word' id='word_1_178' title='bbox 1610 2437 1746 2490; x_wconf 88' lang='lat' dir='ltr'><strong>quos</strong></span> <span class='ocrx_word' id='word_1_179' title='bbox 1790 2428 1850 2475; x_wconf 89' lang='lat' dir='ltr'><strong>ut</strong></span> 
     </span>
    </p>
   </div>
   <div class='ocr_carea' id='block_1_26' title="bbox 261 2515 1848 2594">
    <p class='ocr_par' dir='ltr' id='par_1_26' title="bbox 261 2515 1848 2594">
     <span class='ocr_line' id='line_1_26' title="bbox 261 2515 1848 2594; baseline -0.008 -14"><span class='ocrx_word' id='word_1_180' title='bbox 261 2525 609 2594; x_wconf 87' lang='lat' dir='ltr'><strong>accingamus</strong></span> <span class='ocrx_word' id='word_1_181' title='bbox 641 2539 670 2576; x_wconf 92' lang='lat' dir='ltr'><strong>a</strong></span> <span class='ocrx_word' id='word_1_182' title='bbox 704 2521 938 2576; x_wconf 87' lang='lat' dir='ltr'><strong>Veritate</strong></span> <span class='ocrx_word' id='word_1_183' title='bbox 967 2520 1299 2592; x_wconf 67' lang='lat' dir='ltr'><strong>praecipitur.</strong></span> <span class='ocrx_word' id='word_1_184' title='bbox 1349 2517 1468 2572; x_wconf 87' lang='lat' dir='ltr'><strong>Sint</strong></span> <span class='ocrx_word' id='word_1_185' title='bbox 1503 2516 1663 2569; x_wconf 86' lang='lat' dir='ltr'><strong>lumbi</strong></span> <span class='ocrx_word' id='word_1_186' title='bbox 1695 2515 1848 2569; x_wconf 89' lang='lat' dir='ltr'><strong>vestri</strong></span> 
     </span>
    </p>
   </div>
   <div class='ocr_carea' id='block_1_27' title="bbox 260 2605 1851 2683">
    <p class='ocr_par' dir='ltr' id='par_1_27' title="bbox 260 2605 1851 2683">
     <span class='ocr_line' id='line_1_27' title="bbox 260 2605 1851 2683; baseline -0.004 -16"><span class='ocrx_word' id='word_1_187' title='bbox 260 2614 549 2683; x_wconf 65' lang='lat' dir='ltr'><strong>pra’cincti,</strong></span> <span class='ocrx_word' id='word_1_188' title='bbox 611 2621 659 2665; x_wconf 88' lang='lat' dir='ltr'><strong>et</strong></span> <span class='ocrx_word' id='word_1_189' title='bbox 710 2611 937 2665; x_wconf 71' lang='lat' dir='ltr'><strong>lucernae</strong></span> <span class='ocrx_word' id='word_1_190' title='bbox 981 2612 1220 2664; x_wconf 86' lang='lat' dir='ltr'><strong>ardentes</strong></span> <span class='ocrx_word' id='word_1_191' title='bbox 1278 2608 1427 2680; x_wconf 88' lang='lat' dir='ltr'><strong>(Luc.</strong></span> <span class='ocrx_word' id='word_1_192' title='bbox 1456 2607 1578 2678; x_wconf 84' lang='lat' dir='ltr'><strong>xu).</strong></span> <span class='ocrx_word' id='word_1_193' title='bbox 1633 2605 1771 2661; x_wconf 80' lang='lat' dir='ltr'><strong>Hinc</strong></span> <span class='ocrx_word' id='word_1_194' title='bbox 1796 2614 1851 2660; x_wconf 85' lang='lat' dir='ltr'><strong>et</strong></span> 
     </span>
    </p>
   </div>
   <div class='ocr_carea' id='block_1_28' title="bbox 259 2699 1851 2774">
    <p class='ocr_par' dir='ltr' id='par_1_28' title="bbox 259 2699 1851 2774">
     <span class='ocr_line' id='line_1_28' title="bbox 259 2699 1851 2774; baseline -0.004 -16"><span class='ocrx_word' id='word_1_195' title='bbox 259 2705 526 2774; x_wconf 82' lang='lat' dir='ltr'><strong>pmpheta</strong></span> <span class='ocrx_word' id='word_1_196' title='bbox 571 2703 680 2757; x_wconf 87' lang='lat' dir='ltr'><strong>ait:</strong></span> <span class='ocrx_word' id='word_1_197' title='bbox 724 2702 990 2772; x_wconf 85' lang='lat' dir='ltr'><strong>Accingite</strong></span> <span class='ocrx_word' id='word_1_198' title='bbox 1035 2701 1236 2756; x_wconf 87' lang='lat' dir='ltr'><strong>lumbos</strong></span> <span class='ocrx_word' id='word_1_199' title='bbox 1283 2711 1473 2755; x_wconf 92' lang='lat' dir='ltr'><strong>vestros</strong></span> <span class='ocrx_word' id='word_1_200' title='bbox 1507 2716 1662 2770; x_wconf 86' lang='lat' dir='ltr'><strong>super</strong></span> <span class='ocrx_word' id='word_1_201' title='bbox 1691 2699 1851 2753; x_wconf 89' lang='lat' dir='ltr'><strong>ubera</strong></span> 
     </span>
    </p>
   </div>
   <div class='ocr_carea' id='block_1_29' title="bbox 262 2789 1852 2865">
    <p class='ocr_par' dir='ltr' id='par_1_29' title="bbox 262 2789 1852 2865">
     <span class='ocr_line' id='line_1_29' title="bbox 262 2789 1852 2865; baseline -0.003 -15"><span class='ocrx_word' id='word_1_202' title='bbox 262 2806 432 2850; x_wconf 83' lang='lat' dir='ltr'><strong>vestra</strong></span> <span class='ocrx_word' id='word_1_203' title='bbox 475 2793 609 2865; x_wconf 87' lang='lat' dir='ltr'><strong>(Isa.</strong></span> <span class='ocrx_word' id='word_1_204' title='bbox 639 2792 834 2864; x_wconf 83' lang='lat' dir='ltr'><strong>xxxu).</strong></span> <span class='ocrx_word' id='word_1_205' title='bbox 886 2791 962 2846; x_wconf 79' lang='lat' dir='ltr'><strong>Ac</strong></span> <span class='ocrx_word' id='word_1_206' title='bbox 1002 2793 1049 2845; x_wconf 93' lang='lat' dir='ltr'><strong>si</strong></span> <span class='ocrx_word' id='word_1_207' title='bbox 1075 2791 1256 2846; x_wconf 87' lang='lat' dir='ltr'><strong>dicat:</strong></span> <span class='ocrx_word' id='word_1_208' title='bbox 1304 2791 1362 2845; x_wconf 90' lang='lat' dir='ltr'><strong>In</strong></span> <span class='ocrx_word' id='word_1_209' title='bbox 1396 2791 1558 2845; x_wconf 90' lang='lat' dir='ltr'><strong>corde</strong></span> <span class='ocrx_word' id='word_1_210' title='bbox 1599 2789 1852 2846; x_wconf 89' lang='lat' dir='ltr'><strong>libidines</strong></span> 
     </span>
    </p>
   </div>
   <div class='ocr_carea' id='block_1_30' title="bbox 263 2883 1854 2953">
    <p class='ocr_par' dir='ltr' id='par_1_30' title="bbox 263 2883 1854 2953">
     <span class='ocr_line' id='line_1_30' title="bbox 263 2883 1854 2953; baseline -0.001 -13"><span class='ocrx_word' id='word_1_211' title='bbox 263 2892 533 2948; x_wconf 89' lang='lat' dir='ltr'><strong>resecate,</strong></span> <span class='ocrx_word' id='word_1_212' title='bbox 565 2901 633 2940; x_wconf 89' lang='lat' dir='ltr'><strong>ne</strong></span> <span class='ocrx_word' id='word_1_213' title='bbox 680 2884 918 2939; x_wconf 77' lang='lat' dir='ltr'><strong>exterius</strong></span> <span class='ocrx_word' id='word_1_214' title='bbox 949 2884 1180 2953; x_wconf 88' lang='lat' dir='ltr'><strong>turpiter</strong></span> <span class='ocrx_word' id='word_1_215' title='bbox 1211 2883 1266 2938; x_wconf 91' lang='lat' dir='ltr'><strong>in</strong></span> <span class='ocrx_word' id='word_1_216' title='bbox 1316 2883 1732 2939; x_wconf 82' lang='lat' dir='ltr'><strong>fornicationem</strong></span> <span class='ocrx_word' id='word_1_217' title='bbox 1762 2899 1854 2938; x_wconf 90' lang='lat' dir='ltr'><strong>ca-</strong></span> 
     </span>
    </p>
   </div>
   <div class='ocr_carea' id='block_1_31' title="bbox 266 2976 1853 3046">
    <p class='ocr_par' dir='ltr' id='par_1_31' title="bbox 266 2976 1853 3046">
     <span class='ocr_line' id='line_1_31' title="bbox 266 2976 1853 3046; baseline -0.001 -14"><span class='ocrx_word' id='word_1_218' title='bbox 266 2978 423 3032; x_wconf 88' lang='lat' dir='ltr'><strong>datis.</strong></span> <span class='ocrx_word' id='word_1_219' title='bbox 456 2976 588 3031; x_wconf 82' lang='lat' dir='ltr'><strong>Nam</strong></span> <span class='ocrx_word' id='word_1_220' title='bbox 613 2985 794 3032; x_wconf 91' lang='lat' dir='ltr'><strong>castus</strong></span> <span class='ocrx_word' id='word_1_221' title='bbox 819 2991 1046 3046; x_wconf 89' lang='lat' dir='ltr'><strong>corpore</strong></span> <span class='ocrx_word' id='word_1_222' title='bbox 1072 2992 1180 3030; x_wconf 88' lang='lat' dir='ltr'><strong>non</strong></span> <span class='ocrx_word' id='word_1_223' title='bbox 1221 2985 1400 3030; x_wconf 86' lang='lat' dir='ltr'><strong>tamen</strong></span> <span class='ocrx_word' id='word_1_224' title='bbox 1431 2977 1613 3041; x_wconf 90' lang='lat' dir='ltr'><strong>corde,</strong></span> <span class='ocrx_word' id='word_1_225' title='bbox 1645 2976 1853 3030; x_wconf 88' lang='lat' dir='ltr'><strong>nullum</strong></span> 
     </span>
    </p>
   </div>
   <div class='ocr_carea' id='block_1_32' title="bbox 267 3068 1855 3141">
    <p class='ocr_par' dir='ltr' id='par_1_32' title="bbox 267 3068 1855 3141">
     <span class='ocr_line' id='line_1_32' title="bbox 267 3068 1855 3141; baseline -0.001 -17"><span class='ocrx_word' id='word_1_226' title='bbox 267 3069 547 3141; x_wconf 83' lang='lat' dir='ltr'><strong>praemium</strong></span> <span class='ocrx_word' id='word_1_227' title='bbox 587 3069 752 3125; x_wconf 85' lang='lat' dir='ltr'><strong>habet</strong></span> <span class='ocrx_word' id='word_1_228' title='bbox 798 3070 852 3124; x_wconf 92' lang='lat' dir='ltr'><strong>in</strong></span> <span class='ocrx_word' id='word_1_229' title='bbox 900 3068 1337 3137; x_wconf 88' lang='lat' dir='ltr'><strong>repromissione,</strong></span> <span class='ocrx_word' id='word_1_230' title='bbox 1386 3069 1515 3139; x_wconf 88' lang='lat' dir='ltr'><strong>quia</strong></span> <span class='ocrx_word' id='word_1_231' title='bbox 1561 3070 1855 3124; x_wconf 91' lang='lat' dir='ltr'><strong>secundum</strong></span> 
     </span>
    </p>
   </div>
   <div class='ocr_carea' id='block_1_33' title="bbox 266 3159 1856 3232">
    <p class='ocr_par' dir='ltr' id='par_1_33' title="bbox 266 3159 1856 3232">
     <span class='ocr_line' id='line_1_33' title="bbox 266 3159 1856 3232; baseline 0 -17"><span class='ocrx_word' id='word_1_232' title='bbox 266 3162 528 3216; x_wconf 83' lang='lat' dir='ltr'><strong>Veritatis</strong></span> <span class='ocrx_word' id='word_1_233' title='bbox 557 3161 761 3216; x_wconf 91' lang='lat' dir='ltr'><strong>dictum</strong></span> <span class='ocrx_word' id='word_1_234' title='bbox 789 3180 800 3215; x_wconf 93' lang='lat'>:</span> <span class='ocrx_word' id='word_1_235' title='bbox 846 3160 949 3226; x_wconf 87' lang='lat' dir='ltr'><strong>Qui</strong></span> <span class='ocrx_word' id='word_1_236' title='bbox 977 3160 1163 3215; x_wconf 89' lang='lat' dir='ltr'><strong>viderit</strong></span> <span class='ocrx_word' id='word_1_237' title='bbox 1191 3159 1459 3215; x_wconf 87' lang='lat' dir='ltr'><strong>mulierem</strong></span> <span class='ocrx_word' id='word_1_238' title='bbox 1500 3161 1568 3215; x_wconf 88' lang='lat' dir='ltr'><strong>ad</strong></span> <span class='ocrx_word' id='word_1_239' title='bbox 1610 3163 1856 3232; x_wconf 88' lang='lat' dir='ltr'><strong>concupi-</strong></span> 
     </span>
    </p>
   </div>
   <div class='ocr_carea' id='block_1_34' title="bbox 265 3252 1852 3322">
    <p class='ocr_par' dir='ltr' id='par_1_34' title="bbox 265 3252 1852 3322">
     <span class='ocr_line' id='line_1_34' title="bbox 265 3252 1852 3322; baseline 0.001 -16"><span class='ocrx_word' id='word_1_240' title='bbox 265 3252 515 3306; x_wconf 86' lang='lat' dir='ltr'><strong>scendum</strong></span> <span class='ocrx_word' id='word_1_241' title='bbox 544 3269 658 3307; x_wconf 90' lang='lat' dir='ltr'><strong>eam</strong></span> <span class='ocrx_word' id='word_1_242' title='bbox 700 3252 817 3322; x_wconf 85' lang='lat' dir='ltr'><strong>jam</strong></span> <span class='ocrx_word' id='word_1_243' title='bbox 863 3253 1148 3307; x_wconf 76' lang='lat' dir='ltr'><strong>moechatus</strong></span> <span class='ocrx_word' id='word_1_244' title='bbox 1192 3261 1267 3307; x_wconf 87' lang='lat' dir='ltr'><strong>est</strong></span> <span class='ocrx_word' id='word_1_245' title='bbox 1313 3269 1429 3307; x_wconf 89' lang='lat' dir='ltr'><strong>eam</strong></span> <span class='ocrx_word' id='word_1_246' title='bbox 1473 3254 1526 3308; x_wconf 91' lang='lat' dir='ltr'><strong>in</strong></span> <span class='ocrx_word' id='word_1_247' title='bbox 1573 3254 1728 3307; x_wconf 86' lang='lat' dir='ltr'><strong>corde</strong></span> <span class='ocrx_word' id='word_1_248' title='bbox 1757 3271 1852 3308; x_wconf 92' lang='lat' dir='ltr'><strong>suo</strong></span> 
     </span>
    </p>
   </div>
   <div class='ocr_carea' id='block_1_35' title="bbox 268 3342 1854 3419">
    <p class='ocr_par' dir='ltr' id='par_1_35' title="bbox 268 3342 1854 3419">
     <span class='ocr_line' id='line_1_35' title="bbox 268 3342 1854 3419; baseline 0.003 -23"><span class='ocrx_word' id='word_1_249' title='bbox 268 3343 489 3415; x_wconf 81' lang='lat' dir='ltr'><strong>(Matth.</strong></span> <span class='ocrx_word' id='word_1_250' title='bbox 511 3344 590 3408; x_wconf 83' lang='lat' dir='ltr'><strong>v).</strong></span> <span class='ocrx_word' id='word_1_251' title='bbox 622 3342 826 3416; x_wconf 60' lang='grc' dir='ltr'><strong>[ϐπ-89η</strong></span> <span class='ocrx_word' id='word_1_252' title='bbox 850 3344 941 3399; x_wconf 88' lang='lat' dir='ltr'><strong>lib.</strong></span> <span class='ocrx_word' id='word_1_253' title='bbox 966 3361 1088 3409; x_wconf 88' lang='lat' dir='ltr'><strong>vm,</strong></span> <span class='ocrx_word' id='word_1_254' title='bbox 1112 3362 1158 3399; x_wconf 92' lang='lat' dir='ltr'><strong>c.</strong></span> <span class='ocrx_word' id='word_1_255' title='bbox 1185 3346 1272 3412; x_wconf 80' lang='lat' dir='ltr'><strong>l9,</strong></span> <span class='ocrx_word' id='word_1_256' title='bbox 1304 3343 1469 3419; x_wconf 83' lang='lat' dir='ltr'><strong>Mor.]</strong></span> <span class='ocrx_word' id='word_1_257' title='bbox 1502 3345 1559 3400; x_wconf 90' lang='lat' dir='ltr'><strong>Si</strong></span> <span class='ocrx_word' id='word_1_258' title='bbox 1588 3361 1716 3417; x_wconf 90' lang='lat' dir='ltr'><strong>ergo</strong></span> <span class='ocrx_word' id='word_1_259' title='bbox 1741 3347 1854 3415; x_wconf 89' lang='lat' dir='ltr'><strong>pri-</strong></span> 
     </span>
    </p>
   </div>
   <div class='ocr_carea' id='block_1_36' title="bbox 267 3434 1858 3508">
    <p class='ocr_par' dir='ltr' id='par_1_36' title="bbox 267 3434 1858 3508">
     <span class='ocr_line' id='line_1_36' title="bbox 267 3434 1858 3508; baseline 0.001 -18"><span class='ocrx_word' id='word_1_260' title='bbox 267 3451 416 3490; x_wconf 88' lang='lat' dir='ltr'><strong>mum</strong></span> <span class='ocrx_word' id='word_1_261' title='bbox 464 3434 848 3491; x_wconf 84' lang='lat' dir='ltr'><strong>fornicationes</strong></span> <span class='ocrx_word' id='word_1_262' title='bbox 877 3437 1267 3506; x_wconf 85' lang='lat' dir='ltr'><strong>prohibeantur</strong></span> <span class='ocrx_word' id='word_1_263' title='bbox 1299 3453 1329 3490; x_wconf 92' lang='lat' dir='ltr'><strong>a</strong></span> <span class='ocrx_word' id='word_1_264' title='bbox 1372 3438 1558 3502; x_wconf 90' lang='lat' dir='ltr'><strong>corde,</strong></span> <span class='ocrx_word' id='word_1_265' title='bbox 1589 3453 1697 3492; x_wconf 93' lang='lat' dir='ltr'><strong>non</strong></span> <span class='ocrx_word' id='word_1_266' title='bbox 1728 3453 1858 3508; x_wconf 85' lang='lat' dir='ltr'><strong>pro-</strong></span> 
     </span>
    </p>
   </div>
   <div class='ocr_carea' id='block_1_37' title="bbox 269 3527 1858 3598">
    <p class='ocr_par' dir='ltr' id='par_1_37' title="bbox 269 3527 1858 3598">
     <span class='ocr_line' id='line_1_37' title="bbox 269 3527 1858 3598; baseline 0.001 -16"><span class='ocrx_word' id='word_1_267' title='bbox 269 3535 531 3596; x_wconf 91' lang='lat' dir='ltr'><strong>rumpunt</strong></span> <span class='ocrx_word' id='word_1_268' title='bbox 571 3528 624 3581; x_wconf 86' lang='lat' dir='ltr'><strong>in</strong></span> <span class='ocrx_word' id='word_1_269' title='bbox 650 3543 834 3596; x_wconf 84' lang='lat' dir='ltr'><strong>opere.</strong></span> <span class='ocrx_word' id='word_1_270' title='bbox 888 3527 1027 3582; x_wconf 89' lang='lat' dir='ltr'><strong>Sunt</strong></span> <span class='ocrx_word' id='word_1_271' title='bbox 1055 3528 1295 3582; x_wconf 91' lang='lat' dir='ltr'><strong>nonnulli</strong></span> <span class='ocrx_word' id='word_1_272' title='bbox 1334 3528 1609 3598; x_wconf 89' lang='lat' dir='ltr'><strong>justorum</strong></span> <span class='ocrx_word' id='word_1_273' title='bbox 1654 3530 1745 3598; x_wconf 89' lang='lat' dir='ltr'><strong>qui</strong></span> <span class='ocrx_word' id='word_1_274' title='bbox 1789 3529 1858 3584; x_wconf 88' lang='lat' dir='ltr'><strong>ad</strong></span> 
     </span>
    </p>
   </div>
   <div class='ocr_carea' id='block_1_38' title="bbox 268 3620 1855 3690">
    <p class='ocr_par' dir='ltr' id='par_1_38' title="bbox 268 3620 1855 3690">
     <span class='ocr_line' id='line_1_38' title="bbox 268 3620 1855 3690; baseline 0.001 -15"><span class='ocrx_word' id='word_1_275' title='bbox 268 3620 839 3690; x_wconf 85' lang='lat' dir='ltr'><strong>comprehendendum</strong></span> <span class='ocrx_word' id='word_1_276' title='bbox 906 3620 1116 3675; x_wconf 84' lang='lat' dir='ltr'><strong>culmen</strong></span> <span class='ocrx_word' id='word_1_277' title='bbox 1183 3620 1536 3690; x_wconf 82' lang='lat' dir='ltr'><strong>perfectionis</strong></span> <span class='ocrx_word' id='word_1_278' title='bbox 1602 3621 1855 3687; x_wconf 88' lang='lat' dir='ltr'><strong>accincti,</strong></span> 
     </span>
    </p>
   </div>
   <div class='ocr_carea' id='block_1_39' title="bbox 269 3709 1860 3781">
    <p class='ocr_par' dir='ltr' id='par_1_39' title="bbox 269 3709 1860 3781">
     <span class='ocr_line' id='line_1_39' title="bbox 269 3709 1860 3781; baseline 0.001 -16"><span class='ocrx_word' id='word_1_279' title='bbox 269 3710 402 3765; x_wconf 88' lang='lat' dir='ltr'><strong>dum</strong></span> <span class='ocrx_word' id='word_1_280' title='bbox 431 3709 623 3764; x_wconf 86' lang='lat' dir='ltr'><strong>altiora</strong></span> <span class='ocrx_word' id='word_1_281' title='bbox 658 3710 885 3765; x_wconf 89' lang='lat' dir='ltr'><strong>interius</strong></span> <span class='ocrx_word' id='word_1_282' title='bbox 913 3719 1192 3781; x_wconf 89' lang='lat' dir='ltr'><strong>appetunt,</strong></span> <span class='ocrx_word' id='word_1_283' title='bbox 1223 3712 1461 3766; x_wconf 78' lang='lat' dir='ltr'><strong>exterius</strong></span> <span class='ocrx_word' id='word_1_284' title='bbox 1489 3721 1682 3767; x_wconf 89' lang='lat' dir='ltr'><strong>cuncta</strong></span> <span class='ocrx_word' id='word_1_285' title='bbox 1708 3714 1860 3768; x_wconf 90' lang='lat' dir='ltr'><strong>dere-</strong></span> 
     </span>
    </p>
   </div>
   <div class='ocr_carea' id='block_1_40' title="bbox 267 3803 1861 3876">
    <p class='ocr_par' dir='ltr' id='par_1_40' title="bbox 267 3803 1861 3876">
     <span class='ocr_line' id='line_1_40' title="bbox 267 3803 1861 3876; baseline 0.003 -19"><span class='ocrx_word' id='word_1_286' title='bbox 267 3803 536 3874; x_wconf 88' lang='lat' dir='ltr'><strong>linquunt,</strong></span> <span class='ocrx_word' id='word_1_287' title='bbox 568 3804 660 3873; x_wconf 91' lang='lat' dir='ltr'><strong>qui</strong></span> <span class='ocrx_word' id='word_1_288' title='bbox 704 3804 864 3859; x_wconf 86' lang='lat' dir='ltr'><strong>rebus</strong></span> <span class='ocrx_word' id='word_1_289' title='bbox 892 3805 1091 3859; x_wconf 89' lang='lat' dir='ltr'><strong>habitis</strong></span> <span class='ocrx_word' id='word_1_290' title='bbox 1113 3820 1171 3860; x_wconf 88' lang='lat' dir='ltr'><strong>se</strong></span> <span class='ocrx_word' id='word_1_291' title='bbox 1193 3806 1416 3872; x_wconf 90' lang='lat' dir='ltr'><strong>nudant,</strong></span> <span class='ocrx_word' id='word_1_292' title='bbox 1445 3805 1614 3876; x_wconf 80' lang='lat' dir='ltr'><strong>gloria</strong></span> <span class='ocrx_word' id='word_1_293' title='bbox 1641 3807 1861 3862; x_wconf 89' lang='lat' dir='ltr'><strong>honoris</strong></span> 
     </span>
    </p>
   </div>
   <div class='ocr_carea' id='block_1_41' title="bbox 269 3895 1862 3970">
    <p class='ocr_par' dir='ltr' id='par_1_41' title="bbox 269 3895 1862 3970">
     <span class='ocr_line' id='line_1_41' title="bbox 269 3895 1862 3970; baseline 0.003 -20"><span class='ocrx_word' id='word_1_294' title='bbox 269 3911 334 3951; x_wconf 88' lang='lat' dir='ltr'><strong>se</strong></span> <span class='ocrx_word' id='word_1_295' title='bbox 362 3895 681 3966; x_wconf 82' lang='lat' dir='ltr'><strong>exspoliant,</strong></span> <span class='ocrx_word' id='word_1_296' title='bbox 707 3897 797 3966; x_wconf 89' lang='lat' dir='ltr'><strong>qui</strong></span> <span class='ocrx_word' id='word_1_297' title='bbox 824 3897 1162 3953; x_wconf 89' lang='lat' dir='ltr'><strong>internorum</strong></span> <span class='ocrx_word' id='word_1_298' title='bbox 1195 3899 1584 3954; x_wconf 89' lang='lat' dir='ltr'><strong>desideriorum</strong></span> <span class='ocrx_word' id='word_1_299' title='bbox 1609 3917 1707 3970; x_wconf 82' lang='lat' dir='ltr'><strong>per</strong></span> <span class='ocrx_word' id='word_1_300' title='bbox 1726 3900 1862 3954; x_wconf 89' lang='lat' dir='ltr'><strong>assi-</strong></span> 
     </span>
    </p>
   </div>
   <div class='ocr_carea' id='block_1_42' title="bbox 271 3988 1859 4056">
    <p class='ocr_par' dir='ltr' id='par_1_42' title="bbox 271 3988 1859 4056">
     <span class='ocr_line' id='line_1_42' title="bbox 271 3988 1859 4056; baseline 0.003 -12"><span class='ocrx_word' id='word_1_301' title='bbox 271 3988 531 4044; x_wconf 88' lang='lat' dir='ltr'><strong>duitatem</strong></span> <span class='ocrx_word' id='word_1_302' title='bbox 561 4004 620 4044; x_wconf 90' lang='lat' dir='ltr'><strong>se</strong></span> <span class='ocrx_word' id='word_1_303' title='bbox 648 3989 808 4044; x_wconf 89' lang='lat' dir='ltr'><strong>amici</strong></span> <span class='ocrx_word' id='word_1_304' title='bbox 836 3990 1086 4044; x_wconf 81' lang='lat' dir='ltr'><strong>maeroris</strong></span> <span class='ocrx_word' id='word_1_305' title='bbox 1118 3989 1380 4056; x_wconf 88' lang='lat' dir='ltr'><strong>afﬁciunt,</strong></span> <span class='ocrx_word' id='word_1_306' title='bbox 1426 3992 1628 4047; x_wconf 87' lang='lat' dir='ltr'><strong>habere</strong></span> <span class='ocrx_word' id='word_1_307' title='bbox 1661 3995 1726 4048; x_wconf 89' lang='lat' dir='ltr'><strong>de</strong></span> <span class='ocrx_word' id='word_1_308' title='bbox 1768 4009 1859 4048; x_wconf 82' lang='lat' dir='ltr'><strong>ex-</strong></span> 
     </span>
    </p>
   </div>
   <div class='ocr_carea' id='block_1_43' title="bbox 273 4079 1861 4156">
    <p class='ocr_par' dir='ltr' id='par_1_43' title="bbox 273 4079 1861 4156">
     <span class='ocr_line' id='line_1_43' title="bbox 273 4079 1861 4156; baseline 0.003 -22"><span class='ocrx_word' id='word_1_309' title='bbox 273 4079 566 4135; x_wconf 88' lang='lat' dir='ltr'><strong>terioribus</strong></span> <span class='ocrx_word' id='word_1_310' title='bbox 613 4080 1038 4135; x_wconf 88' lang='lat' dir='ltr'><strong>consolationem</strong></span> <span class='ocrx_word' id='word_1_311' title='bbox 1073 4082 1283 4147; x_wconf 89' lang='lat' dir='ltr'><strong>nolunt,</strong></span> <span class='ocrx_word' id='word_1_312' title='bbox 1332 4084 1423 4152; x_wconf 92' lang='lat' dir='ltr'><strong>qui</strong></span> <span class='ocrx_word' id='word_1_313' title='bbox 1455 4083 1684 4139; x_wconf 91' lang='lat' dir='ltr'><strong>internis</strong></span> <span class='ocrx_word' id='word_1_314' title='bbox 1731 4101 1861 4156; x_wconf 86' lang='lat' dir='ltr'><strong>gau—</strong></span> 
     </span>
    </p>
   </div>
   <div class='ocr_carea' id='block_1_44' title="bbox 274 4171 1864 4243">
    <p class='ocr_par' dir='ltr' id='par_1_44' title="bbox 274 4171 1864 4243">
     <span class='ocr_line' id='line_1_44' title="bbox 274 4171 1864 4243; baseline 0.002 -15"><span class='ocrx_word' id='word_1_315' title='bbox 274 4172 380 4228; x_wconf 91' lang='lat' dir='ltr'><strong>diis</strong></span> <span class='ocrx_word' id='word_1_316' title='bbox 419 4171 546 4226; x_wconf 92' lang='lat' dir='ltr'><strong>dum</strong></span> <span class='ocrx_word' id='word_1_317' title='bbox 583 4181 764 4228; x_wconf 89' lang='lat' dir='ltr'><strong>mente</strong></span> <span class='ocrx_word' id='word_1_318' title='bbox 811 4173 1148 4243; x_wconf 83' lang='lat' dir='ltr'><strong>appmpiant,</strong></span> <span class='ocrx_word' id='word_1_319' title='bbox 1200 4173 1368 4227; x_wconf 90' lang='lat' dir='ltr'><strong>vitam</strong></span> <span class='ocrx_word' id='word_1_320' title='bbox 1418 4174 1472 4228; x_wconf 90' lang='lat' dir='ltr'><strong>in</strong></span> <span class='ocrx_word' id='word_1_321' title='bbox 1521 4189 1579 4228; x_wconf 90' lang='lat' dir='ltr'><strong>se</strong></span> <span class='ocrx_word' id='word_1_322' title='bbox 1622 4173 1864 4231; x_wconf 83' lang='lat' dir='ltr'><strong>funditus</strong></span> 
     </span>
    </p>
   </div>
   <div class='ocr_carea' id='block_1_45' title="bbox 273 4263 1864 4337">
    <p class='ocr_par' dir='ltr' id='par_1_45' title="bbox 273 4263 1864 4337">
     <span class='ocr_line' id='line_1_45' title="bbox 273 4263 1864 4337; baseline 0.001 -18"><span class='ocrx_word' id='word_1_323' title='bbox 273 4278 550 4335; x_wconf 72' lang='lat' dir='ltr'><strong>corporea:</strong></span> <span class='ocrx_word' id='word_1_324' title='bbox 578 4263 950 4319; x_wconf 86' lang='lat' dir='ltr'><strong>delectationis</strong></span> <span class='ocrx_word' id='word_1_325' title='bbox 993 4273 1208 4320; x_wconf 90' lang='lat' dir='ltr'><strong>necant.</strong></span> <span class='ocrx_word' id='word_1_326' title='bbox 1259 4263 1478 4319; x_wconf 87' lang='lat' dir='ltr'><strong>Talibus</strong></span> <span class='ocrx_word' id='word_1_327' title='bbox 1506 4281 1739 4335; x_wconf 89' lang='lat' dir='ltr'><strong>namque</strong></span> <span class='ocrx_word' id='word_1_328' title='bbox 1766 4280 1864 4337; x_wconf 89' lang='lat' dir='ltr'><strong>per</strong></span> 
     </span>
    </p>
   </div>
   <div class='ocr_carea' id='block_1_46' title="bbox 272 4354 1864 4421">
    <p class='ocr_par' dir='ltr' id='par_1_46' title="bbox 272 4354 1864 4421">
     <span class='ocr_line' id='line_1_46' title="bbox 272 4354 1864 4421; baseline 0.001 -10"><span class='ocrx_word' id='word_1_329' title='bbox 272 4354 502 4411; x_wconf 88' lang='lat' dir='ltr'><strong>Paulum</strong></span> <span class='ocrx_word' id='word_1_330' title='bbox 529 4354 727 4411; x_wconf 89' lang='lat' dir='ltr'><strong>dicitur</strong></span> <span class='ocrx_word' id='word_1_331' title='bbox 753 4375 766 4410; x_wconf 91' lang='lat'>:</span> <span class='ocrx_word' id='word_1_332' title='bbox 800 4355 1000 4410; x_wconf 84' lang='lat' dir='ltr'><strong>Mortui</strong></span> <span class='ocrx_word' id='word_1_333' title='bbox 1027 4357 1164 4411; x_wconf 87' lang='lat' dir='ltr'><strong>enim</strong></span> <span class='ocrx_word' id='word_1_334' title='bbox 1187 4357 1332 4421; x_wconf 86' lang='lat' dir='ltr'><strong>estis,</strong></span> <span class='ocrx_word' id='word_1_335' title='bbox 1349 4368 1396 4410; x_wconf 89' lang='lat' dir='ltr'><strong>et</strong></span> <span class='ocrx_word' id='word_1_336' title='bbox 1423 4357 1528 4410; x_wconf 90' lang='lat' dir='ltr'><strong>vita</strong></span> <span class='ocrx_word' id='word_1_337' title='bbox 1550 4367 1718 4411; x_wconf 89' lang='lat' dir='ltr'><strong>vestra</strong></span> <span class='ocrx_word' id='word_1_338' title='bbox 1743 4357 1864 4412; x_wconf 85' lang='lat' dir='ltr'><strong>abs-</strong></span> 
     </span>
    </p>
   </div>
   <div class='ocr_carea' id='block_1_47' title="bbox 272 4444 1861 4520">
    <p class='ocr_par' dir='ltr' id='par_1_47' title="bbox 272 4444 1861 4520">
     <span class='ocr_line' id='line_1_47' title="bbox 272 4444 1861 4520; baseline 0.003 -21"><span class='ocrx_word' id='word_1_339' title='bbox 272 4444 487 4500; x_wconf 85' lang='lat' dir='ltr'><strong>condita</strong></span> <span class='ocrx_word' id='word_1_340' title='bbox 529 4455 603 4500; x_wconf 88' lang='lat' dir='ltr'><strong>est</strong></span> <span class='ocrx_word' id='word_1_341' title='bbox 649 4462 766 4500; x_wconf 90' lang='lat' dir='ltr'><strong>cum</strong></span> <span class='ocrx_word' id='word_1_342' title='bbox 797 4445 1002 4500; x_wconf 88' lang='lat' dir='ltr'><strong>Christo</strong></span> <span class='ocrx_word' id='word_1_343' title='bbox 1035 4447 1091 4501; x_wconf 87' lang='lat' dir='ltr'><strong>in</strong></span> <span class='ocrx_word' id='word_1_344' title='bbox 1123 4446 1236 4502; x_wconf 84' lang='lat' dir='ltr'><strong>Deo</strong></span> <span class='ocrx_word' id='word_1_345' title='bbox 1272 4445 1467 4520; x_wconf 86' lang='lat' dir='ltr'><strong>(Calas.</strong></span> <span class='ocrx_word' id='word_1_346' title='bbox 1510 4448 1615 4520; x_wconf 88' lang='grc' dir='ltr'>ιιι).</span> <span class='ocrx_word' id='word_1_347' title='bbox 1657 4449 1861 4504; x_wconf 88' lang='lat' dir='ltr'><strong>Horum</strong></span> 
     </span>
    </p>
   </div>
   <div class='ocr_carea' id='block_1_48' title="bbox 1934 574 3527 647">
    <p class='ocr_par' dir='ltr' id='par_1_48' title="bbox 1934 574 3527 647">
     <span class='ocr_line' id='line_1_48' title="bbox 1934 574 3527 647; baseline -0.004 -14"><span class='ocrx_word' id='word_1_348' title='bbox 1934 586 2123 633; x_wconf 88' lang='lat' dir='ltr'><strong>nostra</strong></span> <span class='ocrx_word' id='word_1_349' title='bbox 2169 593 2267 632; x_wconf 91' lang='lat' dir='ltr'><strong>sua</strong></span> <span class='ocrx_word' id='word_1_350' title='bbox 2299 575 2571 646; x_wconf 89' lang='lat' dir='ltr'><strong>complent</strong></span> <span class='ocrx_word' id='word_1_351' title='bbox 2613 574 2808 643; x_wconf 84' lang='lat' dir='ltr'><strong>oﬁicia,</strong></span> <span class='ocrx_word' id='word_1_352' title='bbox 2855 575 3052 647; x_wconf 89' lang='lat' dir='ltr'><strong>quibus</strong></span> <span class='ocrx_word' id='word_1_353' title='bbox 3077 590 3178 630; x_wconf 91' lang='lat' dir='ltr'><strong>nos</strong></span> <span class='ocrx_word' id='word_1_354' title='bbox 3221 574 3527 630; x_wconf 86' lang='lat' dir='ltr'><strong>consentire</strong></span> 
     </span>
    </p>
   </div>
   <div class='ocr_carea' id='block_1_49' title="bbox 1933 668 3525 742">
    <p class='ocr_par' dir='ltr' id='par_1_49' title="bbox 1933 668 3525 742">
     <span class='ocr_line' id='line_1_49' title="bbox 1933 668 3525 742; baseline -0.003 -18"><span class='ocrx_word' id='word_1_355' title='bbox 1933 669 2226 740; x_wconf 79' lang='lat' dir='ltr'><strong>Apostolus</strong></span> <span class='ocrx_word' id='word_1_356' title='bbox 2256 669 2505 742; x_wconf 89' lang='lat' dir='ltr'><strong>prohibet</strong></span> <span class='ocrx_word' id='word_1_357' title='bbox 2545 670 2728 726; x_wconf 90' lang='lat' dir='ltr'><strong>dicens</strong></span> <span class='ocrx_word' id='word_1_358' title='bbox 2759 688 2771 724; x_wconf 94' lang='lat'><strong>:</strong></span> <span class='ocrx_word' id='word_1_359' title='bbox 2826 668 3008 741; x_wconf 82' lang='lat' dir='ltr'><strong>Neque</strong></span> <span class='ocrx_word' id='word_1_360' title='bbox 3037 668 3322 724; x_wconf 78' lang='lat' dir='ltr'><strong>exhibeatis</strong></span> <span class='ocrx_word' id='word_1_361' title='bbox 3359 682 3525 720; x_wconf 86' lang='lat' dir='ltr'><strong>mem-</strong></span> 
     </span>
    </p>
   </div>
   <div class='ocr_carea' id='block_1_50' title="bbox 1937 760 3524 833">
    <p class='ocr_par' dir='ltr' id='par_1_50' title="bbox 1937 760 3524 833">
     <span class='ocr_line' id='line_1_50' title="bbox 1937 760 3524 833; baseline -0.001 -16"><span class='ocrx_word' id='word_1_362' title='bbox 1937 764 2032 820; x_wconf 88' lang='lat' dir='ltr'><strong>bra</strong></span> <span class='ocrx_word' id='word_1_363' title='bbox 2069 774 2238 820; x_wconf 88' lang='lat' dir='ltr'><strong>vestra</strong></span> <span class='ocrx_word' id='word_1_364' title='bbox 2264 781 2416 818; x_wconf 86' lang='lat' dir='ltr'><strong>arma</strong></span> <span class='ocrx_word' id='word_1_365' title='bbox 2443 763 2734 833; x_wconf 86' lang='lat' dir='ltr'><strong>iniquitatis</strong></span> <span class='ocrx_word' id='word_1_366' title='bbox 2782 772 3016 832; x_wconf 86' lang='lat' dir='ltr'><strong>peccato,</strong></span> <span class='ocrx_word' id='word_1_367' title='bbox 3056 761 3146 815; x_wconf 88' lang='lat' dir='ltr'><strong>sed</strong></span> <span class='ocrx_word' id='word_1_368' title='bbox 3181 760 3414 815; x_wconf 70' lang='lat' dir='ltr'><strong>exhibete</strong></span> <span class='ocrx_word' id='word_1_369' title='bbox 3434 776 3524 815; x_wconf 87' lang='lat' dir='ltr'><strong>vos</strong></span> 
     </span>
    </p>
   </div>
   <div class='ocr_carea' id='block_1_51' title="bbox 1938 853 3530 927">
    <p class='ocr_par' dir='ltr' id='par_1_51' title="bbox 1938 853 3530 927">
     <span class='ocr_line' id='line_1_51' title="bbox 1938 853 3530 927; baseline 0 -19"><span class='ocrx_word' id='word_1_370' title='bbox 1938 853 2050 910; x_wconf 88' lang='lat' dir='ltr'><strong>Deo</strong></span> <span class='ocrx_word' id='word_1_371' title='bbox 2081 855 2259 927; x_wconf 84' lang='lat' dir='ltr'><strong>(Rom.</strong></span> <span class='ocrx_word' id='word_1_372' title='bbox 2289 855 2386 926; x_wconf 74' lang='lat' dir='ltr'><strong>vr).</strong></span> <span class='ocrx_word' id='word_1_373' title='bbox 2431 853 2624 910; x_wconf 88' lang='lat' dir='ltr'><strong>Omnia</strong></span> <span class='ocrx_word' id='word_1_374' title='bbox 2655 855 2801 909; x_wconf 90' lang='lat' dir='ltr'><strong>enim</strong></span> <span class='ocrx_word' id='word_1_375' title='bbox 2849 854 3174 925; x_wconf 81' lang='lat' dir='ltr'><strong>generaliter</strong></span> <span class='ocrx_word' id='word_1_376' title='bbox 3209 861 3428 924; x_wconf 89' lang='lat' dir='ltr'><strong>peccata</strong></span> <span class='ocrx_word' id='word_1_377' title='bbox 3473 859 3530 908; x_wconf 88' lang='lat' dir='ltr'><strong>et</strong></span> 
     </span>
    </p>
   </div>
   <div class='ocr_carea' id='block_1_52' title="bbox 1935 942 3529 1014">
    <p class='ocr_par' dir='ltr' id='par_1_52' title="bbox 1935 942 3529 1014">
     <span class='ocr_line' id='line_1_52' title="bbox 1935 942 3529 1014; baseline -0.002 -13"><span class='ocrx_word' id='word_1_378' title='bbox 1935 948 2068 1003; x_wconf 88' lang='lat' dir='ltr'><strong>vitia</strong></span> <span class='ocrx_word' id='word_1_379' title='bbox 2101 962 2270 1000; x_wconf 92' lang='lat' dir='ltr'><strong>unum</strong></span> <span class='ocrx_word' id='word_1_380' title='bbox 2299 944 2496 1001; x_wconf 90' lang='lat' dir='ltr'><strong>diaboli</strong></span> <span class='ocrx_word' id='word_1_381' title='bbox 2537 942 2745 998; x_wconf 82' lang='lat' dir='ltr'><strong>faciunt</strong></span> <span class='ocrx_word' id='word_1_382' title='bbox 2789 959 3008 1014; x_wconf 89' lang='lat' dir='ltr'><strong>corpus,</strong></span> <span class='ocrx_word' id='word_1_383' title='bbox 3037 943 3190 1014; x_wconf 89' lang='lat' dir='ltr'><strong>cujus</strong></span> <span class='ocrx_word' id='word_1_384' title='bbox 3220 943 3529 1013; x_wconf 86' lang='lat' dir='ltr'><strong>specialiter</strong></span> 
     </span>
    </p>
   </div>
   <div class='ocr_carea' id='block_1_53' title="bbox 1937 1021 3527 1110">
    <p class='ocr_par' dir='ltr' id='par_1_53' title="bbox 1937 1021 3527 1110">
     <span class='ocr_line' id='line_1_53' title="bbox 1937 1021 3527 1110; baseline -0.004 -14"><span class='ocrx_word' id='word_1_385' title='bbox 1937 1041 2056 1096; x_wconf 62' lang='lat' dir='ltr'><strong>huic</strong></span> <span class='ocrx_word' id='word_1_386' title='bbox 2085 1055 2204 1110; x_wconf 86' lang='lat' dir='ltr'><strong>quae</strong></span> <span class='ocrx_word' id='word_1_387' title='bbox 2229 1047 2528 1109; x_wconf 82' lang='lat' dir='ltr'><strong>sequuntur</strong></span> <span class='ocrx_word' id='word_1_388' title='bbox 2548 1037 2697 1100; x_wconf 89' lang='lat' dir='ltr'><strong>vitia,</strong></span> <span class='ocrx_word' id='word_1_389' title='bbox 2723 1036 2976 1092; x_wconf 91' lang='lat' dir='ltr'><strong>dicuntur</strong></span> <span class='ocrx_word' id='word_1_390' title='bbox 2997 1039 3260 1092; x_wconf 89' lang='lat' dir='ltr'><strong>membra.</strong></span> <span class='ocrx_word' id='word_1_391' title='bbox 3293 1021 3527 1092; x_wconf 47' lang='lat' dir='ltr'><strong>Unde.et</strong></span> 
     </span>
    </p>
   </div>
   <div class='ocr_carea' id='block_1_54' title="bbox 1937 1131 3527 1204">
    <p class='ocr_par' dir='ltr' id='par_1_54' title="bbox 1937 1131 3527 1204">
     <span class='ocr_line' id='line_1_54' title="bbox 1937 1131 3527 1204; baseline -0.004 -14"><span class='ocrx_word' id='word_1_392' title='bbox 1937 1135 1993 1190; x_wconf 90' lang='lat' dir='ltr'><strong>in</strong></span> <span class='ocrx_word' id='word_1_393' title='bbox 2013 1133 2251 1204; x_wconf 87' lang='lat' dir='ltr'><strong>Epistola</strong></span> <span class='ocrx_word' id='word_1_394' title='bbox 2283 1133 2540 1188; x_wconf 89' lang='lat' dir='ltr'><strong>scribitur</strong></span> <span class='ocrx_word' id='word_1_395' title='bbox 2567 1133 2636 1186; x_wconf 89' lang='lat' dir='ltr'><strong>ad</strong></span> <span class='ocrx_word' id='word_1_396' title='bbox 2657 1131 2964 1187; x_wconf 75' lang='lat' dir='ltr'><strong>Romanos:</strong></span> <span class='ocrx_word' id='word_1_397' title='bbox 2995 1131 3232 1187; x_wconf 88' lang='lat' dir='ltr'><strong>Scientes</strong></span> <span class='ocrx_word' id='word_1_398' title='bbox 3258 1132 3372 1195; x_wconf 91' lang='lat' dir='ltr'><strong>hoc,</strong></span> <span class='ocrx_word' id='word_1_399' title='bbox 3399 1133 3527 1202; x_wconf 88' lang='lat' dir='ltr'><strong>quia</strong></span> 
     </span>
    </p>
   </div>
   <div class='ocr_carea' id='block_1_55' title="bbox 1937 1225 3530 1295">
    <p class='ocr_par' dir='ltr' id='par_1_55' title="bbox 1937 1225 3530 1295">
     <span class='ocr_line' id='line_1_55' title="bbox 1937 1225 3530 1295; baseline -0.003 -12"><span class='ocrx_word' id='word_1_400' title='bbox 1937 1239 2081 1284; x_wconf 89' lang='lat' dir='ltr'><strong>vetus</strong></span> <span class='ocrx_word' id='word_1_401' title='bbox 2116 1229 2271 1283; x_wconf 84' lang='lat' dir='ltr'><strong>homo</strong></span> <span class='ocrx_word' id='word_1_402' title='bbox 2311 1237 2484 1283; x_wconf 87' lang='lat' dir='ltr'><strong>noster</strong></span> <span class='ocrx_word' id='word_1_403' title='bbox 2520 1226 2678 1282; x_wconf 89' lang='lat' dir='ltr'><strong>simul</strong></span> <span class='ocrx_word' id='word_1_404' title='bbox 2725 1227 3010 1295; x_wconf 77' lang='lat' dir='ltr'><strong>cruciﬁxus</strong></span> <span class='ocrx_word' id='word_1_405' title='bbox 3046 1235 3140 1289; x_wconf 90' lang='lat' dir='ltr'><strong>est,</strong></span> <span class='ocrx_word' id='word_1_406' title='bbox 3190 1234 3248 1278; x_wconf 86' lang='lat' dir='ltr'><strong>ut</strong></span> <span class='ocrx_word' id='word_1_407' title='bbox 3283 1225 3530 1280; x_wconf 87' lang='lat' dir='ltr'><strong>destrua-</strong></span> 
     </span>
    </p>
   </div>
   <div class='ocr_carea' id='block_1_56' title="bbox 1938 1317 3531 1390">
    <p class='ocr_par' dir='ltr' id='par_1_56' title="bbox 1938 1317 3531 1390">
     <span class='ocr_line' id='line_1_56' title="bbox 1938 1317 3531 1390; baseline -0.001 -16"><span class='ocrx_word' id='word_1_408' title='bbox 1938 1329 2026 1374; x_wconf 90' lang='lat' dir='ltr'><strong>tur</strong></span> <span class='ocrx_word' id='word_1_409' title='bbox 2051 1337 2239 1390; x_wconf 88' lang='lat' dir='ltr'><strong>corpus</strong></span> <span class='ocrx_word' id='word_1_410' title='bbox 2267 1320 2467 1390; x_wconf 86' lang='lat' dir='ltr'><strong>peccati</strong></span> <span class='ocrx_word' id='word_1_411' title='bbox 2497 1317 2546 1390; x_wconf 94' lang='grc'><strong>(1</strong></span> <span class='ocrx_word' id='word_1_412' title='bbox 2554 1317 2704 1390; x_wconf 89' lang='lat' dir='ltr'><strong>bid.),</strong></span> <span class='ocrx_word' id='word_1_413' title='bbox 2748 1318 2801 1374; x_wconf 92' lang='lat' dir='ltr'><strong>id</strong></span> <span class='ocrx_word' id='word_1_414' title='bbox 2827 1325 2931 1383; x_wconf 89' lang='lat' dir='ltr'><strong>est,</strong></span> <span class='ocrx_word' id='word_1_415' title='bbox 2959 1317 3186 1373; x_wconf 87' lang='lat' dir='ltr'><strong>crimina</strong></span> <span class='ocrx_word' id='word_1_416' title='bbox 3214 1326 3377 1388; x_wconf 89' lang='lat' dir='ltr'><strong>atque</strong></span> <span class='ocrx_word' id='word_1_417' title='bbox 3404 1333 3531 1387; x_wconf 89' lang='lat' dir='ltr'><strong>pec—</strong></span> 
     </span>
    </p>
   </div>
   <div class='ocr_carea' id='block_1_57' title="bbox 1941 1408 3534 1482">
    <p class='ocr_par' dir='ltr' id='par_1_57' title="bbox 1941 1408 3534 1482">
     <span class='ocr_line' id='line_1_57' title="bbox 1941 1408 3534 1482; baseline -0.003 -15"><span class='ocrx_word' id='word_1_418' title='bbox 1941 1421 2082 1477; x_wconf 88' lang='lat' dir='ltr'><strong>cata,</strong></span> <span class='ocrx_word' id='word_1_419' title='bbox 2111 1427 2232 1482; x_wconf 59' lang='lat' dir='ltr'><strong>quae</strong></span> <span class='ocrx_word' id='word_1_420' title='bbox 2257 1411 2419 1467; x_wconf 91' lang='lat' dir='ltr'><strong>simul</strong></span> <span class='ocrx_word' id='word_1_421' title='bbox 2451 1427 2619 1465; x_wconf 92' lang='lat' dir='ltr'><strong>unum</strong></span> <span class='ocrx_word' id='word_1_422' title='bbox 2645 1425 2842 1480; x_wconf 90' lang='lat' dir='ltr'><strong>corpus</strong></span> <span class='ocrx_word' id='word_1_423' title='bbox 2879 1409 3130 1480; x_wconf 90' lang='lat' dir='ltr'><strong>appellat,</strong></span> <span class='ocrx_word' id='word_1_424' title='bbox 3158 1409 3302 1478; x_wconf 90' lang='lat' dir='ltr'><strong>quod</strong></span> <span class='ocrx_word' id='word_1_425' title='bbox 3328 1408 3534 1463; x_wconf 89' lang='lat' dir='ltr'><strong>destrui</strong></span> 
     </span>
    </p>
   </div>
   <div class='ocr_carea' id='block_1_58' title="bbox 1942 1499 3534 1574">
    <p class='ocr_par' dir='ltr' id='par_1_58' title="bbox 1942 1499 3534 1574">
     <span class='ocr_line' id='line_1_58' title="bbox 1942 1499 3534 1574; baseline -0.002 -15"><span class='ocrx_word' id='word_1_426' title='bbox 1942 1505 2071 1560; x_wconf 90' lang='lat' dir='ltr'><strong>dicit</strong></span> <span class='ocrx_word' id='word_1_427' title='bbox 2120 1520 2218 1574; x_wconf 89' lang='lat' dir='ltr'><strong>per</strong></span> <span class='ocrx_word' id='word_1_428' title='bbox 2246 1504 2446 1558; x_wconf 89' lang='lat' dir='ltr'><strong>bonam</strong></span> <span class='ocrx_word' id='word_1_429' title='bbox 2476 1503 2641 1557; x_wconf 89' lang='lat' dir='ltr'><strong>vitam</strong></span> <span class='ocrx_word' id='word_1_430' title='bbox 2675 1509 2728 1558; x_wconf 89' lang='lat' dir='ltr'><strong>et</strong></span> <span class='ocrx_word' id='word_1_431' title='bbox 2755 1501 2916 1556; x_wconf 87' lang='lat' dir='ltr'><strong>ﬁdem</strong></span> <span class='ocrx_word' id='word_1_432' title='bbox 2963 1501 3307 1556; x_wconf 89' lang='lat' dir='ltr'><strong>catholicam.</strong></span> <span class='ocrx_word' id='word_1_433' title='bbox 3345 1499 3534 1556; x_wconf 89' lang='lat' dir='ltr'><strong>Omnis</strong></span> 
     </span>
    </p>
   </div>
   <div class='ocr_carea' id='block_1_59' title="bbox 1941 1592 3536 1652">
    <p class='ocr_par' dir='ltr' id='par_1_59' title="bbox 1941 1592 3536 1652">
     <span class='ocr_line' id='line_1_59' title="bbox 1941 1592 3536 1652; baseline -0.003 0"><span class='ocrx_word' id='word_1_434' title='bbox 1941 1597 2086 1652; x_wconf 90' lang='lat' dir='ltr'><strong>enim</strong></span> <span class='ocrx_word' id='word_1_435' title='bbox 2107 1595 2462 1650; x_wconf 73' lang='lat' dir='ltr'><strong>&#39;immunditia</strong></span> <span class='ocrx_word' id='word_1_436' title='bbox 2497 1602 2552 1648; x_wconf 89' lang='lat' dir='ltr'><strong>et</strong></span> <span class='ocrx_word' id='word_1_437' title='bbox 2578 1594 2744 1649; x_wconf 88' lang='lat' dir='ltr'><strong>libido</strong></span> <span class='ocrx_word' id='word_1_438' title='bbox 2777 1608 2886 1649; x_wconf 91' lang='lat' dir='ltr'><strong>uno</strong></span> <span class='ocrx_word' id='word_1_439' title='bbox 2927 1594 3146 1649; x_wconf 91' lang='lat' dir='ltr'><strong>nomine</strong></span> <span class='ocrx_word' id='word_1_440' title='bbox 3172 1600 3397 1648; x_wconf 77' lang='lat' dir='ltr'><strong>vocatur</strong></span> <span class='ocrx_word' id='word_1_441' title='bbox 3425 1592 3536 1647; x_wconf 86' lang='lat' dir='ltr'><strong>for-</strong></span> 
     </span>
    </p>
   </div>
   <div class='ocr_carea' id='block_1_60' title="bbox 1941 1683 3534 1758">
    <p class='ocr_par' dir='ltr' id='par_1_60' title="bbox 1941 1683 3534 1758">
     <span class='ocr_line' id='line_1_60' title="bbox 1941 1683 3534 1758; baseline -0.003 -15"><span class='ocrx_word' id='word_1_442' title='bbox 1941 1689 2162 1753; x_wconf 90' lang='lat' dir='ltr'><strong>nicatio,</strong></span> <span class='ocrx_word' id='word_1_443' title='bbox 2205 1703 2326 1758; x_wconf 71' lang='lat' dir='ltr'><strong>qua:</strong></span> <span class='ocrx_word' id='word_1_444' title='bbox 2353 1688 2399 1742; x_wconf 90' lang='lat' dir='ltr'><strong>si</strong></span> <span class='ocrx_word' id='word_1_445' title='bbox 2429 1688 2668 1757; x_wconf 91' lang='lat' dir='ltr'><strong>primum</strong></span> <span class='ocrx_word' id='word_1_446' title='bbox 2713 1685 2993 1741; x_wconf 89' lang='lat' dir='ltr'><strong>auferatur</strong></span> <span class='ocrx_word' id='word_1_447' title='bbox 3037 1702 3068 1741; x_wconf 90' lang='lat' dir='ltr'><strong>a</strong></span> <span class='ocrx_word' id='word_1_448' title='bbox 3105 1685 3286 1742; x_wconf 90' lang='lat' dir='ltr'><strong>cordis</strong></span> <span class='ocrx_word' id='word_1_449' title='bbox 3330 1683 3534 1757; x_wconf 89' lang='lat' dir='ltr'><strong>cogita-</strong></span> 
     </span>
    </p>
   </div>
   <div class='ocr_carea' id='block_1_61' title="bbox 1945 1777 3542 1852">
    <p class='ocr_par' dir='ltr' id='par_1_61' title="bbox 1945 1777 3542 1852">
     <span class='ocr_line' id='line_1_61' title="bbox 1945 1777 3542 1852; baseline -0.003 -15"><span class='ocrx_word' id='word_1_450' title='bbox 1945 1783 2112 1847; x_wconf 90' lang='lat' dir='ltr'><strong>tione,</strong></span> <span class='ocrx_word' id='word_1_451' title='bbox 2130 1781 2434 1852; x_wconf 89' lang='lat' dir='ltr'><strong>prorumpit</strong></span> <span class='ocrx_word' id='word_1_452' title='bbox 2451 1781 2503 1834; x_wconf 92' lang='lat' dir='ltr'><strong>in</strong></span> <span class='ocrx_word' id='word_1_453' title='bbox 2520 1795 2676 1849; x_wconf 91' lang='lat' dir='ltr'><strong>opus.</strong></span> <span class='ocrx_word' id='word_1_454' title='bbox 2703 1779 3088 1834; x_wconf 79' lang='lat' dir='ltr'><strong>Verumtamen</strong></span> <span class='ocrx_word' id='word_1_455' title='bbox 3109 1777 3155 1832; x_wconf 91' lang='lat' dir='ltr'><strong>si</strong></span> <span class='ocrx_word' id='word_1_456' title='bbox 3182 1777 3542 1833; x_wconf 84' lang='lat' dir='ltr'><strong>delectatione</strong></span> 
     </span>
    </p>
   </div>
   <div class='ocr_carea' id='block_1_62' title="bbox 1945 1869 3540 1938">
    <p class='ocr_par' dir='ltr' id='par_1_62' title="bbox 1945 1869 3540 1938">
     <span class='ocr_line' id='line_1_62' title="bbox 1945 1869 3540 1938; baseline -0.004 -8"><span class='ocrx_word' id='word_1_457' title='bbox 1945 1875 2033 1932; x_wconf 91' lang='lat' dir='ltr'><strong>vel</strong></span> <span class='ocrx_word' id='word_1_458' title='bbox 2055 1889 2322 1930; x_wconf 90' lang='lat' dir='ltr'><strong>consensu</strong></span> <span class='ocrx_word' id='word_1_459' title='bbox 2345 1872 2510 1928; x_wconf 90' lang='lat' dir='ltr'><strong>fuerit</strong></span> <span class='ocrx_word' id='word_1_460' title='bbox 2535 1872 2752 1938; x_wconf 90' lang='lat' dir='ltr'><strong>laetata,</strong></span> <span class='ocrx_word' id='word_1_461' title='bbox 2800 1871 2877 1925; x_wconf 90' lang='lat' dir='ltr'><strong>ita</strong></span> <span class='ocrx_word' id='word_1_462' title='bbox 2897 1871 3098 1926; x_wconf 88' lang='lat' dir='ltr'><strong>crescit</strong></span> <span class='ocrx_word' id='word_1_463' title='bbox 3136 1871 3193 1925; x_wconf 91' lang='lat' dir='ltr'><strong>in</strong></span> <span class='ocrx_word' id='word_1_464' title='bbox 3235 1869 3540 1936; x_wconf 89' lang='lat' dir='ltr'><strong>colubrum,</strong></span> 
     </span>
    </p>
   </div>
   <div class='ocr_carea' id='block_1_63' title="bbox 1945 1961 3544 2033">
    <p class='ocr_par' dir='ltr' id='par_1_63' title="bbox 1945 1961 3544 2033">
     <span class='ocr_line' id='line_1_63' title="bbox 1945 1961 3544 2033; baseline -0.003 -12"><span class='ocrx_word' id='word_1_465' title='bbox 1945 1974 2007 2021; x_wconf 93' lang='lat' dir='ltr'><strong>ut</strong></span> <span class='ocrx_word' id='word_1_466' title='bbox 2031 1966 2314 2021; x_wconf 84' lang='lat' dir='ltr'><strong>mortifero</strong></span> <span class='ocrx_word' id='word_1_467' title='bbox 2352 1981 2509 2021; x_wconf 90' lang='lat' dir='ltr'><strong>suum</strong></span> <span class='ocrx_word' id='word_1_468' title='bbox 2557 1964 2846 2019; x_wconf 84' lang='lat' dir='ltr'><strong>laetantem</strong></span> <span class='ocrx_word' id='word_1_469' title='bbox 2868 1963 3083 2018; x_wconf 90' lang='lat' dir='ltr'><strong>occidat</strong></span> <span class='ocrx_word' id='word_1_470' title='bbox 3119 1977 3346 2017; x_wconf 90' lang='lat' dir='ltr'><strong>veneno.</strong></span> <span class='ocrx_word' id='word_1_471' title='bbox 3399 1961 3544 2033; x_wconf 89' lang='lat' dir='ltr'><strong>Ergo</strong></span> 
     </span>
    </p>
   </div>
   <div class='ocr_carea' id='block_1_64' title="bbox 1947 2051 3542 2120">
    <p class='ocr_par' dir='ltr' id='par_1_64' title="bbox 1947 2051 3542 2120">
     <span class='ocr_line' id='line_1_64' title="bbox 1947 2051 3542 2120; baseline -0.006 -8"><span class='ocrx_word' id='word_1_472' title='bbox 1947 2073 2054 2112; x_wconf 87' lang='lat' dir='ltr'><strong>non</strong></span> <span class='ocrx_word' id='word_1_473' title='bbox 2093 2057 2343 2120; x_wconf 90' lang='lat' dir='ltr'><strong>lactetur,</strong></span> <span class='ocrx_word' id='word_1_474' title='bbox 2381 2055 2478 2110; x_wconf 89' lang='lat' dir='ltr'><strong>sed</strong></span> <span class='ocrx_word' id='word_1_475' title='bbox 2526 2054 2883 2108; x_wconf 87' lang='lat' dir='ltr'><strong>mortiﬁcetur</strong></span> <span class='ocrx_word' id='word_1_476' title='bbox 2909 2069 2940 2107; x_wconf 91' lang='lat' dir='ltr'><strong>a</strong></span> <span class='ocrx_word' id='word_1_477' title='bbox 2985 2053 3160 2117; x_wconf 89' lang='lat' dir='ltr'><strong>nobis,</strong></span> <span class='ocrx_word' id='word_1_478' title='bbox 3209 2068 3280 2107; x_wconf 89' lang='lat' dir='ltr'><strong>ne</strong></span> <span class='ocrx_word' id='word_1_479' title='bbox 3311 2051 3542 2106; x_wconf 86' lang='lat' dir='ltr'><strong>mortiﬁ-</strong></span> 
     </span>
    </p>
   </div>
   <div class='ocr_carea' id='block_1_65' title="bbox 1947 2141 3545 2216">
    <p class='ocr_par' dir='ltr' id='par_1_65' title="bbox 1947 2141 3545 2216">
     <span class='ocr_line' id='line_1_65' title="bbox 1947 2141 3545 2216; baseline -0.004 -13"><span class='ocrx_word' id='word_1_480' title='bbox 1947 2164 2133 2203; x_wconf 89' lang='lat' dir='ltr'><strong>cemur</strong></span> <span class='ocrx_word' id='word_1_481' title='bbox 2154 2148 2224 2203; x_wconf 90' lang='lat' dir='ltr'><strong>ab</strong></span> <span class='ocrx_word' id='word_1_482' title='bbox 2245 2147 2354 2201; x_wconf 87' lang='lat' dir='ltr'><strong>illa.</strong></span> <span class='ocrx_word' id='word_1_483' title='bbox 2389 2145 2748 2216; x_wconf 85' lang='lat' dir='ltr'><strong>Cruciﬁgatur</strong></span> <span class='ocrx_word' id='word_1_484' title='bbox 2783 2160 2813 2199; x_wconf 90' lang='lat' dir='ltr'><strong>a</strong></span> <span class='ocrx_word' id='word_1_485' title='bbox 2846 2144 3024 2210; x_wconf 89' lang='lat' dir='ltr'><strong>nobis,</strong></span> <span class='ocrx_word' id='word_1_486' title='bbox 3064 2157 3133 2198; x_wconf 90' lang='lat' dir='ltr'><strong>ne</strong></span> <span class='ocrx_word' id='word_1_487' title='bbox 3158 2141 3545 2214; x_wconf 86' lang='lat' dir='ltr'><strong>crucifigamur</strong></span> 
     </span>
    </p>
   </div>
   <div class='ocr_carea' id='block_1_66' title="bbox 1948 2235 3541 2302">
    <p class='ocr_par' dir='ltr' id='par_1_66' title="bbox 1948 2235 3541 2302">
     <span class='ocr_line' id='line_1_66' title="bbox 1948 2235 3541 2302; baseline -0.005 -6"><span class='ocrx_word' id='word_1_488' title='bbox 1948 2243 2015 2296; x_wconf 88' lang='lat' dir='ltr'><strong>ab</strong></span> <span class='ocrx_word' id='word_1_489' title='bbox 2042 2241 2152 2296; x_wconf 93' lang='lat' dir='ltr'><strong>illa.</strong></span> <span class='ocrx_word' id='word_1_490' title='bbox 2183 2240 2321 2295; x_wconf 86' lang='lat' dir='ltr'><strong>Hinc</strong></span> <span class='ocrx_word' id='word_1_491' title='bbox 2347 2247 2403 2294; x_wconf 90' lang='lat' dir='ltr'><strong>et</strong></span> <span class='ocrx_word' id='word_1_492' title='bbox 2431 2237 2630 2293; x_wconf 91' lang='lat' dir='ltr'><strong>Paulus</strong></span> <span class='ocrx_word' id='word_1_493' title='bbox 2655 2238 2853 2293; x_wconf 88' lang='lat' dir='ltr'><strong>iterum</strong></span> <span class='ocrx_word' id='word_1_494' title='bbox 2883 2237 3018 2293; x_wconf 90' lang='lat' dir='ltr'><strong>dicit</strong></span> <span class='ocrx_word' id='word_1_495' title='bbox 3042 2254 3054 2290; x_wconf 93' lang='lat'>:</span> <span class='ocrx_word' id='word_1_496' title='bbox 3091 2235 3195 2302; x_wconf 85' lang='lat' dir='ltr'><strong>Qui</strong></span> <span class='ocrx_word' id='word_1_497' title='bbox 3217 2245 3392 2290; x_wconf 87' lang='lat' dir='ltr'><strong>autem</strong></span> <span class='ocrx_word' id='word_1_498' title='bbox 3416 2245 3541 2290; x_wconf 87' lang='lat' dir='ltr'><strong>sunt</strong></span> 
     </span>
    </p>
   </div>
   <div class='ocr_carea' id='block_1_67' title="bbox 1949 2329 3542 2400">
    <p class='ocr_par' dir='ltr' id='par_1_67' title="bbox 1949 2329 3542 2400">
     <span class='ocr_line' id='line_1_67' title="bbox 1949 2329 3542 2400; baseline -0.002 -12"><span class='ocrx_word' id='word_1_499' title='bbox 1949 2331 2166 2399; x_wconf 86' lang='lat' dir='ltr'><strong>Christi,</strong></span> <span class='ocrx_word' id='word_1_500' title='bbox 2202 2348 2415 2387; x_wconf 86' lang='lat' dir='ltr'><strong>carnem</strong></span> <span class='ocrx_word' id='word_1_501' title='bbox 2435 2348 2587 2387; x_wconf 87' lang='lat' dir='ltr'><strong>suam</strong></span> <span class='ocrx_word' id='word_1_502' title='bbox 2613 2331 2987 2400; x_wconf 68' lang='lat' dir='ltr'><strong>cruci/iurum</strong></span> <span class='ocrx_word' id='word_1_503' title='bbox 3017 2347 3136 2384; x_wconf 89' lang='lat' dir='ltr'><strong>cum</strong></span> <span class='ocrx_word' id='word_1_504' title='bbox 3165 2329 3300 2384; x_wconf 79' lang='lat' dir='ltr'><strong>vitiis</strong></span> <span class='ocrx_word' id='word_1_505' title='bbox 3323 2341 3374 2385; x_wconf 87' lang='lat' dir='ltr'><strong>et</strong></span> <span class='ocrx_word' id='word_1_506' title='bbox 3413 2346 3542 2385; x_wconf 87' lang='lat' dir='ltr'><strong>cou-</strong></span> 
     </span>
    </p>
   </div>
   <div class='ocr_carea' id='block_1_68' title="bbox 1950 2422 3543 2497">
    <p class='ocr_par' dir='ltr' id='par_1_68' title="bbox 1950 2422 3543 2497">
     <span class='ocr_line' id='line_1_68' title="bbox 1950 2422 3543 2497; baseline -0.002 -17"><span class='ocrx_word' id='word_1_507' title='bbox 1950 2427 2281 2497; x_wconf 82' lang='lat' dir='ltr'><strong>cupiscentiis</strong></span> <span class='ocrx_word' id='word_1_508' title='bbox 2311 2423 2455 2497; x_wconf 85' lang='lat' dir='ltr'><strong>(Gal.</strong></span> <span class='ocrx_word' id='word_1_509' title='bbox 2487 2424 2588 2497; x_wconf 77' lang='lat' dir='ltr'><strong>1x).</strong></span> <span class='ocrx_word' id='word_1_510' title='bbox 2623 2423 2680 2480; x_wconf 92' lang='lat' dir='ltr'><strong>Si</strong></span> <span class='ocrx_word' id='word_1_511' title='bbox 2707 2423 2888 2479; x_wconf 89' lang='lat' dir='ltr'><strong>omnia</strong></span> <span class='ocrx_word' id='word_1_512' title='bbox 2914 2422 3076 2478; x_wconf 89' lang='lat' dir='ltr'><strong>simul</strong></span> <span class='ocrx_word' id='word_1_513' title='bbox 3105 2422 3236 2476; x_wconf 90' lang='lat' dir='ltr'><strong>vitia</strong></span> <span class='ocrx_word' id='word_1_514' title='bbox 3280 2423 3543 2479; x_wconf 85' lang='lat' dir='ltr'><strong>cruciﬁxa</strong></span> 
     </span>
    </p>
   </div>
   <div class='ocr_carea' id='block_1_69' title="bbox 1951 2513 3544 2586">
    <p class='ocr_par' dir='ltr' id='par_1_69' title="bbox 1951 2513 3544 2586">
     <span class='ocr_line' id='line_1_69' title="bbox 1951 2513 3544 2586; baseline -0.003 -13"><span class='ocrx_word' id='word_1_515' title='bbox 1951 2527 2097 2584; x_wconf 90' lang='lat' dir='ltr'><strong>sunt,</strong></span> <span class='ocrx_word' id='word_1_516' title='bbox 2126 2527 2182 2573; x_wconf 89' lang='lat' dir='ltr'><strong>et</strong></span> <span class='ocrx_word' id='word_1_517' title='bbox 2224 2532 2353 2573; x_wconf 89' lang='lat' dir='ltr'><strong>caro</strong></span> <span class='ocrx_word' id='word_1_518' title='bbox 2385 2517 2540 2586; x_wconf 90' lang='lat' dir='ltr'><strong>quasi</strong></span> <span class='ocrx_word' id='word_1_519' title='bbox 2585 2516 2641 2570; x_wconf 89' lang='lat' dir='ltr'><strong>in</strong></span> <span class='ocrx_word' id='word_1_520' title='bbox 2675 2529 2838 2570; x_wconf 90' lang='lat' dir='ltr'><strong>cruce</strong></span> <span class='ocrx_word' id='word_1_521' title='bbox 2879 2515 3120 2586; x_wconf 88' lang='lat' dir='ltr'><strong>pendens</strong></span> <span class='ocrx_word' id='word_1_522' title='bbox 3158 2513 3293 2568; x_wconf 90' lang='lat' dir='ltr'><strong>nihil</strong></span> <span class='ocrx_word' id='word_1_523' title='bbox 3342 2529 3544 2569; x_wconf 91' lang='lat' dir='ltr'><strong>concu-</strong></span> 
     </span>
    </p>
   </div>
   <div class='ocr_carea' id='block_1_70' title="bbox 1949 2607 3548 2683">
    <p class='ocr_par' dir='ltr' id='par_1_70' title="bbox 1949 2607 3548 2683">
     <span class='ocr_line' id='line_1_70' title="bbox 1949 2607 3548 2683; baseline -0.004 -15"><span class='ocrx_word' id='word_1_524' title='bbox 1949 2613 2133 2683; x_wconf 88' lang='lat' dir='ltr'><strong>piscit,</strong></span> <span class='ocrx_word' id='word_1_525' title='bbox 2163 2611 2383 2682; x_wconf 88' lang='lat' dir='ltr'><strong>utquid</strong></span> <span class='ocrx_word' id='word_1_526' title='bbox 2428 2610 2586 2666; x_wconf 92' lang='lat' dir='ltr'><strong>nobis</strong></span> <span class='ocrx_word' id='word_1_527' title='bbox 2635 2609 2830 2681; x_wconf 90' lang='lat' dir='ltr'><strong>legem,</strong></span> <span class='ocrx_word' id='word_1_528' title='bbox 2867 2624 2988 2679; x_wconf 69' lang='lat' dir='ltr'><strong>quae</strong></span> <span class='ocrx_word' id='word_1_529' title='bbox 3015 2607 3143 2663; x_wconf 87' lang='lat' dir='ltr'><strong>data</strong></span> <span class='ocrx_word' id='word_1_530' title='bbox 3191 2616 3274 2663; x_wconf 89' lang='lat' dir='ltr'><strong>est</strong></span> <span class='ocrx_word' id='word_1_531' title='bbox 3318 2608 3385 2663; x_wconf 90' lang='lat' dir='ltr'><strong>ad</strong></span> <span class='ocrx_word' id='word_1_532' title='bbox 3414 2608 3548 2663; x_wconf 87' lang='lat' dir='ltr'><strong>vitia</strong></span> 
     </span>
    </p>
   </div>
   <div class='ocr_carea' id='block_1_71' title="bbox 1952 2699 3552 2770">
    <p class='ocr_par' dir='ltr' id='par_1_71' title="bbox 1952 2699 3552 2770">
     <span class='ocr_line' id='line_1_71' title="bbox 1952 2699 3552 2770; baseline -0.003 -11"><span class='ocrx_word' id='word_1_533' title='bbox 1952 2705 2294 2759; x_wconf 88' lang='lat' dir='ltr'><strong>coercenda?</strong></span> <span class='ocrx_word' id='word_1_534' title='bbox 2324 2703 2496 2758; x_wconf 90' lang='lat' dir='ltr'><strong>Simul</strong></span> <span class='ocrx_word' id='word_1_535' title='bbox 2538 2700 2670 2757; x_wconf 90' lang='lat' dir='ltr'><strong>illud</strong></span> <span class='ocrx_word' id='word_1_536' title='bbox 2721 2699 3017 2756; x_wconf 90' lang='lat' dir='ltr'><strong>notandum</strong></span> <span class='ocrx_word' id='word_1_537' title='bbox 3047 2701 3193 2770; x_wconf 89' lang='lat' dir='ltr'><strong>quod</strong></span> <span class='ocrx_word' id='word_1_538' title='bbox 3227 2715 3321 2755; x_wconf 87' lang='lat' dir='ltr'><strong>eos</strong></span> <span class='ocrx_word' id='word_1_539' title='bbox 3349 2699 3552 2756; x_wconf 87' lang='lat' dir='ltr'><strong>dixerit</strong></span> 
     </span>
    </p>
   </div>
   <div class='ocr_carea' id='block_1_72' title="bbox 1952 2789 3551 2863">
    <p class='ocr_par' dir='ltr' id='par_1_72' title="bbox 1952 2789 3551 2863">
     <span class='ocr_line' id='line_1_72' title="bbox 1952 2789 3551 2863; baseline -0.003 -15"><span class='ocrx_word' id='word_1_540' title='bbox 1952 2794 2151 2849; x_wconf 90' lang='lat' dir='ltr'><strong>Christi</strong></span> <span class='ocrx_word' id='word_1_541' title='bbox 2175 2809 2317 2860; x_wconf 89' lang='lat' dir='ltr'><strong>esse,</strong></span> <span class='ocrx_word' id='word_1_542' title='bbox 2348 2794 2442 2863; x_wconf 91' lang='lat' dir='ltr'><strong>qui</strong></span> <span class='ocrx_word' id='word_1_543' title='bbox 2477 2806 2696 2847; x_wconf 89' lang='lat' dir='ltr'><strong>carnem</strong></span> <span class='ocrx_word' id='word_1_544' title='bbox 2738 2805 2892 2846; x_wconf 90' lang='lat' dir='ltr'><strong>suam</strong></span> <span class='ocrx_word' id='word_1_545' title='bbox 2930 2805 3055 2845; x_wconf 92' lang='lat' dir='ltr'><strong>cum</strong></span> <span class='ocrx_word' id='word_1_546' title='bbox 3078 2789 3226 2844; x_wconf 84' lang='lat' dir='ltr'><strong>vitiis</strong></span> <span class='ocrx_word' id='word_1_547' title='bbox 3268 2797 3323 2843; x_wconf 90' lang='lat' dir='ltr'><strong>et</strong></span> <span class='ocrx_word' id='word_1_548' title='bbox 3349 2804 3551 2845; x_wconf 89' lang='lat' dir='ltr'><strong>concu-</strong></span> 
     </span>
    </p>
   </div>
   <div class='ocr_carea' id='block_1_73' title="bbox 1952 2879 3544 2955">
    <p class='ocr_par' dir='ltr' id='par_1_73' title="bbox 1952 2879 3544 2955">
     <span class='ocr_line' id='line_1_73' title="bbox 1952 2879 3544 2955; baseline -0.002 -17"><span class='ocrx_word' id='word_1_549' title='bbox 1952 2885 2232 2955; x_wconf 87' lang='lat' dir='ltr'><strong>piscentiis</strong></span> <span class='ocrx_word' id='word_1_550' title='bbox 2257 2883 2648 2946; x_wconf 79' lang='lat' dir='ltr'><strong>cruciﬁxerint,</strong></span> <span class='ocrx_word' id='word_1_551' title='bbox 2684 2889 2875 2937; x_wconf 88' lang='lat' dir='ltr'><strong>contra</strong></span> <span class='ocrx_word' id='word_1_552' title='bbox 2903 2881 3024 2936; x_wconf 90' lang='lat' dir='ltr'><strong>illos</strong></span> <span class='ocrx_word' id='word_1_553' title='bbox 3048 2881 3142 2951; x_wconf 89' lang='lat' dir='ltr'><strong>qui</strong></span> <span class='ocrx_word' id='word_1_554' title='bbox 3179 2880 3349 2936; x_wconf 87' lang='lat' dir='ltr'><strong>solam</strong></span> <span class='ocrx_word' id='word_1_555' title='bbox 3379 2879 3544 2935; x_wconf 88' lang='lat' dir='ltr'><strong>ﬁdem</strong></span> 
     </span>
    </p>
   </div>
   <div class='ocr_carea' id='block_1_74' title="bbox 1955 2973 3552 3046">
    <p class='ocr_par' dir='ltr' id='par_1_74' title="bbox 1955 2973 3552 3046">
     <span class='ocr_line' id='line_1_74' title="bbox 1955 2973 3552 3046; baseline -0.001 -14"><span class='ocrx_word' id='word_1_556' title='bbox 1955 2976 2199 3032; x_wconf 86' lang='lat' dir='ltr'><strong>sufﬁcere</strong></span> <span class='ocrx_word' id='word_1_557' title='bbox 2245 2977 2602 3031; x_wconf 88' lang='lat' dir='ltr'><strong>arbitrantur.</strong></span> <span class='ocrx_word' id='word_1_558' title='bbox 2653 2973 2780 3028; x_wconf 91' lang='lat' dir='ltr'><strong>Fuit</strong></span> <span class='ocrx_word' id='word_1_559' title='bbox 2824 2974 3048 3044; x_wconf 90' lang='lat' dir='ltr'><strong>quidam</strong></span> <span class='ocrx_word' id='word_1_560' title='bbox 3099 2989 3268 3030; x_wconf 81' lang='lat' dir='ltr'><strong>senex</strong></span> <span class='ocrx_word' id='word_1_561' title='bbox 3320 2989 3552 3046; x_wconf 89' lang='lat' dir='ltr'><strong>magnus</strong></span> 
     </span>
    </p>
   </div>
   <div class='ocr_carea' id='block_1_75' title="bbox 1957 3066 3549 3140">
    <p class='ocr_par' dir='ltr' id='par_1_75' title="bbox 1957 3066 3549 3140">
     <span class='ocr_line' id='line_1_75' title="bbox 1957 3066 3549 3140; baseline -0.003 -15"><span class='ocrx_word' id='word_1_562' title='bbox 1957 3071 2102 3125; x_wconf 89' lang='lat' dir='ltr'><strong>inter</strong></span> <span class='ocrx_word' id='word_1_563' title='bbox 2126 3069 2510 3140; x_wconf 84' lang='lat' dir='ltr'><strong>praevidentes,</strong></span> <span class='ocrx_word' id='word_1_564' title='bbox 2541 3068 2630 3139; x_wconf 90' lang='lat' dir='ltr'><strong>qui</strong></span> <span class='ocrx_word' id='word_1_565' title='bbox 2683 3066 2986 3124; x_wconf 73' lang='lat' dir='ltr'><strong>afﬁrmabat</strong></span> <span class='ocrx_word' id='word_1_566' title='bbox 3014 3068 3200 3124; x_wconf 91' lang='lat' dir='ltr'><strong>dicens</strong></span> <span class='ocrx_word' id='word_1_567' title='bbox 3225 3083 3239 3122; x_wconf 91' lang='lat'><strong>:</strong></span> <span class='ocrx_word' id='word_1_568' title='bbox 3281 3067 3409 3138; x_wconf 91' lang='lat' dir='ltr'><strong>quia</strong></span> <span class='ocrx_word' id='word_1_569' title='bbox 3437 3067 3549 3122; x_wconf 89' lang='lat' dir='ltr'><strong>vir-</strong></span> 
     </span>
    </p>
   </div>
   <div class='ocr_carea' id='block_1_76' title="bbox 1959 3158 3552 3229">
    <p class='ocr_par' dir='ltr' id='par_1_76' title="bbox 1959 3158 3552 3229">
     <span class='ocr_line' id='line_1_76' title="bbox 1959 3158 3552 3229; baseline 0.001 -15"><span class='ocrx_word' id='word_1_570' title='bbox 1959 3168 2126 3215; x_wconf 90' lang='lat' dir='ltr'><strong>tutem</strong></span> <span class='ocrx_word' id='word_1_571' title='bbox 2159 3175 2320 3229; x_wconf 89' lang='lat' dir='ltr'><strong>quam</strong></span> <span class='ocrx_word' id='word_1_572' title='bbox 2346 3160 2456 3216; x_wconf 89' lang='lat' dir='ltr'><strong>vidi</strong></span> <span class='ocrx_word' id='word_1_573' title='bbox 2501 3166 2738 3214; x_wconf 89' lang='lat' dir='ltr'><strong>stantem</strong></span> <span class='ocrx_word' id='word_1_574' title='bbox 2783 3172 2946 3227; x_wconf 89' lang='lat' dir='ltr'><strong>super</strong></span> <span class='ocrx_word' id='word_1_575' title='bbox 2969 3158 3257 3228; x_wconf 87' lang='lat' dir='ltr'><strong>baptisma,</strong></span> <span class='ocrx_word' id='word_1_576' title='bbox 3306 3159 3552 3215; x_wconf 88' lang='lat' dir='ltr'><strong>eamdem</strong></span> 
     </span>
    </p>
   </div>
   <div class='ocr_carea' id='block_1_77' title="bbox 1958 3250 3553 3321">
    <p class='ocr_par' dir='ltr' id='par_1_77' title="bbox 1958 3250 3553 3321">
     <span class='ocr_line' id='line_1_77' title="bbox 1958 3250 3553 3321; baseline 0.002 -18"><span class='ocrx_word' id='word_1_577' title='bbox 1958 3250 2068 3305; x_wconf 90' lang='lat' dir='ltr'><strong>vidi</strong></span> <span class='ocrx_word' id='word_1_578' title='bbox 2097 3250 2258 3305; x_wconf 89' lang='lat' dir='ltr'><strong>etiam</strong></span> <span class='ocrx_word' id='word_1_579' title='bbox 2297 3265 2460 3321; x_wconf 88' lang='lat' dir='ltr'><strong>super</strong></span> <span class='ocrx_word' id='word_1_580' title='bbox 2485 3250 2867 3304; x_wconf 86' lang='lat' dir='ltr'><strong>vestimentum</strong></span> <span class='ocrx_word' id='word_1_581' title='bbox 2910 3250 3183 3315; x_wconf 89' lang='lat' dir='ltr'><strong>monachi,</strong></span> <span class='ocrx_word' id='word_1_582' title='bbox 3216 3253 3434 3320; x_wconf 90' lang='lat' dir='ltr'><strong>quando</strong></span> <span class='ocrx_word' id='word_1_583' title='bbox 3461 3266 3553 3306; x_wconf 89' lang='lat' dir='ltr'><strong>ac-</strong></span> 
     </span>
    </p>
   </div>
   <div class='ocr_carea' id='block_1_78' title="bbox 1957 3342 3554 3414">
    <p class='ocr_par' dir='ltr' id='par_1_78' title="bbox 1957 3342 3554 3414">
     <span class='ocr_line' id='line_1_78' title="bbox 1957 3342 3554 3414; baseline 0 -16"><span class='ocrx_word' id='word_1_584' title='bbox 1957 3344 2090 3414; x_wconf 86' lang='lat' dir='ltr'><strong>cipit</strong></span> <span class='ocrx_word' id='word_1_585' title='bbox 2141 3343 2386 3398; x_wconf 90' lang='lat' dir='ltr'><strong>hahitum</strong></span> <span class='ocrx_word' id='word_1_586' title='bbox 2436 3342 2789 3413; x_wconf 89' lang='lat' dir='ltr'><strong>spiritualem.</strong></span> <span class='ocrx_word' id='word_1_587' title='bbox 2845 3342 3071 3398; x_wconf 88' lang='lat' dir='ltr'><strong>Cuidam</strong></span> <span class='ocrx_word' id='word_1_588' title='bbox 3131 3343 3249 3399; x_wconf 91' lang='lat' dir='ltr'><strong>seni</strong></span> <span class='ocrx_word' id='word_1_589' title='bbox 3297 3343 3422 3398; x_wconf 91' lang='lat' dir='ltr'><strong>data</strong></span> <span class='ocrx_word' id='word_1_590' title='bbox 3469 3351 3554 3400; x_wconf 89' lang='lat' dir='ltr'><strong>est</strong></span> 
     </span>
    </p>
   </div>
   <div class='ocr_carea' id='block_1_79' title="bbox 1958 3433 3553 3507">
    <p class='ocr_par' dir='ltr' id='par_1_79' title="bbox 1958 3433 3553 3507">
     <span class='ocr_line' id='line_1_79' title="bbox 1958 3433 3553 3507; baseline 0 -18"><span class='ocrx_word' id='word_1_591' title='bbox 1958 3436 2132 3507; x_wconf 89' lang='lat' dir='ltr'><strong>gratia</strong></span> <span class='ocrx_word' id='word_1_592' title='bbox 2159 3434 2374 3488; x_wconf 89' lang='lat' dir='ltr'><strong>videndi</strong></span> <span class='ocrx_word' id='word_1_593' title='bbox 2405 3451 2526 3504; x_wconf 73' lang='lat' dir='ltr'><strong>qua:</strong></span> <span class='ocrx_word' id='word_1_594' title='bbox 2554 3433 2777 3498; x_wconf 86' lang='lat' dir='ltr'><strong>ﬁebant,</strong></span> <span class='ocrx_word' id='word_1_595' title='bbox 2809 3441 2864 3488; x_wconf 91' lang='lat' dir='ltr'><strong>et</strong></span> <span class='ocrx_word' id='word_1_596' title='bbox 2902 3433 3115 3488; x_wconf 88' lang='lat' dir='ltr'><strong>dicebat</strong></span> <span class='ocrx_word' id='word_1_597' title='bbox 3141 3452 3154 3487; x_wconf 91' lang='lat'><strong>:</strong></span> <span class='ocrx_word' id='word_1_598' title='bbox 3188 3433 3321 3501; x_wconf 87' lang='lat' dir='ltr'><strong>Quia</strong></span> <span class='ocrx_word' id='word_1_599' title='bbox 3362 3433 3473 3488; x_wconf 90' lang='lat' dir='ltr'><strong>vidi</strong></span> <span class='ocrx_word' id='word_1_600' title='bbox 3498 3434 3553 3490; x_wconf 89' lang='lat' dir='ltr'><strong>iu</strong></span> 
     </span>
    </p>
   </div>
   <div class='ocr_carea' id='block_1_80' title="bbox 1959 3523 3554 3596">
    <p class='ocr_par' dir='ltr' id='par_1_80' title="bbox 1959 3523 3554 3596">
     <span class='ocr_line' id='line_1_80' title="bbox 1959 3523 3554 3596; baseline -0.002 -13"><span class='ocrx_word' id='word_1_601' title='bbox 1959 3525 2208 3583; x_wconf 73' lang='lat' dir='ltr'><strong>emnohio</strong></span> <span class='ocrx_word' id='word_1_602' title='bbox 2236 3525 2526 3596; x_wconf 88' lang='lat' dir='ltr'><strong>aliquando</strong></span> <span class='ocrx_word' id='word_1_603' title='bbox 2574 3523 2930 3579; x_wconf 90' lang='lat' dir='ltr'><strong>meditantem</strong></span> <span class='ocrx_word' id='word_1_604' title='bbox 2957 3523 3185 3578; x_wconf 83' lang='lat' dir='ltr'><strong>fratrem</strong></span> <span class='ocrx_word' id='word_1_605' title='bbox 3214 3524 3268 3578; x_wconf 91' lang='lat' dir='ltr'><strong>in</strong></span> <span class='ocrx_word' id='word_1_606' title='bbox 3295 3523 3452 3590; x_wconf 89' lang='lat' dir='ltr'><strong>cella,</strong></span> <span class='ocrx_word' id='word_1_607' title='bbox 3499 3531 3554 3580; x_wconf 91' lang='lat' dir='ltr'><strong>et</strong></span> 
     </span>
    </p>
   </div>
   <div class='ocr_carea' id='block_1_81' title="bbox 1961 3615 3554 3682">
    <p class='ocr_par' dir='ltr' id='par_1_81' title="bbox 1961 3615 3554 3682">
     <span class='ocr_line' id='line_1_81' title="bbox 1961 3615 3554 3682; baseline -0.003 -6"><span class='ocrx_word' id='word_1_608' title='bbox 1961 3636 2088 3676; x_wconf 89' lang='lat' dir='ltr'><strong>ecce</strong></span> <span class='ocrx_word' id='word_1_609' title='bbox 2135 3619 2348 3674; x_wconf 63' lang='lat' dir='ltr'><strong>daemon</strong></span> <span class='ocrx_word' id='word_1_610' title='bbox 2391 3617 2614 3673; x_wconf 90' lang='lat' dir='ltr'><strong>veniens</strong></span> <span class='ocrx_word' id='word_1_611' title='bbox 2665 3617 2845 3673; x_wconf 88' lang='lat' dir='ltr'><strong>stabat</strong></span> <span class='ocrx_word' id='word_1_612' title='bbox 2881 3625 3035 3672; x_wconf 80' lang='lat' dir='ltr'><strong>extra</strong></span> <span class='ocrx_word' id='word_1_613' title='bbox 3069 3615 3300 3682; x_wconf 91' lang='lat' dir='ltr'><strong>cellam;</strong></span> <span class='ocrx_word' id='word_1_614' title='bbox 3330 3624 3388 3672; x_wconf 90' lang='lat' dir='ltr'><strong>et</strong></span> <span class='ocrx_word' id='word_1_615' title='bbox 3425 3617 3554 3672; x_wconf 89' lang='lat' dir='ltr'><strong>dum</strong></span> 
     </span>
    </p>
   </div>
   <div class='ocr_carea' id='block_1_82' title="bbox 1960 3708 3553 3780">
    <p class='ocr_par' dir='ltr' id='par_1_82' title="bbox 1960 3708 3553 3780">
     <span class='ocr_line' id='line_1_82' title="bbox 1960 3708 3553 3780; baseline -0.003 -13"><span class='ocrx_word' id='word_1_616' title='bbox 1960 3713 2130 3768; x_wconf 86' lang='lat' dir='ltr'><strong>frater</strong></span> <span class='ocrx_word' id='word_1_617' title='bbox 2156 3711 2244 3766; x_wconf 90' lang='lat' dir='ltr'><strong>ille</strong></span> <span class='ocrx_word' id='word_1_618' title='bbox 2267 3711 2642 3773; x_wconf 88' lang='lat' dir='ltr'><strong>meditaretur,</strong></span> <span class='ocrx_word' id='word_1_619' title='bbox 2674 3724 2781 3764; x_wconf 92' lang='lat' dir='ltr'><strong>non</strong></span> <span class='ocrx_word' id='word_1_620' title='bbox 2803 3708 3131 3780; x_wconf 65' lang='lat' dir='ltr'><strong>praevalebat</strong></span> <span class='ocrx_word' id='word_1_621' title='bbox 3152 3709 3362 3780; x_wconf 86' lang='lat' dir='ltr'><strong>ingredi</strong></span> <span class='ocrx_word' id='word_1_622' title='bbox 3388 3726 3403 3763; x_wconf 88' lang='lat'><strong>:</strong></span> <span class='ocrx_word' id='word_1_623' title='bbox 3429 3722 3553 3765; x_wconf 91' lang='lat' dir='ltr'><strong>cum</strong></span> 
     </span>
    </p>
   </div>
   <div class='ocr_carea' id='block_1_83' title="bbox 1961 3799 3556 3872">
    <p class='ocr_par' dir='ltr' id='par_1_83' title="bbox 1961 3799 3556 3872">
     <span class='ocr_line' id='line_1_83' title="bbox 1961 3799 3556 3872; baseline -0.002 -12"><span class='ocrx_word' id='word_1_624' title='bbox 1961 3812 2142 3860; x_wconf 90' lang='lat' dir='ltr'><strong>autem</strong></span> <span class='ocrx_word' id='word_1_625' title='bbox 2162 3809 2430 3860; x_wconf 90' lang='lat' dir='ltr'><strong>cessasset</strong></span> <span class='ocrx_word' id='word_1_626' title='bbox 2456 3817 2488 3856; x_wconf 89' lang='lat' dir='ltr'><strong>a</strong></span> <span class='ocrx_word' id='word_1_627' title='bbox 2518 3801 2852 3868; x_wconf 90' lang='lat' dir='ltr'><strong>meditando,</strong></span> <span class='ocrx_word' id='word_1_628' title='bbox 2881 3808 3010 3858; x_wconf 84' lang='lat' dir='ltr'><strong>tunc</strong></span> <span class='ocrx_word' id='word_1_629' title='bbox 3035 3801 3440 3872; x_wconf 87' lang='lat' dir='ltr'><strong>ingrediebatur</strong></span> <span class='ocrx_word' id='word_1_630' title='bbox 3464 3799 3556 3857; x_wconf 90' lang='lat' dir='ltr'><strong>ille</strong></span> 
     </span>
    </p>
   </div>
   <div class='ocr_carea' id='block_1_84' title="bbox 1962 3895 2490 3954">
    <p class='ocr_par' dir='ltr' id='par_1_84' title="bbox 1962 3895 2490 3954">
     <span class='ocr_line' id='line_1_84' title="bbox 1962 3895 2490 3954; baseline -0.011 1"><span class='ocrx_word' id='word_1_631' title='bbox 1962 3899 2173 3954; x_wconf 75' lang='lat' dir='ltr'><strong>daemon</strong></span> <span class='ocrx_word' id='word_1_632' title='bbox 2199 3897 2256 3952; x_wconf 89' lang='lat' dir='ltr'><strong>in</strong></span> <span class='ocrx_word' id='word_1_633' title='bbox 2280 3895 2490 3953; x_wconf 87' lang='lat' dir='ltr'><strong>cellam.</strong></span> 
     </span>
    </p>
   </div>
   <div class='ocr_carea' id='block_1_85' title="bbox 2529 3986 3012 4043">
    <p class='ocr_par' dir='ltr' id='par_1_85' title="bbox 2529 3986 3012 4043">
     <span class='ocr_line' id='line_1_85' title="bbox 2529 3986 3012 4043; baseline -0.002 -2"><span class='ocrx_word' id='word_1_634' title='bbox 2529 3986 2755 4043; x_wconf 83' lang='lat' dir='ltr'><strong>CAPUT</strong></span> <span class='ocrx_word' id='word_1_635' title='bbox 2797 3986 3012 4042; x_wconf 75' lang='lat' dir='ltr'><strong>LXXX.</strong></span> 
     </span>
    </p>
   </div>
   <div class='ocr_carea' id='block_1_86' title="bbox 2411 4077 3098 4147">
    <p class='ocr_par' dir='ltr' id='par_1_86' title="bbox 2411 4077 3098 4147">
     <span class='ocr_line' id='line_1_86' title="bbox 2411 4077 3098 4147; baseline -0.001 -15"><span class='ocrx_word' id='word_1_636' title='bbox 2411 4077 2485 4132; x_wconf 87' lang='lat' dir='ltr'><strong>De</strong></span> <span class='ocrx_word' id='word_1_637' title='bbox 2514 4078 2687 4147; x_wconf 89' lang='lat' dir='ltr'><strong>gratia</strong></span> <span class='ocrx_word' id='word_1_638' title='bbox 2721 4077 3098 4146; x_wconf 83' lang='lat' dir='ltr'><strong>lacrymarum.</strong></span> 
     </span>
    </p>
   </div>
   <div class='ocr_carea' id='block_1_87' title="bbox 2037 4167 3556 4241">
    <p class='ocr_par' dir='ltr' id='par_1_87' title="bbox 2037 4167 3556 4241">
     <span class='ocr_line' id='line_1_87' title="bbox 2037 4167 3556 4241; baseline 0.001 -14"><span class='ocrx_word' id='word_1_639' title='bbox 2037 4171 2311 4241; x_wconf 88' lang='lat' dir='ltr'><strong>Scriptum</strong></span> <span class='ocrx_word' id='word_1_640' title='bbox 2340 4177 2424 4224; x_wconf 91' lang='lat' dir='ltr'><strong>est</strong></span> <span class='ocrx_word' id='word_1_641' title='bbox 2445 4169 2572 4238; x_wconf 91' lang='lat' dir='ltr'><strong>quia</strong></span> <span class='ocrx_word' id='word_1_642' title='bbox 2600 4168 2718 4222; x_wconf 81' lang='lat' dir='ltr'><strong>Axa</strong></span> <span class='ocrx_word' id='word_1_643' title='bbox 2740 4167 2848 4222; x_wconf 88' lang='lat' dir='ltr'><strong>ﬁlia</strong></span> <span class='ocrx_word' id='word_1_644' title='bbox 2883 4167 3084 4239; x_wconf 89' lang='lat' dir='ltr'><strong>Caleph</strong></span> <span class='ocrx_word' id='word_1_645' title='bbox 3114 4168 3398 4238; x_wconf 87' lang='lat' dir='ltr'><strong>suspirans</strong></span> <span class='ocrx_word' id='word_1_646' title='bbox 3419 4169 3556 4228; x_wconf 78' lang='lat' dir='ltr'><strong>dixit</strong></span> 
     </span>
    </p>
   </div>
   <div class='ocr_carea' id='block_1_88' title="bbox 1964 4260 3556 4337">
    <p class='ocr_par' dir='ltr' id='par_1_88' title="bbox 1964 4260 3556 4337">
     <span class='ocr_line' id='line_1_88' title="bbox 1964 4260 3556 4337; baseline -0.003 -17"><span class='ocrx_word' id='word_1_647' title='bbox 1964 4265 2105 4337; x_wconf 90' lang='lat' dir='ltr'><strong>patri</strong></span> <span class='ocrx_word' id='word_1_648' title='bbox 2133 4279 2231 4318; x_wconf 91' lang='lat' dir='ltr'><strong>suo</strong></span> <span class='ocrx_word' id='word_1_649' title='bbox 2259 4281 2271 4314; x_wconf 92' lang='lat'>:</span> <span class='ocrx_word' id='word_1_650' title='bbox 2325 4262 2409 4315; x_wconf 86' lang='lat' dir='ltr'><strong>Da</strong></span> <span class='ocrx_word' id='word_1_651' title='bbox 2439 4261 2565 4315; x_wconf 90' lang='lat' dir='ltr'><strong>mihi</strong></span> <span class='ocrx_word' id='word_1_652' title='bbox 2613 4260 3037 4316; x_wconf 86' lang='lat' dir='ltr'><strong>benedictionem.</strong></span> <span class='ocrx_word' id='word_1_653' title='bbox 3093 4260 3310 4329; x_wconf 87' lang='lat' dir='ltr'><strong>Terram</strong></span> <span class='ocrx_word' id='word_1_654' title='bbox 3345 4272 3556 4317; x_wconf 86' lang='lat' dir='ltr'><strong>austra-</strong></span> 
     </span>
    </p>
   </div>
   <div class='ocr_carea' id='block_1_89' title="bbox 1965 4353 3553 4425">
    <p class='ocr_par' dir='ltr' id='par_1_89' title="bbox 1965 4353 3553 4425">
     <span class='ocr_line' id='line_1_89' title="bbox 1965 4353 3553 4425; baseline -0.002 -14"><span class='ocrx_word' id='word_1_655' title='bbox 1965 4356 2065 4412; x_wconf 88' lang='lat' dir='ltr'><strong>lem</strong></span> <span class='ocrx_word' id='word_1_656' title='bbox 2091 4367 2139 4411; x_wconf 90' lang='lat' dir='ltr'><strong>et</strong></span> <span class='ocrx_word' id='word_1_657' title='bbox 2164 4363 2398 4410; x_wconf 88' lang='lat' dir='ltr'><strong>arentem</strong></span> <span class='ocrx_word' id='word_1_658' title='bbox 2412 4353 2602 4408; x_wconf 81' lang='lat' dir='ltr'><strong>dedisti</strong></span> <span class='ocrx_word' id='word_1_659' title='bbox 2632 4353 2778 4417; x_wconf 89' lang='lat' dir='ltr'><strong>mihi,</strong></span> <span class='ocrx_word' id='word_1_660' title='bbox 2803 4353 2966 4424; x_wconf 87' lang='lat' dir='ltr'><strong>junge</strong></span> <span class='ocrx_word' id='word_1_661' title='bbox 2986 4363 3033 4408; x_wconf 90' lang='lat' dir='ltr'><strong>et</strong></span> <span class='ocrx_word' id='word_1_662' title='bbox 3060 4354 3336 4425; x_wconf 79' lang='lat' dir='ltr'><strong>irriguum.</strong></span> <span class='ocrx_word' id='word_1_663' title='bbox 3362 4353 3431 4409; x_wconf 87' lang='lat' dir='ltr'><strong>Et</strong></span> <span class='ocrx_word' id='word_1_664' title='bbox 3459 4355 3553 4409; x_wconf 82' lang='lat' dir='ltr'><strong>de-</strong></span> 
     </span>
    </p>
   </div>
   <div class='ocr_carea' id='block_1_90' title="bbox 1965 4447 3554 4520">
    <p class='ocr_par' dir='ltr' id='par_1_90' title="bbox 1965 4447 3554 4520">
     <span class='ocr_line' id='line_1_90' title="bbox 1965 4447 3554 4520; baseline 0 -16"><span class='ocrx_word' id='word_1_665' title='bbox 1965 4451 2043 4504; x_wconf 88' lang='lat' dir='ltr'><strong>dit</strong></span> <span class='ocrx_word' id='word_1_666' title='bbox 2074 4449 2122 4504; x_wconf 89' lang='lat' dir='ltr'><strong>ei</strong></span> <span class='ocrx_word' id='word_1_667' title='bbox 2151 4458 2298 4520; x_wconf 88' lang='lat' dir='ltr'><strong>pater</strong></span> <span class='ocrx_word' id='word_1_668' title='bbox 2337 4465 2465 4502; x_wconf 90' lang='lat' dir='ltr'><strong>suus</strong></span> <span class='ocrx_word' id='word_1_669' title='bbox 2508 4447 2768 4518; x_wconf 87' lang='lat' dir='ltr'><strong>irriguum</strong></span> <span class='ocrx_word' id='word_1_670' title='bbox 2810 4449 3070 4517; x_wconf 87' lang='lat' dir='ltr'><strong>superius,</strong></span> <span class='ocrx_word' id='word_1_671' title='bbox 3102 4457 3152 4502; x_wconf 88' lang='lat' dir='ltr'><strong>et</strong></span> <span class='ocrx_word' id='word_1_672' title='bbox 3175 4449 3437 4519; x_wconf 88' lang='lat' dir='ltr'><strong>irriguum</strong></span> <span class='ocrx_word' id='word_1_673' title='bbox 3468 4450 3554 4504; x_wconf 90' lang='lat' dir='ltr'><strong>in-</strong></span> 
     </span>
    </p>
   </div>
   <div class='ocr_carea' id='block_1_91' title="bbox 275 4537 3556 4628">
    <p class='ocr_par' dir='ltr' id='par_1_91' title="bbox 275 4537 3556 4628">
     <span class='ocr_line' id='line_1_91' title="bbox 275 4537 3556 4628; baseline 0.003 -37"><span class='ocrx_word' id='word_1_674' title='bbox 275 4537 458 4607; x_wconf 90' lang='lat' dir='ltr'><strong>itaque</strong></span> <span class='ocrx_word' id='word_1_675' title='bbox 487 4552 673 4592; x_wconf 90' lang='lat' dir='ltr'><strong>vocem</strong></span> <span class='ocrx_word' id='word_1_676' title='bbox 701 4537 988 4592; x_wconf 86' lang='lat' dir='ltr'><strong>Psalmista</strong></span> <span class='ocrx_word' id='word_1_677' title='bbox 1018 4547 1382 4608; x_wconf 83' lang='lat' dir='ltr'><strong>expresserat,</strong></span> <span class='ocrx_word' id='word_1_678' title='bbox 1430 4555 1554 4594; x_wconf 89' lang='lat' dir='ltr'><strong>cum</strong></span> <span class='ocrx_word' id='word_1_679' title='bbox 1603 4541 1854 4596; x_wconf 88' lang='lat' dir='ltr'><strong>dicebat:</strong></span> <span class='ocrx_word' id='word_1_680' title='bbox 1886 4568 1938 4628; x_wconf 66' lang='grc' dir='ltr'>ι)</span> <span class='ocrx_word' id='word_1_681' title='bbox 1965 4543 2130 4612; x_wconf 79' lang='lat' dir='ltr'><strong>ferias</strong></span> <span class='ocrx_word' id='word_1_682' title='bbox 2181 4539 2318 4613; x_wconf 85' lang='lat' dir='ltr'><strong>(Jos.</strong></span> <span class='ocrx_word' id='word_1_683' title='bbox 2371 4540 2501 4612; x_wconf 87' lang='lat' dir='ltr'><strong>xv);</strong></span> <span class='ocrx_word' id='word_1_684' title='bbox 2548 4541 2652 4596; x_wconf 91' lang='lat' dir='ltr'><strong>hoc</strong></span> <span class='ocrx_word' id='word_1_685' title='bbox 2699 4540 3014 4612; x_wconf 87' lang='lat' dir='ltr'><strong>signiﬁcans</strong></span> <span class='ocrx_word' id='word_1_686' title='bbox 3051 4543 3195 4613; x_wconf 93' lang='lat' dir='ltr'><strong>quod</strong></span> <span class='ocrx_word' id='word_1_687' title='bbox 3236 4559 3267 4598; x_wconf 89' lang='lat' dir='ltr'><strong>a</strong></span> <span class='ocrx_word' id='word_1_688' title='bbox 3293 4542 3556 4600; x_wconf 89' lang='lat' dir='ltr'><strong>Creatore</strong></span> 
     </span>
    </p>
   </div>
   <div class='ocr_carea' id='block_1_92' title="bbox 275 4625 1863 4700">
    <p class='ocr_par' dir='ltr' id='par_1_92' title="bbox 275 4625 1863 4700">
     <span class='ocr_line' id='line_1_92' title="bbox 275 4625 1863 4700; baseline 0.003 -17"><span class='ocrx_word' id='word_1_689' title='bbox 275 4625 610 4700; x_wconf 82' lang='lat' dir='ltr'><strong>Concupiscit</strong></span> <span class='ocrx_word' id='word_1_690' title='bbox 659 4638 708 4684; x_wconf 89' lang='lat' dir='ltr'><strong>et</strong></span> <span class='ocrx_word' id='word_1_691' title='bbox 758 4629 933 4699; x_wconf 85' lang='lat' dir='ltr'><strong>tle/icit</strong></span> <span class='ocrx_word' id='word_1_692' title='bbox 983 4630 1164 4684; x_wconf 84' lang='lat' dir='ltr'><strong>anima</strong></span> <span class='ocrx_word' id='word_1_693' title='bbox 1209 4647 1324 4685; x_wconf 88' lang='lat' dir='ltr'><strong>mea</strong></span> <span class='ocrx_word' id='word_1_694' title='bbox 1353 4631 1408 4685; x_wconf 91' lang='lat' dir='ltr'><strong>in</strong></span> <span class='ocrx_word' id='word_1_695' title='bbox 1459 4633 1595 4685; x_wconf 87' lang='lat' dir='ltr'><strong>atria</strong></span> <span class='ocrx_word' id='word_1_696' title='bbox 1648 4632 1863 4688; x_wconf 88' lang='lat' dir='ltr'><strong>Domini</strong></span> 
     </span>
    </p>
   </div>
   <div class='ocr_carea' id='block_1_93' title="bbox 276 4719 1862 4794">
    <p class='ocr_par' dir='ltr' id='par_1_93' title="bbox 276 4719 1862 4794">
     <span class='ocr_line' id='line_1_93' title="bbox 276 4719 1862 4794; baseline 0.005 -20"><span class='ocrx_word' id='word_1_697' title='bbox 276 4719 453 4794; x_wconf 87' lang='lat' dir='ltr'><strong>(Psal.</strong></span> <span class='ocrx_word' id='word_1_698' title='bbox 478 4721 727 4794; x_wconf 78' lang='lat' dir='ltr'><strong>Lxxxm).</strong></span> <span class='ocrx_word' id='word_1_699' title='bbox 761 4720 1106 4793; x_wconf 87' lang='lat' dir='ltr'><strong>Concupiscit</strong></span> <span class='ocrx_word' id='word_1_700' title='bbox 1149 4739 1278 4779; x_wconf 89' lang='lat' dir='ltr'><strong>vero</strong></span> <span class='ocrx_word' id='word_1_701' title='bbox 1322 4733 1377 4778; x_wconf 89' lang='lat' dir='ltr'><strong>et</strong></span> <span class='ocrx_word' id='word_1_702' title='bbox 1406 4725 1586 4780; x_wconf 91' lang='lat' dir='ltr'><strong>deﬁcit</strong></span> <span class='ocrx_word' id='word_1_703' title='bbox 1629 4728 1682 4780; x_wconf 93' lang='lat' dir='ltr'><strong>in</strong></span> <span class='ocrx_word' id='word_1_704' title='bbox 1723 4727 1862 4782; x_wconf 88' lang='lat' dir='ltr'><strong>atria</strong></span> 
     </span>
    </p>
   </div>
   <div class='ocr_carea' id='block_1_94' title="bbox 277 4813 1864 4889">
    <p class='ocr_par' dir='ltr' id='par_1_94' title="bbox 277 4813 1864 4889">
     <span class='ocr_line' id='line_1_94' title="bbox 277 4813 1864 4889; baseline 0.003 -21"><span class='ocrx_word' id='word_1_705' title='bbox 277 4813 392 4878; x_wconf 91' lang='lat' dir='ltr'><strong>Dei,</strong></span> <span class='ocrx_word' id='word_1_706' title='bbox 436 4813 530 4883; x_wconf 88' lang='lat' dir='ltr'><strong>qui</strong></span> <span class='ocrx_word' id='word_1_707' title='bbox 556 4828 692 4868; x_wconf 81' lang='lat' dir='ltr'><strong>cum</strong></span> <span class='ocrx_word' id='word_1_708' title='bbox 730 4825 930 4868; x_wconf 68' lang='lat' dir='ltr'><strong>aeterna</strong></span> <span class='ocrx_word' id='word_1_709' title='bbox 955 4815 1248 4881; x_wconf 88' lang='lat' dir='ltr'><strong>desiderat,</strong></span> <span class='ocrx_word' id='word_1_710' title='bbox 1281 4817 1334 4869; x_wconf 92' lang='lat' dir='ltr'><strong>in</strong></span> <span class='ocrx_word' id='word_1_711' title='bbox 1362 4831 1546 4872; x_wconf 91' lang='lat' dir='ltr'><strong>amore</strong></span> <span class='ocrx_word' id='word_1_712' title='bbox 1591 4827 1864 4889; x_wconf 86' lang='lat' dir='ltr'><strong>tempora-</strong></span> 
     </span>
    </p>
   </div>
   <div class='ocr_carea' id='block_1_95' title="bbox 277 4904 1864 4980">
    <p class='ocr_par' dir='ltr' id='par_1_95' title="bbox 277 4904 1864 4980">
     <span class='ocr_line' id='line_1_95' title="bbox 277 4904 1864 4980; baseline 0.004 -21"><span class='ocrx_word' id='word_1_713' title='bbox 277 4905 410 4960; x_wconf 91' lang='lat' dir='ltr'><strong>lium</strong></span> <span class='ocrx_word' id='word_1_714' title='bbox 437 4921 544 4959; x_wconf 89' lang='lat' dir='ltr'><strong>non</strong></span> <span class='ocrx_word' id='word_1_715' title='bbox 566 4906 842 4976; x_wconf 84' lang='lat' dir='ltr'><strong>perdurat.</strong></span> <span class='ocrx_word' id='word_1_716' title='bbox 869 4904 1013 4979; x_wconf 85' lang='lat' dir='ltr'><strong>[Huc</strong></span> <span class='ocrx_word' id='word_1_717' title='bbox 1036 4924 1195 4978; x_wconf 84' lang='lat' dir='ltr'><strong>usque</strong></span> <span class='ocrx_word' id='word_1_718' title='bbox 1216 4906 1397 4980; x_wconf 78' lang='lat' dir='ltr'><strong>Greg.]</strong></span> <span class='ocrx_word' id='word_1_719' title='bbox 1422 4908 1559 4962; x_wconf 82' lang='lat' dir='ltr'><strong>Hinc</strong></span> <span class='ocrx_word' id='word_1_720' title='bbox 1581 4908 1864 4966; x_wconf 87' lang='lat' dir='ltr'><strong>Psalmista</strong></span> 
     </span>
    </p>
   </div>
   <div class='ocr_carea' id='block_1_96' title="bbox 279 4998 1862 5074">
    <p class='ocr_par' dir='ltr' id='par_1_96' title="bbox 279 4998 1862 5074">
     <span class='ocr_line' id='line_1_96' title="bbox 279 4998 1862 5074; baseline 0.003 -22"><span class='ocrx_word' id='word_1_721' title='bbox 279 4998 476 5053; x_wconf 88' lang='lat' dir='ltr'><strong>iterum</strong></span> <span class='ocrx_word' id='word_1_722' title='bbox 501 4998 865 5067; x_wconf 77' lang='lat' dir='ltr'><strong>dicitzDe/icit</strong></span> <span class='ocrx_word' id='word_1_723' title='bbox 886 5001 942 5054; x_wconf 89' lang='lat' dir='ltr'><strong>in</strong></span> <span class='ocrx_word' id='word_1_724' title='bbox 969 4999 1191 5054; x_wconf 87' lang='lat' dir='ltr'><strong>salutari</strong></span> <span class='ocrx_word' id='word_1_725' title='bbox 1221 5012 1310 5055; x_wconf 89' lang='lat' dir='ltr'><strong>tuo</strong></span> <span class='ocrx_word' id='word_1_726' title='bbox 1339 5003 1518 5056; x_wconf 87' lang='lat' dir='ltr'><strong>anima</strong></span> <span class='ocrx_word' id='word_1_727' title='bbox 1547 5020 1660 5057; x_wconf 89' lang='lat' dir='ltr'><strong>mea</strong></span> <span class='ocrx_word' id='word_1_728' title='bbox 1688 5000 1862 5074; x_wconf 88' lang='lat' dir='ltr'><strong>(Psal.</strong></span> 
     </span>
    </p>
   </div>
   <div class='ocr_carea' id='block_1_97' title="bbox 280 5090 1866 5164">
    <p class='ocr_par' dir='ltr' id='par_1_97' title="bbox 280 5090 1866 5164">
     <span class='ocr_line' id='line_1_97' title="bbox 280 5090 1866 5164; baseline 0.001 -16"><span class='ocrx_word' id='word_1_729' title='bbox 280 5091 493 5164; x_wconf 82' lang='lat' dir='ltr'><strong>cxvm).</strong></span> <span class='ocrx_word' id='word_1_730' title='bbox 543 5090 600 5146; x_wconf 91' lang='lat' dir='ltr'><strong>In</strong></span> <span class='ocrx_word' id='word_1_731' title='bbox 631 5091 854 5156; x_wconf 78' lang='lat' dir='ltr'><strong>salutari</strong></span> <span class='ocrx_word' id='word_1_732' title='bbox 879 5107 1008 5164; x_wconf 89' lang='lat' dir='ltr'><strong>ergo</strong></span> <span class='ocrx_word' id='word_1_733' title='bbox 1052 5093 1148 5148; x_wconf 89' lang='lat' dir='ltr'><strong>Dei</strong></span> <span class='ocrx_word' id='word_1_734' title='bbox 1178 5094 1414 5148; x_wconf 89' lang='lat' dir='ltr'><strong>animam</strong></span> <span class='ocrx_word' id='word_1_735' title='bbox 1453 5093 1583 5162; x_wconf 90' lang='lat' dir='ltr'><strong>justi</strong></span> <span class='ocrx_word' id='word_1_736' title='bbox 1610 5093 1866 5160; x_wconf 90' lang='lat' dir='ltr'><strong>deﬁcere,</strong></span> 
     </span>
    </p>
   </div>
   <div class='ocr_carea' id='block_1_98' title="bbox 282 5185 1868 5256">
    <p class='ocr_par' dir='ltr' id='par_1_98' title="bbox 282 5185 1868 5256">
     <span class='ocr_line' id='line_1_98' title="bbox 282 5185 1868 5256; baseline 0.001 -15"><span class='ocrx_word' id='word_1_737' title='bbox 282 5193 369 5242; x_wconf 85' lang='lat' dir='ltr'><strong>est</strong></span> <span class='ocrx_word' id='word_1_738' title='bbox 409 5186 697 5256; x_wconf 67' lang='lat' dir='ltr'><strong>praesentis</strong></span> <span class='ocrx_word' id='word_1_739' title='bbox 741 5186 867 5240; x_wconf 84' lang='lat' dir='ltr'><strong>vitae</strong></span> <span class='ocrx_word' id='word_1_740' title='bbox 895 5185 1033 5240; x_wconf 87' lang='lat' dir='ltr'><strong>bona</strong></span> <span class='ocrx_word' id='word_1_741' title='bbox 1061 5187 1380 5242; x_wconf 66' lang='lat' dir='ltr'><strong>aeternitatis</strong></span> <span class='ocrx_word' id='word_1_742' title='bbox 1414 5187 1677 5242; x_wconf 88' lang='lat' dir='ltr'><strong>electione</strong></span> <span class='ocrx_word' id='word_1_743' title='bbox 1715 5188 1868 5243; x_wconf 90' lang='lat' dir='ltr'><strong>dese-</strong></span> 
     </span>
    </p>
   </div>
   <div class='ocr_carea' id='block_1_99' title="bbox 283 5278 1868 5349">
    <p class='ocr_par' dir='ltr' id='par_1_99' title="bbox 283 5278 1868 5349">
     <span class='ocr_line' id='line_1_99' title="bbox 283 5278 1868 5349; baseline 0.003 -17"><span class='ocrx_word' id='word_1_744' title='bbox 283 5292 429 5343; x_wconf 89' lang='lat' dir='ltr'><strong>rere,</strong></span> <span class='ocrx_word' id='word_1_745' title='bbox 478 5293 732 5333; x_wconf 88' lang='lat' dir='ltr'><strong>mansura</strong></span> <span class='ocrx_word' id='word_1_746' title='bbox 774 5293 1037 5348; x_wconf 65' lang='lat' dir='ltr'><strong>quaerere,</strong></span> <span class='ocrx_word' id='word_1_747' title='bbox 1071 5287 1126 5334; x_wconf 89' lang='lat' dir='ltr'><strong>et</strong></span> <span class='ocrx_word' id='word_1_748' title='bbox 1173 5278 1228 5334; x_wconf 90' lang='lat' dir='ltr'><strong>in</strong></span> <span class='ocrx_word' id='word_1_749' title='bbox 1273 5280 1434 5334; x_wconf 90' lang='lat' dir='ltr'><strong>rebus</strong></span> <span class='ocrx_word' id='word_1_750' title='bbox 1487 5280 1868 5349; x_wconf 89' lang='lat' dir='ltr'><strong>temporalibus</strong></span> 
     </span>
    </p>
   </div>
   <div class='ocr_carea' id='block_1_100' title="bbox 286 5369 925 5426">
    <p class='ocr_par' dir='ltr' id='par_1_100' title="bbox 286 5369 925 5426">
     <span class='ocr_line' id='line_1_100' title="bbox 286 5369 925 5426; baseline -0.003 -1"><span class='ocrx_word' id='word_1_751' title='bbox 286 5370 534 5426; x_wconf 89' lang='lat' dir='ltr'><strong>ﬁduciam</strong></span> <span class='ocrx_word' id='word_1_752' title='bbox 575 5386 682 5426; x_wconf 91' lang='lat' dir='ltr'><strong>non</strong></span> <span class='ocrx_word' id='word_1_753' title='bbox 705 5369 925 5426; x_wconf 88' lang='lat' dir='ltr'><strong>habere.</strong></span> 
     </span>
    </p>
   </div>
   <div class='ocr_carea' id='block_1_101' title="bbox 831 5462 1330 5518">
    <p class='ocr_par' dir='ltr' id='par_1_101' title="bbox 831 5462 1330 5518">
     <span class='ocr_line' id='line_1_101' title="bbox 831 5462 1330 5518; baseline 0 0"><span class='ocrx_word' id='word_1_754' title='bbox 831 5462 1056 5518; x_wconf 82' lang='lat' dir='ltr'><strong>CAPUT</strong></span> <span class='ocrx_word' id='word_1_755' title='bbox 1095 5463 1330 5518; x_wconf 75' lang='lat' dir='ltr'><strong>LXXIX.</strong></span> 
     </span>
    </p>
   </div>
   <div class='ocr_carea' id='block_1_102' title="bbox 687 5547 1480 5616">
    <p class='ocr_par' dir='ltr' id='par_1_102' title="bbox 687 5547 1480 5616">
     <span class='ocr_line' id='line_1_102' title="bbox 687 5547 1480 5616; baseline 0.003 -12"><span class='ocrx_word' id='word_1_756' title='bbox 687 5548 761 5604; x_wconf 90' lang='lat' dir='ltr'><strong>De</strong></span> <span class='ocrx_word' id='word_1_757' title='bbox 797 5547 1194 5616; x_wconf 81' lang='lat' dir='ltr'><strong>mortiﬁcatione</strong></span> <span class='ocrx_word' id='word_1_758' title='bbox 1221 5550 1480 5606; x_wconf 89' lang='lat' dir='ltr'><strong>vitiorum.</strong></span> 
     </span>
    </p>
   </div>
   <div class='ocr_carea' id='block_1_103' title="bbox 220 5640 1872 5736">
    <p class='ocr_par' dir='ltr' id='par_1_103' title="bbox 220 5640 1872 5736">
     <span class='ocr_line' id='line_1_103' title="bbox 220 5640 1872 5736; baseline 0.002 -40"><span class='ocrx_word' id='word_1_759' title='bbox 220 5675 272 5736; x_wconf 46' lang='grc' dir='ltr'>θ.</span> <span class='ocrx_word' id='word_1_760' title='bbox 362 5641 499 5698; x_wconf 84' lang='lat' dir='ltr'><strong>Hinc</strong></span> <span class='ocrx_word' id='word_1_761' title='bbox 525 5641 722 5697; x_wconf 88' lang='lat' dir='ltr'><strong>Paulus</strong></span> <span class='ocrx_word' id='word_1_762' title='bbox 751 5640 1022 5711; x_wconf 87' lang='lat' dir='ltr'><strong>apostolus</strong></span> <span class='ocrx_word' id='word_1_763' title='bbox 1043 5641 1119 5696; x_wconf 89' lang='lat' dir='ltr'><strong>ait</strong></span> <span class='ocrx_word' id='word_1_764' title='bbox 1143 5656 1158 5696; x_wconf 86' lang='lat'><strong>:</strong></span> <span class='ocrx_word' id='word_1_765' title='bbox 1187 5641 1504 5712; x_wconf 77' lang='lat' dir='ltr'><strong>Mortiﬁcate</strong></span> <span class='ocrx_word' id='word_1_766' title='bbox 1528 5644 1760 5700; x_wconf 87' lang='lat' dir='ltr'><strong>membra</strong></span> <span class='ocrx_word' id='word_1_767' title='bbox 1789 5663 1872 5700; x_wconf 90' lang='lat' dir='ltr'><strong>ve-</strong></span> 
     </span>
    </p>
   </div>
   <div class='ocr_carea' id='block_1_104' title="bbox 290 5733 1871 5806">
    <p class='ocr_par' dir='ltr' id='par_1_104' title="bbox 290 5733 1871 5806">
     <span class='ocr_line' id='line_1_104' title="bbox 290 5733 1871 5806; baseline 0.003 -16"><span class='ocrx_word' id='word_1_768' title='bbox 290 5744 402 5790; x_wconf 86' lang='lat' dir='ltr'><strong>stra</strong></span> <span class='ocrx_word' id='word_1_769' title='bbox 421 5753 538 5806; x_wconf 72' lang='lat' dir='ltr'><strong>qua:</strong></span> <span class='ocrx_word' id='word_1_770' title='bbox 571 5745 691 5790; x_wconf 89' lang='lat' dir='ltr'><strong>sunt</strong></span> <span class='ocrx_word' id='word_1_771' title='bbox 714 5751 868 5806; x_wconf 88' lang='lat' dir='ltr'><strong>super</strong></span> <span class='ocrx_word' id='word_1_772' title='bbox 891 5743 1106 5800; x_wconf 88' lang='lat' dir='ltr'><strong>terram,</strong></span> <span class='ocrx_word' id='word_1_773' title='bbox 1139 5733 1559 5803; x_wconf 74' lang='lat' dir='ltr'><strong>fornicationem,</strong></span> <span class='ocrx_word' id='word_1_774' title='bbox 1587 5739 1871 5794; x_wconf 88' lang='lat' dir='ltr'><strong>immundi-</strong></span> 
     </span>
    </p>
   </div>
   <div class='ocr_carea' id='block_1_105' title="bbox 293 5824 1870 5899">
    <p class='ocr_par' dir='ltr' id='par_1_105' title="bbox 293 5824 1870 5899">
     <span class='ocr_line' id='line_1_105' title="bbox 293 5824 1870 5899; baseline 0.008 -19"><span class='ocrx_word' id='word_1_775' title='bbox 293 5826 446 5893; x_wconf 82' lang='lat' dir='ltr'><strong>tiam,</strong></span> <span class='ocrx_word' id='word_1_776' title='bbox 491 5827 778 5894; x_wconf 88' lang='lat' dir='ltr'><strong>libidinem,</strong></span> <span class='ocrx_word' id='word_1_777' title='bbox 809 5835 911 5883; x_wconf 88' lang='lat' dir='ltr'><strong>ete.</strong></span> <span class='ocrx_word' id='word_1_778' title='bbox 962 5824 1157 5899; x_wconf 87' lang='lat' dir='ltr'><strong>(Colos.</strong></span> <span class='ocrx_word' id='word_1_779' title='bbox 1182 5827 1288 5899; x_wconf 89' lang='grc' dir='ltr'>ιιι).</span> <span class='ocrx_word' id='word_1_780' title='bbox 1333 5828 1457 5886; x_wconf 88' lang='lat' dir='ltr'><strong>Ideo</strong></span> <span class='ocrx_word' id='word_1_781' title='bbox 1503 5830 1615 5889; x_wconf 74' lang='lat' dir='ltr'><strong>haec</strong></span> <span class='ocrx_word' id='word_1_782' title='bbox 1645 5831 1775 5890; x_wconf 86' lang='lat' dir='ltr'><strong>vitia</strong></span> <span class='ocrx_word' id='word_1_783' title='bbox 1813 5841 1870 5892; x_wconf 86' lang='lat' dir='ltr'><strong>et</strong></span> 
     </span>
    </p>
   </div>
   <div class='ocr_carea' id='block_1_106' title="bbox 1965 4633 3556 4708">
    <p class='ocr_par' dir='ltr' id='par_1_106' title="bbox 1965 4633 3556 4708">
     <span class='ocr_line' id='line_1_106' title="bbox 1965 4633 3556 4708; baseline 0.002 -16"><span class='ocrx_word' id='word_1_784' title='bbox 1965 4644 2021 4692; x_wconf 90' lang='lat' dir='ltr'><strong>et</strong></span> <span class='ocrx_word' id='word_1_785' title='bbox 2058 4633 2219 4690; x_wconf 89' lang='lat' dir='ltr'><strong>Patre</strong></span> <span class='ocrx_word' id='word_1_786' title='bbox 2244 4643 2432 4690; x_wconf 91' lang='lat' dir='ltr'><strong>nostro</strong></span> <span class='ocrx_word' id='word_1_787' title='bbox 2459 4635 2593 4699; x_wconf 90' lang='lat' dir='ltr'><strong>Deo,</strong></span> <span class='ocrx_word' id='word_1_788' title='bbox 2629 4648 2753 4690; x_wconf 91' lang='lat' dir='ltr'><strong>cum</strong></span> <span class='ocrx_word' id='word_1_789' title='bbox 2799 4651 2992 4705; x_wconf 87' lang='lat' dir='ltr'><strong>magno</strong></span> <span class='ocrx_word' id='word_1_790' title='bbox 3017 4636 3219 4706; x_wconf 86' lang='lat' dir='ltr'><strong>gemitu</strong></span> <span class='ocrx_word' id='word_1_791' title='bbox 3265 4639 3556 4708; x_wconf 68' lang='lat' dir='ltr'><strong>quaerenda</strong></span> 
     </span>
    </p>
   </div>
   <div class='ocr_carea' id='block_1_107' title="bbox 1963 4723 3558 4801">
    <p class='ocr_par' dir='ltr' id='par_1_107' title="bbox 1963 4723 3558 4801">
     <span class='ocr_line' id='line_1_107' title="bbox 1963 4723 3558 4801; baseline 0.001 -16"><span class='ocrx_word' id='word_1_792' title='bbox 1963 4737 2047 4785; x_wconf 91' lang='lat' dir='ltr'><strong>est</strong></span> <span class='ocrx_word' id='word_1_793' title='bbox 2073 4744 2103 4782; x_wconf 93' lang='lat' dir='ltr'><strong>a</strong></span> <span class='ocrx_word' id='word_1_794' title='bbox 2129 4728 2285 4782; x_wconf 89' lang='lat' dir='ltr'><strong>nobis</strong></span> <span class='ocrx_word' id='word_1_795' title='bbox 2313 4723 2678 4796; x_wconf 76' lang='lat' dir='ltr'><strong>lacrymarufn</strong></span> <span class='ocrx_word' id='word_1_796' title='bbox 2725 4729 2923 4798; x_wconf 85' lang='lat' dir='ltr'><strong>gratia.</strong></span> <span class='ocrx_word' id='word_1_797' title='bbox 2976 4728 3113 4783; x_wconf 87' lang='lat' dir='ltr'><strong>Sunt</strong></span> <span class='ocrx_word' id='word_1_798' title='bbox 3144 4745 3376 4801; x_wconf 83' lang='lat' dir='ltr'><strong>namque</strong></span> <span class='ocrx_word' id='word_1_799' title='bbox 3419 4746 3558 4787; x_wconf 90' lang='lat' dir='ltr'><strong>non-</strong></span> 
     </span>
    </p>
   </div>
   <div class='ocr_carea' id='block_1_108' title="bbox 1967 4818 3624 4893">
    <p class='ocr_par' dir='ltr' id='par_1_108' title="bbox 1967 4818 3624 4893">
     <span class='ocr_line' id='line_1_108' title="bbox 1967 4818 3624 4893; baseline 0 -17"><span class='ocrx_word' id='word_1_800' title='bbox 1967 4821 2097 4877; x_wconf 91' lang='lat' dir='ltr'><strong>nulli</strong></span> <span class='ocrx_word' id='word_1_801' title='bbox 2127 4820 2220 4890; x_wconf 92' lang='lat' dir='ltr'><strong>qui</strong></span> <span class='ocrx_word' id='word_1_802' title='bbox 2242 4820 2354 4890; x_wconf 86' lang='lat' dir='ltr'><strong>jam</strong></span> <span class='ocrx_word' id='word_1_803' title='bbox 2385 4820 2490 4874; x_wconf 88' lang='lat' dir='ltr'><strong>alia</strong></span> <span class='ocrx_word' id='word_1_804' title='bbox 2513 4821 2727 4877; x_wconf 91' lang='lat' dir='ltr'><strong>Domini</strong></span> <span class='ocrx_word' id='word_1_805' title='bbox 2753 4833 3116 4893; x_wconf 90' lang='lat' dir='ltr'><strong>perceperunt</strong></span> <span class='ocrx_word' id='word_1_806' title='bbox 3143 4824 3305 4888; x_wconf 90' lang='lat' dir='ltr'><strong>dona,</strong></span> <span class='ocrx_word' id='word_1_807' title='bbox 3337 4838 3457 4893; x_wconf 87' lang='lat' dir='ltr'><strong>quae</strong></span> <span class='ocrx_word' id='word_1_808' title='bbox 3482 4824 3557 4880; x_wconf 79' lang='grc' dir='ltr'><strong>εἰ·</strong></span> 
     </span>
    </p>
   </div>
   <div class='ocr_carea' id='block_1_109' title="bbox 1967 4914 3556 4988">
    <p class='ocr_par' dir='ltr' id='par_1_109' title="bbox 1967 4914 3556 4988">
     <span class='ocr_line' id='line_1_109' title="bbox 1967 4914 3556 4988; baseline 0.001 -18"><span class='ocrx_word' id='word_1_809' title='bbox 1967 4915 2258 4988; x_wconf 89' lang='lat' dir='ltr'><strong>gniﬁcabat</strong></span> <span class='ocrx_word' id='word_1_810' title='bbox 2305 4914 2556 4969; x_wconf 85' lang='lat' dir='ltr'><strong>australis</strong></span> <span class='ocrx_word' id='word_1_811' title='bbox 2608 4922 2772 4981; x_wconf 87' lang='lat' dir='ltr'><strong>terra,</strong></span> <span class='ocrx_word' id='word_1_812' title='bbox 2825 4916 2917 4971; x_wconf 88' lang='lat' dir='ltr'><strong>sed</strong></span> <span class='ocrx_word' id='word_1_813' title='bbox 2964 4917 3138 4972; x_wconf 89' lang='lat' dir='ltr'><strong>adhuc</strong></span> <span class='ocrx_word' id='word_1_814' title='bbox 3191 4917 3556 4987; x_wconf 87' lang='lat' dir='ltr'><strong>laerymarum</strong></span> 
     </span>
    </p>
   </div>
   <div class='ocr_carea' id='block_1_110' title="bbox 1968 5005 3554 5079">
    <p class='ocr_par' dir='ltr' id='par_1_110' title="bbox 1968 5005 3554 5079">
     <span class='ocr_line' id='line_1_110' title="bbox 1968 5005 3554 5079; baseline -0.001 -17"><span class='ocrx_word' id='word_1_815' title='bbox 1968 5023 2075 5063; x_wconf 87' lang='lat' dir='ltr'><strong>non</strong></span> <span class='ocrx_word' id='word_1_816' title='bbox 2117 5015 2444 5076; x_wconf 90' lang='lat' dir='ltr'><strong>acceperunt</strong></span> <span class='ocrx_word' id='word_1_817' title='bbox 2486 5006 2735 5077; x_wconf 85' lang='lat' dir='ltr'><strong>gratiam.</strong></span> <span class='ocrx_word' id='word_1_818' title='bbox 2782 5005 3048 5079; x_wconf 66' lang='lat' dir='ltr'><strong>[Gregon,</strong></span> <span class='ocrx_word' id='word_1_819' title='bbox 3084 5008 3173 5062; x_wconf 87' lang='lat' dir='ltr'><strong>lib.</strong></span> <span class='ocrx_word' id='word_1_820' title='bbox 3211 5024 3272 5064; x_wconf 87' lang='grc' dir='ltr'><strong>ιιι</strong></span> <span class='ocrx_word' id='word_1_821' title='bbox 3314 5007 3554 5079; x_wconf 86' lang='lat' dir='ltr'><strong>Dialog.,</strong></span> 
     </span>
    </p>
   </div>
   <div class='ocr_carea' id='block_1_111' title="bbox 1967 5097 3558 5172">
    <p class='ocr_par' dir='ltr' id='par_1_111' title="bbox 1967 5097 3558 5172">
     <span class='ocr_line' id='line_1_111' title="bbox 1967 5097 3558 5172; baseline 0.001 -17"><span class='ocrx_word' id='word_1_822' title='bbox 1967 5119 2012 5155; x_wconf 90' lang='lat' dir='ltr'><strong>c.</strong></span> <span class='ocrx_word' id='word_1_823' title='bbox 2047 5097 2162 5172; x_wconf 65' lang='lat'><strong>54.]</strong></span> <span class='ocrx_word' id='word_1_824' title='bbox 2194 5099 2361 5156; x_wconf 90' lang='lat' dir='ltr'><strong>Deum</strong></span> <span class='ocrx_word' id='word_1_825' title='bbox 2400 5098 2544 5153; x_wconf 90' lang='lat' dir='ltr'><strong>enim</strong></span> <span class='ocrx_word' id='word_1_826' title='bbox 2569 5098 2760 5154; x_wconf 88' lang='lat' dir='ltr'><strong>sitiens</strong></span> <span class='ocrx_word' id='word_1_827' title='bbox 2788 5099 2986 5164; x_wconf 90' lang='lat' dir='ltr'><strong>anima,</strong></span> <span class='ocrx_word' id='word_1_828' title='bbox 3016 5101 3167 5171; x_wconf 90' lang='lat' dir='ltr'><strong>prius</strong></span> <span class='ocrx_word' id='word_1_829' title='bbox 3193 5101 3388 5156; x_wconf 90' lang='lat' dir='ltr'><strong>timore</strong></span> <span class='ocrx_word' id='word_1_830' title='bbox 3409 5115 3558 5156; x_wconf 89' lang='lat' dir='ltr'><strong>com-</strong></span> 
     </span>
    </p>
   </div>
   <div class='ocr_carea' id='block_1_112' title="bbox 1967 5189 3557 5263">
    <p class='ocr_par' dir='ltr' id='par_1_112' title="bbox 1967 5189 3557 5263">
     <span class='ocr_line' id='line_1_112' title="bbox 1967 5189 3557 5263; baseline 0.003 -19"><span class='ocrx_word' id='word_1_831' title='bbox 1967 5191 2244 5261; x_wconf 90' lang='lat' dir='ltr'><strong>pungitur,</strong></span> <span class='ocrx_word' id='word_1_832' title='bbox 2283 5196 2409 5259; x_wconf 90' lang='lat' dir='ltr'><strong>post</strong></span> <span class='ocrx_word' id='word_1_833' title='bbox 2434 5205 2636 5244; x_wconf 88' lang='lat' dir='ltr'><strong>amore.</strong></span> <span class='ocrx_word' id='word_1_834' title='bbox 2685 5189 2844 5247; x_wconf 88' lang='lat' dir='ltr'><strong>Prius</strong></span> <span class='ocrx_word' id='word_1_835' title='bbox 2871 5192 3015 5246; x_wconf 91' lang='lat' dir='ltr'><strong>enim</strong></span> <span class='ocrx_word' id='word_1_836' title='bbox 3045 5207 3164 5248; x_wconf 90' lang='lat' dir='ltr'><strong>sese</strong></span> <span class='ocrx_word' id='word_1_837' title='bbox 3200 5194 3254 5248; x_wconf 92' lang='lat' dir='ltr'><strong>in</strong></span> <span class='ocrx_word' id='word_1_838' title='bbox 3296 5191 3557 5263; x_wconf 84' lang='lat' dir='ltr'><strong>Iacrymis</strong></span> 
     </span>
    </p>
   </div>
   <div class='ocr_carea' id='block_1_113' title="bbox 1970 5281 3560 5358">
    <p class='ocr_par' dir='ltr' id='par_1_113' title="bbox 1970 5281 3560 5358">
     <span class='ocr_line' id='line_1_113' title="bbox 1970 5281 3560 5358; baseline 0.005 -22"><span class='ocrx_word' id='word_1_839' title='bbox 1970 5281 2155 5348; x_wconf 81' lang='lat' dir='ltr'><strong>allicit,</strong></span> <span class='ocrx_word' id='word_1_840' title='bbox 2188 5281 2314 5351; x_wconf 88' lang='lat' dir='ltr'><strong>quia</strong></span> <span class='ocrx_word' id='word_1_841' title='bbox 2368 5281 2496 5336; x_wconf 92' lang='lat' dir='ltr'><strong>dum</strong></span> <span class='ocrx_word' id='word_1_842' title='bbox 2541 5281 2808 5338; x_wconf 90' lang='lat' dir='ltr'><strong>malorum</strong></span> <span class='ocrx_word' id='word_1_843' title='bbox 2843 5299 3063 5340; x_wconf 90' lang='lat' dir='ltr'><strong>suorum</strong></span> <span class='ocrx_word' id='word_1_844' title='bbox 3105 5287 3314 5352; x_wconf 91' lang='lat' dir='ltr'><strong>recolit,</strong></span> <span class='ocrx_word' id='word_1_845' title='bbox 3345 5303 3446 5358; x_wconf 88' lang='lat' dir='ltr'><strong>pro</strong></span> <span class='ocrx_word' id='word_1_846' title='bbox 3472 5287 3560 5344; x_wconf 81' lang='lat' dir='ltr'><strong>his</strong></span> 
     </span>
    </p>
   </div>
   <div class='ocr_carea' id='block_1_114' title="bbox 1971 5375 3559 5449">
    <p class='ocr_par' dir='ltr' id='par_1_114' title="bbox 1971 5375 3559 5449">
     <span class='ocr_line' id='line_1_114' title="bbox 1971 5375 3559 5449; baseline 0.005 -19"><span class='ocrx_word' id='word_1_847' title='bbox 1971 5376 2178 5446; x_wconf 90' lang='lat' dir='ltr'><strong>perpeti</strong></span> <span class='ocrx_word' id='word_1_848' title='bbox 2223 5375 2481 5446; x_wconf 87' lang='lat' dir='ltr'><strong>supplicia</strong></span> <span class='ocrx_word' id='word_1_849' title='bbox 2532 5385 2736 5432; x_wconf 62' lang='lat' dir='ltr'><strong>eterna</strong></span> <span class='ocrx_word' id='word_1_850' title='bbox 2765 5379 3120 5449; x_wconf 90' lang='lat' dir='ltr'><strong>pertimescit.</strong></span> <span class='ocrx_word' id='word_1_851' title='bbox 3158 5379 3229 5433; x_wconf 86' lang='lat' dir='ltr'><strong>At</strong></span> <span class='ocrx_word' id='word_1_852' title='bbox 3276 5395 3407 5435; x_wconf 93' lang='lat' dir='ltr'><strong>vero</strong></span> <span class='ocrx_word' id='word_1_853' title='bbox 3431 5395 3559 5438; x_wconf 87' lang='lat' dir='ltr'><strong>cum</strong></span> 
     </span>
    </p>
   </div>
   <div class='ocr_carea' id='block_1_115' title="bbox 1971 5464 3560 5536">
    <p class='ocr_par' dir='ltr' id='par_1_115' title="bbox 1971 5464 3560 5536">
     <span class='ocr_line' id='line_1_115' title="bbox 1971 5464 3560 5536; baseline 0.007 -16"><span class='ocrx_word' id='word_1_854' title='bbox 1971 5464 2132 5536; x_wconf 86' lang='lat' dir='ltr'><strong>longa</strong></span> <span class='ocrx_word' id='word_1_855' title='bbox 2174 5467 2425 5522; x_wconf 76' lang='lat' dir='ltr'><strong>mteroris</strong></span> <span class='ocrx_word' id='word_1_856' title='bbox 2453 5468 2797 5523; x_wconf 84' lang='lat' dir='ltr'><strong>anxietudine</strong></span> <span class='ocrx_word' id='word_1_857' title='bbox 2834 5468 3000 5524; x_wconf 87' lang='lat' dir='ltr'><strong>fuerit</strong></span> <span class='ocrx_word' id='word_1_858' title='bbox 3043 5469 3274 5527; x_wconf 88' lang='lat' dir='ltr'><strong>formido</strong></span> <span class='ocrx_word' id='word_1_859' title='bbox 3302 5489 3560 5530; x_wconf 87' lang='lat' dir='ltr'><strong>consum-</strong></span> 
     </span>
    </p>
   </div>
   <div class='ocr_carea' id='block_1_116' title="bbox 1972 5562 3560 5635">
    <p class='ocr_par' dir='ltr' id='par_1_116' title="bbox 1972 5562 3560 5635">
     <span class='ocr_line' id='line_1_116' title="bbox 1972 5562 3560 5635; baseline 0.004 -17"><span class='ocrx_word' id='word_1_860' title='bbox 1972 5570 2085 5635; x_wconf 89' lang='lat' dir='ltr'><strong>pta,</strong></span> <span class='ocrx_word' id='word_1_861' title='bbox 2116 5564 2358 5633; x_wconf 68' lang='lat' dir='ltr'><strong>quaedam</strong></span> <span class='ocrx_word' id='word_1_862' title='bbox 2393 5563 2508 5633; x_wconf 88' lang='lat' dir='ltr'><strong>jam</strong></span> <span class='ocrx_word' id='word_1_863' title='bbox 2542 5565 2607 5620; x_wconf 90' lang='lat' dir='ltr'><strong>de</strong></span> <span class='ocrx_word' id='word_1_864' title='bbox 2633 5562 3052 5633; x_wconf 74' lang='lat' dir='ltr'><strong>przesumptione</strong></span> <span class='ocrx_word' id='word_1_865' title='bbox 3097 5564 3268 5620; x_wconf 71' lang='lat' dir='ltr'><strong>veniae</strong></span> <span class='ocrx_word' id='word_1_866' title='bbox 3295 5568 3560 5624; x_wconf 84' lang='lat' dir='ltr'><strong>securitas</strong></span> 
     </span>
    </p>
   </div>
   <div class='ocr_carea' id='block_1_117' title="bbox 1974 5653 3561 5727">
    <p class='ocr_par' dir='ltr' id='par_1_117' title="bbox 1974 5653 3561 5727">
     <span class='ocr_line' id='line_1_117' title="bbox 1974 5653 3561 5727; baseline 0.006 -20"><span class='ocrx_word' id='word_1_867' title='bbox 1974 5654 2240 5722; x_wconf 86' lang='lat' dir='ltr'><strong>nascitur,</strong></span> <span class='ocrx_word' id='word_1_868' title='bbox 2275 5663 2328 5710; x_wconf 91' lang='lat' dir='ltr'><strong>et</strong></span> <span class='ocrx_word' id='word_1_869' title='bbox 2359 5655 2412 5709; x_wconf 92' lang='lat' dir='ltr'><strong>in</strong></span> <span class='ocrx_word' id='word_1_870' title='bbox 2440 5670 2627 5709; x_wconf 87' lang='lat' dir='ltr'><strong>amore</strong></span> <span class='ocrx_word' id='word_1_871' title='bbox 2669 5653 2970 5710; x_wconf 74' lang='lat' dir='ltr'><strong>cmlestium</strong></span> <span class='ocrx_word' id='word_1_872' title='bbox 2999 5655 3317 5727; x_wconf 87' lang='lat' dir='ltr'><strong>gaudiorum</strong></span> <span class='ocrx_word' id='word_1_873' title='bbox 3345 5659 3561 5717; x_wconf 80' lang='lat' dir='ltr'><strong>animus</strong></span> 
     </span>
    </p>
   </div>
   <div class='ocr_carea' id='block_1_118' title="bbox 1972 5745 3560 5817">
    <p class='ocr_par' dir='ltr' id='par_1_118' title="bbox 1972 5745 3560 5817">
     <span class='ocr_line' id='line_1_118' title="bbox 1972 5745 3560 5817; baseline 0.004 -16"><span class='ocrx_word' id='word_1_874' title='bbox 1972 5745 2358 5804; x_wconf 83' lang='lat' dir='ltr'><strong>inﬂammatur.</strong></span> <span class='ocrx_word' id='word_1_875' title='bbox 2407 5746 2478 5802; x_wconf 87' lang='lat' dir='ltr'><strong>Et</strong></span> <span class='ocrx_word' id='word_1_876' title='bbox 2500 5746 2591 5816; x_wconf 93' lang='lat' dir='ltr'><strong>qui</strong></span> <span class='ocrx_word' id='word_1_877' title='bbox 2638 5746 2788 5817; x_wconf 91' lang='lat' dir='ltr'><strong>prius</strong></span> <span class='ocrx_word' id='word_1_878' title='bbox 2835 5745 2998 5803; x_wconf 88' lang='lat' dir='ltr'><strong>ﬁebat</strong></span> <span class='ocrx_word' id='word_1_879' title='bbox 3038 5764 3108 5806; x_wconf 90' lang='lat' dir='ltr'><strong>ne</strong></span> <span class='ocrx_word' id='word_1_880' title='bbox 3154 5749 3444 5805; x_wconf 88' lang='lat' dir='ltr'><strong>duceretur</strong></span> <span class='ocrx_word' id='word_1_881' title='bbox 3489 5745 3560 5807; x_wconf 83' lang='lat' dir='ltr'><strong>ad</strong></span> 
     </span>
    </p>
   </div>
   <div class='ocr_carea' id='block_1_119' title="bbox 1974 5837 3562 5915">
    <p class='ocr_par' dir='ltr' id='par_1_119' title="bbox 1974 5837 3562 5915">
     <span class='ocr_line' id='line_1_119' title="bbox 1974 5837 3562 5915; baseline 0.004 -21"><span class='ocrx_word' id='word_1_882' title='bbox 1974 5839 2312 5909; x_wconf 86' lang='lat' dir='ltr'><strong>supplicium,</strong></span> <span class='ocrx_word' id='word_1_883' title='bbox 2368 5839 2712 5908; x_wconf 86' lang='lat' dir='ltr'><strong>postmodum</strong></span> <span class='ocrx_word' id='word_1_884' title='bbox 2767 5837 2898 5897; x_wconf 86' lang='lat' dir='ltr'><strong>ﬁere</strong></span> <span class='ocrx_word' id='word_1_885' title='bbox 2948 5841 3290 5900; x_wconf 86' lang='lat' dir='ltr'><strong>amarissime</strong></span> <span class='ocrx_word' id='word_1_886' title='bbox 3343 5841 3562 5915; x_wconf 78' lang='lat' dir='ltr'><strong>incipit.</strong></span> 
     </span>
    </p>
   </div>
  </div>
