4020 6470
499 328 605 411 iii

1772 322 2131 417 ειωιᾼαίιι
2167 330 2463 411 mutis

3683 342 3798 405 676

498 460 624 529 auia
665 452 913 527 ditium:
943 468 976 523 ι
1018 466 1204 526 nem-
1249 451 1660 527 βριιιβιιιιιιειιμν
1696 454 1899 527 ctenim
1937 470 2089 527 mens
2116 458 2253 539 Αμι
2280 454 2376 529 ﬁlii
2405 454 2505 512 Dei
2528 467 2651 515 esse
2672 467 3043 535 ωθτετβιριπ»
3084 456 3363 512 consecuti
3396 473 3608 517 Sumus.
3651 461 3795 535 Hinc

500 550 590 622 qui
630 548 739 617 sint
763 546 839 615 illi
868 544 1100 617 angelici
1138 544 1318 613 chori,
1355 559 1477 616 quae
1516 544 1748 615 societas
1777 552 2090 617 sanctorum

500 641 806 714 spirituum,
852 652 974 711 quae
1018 634 1275 706 maiestas
1323 646 1540 705 (eternae
1583 635 1808 692 visionis
1848 635 1942 705 Dei
1979 654 1991 689 :
2038 643 2093 691 et

500 733 731 805 amplius
756 732 963 806 plangit
986 731 1112 807 quia
1135 745 1166 785 a
1196 730 1352 793 bonis
1380 729 1709 802 perennibus
1731 732 1906 801 deest,
1928 744 2091 801 quam

498 827 664 897 ﬂebat
681 827 850 899 prius,
883 840 1006 895 cum
1033 824 1178 880 mala
1210 831 1415 895 eterna
1455 826 1751 891 metuebat.
1807 822 2005 897 Sicque
2033 822 2094 883 lit

500 931 560 987 ut
599 921 836 995 perfecta
893 920 1237 990 compunctio
1281 918 1590 985 formidinis
1628 920 1810 989 trahat
1849 918 2091 977 animum

499 1012 904 1083 compunctioni
931 1011 1253 1079 dilectionis.
1306 1010 1572 1082 lrriguum
1603 1010 1801 1085 quippe
1844 1009 2093 1085 superius

498 1107 694 1179 accipit
738 1106 941 1175 anima,
973 1121 1095 1163 cum
1140 1120 1260 1161 sese
1292 1104 1349 1171 in
1380 1104 1635 1175 lacrymis
1672 1103 1912 1173 cmlestis
1941 1101 2093 1173 regni

499 1198 768 1269 desiderio
823 1195 1027 1269 aliligit.
1085 1197 1350 1268 irriguum
1402 1211 1533 1267 vero
1594 1196 1819 1257 inferius
1876 1196 2091 1266 accipit,

500 1287 847 1361 cuminierni
894 1286 1156 1361 supplicia
1210 1286 1383 1355 ﬂendo
1418 1288 1777 1361 pertimescit.
1831 1287 2096 1349 Dicebant

501 1380 569 1453 de
593 1380 788 1453 abbate
809 1379 1036 1453 Arsenio
1059 1379 1200 1451 quod
1227 1388 1339 1438 toto
1362 1388 1602 1451 tempore
1625 1379 1746 1433 vita:
1771 1394 1881 1435 suae
1903 1380 2096 1433 sedens

500 1470 569 1543 ad
606 1486 742 1545 opus
786 1485 1063 1543 manuum,
1096 1485 1334 1539 pannum
1368 1470 1600 1526 habebat
1635 1471 1690 1525 in
1725 1470 1846 1527 sinu
1874 1477 2097 1541 propter

501 1559 792 1635 laerymas,
816 1574 934 1629 qua:
961 1561 1153 1635 crebro
1175 1563 1468 1635 currebant
1497 1579 1565 1619 ex
1591 1562 1763 1621 oculis
1784 1561 1921 1631 ejus.
1952 1562 2098 1637 Dixit

496 1660 691 1727 saneta
733 1648 1041 1721 Synelctice
1067 1670 1080 1706 :
1109 1652 1289 1708 Labor
1314 1663 1400 1713 est
1426 1662 1482 1719 et
1508 1663 1789 1733 certamen
1819 1671 2091 1729 magnum,

500 1738 557 1817 in
585 1741 775 1817 primis
800 1742 889 1812 qui
928 1752 1318 1817 convertuntur
1342 1745 1409 1800 ad
1439 1745 1744 1814 Dominum,
1788 1756 1977 1821 postea
2001 1764 2097 1802 au-

2195 547 2392 611 iterum
2419 547 2561 603 idem
2590 545 2826 603 Joannes
2856 548 2932 601 ait
2974 565 2987 601 :
3017 544 3350 615 Charissimi,
3393 568 3533 605 nunc
3556 552 3659 622 ﬁlii
3698 554 3796 610 Dei

2194 654 2397 703 sumus,
2421 649 2467 692 et
2497 638 2730 691 nondum
2758 638 3003 713 apparuit
3028 638 3157 710 quid
3186 640 3381 694 erimus
3406 638 3461 707 (I
3485 641 3658 697 Joan.
3683 648 3796 717 ιιι).

2196 729 2331 785 Hinc
2358 730 2554 799 iterum
2600 730 2714 801 ipse
2761 748 2773 783 :
2819 728 2889 783 Et
2919 745 3012 784 nos
3042 733 3379 802 cognorimus
3398 774 3413 799 ,
3449 744 3498 787 et
3528 737 3800 793 credimus

2196 823 2441 879 charitati
2459 866 2473 890 ,
2499 842 2657 897 quam
2682 824 2834 881 habet
2861 824 3003 899 Deus
3029 826 3082 879 in
3109 827 3256 881 nobis
3286 826 3339 902 (Ι
3359 827 3525 883 Joan.
3555 828 3660 903 tv).
3701 830 3805 887 Co-

2194 915 2477 991 gnovimus
2520 917 2647 988 quia
2695 914 2855 972 Jesus
2892 926 2975 972 est
3011 917 3183 973 Filius
3227 918 3351 984 Det,
3397 930 3452 974 et
3477 923 3612 993 quia
3639 924 3805 985 Pater

2194 1008 2346 1063 misit
2373 1022 2494 1083 eum
2526 1006 2863 1063 Salvatorcm
2892 1008 3076 1081 mundi
3108 1023 3121 1062 :
3153 1018 3200 1062 et
3230 1010 3495 1066 credimus
3520 1014 3800 1081 charitati,

2195 1078 2353 1175 quam
2383 1078 2534 1157 habet
2561 1102 2702 1157 Deus
2730 1103 2785 1156 in
2812 1102 2980 1158 nobis.
3021 1078 3158 1173 Quia
3189 1102 3441 1159 videiicet
3463 1121 3595 1162 cum
3628 1108 3802 1163 habe-

2197 1201 2281 1249 ret
2313 1193 2561 1260 Unicum,
2591 1194 2763 1248 noluit
2798 1210 2919 1250 esse
2948 1210 3111 1248 unum
3131 1236 3144 1259 ,
3195 1194 3290 1269 sed
3316 1204 3377 1249 ut
3403 1193 3611 1252 fratres
3636 1198 3804 1255 habe~

2199 1295 2320 1352 ret,
2359 1288 2639 1365 adeptavit
2686 1287 2760 1363 illi
2804 1288 2974 1353 alios,
3022 1290 3113 1367 qui
3160 1306 3283 1347 cum
3326 1292 3419 1347 illo
3451 1294 3805 1367 possiderent

2196 1378 2363 1432 vitam
2391 1362 2674 1445 aeternam.
2702 1362 2853 1441 Dixit
2878 1381 3044 1435 abbas
3078 1362 3291 1461 Pastor,
3334 1362 3466 1455 quia
3493 1384 3807 1457 interroga—

2198 1468 2276 1523 vit
2302 1470 2521 1540 quidam
2554 1468 2726 1541 frater
2748 1469 2998 1543 abbatem
3027 1472 3361 1551 Pcemenem,
3393 1477 3591 1537 dicens
3620 1496 3635 1531 :
3665 1478 3805 1547 Quid

2199 1570 2283 1617 est
2316 1560 2458 1632 quod
2488 1560 2543 1633 in
2580 1561 2873 1635 Evangelia
2899 1563 3159 1621 Dominus
3190 1566 3358 1625 dicit:
3397 1567 3677 1640 Majorem
3710 1572 3805 1625 hac

2199 1654 2509 1733 pharitatem
2543 1673 2692 1725 nemo
2730 1655 2913 1723 habet,
2955 1674 3115 1730 quam
3152 1669 3207 1715 ut
3239 1663 3354 1737 quis
3382 1662 3627 1733 animam
3652 1682 3806 1720 sm

2197 1762 2293 1816 pro
2339 1747 2510 1800 amico
2551 1758 2713 1827 ponat
2759 1747 2940 1819 (Joan.
2972 1750 3086 1823 xv).
3130 1752 3413 1831 Quomodo
3442 1754 3507 1810 ﬁt
3532 1756 3682 1812 hoc?
3711 1758 3810 1816 Re-

500 1842 610 1913 tetn
639 1836 998 1913 inenarrabile
1048 1840 1303 1917 gaudium
1352 1842 1573 1899 habent.
1625 1842 1777 1898 Sicut
1805 1844 1950 1901 enim
1995 1844 2086 1913 qui
2116 1831 2165 1895 Β
2193 1836 2411 1905 spondit
2434 1852 2630 1909 senex:
2660 1837 2716 1895 Si
2746 1840 2868 1915 quis
2901 1842 3053 1903 ειυάἱι
3090 1845 3318 1900 Verbum
3362 1846 3574 1913 malum
3610 1864 3643 1903 ³
3683 1866 3807 1921 PN-

498 1925 681 2005 igpem
713 1930 1010 2001 accendere
1036 1931 1248 1997 volunt,
1279 1936 1516 2003 primum
1548 1933 1905 2005 infumantur,
1936 1943 1992 1990 et
2018 1936 2097 2007 sic

499 2018 742 2093 obtinent
776 2021 919 2093 quod
948 2021 1158 2095 volunt,
1188 2024 1262 2079 ita
1287 2031 1502 2096 oportet
1528 2040 1627 2080 nos
1655 2026 1894 2099 divinum
1915 2027 2098 2097 ignem

500 2125 627 2167 cum
659 2112 917 2185 Iacrymis
963 2124 1125 2184 atque
1157 2114 1434 2179 laboribus
1461 2116 1517 2169 in
1558 2116 1712 2181 nobis
1745 2116 1879 2189 ipsis
1908 2132 2097 2187 accen-

498 2208 647 2264 dere.
685 2207 960 2280 Scriptum
986 2220 1071 2267 est
1094 2211 1238 2275 enim
1268 2213 1396 2281 quia
1435 2213 1578 2267 Deus
1605 2224 1780 2268 noster
1812 2215 1948 2286 ignis
1973 2234 2099 2272 con-

499 2316 711 2361 sumens
755 2311 830 2373 est
867 2302 1045 2373 (Deut.
1076 2318 1166 2373 tv;
1199 2301 1359 2373 Hebr.
1392 2304 1512 2377 xii).
1545 2305 1692 2373 Dixit
1730 2323 1895 2363 senex
1921 2323 1936 2363 :
1961 2308 2102 2377 Quo-

498 2393 661 2463 modo
699 2396 948 2453 umbram
995 2410 1281 2467 corporum
1330 2407 1643 2468 nostrorum
1682 2401 1882 2472 ubique
1923 2404 2101 2463 nobis-

498 2498 621 2555 cum
653 2484 1110 2555 circumferimus,
1142 2487 1221 2541 sic
1247 2488 1506 2559 debemus
1535 2489 1720 2547 fletum
1749 2509 1813 2549 ex
1844 2510 2099 2566 compun-

498 2576 679 2651 ctipne
709 2576 909 2651 habere
935 2578 1217 2651 nobiseum
1246 2579 1554 2663 ubicunque
1581 2598 1786 2641 sumus.
1836 2586 1982 2657 Dixit
2010 2589 2099 2643 ab-

495 2665 595 2745 bas
623 2668 936 2743 Hyperitius
963 2688 976 2724 :
1006 2669 1176 2729 Nocte
1216 2679 1272 2726 et
1301 2671 1388 2725 die
1414 2672 1627 2735 laborat
1659 2677 1977 2747 monachus,
2018 2680 2097 2743 vi-

498 2758 687 2833 gilans,
726 2759 779 2814 in
825 2760 1163 2833 orationibus
1206 2778 1554 2833 permanens,
1598 2782 1969 2845 compungens
1994 2788 2093 2829 au-

497 2856 608 2925 tem
636 2866 729 2909 cor
760 2866 937 2915 suum,
988 2854 1242 2923 producit
1287 2855 1580 2929 lacrymas,
1609 2868 1664 2915 et
1704 2861 1935 2918 celerius
1967 2878 2096 2935 pro-

498 2951 656 3019 vpcat
697 2944 1128 3017 misericordiam
1158 2947 1273 3021 Dei.

1027 3034 1257 3111 carui
1308 3038 1531 3109 LXXXI

610 3124 684 3201 pe
720 3143 779 3180 eo
814 3126 954 3198 quod
983 3131 1154 3184 sancti
1183 3133 1427 3187 monachi
1454 3132 1557 3201 ﬁlii
1580 3132 1679 3187 Dei
1706 3145 1981 3193 vocantur.

2202 1929 2351 2005 xime
2394 1946 2529 1998 suo,
2576 1942 2631 1989 et
2676 1950 2800 1989 cum
2845 1938 3017 2007 possit
3060 1938 3176 2010 ipse
3216 1939 3414 1994 similia
3444 1942 3803 2012 respondere,

2198 2033 2403 2097 pugnat
2429 2034 2606 2097 tamen
2639 2028 2691 2083 in
2718 2033 2881 2085 corde
2920 2047 3017 2086 suo
3052 2041 3269 2102 portare
3294 2033 3580 2102 laborem,
3610 2042 3673 2091 et
3700 2036 3803 2092 vim

2201 2119 2305 2189 sibi
2342 2119 2474 2187 facit
2510 2135 2578 2176 ne
2608 2120 2747 2176 forte
2782 2122 3105 2194 respondeat
3136 2125 3209 2185 illi
3252 2125 3458 2199 malum
3498 2136 3566 2181 ut
3604 2129 3805 2184 contri-

2202 2217 2310 2263 stet
2338 2210 2509 2274 illum,
2541 2212 2643 2268 iste
2667 2213 2789 2273 talis
2831 2216 3068 2285 animam
3106 2231 3260 2273 suam
3300 2219 3455 2288 ponit
3492 2234 3603 2289 pro
3631 2222 3803 2277 amico

2202 2317 2321 2358 suo.
2360 2302 2600 2376 Contigit
2628 2306 2919 2379 aliquando
2944 2310 3196 2366 abbatem
3225 2310 3372 2367 Pabo
3401 2314 3513 2369 iter
3538 2330 3669 2370 cum
3698 2315 3802 2373 fra-

2201 2394 2377 2465 tribus
2418 2396 2469 2449 in
2506 2404 2692 2466 partes
2733 2396 2954 2470 Egypti
2984 2398 3194 2468 facere,
3224 2413 3277 2458 et
3310 2404 3507 2461 videns
3535 2409 3799 2476 quosdam

2201 2486 2489 2542 szeculares
2520 2490 2791 2557 sedentes,
2825 2492 2957 2546 dicit
2982 2492 3063 2548 eis
3091 2512 3103 2547 :
3134 2493 3374 2567 Surgite,
3406 2505 3463 2552 et
3491 2498 3803 2554 salutateet

2201 2577 2520 2651 oscuiamini
2559 2583 2884 2650 monachos,
2912 2592 2973 2653 ut
3003 2586 3419 2643 benedicamini.
3463 2589 3805 2661 Frequenter

2200 2670 2344 2743 enim
2367 2686 2493 2741 cum
2519 2673 2631 2743 Deo
2665 2672 2979 2744 loquuntur,
3012 2686 3069 2733 et
3097 2689 3283 2735 sancta
3307 2692 3441 2741 sunt
3463 2699 3564 2738 ora
3590 2699 3801 2740 eorum.

2736 2766 2964 2827 CAPUT
2998 2770 3260 2839 LXXXII.

2201 2853 2355 2922 Quod
2378 2874 2445 2913 ex
2472 2856 2751 2927 uirtutibus
2775 2862 2988 2921 virtutes
3005 2904 3018 2928 ,
3056 2873 3105 2918 et
3129 2881 3194 2919 ex
3221 2867 3358 2920 vitiis
3380 2868 3510 2924 vitia
3533 2869 3798 2926 oriuntur.

2268 2950 2469 3019 Omnes
2516 2956 2749 3011 virtutes
2797 2956 2852 3023 in
2902 2968 3193 3029 conspectu
3236 2959 3556 3018 Conditoris
3598 2965 3799 3020 vicaria

2196 3059 2298 3116 ope
2325 3059 2383 3101 se
2407 3045 2723 3113 sublevant,
2763 3054 2823 3105 ut
2854 3046 3004 3119 (quia
3030 3066 3135 3105 una
3164 3051 3337 3109 virtus
3365 3053 3489 3113 sine
3525 3053 3667 3121 alia,
3709 3056 3795 3112 vel

2198 3137 2341 3193 nulla
2371 3146 2454 3193 est
2480 3140 2733 3208 omnino,
2772 3141 2855 3197 vel
2893 3142 3140 3217 minima)
3172 3145 3414 3203 vicissim
3445 3162 3508 3207 se
3538 3164 3638 3205 sua
3668 3165 3797 3204 eon-

568 3215 709 3291 Hiqc
740 3218 999 3293 Dominus
1027 3220 1104 3276 ait
1131 3238 1142 3274 :
1168 3220 1321 3277 Beati
1342 3223 1570 3294 paciﬁci,
1601 3228 1849 3297 quoniam
1871 3230 1973 3299 ﬁlii
1992 3230 2088 3286 Dei
2117 3222 2162 3284 C
2188 3229 2468 3301 junctione
2504 3229 2750 3289 fulciant.
2803 3232 2960 3289 Nulla
2998 3215 3139 3299 bona
3184 3244 3310 3307 sunt
3344 3247 3583 3306 ctetera,
3623 3241 3668 3297 si
3705 3257 3796 3297 oc-

494 3313 819 3381 vocabuntur
866 3313 1085 3387 (Matth.
1118 3316 1196 3387 v).
1255 3316 1315 3371 In
1359 3332 1496 3387 pace
1544 3320 1805 3390 perfectio
1833 3330 1950 3390 est,
1996 3326 2087 3381 ubi

492 3404 630 3462 nihil
667 3415 951 3479 repugnat.
1015 3406 1081 3471 Et
1110 3407 1231 3463 ideo
1261 3407 1355 3463 lilii
1385 3408 1479 3465 Dei
1510 3411 1723 3481 pacifici
1764 3421 1920 3480 sunt,
1953 3431 2089 3485 quo-

492 3497 639 3575 niam
668 3498 803 3571 nihil
831 3498 886 3553 in
917 3498 998 3567 eis
1028 3499 1235 3555 resistit
1276 3498 1405 3557 Deo.
1438 3500 1658 3557 Paciﬁci
1701 3513 1880 3571 autem
1913 3505 1966 3573 in
2005 3522 2087 3563 se-

492 3590 742 3660 metipsis
786 3598 945 3658 sunt,
975 3593 1069 3662 qui
1096 3608 1285 3650 omnes
1321 3594 1486 3649 animi
1528 3596 1610 3651 sui
1657 3607 1837 3652 motus
1870 3613 2087 3669 compo—

491 3688 702 3751 pentes,
734 3680 870 3751 fiunt
896 3697 1121 3754 regnum
1150 3686 1267 3740 Dei.
1303 3683 1361 3741 Si
1391 3686 1483 3745 ﬁlii
1516 3688 1612 3742 Dei
1641 3704 1849 3757 sumus,
1875 3691 2089 3759 pacifici

493 3788 617 3845 esse
644 3773 919 3841 debemus.
947 3775 1212 3843 Pacificas
1237 3778 1384 3845 enim
1413 3794 1536 3835 esse
1558 3789 1774 3850 oportet
1798 3782 1891 3847 Dei
1925 3782 2083 3849 ﬁlios,

492 3875 550 3922 et
576 3868 827 3934 humiles,
861 3878 1041 3925 mente
1072 3871 1265 3938 mites,
1302 3873 1464 3927 corde
1508 3872 1802 3943 simplices,
1836 3891 2087 3941 sermone

492 3973 680 4029 puros,
713 3959 895 4015 animo
937 3961 1290 4031 innocentes,
1341 3962 1537 4031 atlectu
1574 3967 1903 4031 concordes,
1953 3967 2087 4020 sibi-

492 4056 606 4102 met
654 4050 982 4107 unanimiter
1026 4053 1381 4121 colnerentcs.
1441 4055 1579 4131 Iiine
1607 4064 1658 4111 et
1688 4055 1926 4113 Joannes
1959 4074 2086 4128 apo-

490 4138 663 4199 stolus
689 4141 765 4213 ait
790 4160 801 4197 :
844 4140 1025 4197 Videte
1048 4143 1256 4216 qualem
1281 4145 1595 4202 charitatem
1628 4149 1771 4204 dedit
1795 4149 1943 4205 nobis
1972 4149 2086 4205 Pa-

491 4239 593 4297 ter,
636 4242 692 4291 ut
739 4232 840 4303 lilii
874 4235 967 4288 Dei
1018 4237 1348 4290 nominemur
1392 4249 1439 4291 et
1489 4240 1655 4294 simus
1700 4241 1752 4311 (1
1779 4240 1939 4296 Joan.
1975 4242 2079 4316 ιιι).

490 4322 682 4395 Magna
714 4334 797 4379 est
827 4327 1005 4401 gratia
1055 4329 1352 4385 conditoris
1389 4331 1559 4385 nostri
1596 4347 1759 4402 quam
1803 4334 1960 4389 nobis
1990 4335 2086 4390 do-

489 4416 660 4487 navit,
694 4423 753 4469 ut
779 4432 902 4472 eum
934 4434 1116 4473 amare
1156 4430 1211 4473 ct
1247 4423 1558 4478 noverimus
1598 4432 1652 4478 et
1686 4426 1995 4493 possimus:
2029 4439 2084 4485 et

490 4504 566 4560 ita
602 4520 807 4570 amare,
839 4514 895 4579 ut
922 4518 1134 4576 patrem
1167 4511 1290 4579 lilii,
1332 4529 1457 4568 cum
1494 4523 1548 4568 et
1588 4517 1691 4570 hoc
1716 4532 1969 4587 magnum
1999 4534 2085 4575 es-

490 4604 596 4661 set,
632 4596 676 4651 si
726 4597 804 4651 sic
848 4613 1032 4677 amare
1081 4601 1232 4657 illum
1275 4620 1560 4675 possemus
1598 4609 1869 4677 quomodo
1898 4609 2085 4675 ﬁdeles

490 4688 636 4761 servi
670 4699 855 4749 amant
892 4694 1138 4753 dominos
1174 4714 1322 4754 suos.
1375 4698 1619 4767 Qualiter
1650 4711 1832 4759 autem
1867 4704 1959 4759 lilii
1987 4706 2084 4762 Dei

487 4776 628 4865 efﬁci
662 4781 990 4850 debeamus,
1046 4786 1187 4843 idem
1237 4788 1473 4848 Joannes
1519 4801 1769 4849 testatur.
1816 4794 2083 4869 Quotquot

486 4852 662 4921 autem
692 4884 993 4945 receperunt
1019 4892 1161 4944 eum,
1185 4878 1329 4933 dedit
1357 4881 1431 4935 eis
1454 4892 1763 4955 potestatem
1802 4885 1941 4955 ﬁlios
1968 4852 2086 4961 'Dei

487 4960 604 5047 ﬁeri
628 4963 690 5039 iis
718 4966 807 5036 qui
834 4968 1049 5024 credunt
1083 4972 1139 5025 in
1176 4974 1382 5030 nomine
1419 4977 1535 5047 ejus
1566 4977 1748 5048 (Joan.
1781 4977 1842 5049 ι).
1885 4960 2082 5036 Perfi-

488 5042 609 5107 dem
641 5069 771 5125 ergo
814 5067 869 5112 et
917 5059 1259 5142 dilectionem
1300 5064 1394 5123 filii
1435 5042 1528 5122 Dei
1559 5042 1840 5125 efﬁcimur.
1884 5070 2075 5143 Magna

485 5142 861 5237 benevolentia
889 5191 903 5217 ,
957 5168 1151 5224 magna
1200 5136 1576 5229 misericordia
1613 5177 1626 5214 :
1681 5159 1884 5221 Unicus
1920 5172 2080 5222 natus

488 5245 588 5303 est,
620 5248 674 5293 et
700 5239 869 5295 noluit
895 5258 1116 5299 manere
1145 5262 1305 5327 unus.
1361 5247 1467 5325 Sed
1495 5251 1636 5306 Deus
1668 5250 1897 5327 Unicum
1929 5271 2080 5312 eum-

487 5327 717 5401 demque
747 5331 923 5409 ipsum
952 5350 1113 5419 quem
1152 5348 1441 5415 genuerat,
1486 5349 1539 5396 et
1564 5358 1663 5414 per
1688 5358 1848 5415 quem
1883 5355 2078 5421 cuneta

487 5430 796 5491 creaverat,
850 5425 998 5482 misit
1038 5428 1093 5507 in
1140 5430 1285 5487 hunc
1326 5434 1616 5507 mundum,
1673 5445 1733 5492 ut
1778 5452 1886 5493 non
1931 5449 2077 5510 esset

487 5526 660 5583 unus,
699 5514 793 5569 sed
832 5515 1032 5576 fratres
1059 5521 1283 5581 haberet
1312 5526 1618 5597 adoptatos.
1660 5526 1778 5583 Non
1802 5530 1947 5584 enim
1977 5546 2076 5605 nos

487 5602 601 5685 uati
651 5621 839 5664 sumus
873 5608 940 5664 de
980 5610 1089 5667 Deo
1129 5628 1236 5683 quo
1270 5616 1429 5670 modo
1466 5616 1556 5673 ille
1597 5616 1949 5691 Unigenitus,
1980 5602 2077 5679 sed

491 5694 731 5771 adoptati
763 5713 861 5803 per
900 5702 1130 5782 gratiam
1160 5703 1279 5775 ejus
1308 5722 1513 5764 sumus.
1572 5709 1650 5763 Ex
1680 5726 1905 5768 munere
1930 5714 2075 5771 enim

490 5787 671 5848 divino
692 5787 845 5863 prius
863 5803 1186 5871 potestatem
1212 5800 1517 5875 adoptionis
1543 5802 1866 5873 accepimus,
1890 5816 2075 5878 postea

2193 3320 2323 3375 culti
2349 3320 2547 3404 iudicis
2575 3323 2747 3381 oculis
2784 3325 3056 3382 castitatis
3094 3328 3407 3389 testimonio
3442 3347 3554 3393 non
3597 3345 3792 3404 appro-

2190 3398 2407 3482 bentn‘r,
2443 3416 2487 3470 si
2512 3416 2594 3470 vel
2617 3418 2931 3475 castitatem
2955 3420 3236 3477 humilitas
3252 3422 3494 3490 deserat,
3510 3426 3600 3481 vel
3622 3398 3793 3483 humi-

2191 3504 2398 3575 litatem
2420 3508 2645 3575 castitas
2670 3509 2960 3580 relinquat.
2983 3512 3140 3582 Apud
3166 3522 3448 3575 auctorem
3468 3518 3792 3575 humilitatis

2190 3604 2244 3652 et
2266 3598 2543 3655 munditia:
2570 3602 2828 3671 prodesse
2855 3604 2991 3659 nihil
3017 3607 3277 3675 praevalet
3316 3609 3401 3663 vel
3440 3612 3683 3679 superba
3705 3628 3793 3668 ca-

2190 3690 2378 3759 stitas,
2415 3691 2501 3745 vel
2546 3692 2823 3749 humilitas
2864 3696 3166 3767 inquinata.
3205 3698 3299 3757 Sic
3327 3702 3464 3758 vitio
3490 3704 3687 3760 vitium
3716 3706 3791 3777 gi-

2189 3783 2392 3854 gnitur,
2444 3785 2523 3840 sic
2564 3786 2740 3845 virtus
2788 3790 2988 3845 virtute
3032 3794 3339 3864 concipitur
3390 3794 3581 3869 [Isid.,
3618 3800 3710 3854 lib.
3750 3816 3789 3854 ιι

2190 3873 2385 3947 Sent.].
2428 3876 2507 3945 Ex
2545 3879 2678 3933 vitio
2714 3881 2858 3937 enim
2891 3883 3084 3940 vitium
3110 3887 3379 3956 gignitur,
3418 3891 3564 3959 sicut
3604 3894 3663 3948 in
3694 3893 3799 3949 ωε

2190 3966 2300 4033 vid,
2333 3969 2423 4037 qui
2453 3970 2577 4024 dum
2623 3988 2729 4027 non
2775 3975 2999 4035 evitavit
3039 3978 3399 4048 adulterium,
3450 3987 3786 4055 perpetravit

2192 4057 2542 4129 homicidium
2573 4060 2658 4132 (Il
2690 4062 2815 4134 Reg.
2849 4066 2948 4137 xi).
2985 4067 3118 4123 Item
3158 4071 3331 4127 virtus
3364 4073 3574 4129 virtute
3609 4076 3783 4132 conci—

2187 4151 2357 4222 pitur,
2400 4153 2539 4208 sicut
2577 4171 2672 4224 per
2696 4157 2950 4214 virtutem
2986 4164 3310 4235 evangelicae
3347 4167 3779 4235 prtedicationis,

2188 4246 2446 4301 virtutem
2473 4251 2719 4320 martyrii
2745 4255 2969 4322 apostoli
2995 4268 3335 4315 meruerunt.
3386 4261 3541 4317 Dixit
3566 4273 3783 4319 sanctus

2188 4339 2280 4397 Gr:
2302 4343 2486 4412 gorins
2512 4343 2635 4412 quia
2672 4345 2788 4401 lucc
2810 4347 2916 4402 tria
2944 4349 3112 4419 exigit
3145 4351 3288 4406 Deus
3318 4354 3387 4407 ab
3420 4356 3573 4410 otnni
3609 4356 3781 4412 homi-

2188 4450 2256 4488 ne
2286 4437 2378 4504 qui
2415 4445 2501 4492 est
2539 4439 2864 4508 baptismum
2900 4454 3244 4509 consecutus,
3272 4446 3324 4501 id
3353 4455 3459 4513 est,
3503 4447 3672 4504 fidem
3707 4465 3782 4505 re-

2190 4535 2333 4582 ctam
2357 4544 2424 4584 ex
2457 4539 2567 4586 tota
2592 4532 2769 4587 anima
2799 4543 2853 4588 et
2876 4535 3097 4603 virtute,
3136 4538 3332 4610 lingua:
3381 4541 3777 4597 continentiam

2188 4626 2242 4671 et
2264 4620 2572 4676 castitatem
2605 4625 2869 4693 corporis.
2911 4627 3058 4682 Dixit
3092 4629 3260 4684 abbas
3294 4630 3606 4701 Evagrius:
3638 4633 3775 4688 Men-

2187 4717 2297 4763 tem
2332 4721 2604 4768 errantem
2632 4714 2717 4769 vel
2743 4724 3023 4773 nutantem
3059 4719 3256 4775 solidat
3282 4720 3449 4776 lectio
3474 4731 3536 4778 et
3558 4725 3768 4796 vigilite,

2186 4810 2241 4857 et
2286 4803 2483 4859 oratio.
2544 4804 3054 4878 Concupiscentiam
3093 4828 3224 4868 vero
3260 4830 3607 4871 marcescere
3650 4815 3773 4871 facit

2185 4894 2415 4959 esuries,
2454 4905 2508 4951 et
2534 4897 2705 4966 labor,
2734 4909 2789 4956 et
2819 4901 3070 4958 solitudo.
3118 4904 3459 4961 iracundiam
3484 4915 3668 4961 autem
3696 4919 3772 4959 re-

2182 4988 2372 5057 primit
2394 4990 2715 5059 psalmodia,
2759 5002 2813 5049 et
2844 4995 3258 5067 longanimitas,
3293 5008 3347 5054 et
3369 5000 3762 5056 misericordia.

2186 5077 2292 5139 Sed
2313 5079 2427 5136 haec
2447 5087 2765 5154 opportunis
2787 5091 3125 5159 temporibus
3145 5100 3201 5146 et
3223 5092 3496 5148 mensuris
3520 5094 3767 5163 congruis

2184 5170 2461 5229 adhibitis.
2506 5173 2633 5241 Qum
2660 5187 2841 5234 autem
2869 5196 2978 5236 non
3009 5192 3333 5253 opportune,
3357 5186 3447 5241 vel
3472 5187 3596 5243 sine
3625 5201 3763 5241 men-

2183 5277 2310 5319 sura
2340 5262 2497 5329 ﬁunt,
2526 5267 2591 5323 ad
2620 5283 2846 5338 parvum
2883 5280 3094 5344 tempus
3120 5276 3432 5346 proficiunt.

2695 5358 2926 5417 CAPUT
2978 5364 3260 5423 LXXXIII.

2523 5447 2665 5514 Quid
2691 5452 2760 5507 sit
2781 5455 2973 5526 conﬁgi
2994 5456 3193 5514 Christi
3219 5461 3405 5515 cruci?
3432 5526 3444 5544 '

2256 5537 2472 5595 Tollens
2496 5544 2792 5601 monachus
2828 5562 3045 5605 crucem
3072 5566 3223 5605 suam
3243 5593 3256 5617 ,
3287 5562 3341 5607 et
3375 5537 3651 5609 Christum
3680 5567 3761 5610 se-

2186 5643 2357 5699 quens
2381 5633 2722 5690 mortiﬁcatis
2748 5640 3009 5697 membris
3039 5656 3202 5713 super
3222 5651 3446 5709 terram,
3484 5654 3539 5700 et
3569 5643 3764 5699 arundo

2185 5730 2458 5789 mortuus,
2508 5732 2564 5781 et
2592 5726 2964 5799 configuratus
3001 5734 3161 5791 morti
3197 5734 3324 5790 Jesu
3354 5735 3589 5801 Christi,
3627 5737 3759 5790 etin

2183 5812 2329 5885 ligno
2356 5815 2647 5874 Dominicm
2671 5824 2939 5889 passionis
2965 5825 3182 5893 atlixus,
3215 5827 3301 5883 hic
3326 5827 3616 5896 conﬁgitur
3640 5842 3762 5884 cru-
