4020 6462
490 375 596 432 6Ἱ9

1787 363 2141 423 SMABAGDI
2176 364 2468 421 ABBATIS

3663 365 3780 425 680

489 505 718 554 vanum,
766 496 822 544 et
856 487 1062 544 invenit
1083 501 1208 541 eum
1233 485 1287 540 in
1317 499 1542 542 excessu
1575 485 1773 542 mentis
1793 527 1808 552 ,
1837 493 1892 542 et
1917 495 2076 542 erant
2101 484 2156 545 A
2179 489 2294 538 tum
2322 493 2536 554 tempus
2565 495 2630 537 ac
2650 480 2888 536 laborem
2918 481 2987 536 ad
3015 480 3248 552 patriam
3281 495 3446 552 quam
3489 480 3785 540 desideras

487 598 679 638 manus
711 583 829 654 ejus
868 591 1108 637 extensae
1138 580 1190 634 in
1222 579 1452 644 caelum;
1485 588 1541 634 et
1567 594 1692 634 cum
1713 579 1941 635 vidisset
1971 581 2068 647 ita,

487 674 687 730 clausit
716 675 916 729 ostium
939 680 994 728 et
1023 672 1175 727 exiit.
1221 671 1288 726 Et
1324 671 1536 726 intrans
1561 671 1707 726 circa
1736 672 1925 727 horam
1953 687 2075 727 sex—

487 774 602 822 tam
631 773 794 836 atque
830 780 1056 830 nonam,
1088 765 1296 818 invenit
1326 779 1452 819 eum
1484 763 1673 818 eodem
1696 762 1875 818 modo.
1917 761 2075 818 Circa

493 856 758 911 decimam
802 871 930 911 vero
955 857 1144 911 horam
1173 853 1440 923 pulsavit,
1481 863 1537 907 et
1570 853 1846 924 ingressus
1870 853 2078 908 invenit

490 962 616 1002 eum
652 947 1043 1016 quiescentem,
1075 955 1129 1002 et
1155 947 1286 1002 dicit
1315 946 1364 1000 ei
1403 965 1415 1000 :
1457 945 1597 1013 Quid
1627 947 1862 1002 habuisti
1892 946 2072 1012 hodie,

497 1035 694 1092 Pater?
724 1037 827 1105 Qui
855 1039 994 1094 dixit
1017 1038 1068 1093 ei
1103 1055 1117 1092 :
1149 1037 1458 1092 Intirmatus
1486 1052 1605 1092 sum
1627 1037 1805 1103 hodie,
1837 1037 1934 1092 fili.
1985 1037 2077 1092 Ille

491 1145 624 1185 vero
663 1139 853 1185 tenens
889 1131 1057 1200 pedes
1081 1129 1228 1198 ejus,
1260 1129 1474 1184 dicebat
1504 1147 1516 1183 :
1545 1128 1661 1184 Non
1700 1137 1753 1184 te
1783 1128 2072 1195 dimittam,

486 1219 592 1275 nisi
622 1219 946 1276 iudicaveris
986 1221 1119 1274 mihi
1164 1220 1293 1290 quid
1337 1219 1538 1274 vidisti.
1593 1219 1890 1289 Respondit
1911 1219 1958 1275 ei
1990 1234 2078 1274 se-

487 1326 594 1366 nex
621 1329 634 1364 :
666 1313 777 1382 Ego
807 1313 862 1366 in
889 1311 1086 1367 caelum
1112 1321 1298 1382 raptus
1324 1328 1465 1378 sum,
1495 1320 1550 1367 et
1572 1311 1690 1382 vidi,
1709 1311 1936 1382 gloriam
1958 1311 2074 1377 Dei,

485 1409 542 1456 et
567 1401 675 1456 illic
700 1401 823 1456 steti
854 1417 1025 1471 usque
1050 1403 1230 1468 modo,
1260 1411 1315 1456 et
1338 1419 1483 1458 nunc
1513 1402 1770 1457 dimissus
1797 1417 1935 1457 sum.

1006 1519 1233 1576 CAPUT
1271 1520 1554 1576 LXXXVI.

486 1610 565 1665 De
592 1614 863 1666 mansione
891 1623 1088 1667 wterna
1109 1629 1230 1683 quw
1272 1632 1302 1666 a
1337 1613 1446 1667 Deo
1491 1623 1791 1684 praeparata
1835 1621 1911 1666 est
1955 1630 2076 1667 san-

1228 1687 1346 1738 ctis.

563 1775 723 1831 Omni
770 1778 1009 1832 custodia
1037 1793 1298 1831 servemus
1345 1794 1437 1831 cor
1476 1786 1712 1831 nostrum
1750 1775 1934 1848 (Prov.
1975 1779 2076 1849 Iv),

2176 577 2483 648 pervenies.
2545 574 2637 631 Sic
2675 584 2761 631 est
2795 591 3020 647 regnum
3053 575 3352 642 ctelorum,
3398 584 3453 632 et
3487 577 3783 648 paradisus

2178 667 2520 733 deliciarum,
2551 677 2607 723 et
2632 666 3012 723 desiderabilis
3032 668 3212 736 patria
3237 668 3636 724 monachorum
3654 710 3670 732 ,
3706 670 3781 723 ad

2177 774 2337 828 quam
2363 776 2460 831 per
2485 761 2786 827 orationes,
2817 772 2873 817 et
2909 761 3121 832 vigilias
3138 803 3151 827 ,
3175 759 3381 832 jejunia
3405 769 3463 817 et
3486 762 3785 817 continen-

2178 852 2332 919 tiam,
2362 869 2460 923 per
2485 852 2757 925 lacrymas
2798 861 2854 910 et
2887 855 3279 921 obedientiam,
3315 870 3416 924 per
3442 855 3786 911 charitatem

2177 954 2232 1002 et
2261 949 2740 1018 perseverantiam,
2769 965 2868 1020 per
2905 949 3265 1004 humilitatem
3307 957 3364 1004 et
3382 949 3696 1019 justitiam,
3730 960 3790 1003 et

2178 1037 2224 1093 si
2251 1054 2373 1108 qua:
2419 1047 2547 1095 sunt
2591 1039 2714 1096 alim
2748 1041 3016 1108 virtutes,
3073 1042 3408 1112 pervenitur.
3470 1041 3602 1097 Ilatc
3636 1042 3789 1097 enim

2179 1141 2304 1187 sunt
2351 1133 2663 1190 mansiones
2719 1149 2820 1205 per
2871 1150 3008 1204 quas
3055 1136 3123 1191 ad
3167 1153 3395 1206 regnum
3447 1137 3685 1192 caeleste
3730 1144 3788 1190 et

2179 1222 2354 1278 Deum
2377 1223 2594 1280 Patrem
2619 1235 2879 1284 venturos
2907 1243 3005 1282 nos
3034 1243 3156 1284 esse
3186 1230 3478 1285 credimus.
3521 1228 3658 1285 Hzec
3677 1245 3790 1284 ser-

2178 1329 2278 1380 va,
2330 1330 2398 1370 ne
2428 1316 2618 1372 timeas
2654 1318 2870 1373 initium
2899 1320 3056 1376 bonae
3089 1322 3188 1376 viae
3222 1322 3540 1394 suscipere,
3577 1337 3708 1395 qua:
3738 1332 3790 1380 te

2177 1408 2249 1463 ad
2273 1407 2445 1464 vitam
2471 1410 2736 1479 perducat
2763 1421 3046 1467 aeternam.

2688 1503 2915 1562 CAPUT
2955 1505 3263 1562 LXXXVII.

2504 1594 2780 1660 Quomodo
2811 1596 2991 1651 beatus
3031 1599 3251 1669 efﬁcitur
3281 1600 3456 1655 homo.

2252 1682 2455 1740 Beatus
2485 1685 2577 1754 qui
2621 1685 2748 1740 odio
2789 1687 3044 1742 habuerit
3071 1690 3219 1744 hunc
3243 1693 3508 1746 mundum
3527 1732 3543 1756 ,
3580 1701 3643 1748 et
3665 1700 3788 1748 tan-

2185 1777 2464 1830 tummodo
2493 1775 2775 1832 meditatio
2810 1777 2928 1848 ejus
2963 1779 3127 1834 fuerit
3157 1781 3211 1835 in
3245 1781 3374 1838 Deo.
3450 1782 3665 1840 Beatus
3699 1786 3788 1856 qui

489 1866 727 1924 fratres:
761 1877 1140 1939 exspectantes
1180 1867 1634 1923 Patremfamilias
1669 1867 1948 1924 Christum
1975 1869 2081 1924 Do-
2109 1862 2156 1920 B
2184 1878 2498 1922 exsecratus
2533 1869 2697 1924 fuerit
2721 1879 3006 1941 peccatum
3046 1881 3103 1928 et
3157 1875 3421 1930 malitiam
3443 1917 3458 1940 ,
3511 1885 3570 1930 et
3617 1877 3788 1933 Deum

487 1961 693 2018 minum
749 1977 812 2015 ac
855 1961 1023 2017 Deum
1068 1969 1310 2016 nostrum
1354 1978 1367 2014 :
1421 1959 1526 2025 Qui
1573 1977 1692 2014 cum
1737 1960 1878 2014 dives
1923 1971 2074 2026 esset,

387 2057 404 2068 '
487 2063 698 2126 propter
746 2065 980 2108 nostram
1025 2053 1249 2108 salutem
1291 2068 1492 2123 pauper
1531 2052 1703 2121 factus
1728 2062 1804 2106 est
1841 2052 1927 2124 (ΙΙ
1952 2052 2074 2108 Cor.

487 2147 734 2216 vm),°ut
784 2162 882 2202 nos
926 2147 1238 2212 divitiarum
1285 2161 1506 2200 suarum
1542 2145 1727 2224 socios
1771 2144 1998 2210 faceret,
2025 2153 2080 2200 et

485 2237 775 2294 inelfabilis
831 2238 1027 2293 futurae
1081 2239 1264 2310 gloria:
1307 2237 1604 2308 participes
1657 2236 2074 2292 demonstraret.

486 2329 642 2387 Hunc
663 2347 792 2402 ergo
822 2332 1051 2403 diligere
1096 2333 1213 2387 sine
1263 2330 1670 2386 intermissione
1708 2329 1990 2395 debemus,
2021 2339 2082 2385 ut

487 2427 556 2481 ab
583 2427 700 2497 ipso
725 2442 943 2498 quoque
965 2428 1115 2499 diligi
1140 2443 1470 2494 mereamur,
1494 2436 1550 2480 et
1571 2442 1695 2482 cum
1719 2426 1809 2482 illo
1836 2427 1891 2480 in
1923 2441 2080 2480 man-

487 2519 696 2575 sionem
725 2521 897 2586 illam,
927 2537 1046 2591 quaz
1078 2522 1221 2592 apud
1250 2521 1468 2577 Patrem
1510 2531 1814 2594 praeparata
1853 2531 1937 2577 est
1963 2537 2082 2576 san-

487 2613 612 2679 ctis,
637 2613 1007 2675 introeamus;
1051 2614 1146 2668 ubi
1172 2615 1660 2686 contemplabimur
1681 2631 1899 2670 omnem
1923 2609 2079 2670 natu-

486 2718 606 2757 ram
629 2704 944 2774 angelorum
990 2714 1047 2760 et
1093 2705 1564 2777 archangelorum,
1613 2707 1876 2760 virtutum
1905 2715 1960 2759 et
1988 2721 2082 2774 po-

490 2799 745 2847 testatum
771 2834 786 2858 ,
831 2804 885 2849 et
926 2795 1170 2849 omnium
1217 2804 1552 2850 sanctorum.
1614 2796 1731 2851 Illic
1765 2796 2083 2851 vocabimur

487 2882 586 2939 ﬁlii
614 2885 729 2952 Dei,
759 2886 869 2942 illic
895 2888 1209 2957 aperientur
1240 2887 1396 2942 nobis
1424 2898 1595 2958 portae
1624 2889 1806 2959 regni.
1838 2897 1894 2943 et
1915 2889 2081 2942 intra-

485 2976 666 3034 bimus
700 2979 757 3033 in
783 2980 1081 3049 penetralia
1114 2979 1324 3045 Patris,
1351 2981 1460 3036 illic
1488 2981 1770 3052 apparebit
1807 2981 1964 3036 nobis
1989 2979 2083 3036 Sol

485 3065 707 3137 iustitiae
743 3067 1011 3124 Christus.
1085 3068 1205 3124 Illic
1257 3071 1656 3141 transformabit
1700 3070 1843 3126 Deus
1890 3088 2080 3142 corpus

487 3158 803 3216 humilitatis
840 3171 1064 3229 nostrae,
1109 3163 1377 3234 conformo
1405 3165 1606 3235 factum
1635 3164 1841 3236 corpori
1863 3163 2083 3219 clarita-

488 3252 554 3306 tis
583 3270 694 3307 sum
723 3251 890 3318 (Phil.
921 3254 1025 3327 ιιι).
1053 3228 1194 3310 Illic
1209 3228 1556 3310 renovabitur
1583 3228 1958 3328 sicut'aquilm,
1987 3256 2083 3326 ju-
2109 3228 2154 3291 Ο

487 3355 668 3400 ventus
694 3358 875 3402 nostra
927 3346 1100 3420 (Psal.
1128 3350 1225 3421 cu)
1245 3391 1258 3413 ,
1303 3350 1412 3406 illic
1439 3350 1802 3420 percipiemus
1822 3364 2081 3406 coronam

487 3441 942 3512 pulchritudinis,
980 3452 1036 3498 et
1073 3452 1280 3499 vestem
1304 3444 1659 3515 jncunditalis
1691 3445 1756 3500 de
1779 3459 1942 3499 manu
1977 3445 2081 3499 Do-

488 3534 644 3597 mini,
684 3541 740 3588 et
765 3535 1008 3590 dicemus
1040 3536 1095 3589 in
1127 3536 1217 3590 illa
1245 3537 1332 3590 die
1359 3555 1372 3591 :
1412 3537 1648 3591 Lmtetur
1683 3537 1861 3591 anima
1893 3543 2080 3591 nostra

489 3621 546 3678 in
575 3624 834 3690 Domino,
877 3628 1006 3695 quia
1032 3627 1204 3681 induit
1234 3645 1327 3682 nos
1358 3629 1656 3683 vestimento
1687 3629 1874 3684 salutis
1909 3642 1957 3685 et
1986 3633 2082 3701 ju-

489 3713 672 3780 stitite,
719 3725 766 3770 et
815 3717 1160 3770 circumdedit
1206 3735 1300 3772 nos
1347 3718 1653 3773 indumento
1680 3720 1898 3775 Ιίειίιὶω.
1942 3721 2082 3777 Tan-

491 3823 653 3878 quam
682 3824 872 3878 sponso
903 3808 1256 3880 circumponet
1290 3811 1436 3864 nobis
1464 3813 1676 3866 mitram
1696 3854 1710 3878 ,
1749 3827 1796 3867 et
1827 3825 2080 3887 tanquam

489 3915 740 3970 sponsam
769 3899 976 3954 ornabit
1005 3918 1098 3955 nos
1135 3913 1441 3957 ornamento
1485 3903 1619 3976 (Isa.
1654 3905 1787 3975 th).
1817 3905 1939 3960 Illic
1971 3907 2080 3977 ful-

489 3990 721 4062 gebimus
749 3993 886 4046 sicut
910 3992 1004 4046 Sol
1023 3994 1081 4048 in
1105 4011 1266 4066 regno
1283 3993 1466 4050 Patris
1496 3998 1660 4051 nostri
1690 3997 1907 4068 (Matth.
1933 4000 2078 4073 xm),

491 4083 604 4140 illic
630 4085 959 4142 immortalia
996 4087 1193 4143 stecula
1229 4096 1286 4143 et
1317 4090 1690 4159 permanentia
1722 4091 2077 4147 inveniemus.

490 4177 604 4234 illic
629 4178 918 4235 donabitur
955 4180 1112 4236 nobis
1143 4181 1264 4236 sine
1294 4183 1792 4252 perturbationibus
1819 4193 1873 4240 et
1899 4183 2078 4240 ﬂucti-

491 4268 592 4326 bus
626 4269 902 4342 longitudo
927 4273 1136 4328 dierum
1155 4315 1170 4339 ,
1203 4274 1294 4330 ubi
1324 4289 1539 4346 semper
1573 4291 1678 4332 vox
1705 4277 2005 4332 laetantium
2026 4286 2082 4334 et

493 4365 882 4421 exsultantium
912 4368 1036 4421 erit.
1095 4368 1210 4424 Illic
1254 4371 1409 4424 nobis
1433 4379 1769 4440 praeparatus
1791 4379 1874 4426 est
1904 4371 2076 4438 locus,

492 4465 548 4512 et
575 4457 785 4512 mansio
831 4464 1036 4512 eterna
1081 4458 1135 4511 in
1162 4459 1323 4513 domo
1345 4459 1558 4515 Domini
1593 4469 1648 4516 et
1681 4477 1837 4516 muro
1865 4462 2001 4531 ejus,
2027 4471 2076 4517 et

494 4564 692 4604 nomen
741 4549 1132 4620 sempiternum
1180 4551 1324 4620 quod
1365 4568 1472 4606 non
1521 4552 1806 4607 delebitnr.
1849 4552 2080 4610 Oremus

492 4655 624 4712 ergo
652 4655 889 4711 semper,
941 4641 1140 4698 fratres
1163 4642 1538 4710 dilectissimi,
1574 4652 1635 4698 ut
1663 4643 1956 4700 transferat
1981 4663 2080 4704 nos

494 4731 756 4787 Dominus
787 4732 906 4802 pius
932 4739 1095 4802 atque
1119 4734 1385 4806 benignus
1414 4735 1465 4789 in
1503 4735 1647 4789 illam
1683 4736 1896 4790 beatam
1927 4753 2078 4808 spem

493 4831 550 4878 et
583 4822 911 4878 ineffabilem
939 4824 1181 4881 laetitiam
1207 4835 1263 4882 et
1300 4828 1634 4884 mansionem
1663 4839 1955 4896 mternam,
1987 4832 2080 4886 ubi

493 4922 578 4968 est
606 4930 820 4986 semper
844 4915 1080 4972 laudatio
1109 4926 1164 4972 et
1193 4918 1502 4984 exsultatio,
1533 4929 1588 4975 et
1606 4918 1917 4988 jucunditas
1939 4938 2082 4977 sem-

493 5005 726 5075 piterna.
770 5007 828 5062 Si
856 5008 1130 5064 desideras
1152 5025 1270 5065 esse
1300 5011 1557 5078 caelestis,
1589 5029 1804 5084 semper
1827 5031 1946 5085 qua:
1972 5023 2080 5070 ter-

496 5110 624 5151 rena
655 5105 782 5152 sunt
810 5113 1098 5155 exsecrare
1127 5109 1185 5156 et
1216 5102 1462 5172 despice,
1502 5104 1864 5174 perfecturum
1894 5122 2077 5162 exem-

495 5188 820 5266 plasectare
843 5231 857 5256 ,
893 5200 948 5246 et
996 5192 1236 5248 imitator
1263 5195 1456 5249 existe.
1498 5195 1576 5250 Ne
1602 5199 1808 5269 cogites
1843 5199 1987 5255 intra
2023 5207 2077 5256 te

495 5282 681 5338 dicens
709 5302 721 5337 :
754 5283 954 5339 Multus
979 5293 1062 5340 est
1101 5285 1257 5342 labor
1285 5290 1546 5358 pr0positi
1583 5298 1744 5360 atque
1775 5293 2074 5352 institutio.

496 5374 580 5428 nis
626 5377 986 5433 monachatus
1028 5379 1234 5447 nostri;
1291 5395 1393 5450 ego
1429 5389 1607 5436 autem
1639 5399 1755 5438 sum
1787 5400 1990 5455 parvus
2019 5396 2077 5443 et

497 5466 777 5533 intirmus,
820 5484 929 5524 non
960 5470 1112 5526 valeo
1145 5472 1199 5526 in
1233 5473 1337 5527 hoc
1361 5475 1638 5544 proposito
1670 5479 1987 5534 consistere.
2029 5479 2075 5536 Ο

498 5559 846 5616 dilectissime
890 5562 1080 5632 frater,
1131 5566 1368 5637 intellige
1411 5585 1531 5639 quae
1571 5571 1713 5626 dico.
1757 5571 1813 5627 Si
1842 5575 2080 5630 volueris

499 5651 767 5721 proficisci
805 5654 859 5708 in
907 5653 1119 5727 longam
1158 5658 1434 5728 regionem
1459 5701 1474 5726 ,
1525 5677 1632 5716 non
1678 5663 1882 5732 poteris
1917 5666 2079 5721 unius

499 5742 646 5799 hora:
697 5746 872 5816 spatio
909 5748 1076 5804 totius
1119 5751 1220 5806 vim
1266 5751 1549 5808 intervalla
1593 5769 1949 5824 concurrere,
1982 5759 2077 5816 sed

498 5834 770 5904 gradatim
804 5839 1046 5909 quotidie
1062 5841 1282 5913 perticis
1299 5845 1635 5902 mansionem
1653 5886 1670 5918 ,
1709 5855 1763 5904 et
1790 5860 1913 5920 post
1940 5852 2078 5908 mul-

2105 4596 2158 4655 D

2184 1961 2357 2015 solum
2384 1961 2681 2032 benignum
2703 2003 2719 2030 ,
2764 1971 2818 2018 et
2853 1964 3001 2034 pium
3038 1965 3290 2021 dilexerit
3328 1967 3786 2039 Redemptorem,

2182 2060 2239 2107 et
2262 2052 2666 2124 castosjugiter
2695 2063 2752 2110 et
2777 2064 2994 2111 sanctos
3017 2058 3272 2114 habuerit
3295 2060 3599 2130 cogitatus.
3653 2060 3788 2116 Bea—

2183 2153 2272 2200 tus
2315 2146 2409 2214 qui
2464 2147 2533 2200 ab
2574 2148 2829 2203 omnibus
2871 2148 3092 2218 pollutis
3141 2151 3576 2222 cogitationibus
3621 2151 3789 2208 fuerit

2183 2237 2510 2292 emundatus
2534 2278 2548 2304 ,
2599 2246 2655 2293 et
2704 2255 2811 2294 non
2863 2239 3028 2296 fuerit
3063 2241 3117 2296 in
3156 2244 3340 2298 mundi
3381 2243 3548 2300 istius
3574 2248 3788 2302 actibus

2184 2327 2526 2398 implicatus:
2557 2332 2652 2386 sed
2677 2347 2746 2386 ex
2777 2333 2990 2406 integro
3018 2334 3157 2390 liber
3185 2336 3238 2391 in
3274 2337 3533 2402 Domino,
3568 2341 3642 2395 ab
3673 2357 3786 2395 om-

2184 2419 2344 2475 nibus
2366 2422 2551 2476 mnndi
2575 2421 2731 2478 istius
2746 2425 2979 2496 negotiis
3001 2428 3312 2483 vanissimis
3336 2428 3628 2486 liberatus.
3655 2430 3787 2487 Bea-

2185 2520 2270 2566 tus
2300 2513 2392 2582 qui
2429 2529 2645 2584 semper
2681 2519 2997 2574 recordatus
3025 2517 3190 2574 fuerit
3218 2522 3284 2577 de
3307 2523 3392 2578 die
3422 2523 3515 2578 illa
3549 2534 3786 2580 tremen-

2185 2602 2272 2666 da,
2323 2610 2379 2658 et
2427 2603 2768 2662 festinaverit
2812 2607 3177 2679 Iacrymarum
3229 2613 3476 2670 fontibus
3506 2617 3692 2681 ablui,
3734 2630 3784 2672 et

2184 2693 2381 2749 anima:
2410 2712 2521 2751 suae
2552 2697 2774 2753 vulnera
2806 2715 3021 2769 semper
3051 2718 3266 2759 curare.
3308 2705 3514 2762 Beatus
3541 2709 3637 2777 qui
3667 2708 3784 2763 fue-

2183 2786 2257 2840 rit
2283 2787 2509 2843 effectus
2540 2797 2798 2860 tanquam
2817 2794 3010 2861 nubes,
3038 2796 3107 2850 ad
3135 2796 3520 2866 proferendam
3545 2800 3783 2870 pluviam

2186 2877 2585 2949 lacrymarum,
2633 2897 2734 2952 per
2771 2898 2906 2953 quas
2943 2885 3117 2956 possit
3145 2889 3494 2960 exstinguere
3531 2889 3785 2946 flammas

2183 2971 2425 3025 omnium
2457 2972 2713 3028 vitiorum
2758 2993 2771 3029 :
2821 2975 3016 3032 Beatus
3061 2979 3153 3049 qui
3203 2981 3554 3038 ambulaverit
3603 2986 3656 3039 in
3703 2987 3787 3040 tia

2184 3065 2559 3119 mandatorum
2609 3066 2826 3122 Domini
2871 3068 3042 3141 (Psal.
3097 3073 3312 3143 cxvm),
3361 3085 3418 3131 et
3468 3078 3523 3132 in
3572 3081 3780 3136 sanctis

2187 3157 2441 3227 operibus
2462 3158 2666 3231 jugiter
2691 3172 3045 3220 conversatus
3074 3206 3088 3232 ,
3139 3167 3551 3225 immaculatam
3598 3187 3784 3226 serva-

2187 3252 2328 3305 verit
2365 3252 2604 3306 animam
2648 3268 2822 3310 suam.
2861 3255 3061 3314 Beatus
3099 3261 3192 3330 qui
3237 3265 3293 3317 in
3332 3263 3496 3320 bonis
3525 3267 3784 3336 operibus

2185 3343 2427 3413 quotidie
2456 3357 2554 3414 per
2593 3356 2838 3401 sanctam
2891 3352 3125 3405 creverit
3170 3353 3536 3426 disciplinam,
3579 3359 3785 3414 habens

2185 3433 2238 3488 in
2270 3434 2499 3488 Domino
2522 3451 2672 3505 spem
2704 3448 2944 3506 certam,
2995 3450 3054 3495 ut
3079 3443 3259 3498 videat
3289 3461 3410 3501 eum
3441 3448 3498 3501 in
3533 3449 3786 3506 claritate

2185 3541 2305 3590 sua,
2337 3534 2392 3579 et
2419 3541 2607 3596 regno,
2630 3536 2686 3582 et
2717 3529 2910 3599 gloria.
2949 3532 3148 3590 Beatus
3177 3536 3268 3606 qni
3299 3539 3622 3595 meminerit
3647 3559 3782 3612 pra:-

2185 3621 2325 3688 eepti
2361 3619 2574 3675 Domini
2629 3629 2686 3677 et
2733 3625 2986 3681 mandata
3023 3628 3141 3698 ejus
3173 3630 3403 3687 sollicite
3434 3637 3780 3698 custodierit.

2184 3723 2242 3766 ut
2267 3723 2520 3798 operetur
2545 3723 2602 3771 et
2643 3718 2792 3773 vivat
2822 3720 2875 3774 in
2908 3722 3011 3778 eis.
3073 3723 3268 3781 Beatus
3299 3729 3390 3798 qui
3417 3733 3662 3798 posuerit
3698 3751 3785 3786 cu-

2181 3795 2408 3856 stodiam
2439 3805 2519 3858 ori
2544 3823 2674 3872 suo,
2704 3819 2752 3862 et
2789 3812 2981 3866 ostium
3015 3813 3429 3871 circumstantia:
3461 3820 3627 3874 labiis
3656 3823 3782 3885 suis,

2182 3903 2238 3946 ut
2271 3911 2374 3948 non
2409 3896 2634 3953 declinet
2664 3901 2719 3954 in
2760 3903 2913 3956 verba
2940 3904 3158 3960 malitiae
3185 3905 3360 3979 (Psal.
3403 3911 3554 3983 CXL).
3608 3912 3784 3969 Multis

2182 3986 2326 4040 enim
2353 3989 2527 4044 modis
2553 3990 2700 4046 beati
2728 3991 3036 4051 efﬁciuntur
3061 3997 3327 4065 homines,
3362 4002 3509 4057 sicut
3527 4003 3584 4058 in
3612 4005 3785 4061 Evan-

2182 4080 2325 4149 gelio
2355 4083 2616 4140 Dominus
2641 4086 2718 4140 ait
2758 4105 2772 4141 :
2815 4088 2967 4144 Beati
2993 4109 3248 4164 pauperes
3270 4096 3462 4166 spiritu
3481 4139 3498 4162 ,
3531 4102 3783 4169 quoidam

2182 4172 2414 4242 ipsorum
2445 4183 2521 4228 est
2562 4192 2778 4246 regnum
2813 4179 3081 4237 caelorum.
3134 4184 3286 4240 Beati
3318 4189 3500 4255 mites,
3530 4195 3781 4262 quoniam

2182 4267 2282 4338 ipsi
2319 4268 2654 4338 possidebunt
2690 4281 2906 4328 terram.
2946 4275 3102 4331 Beati
3143 4281 3235 4349 qui
3283 4280 3496 4352 lugent,
3530 4289 3781 4356 quoniam

2182 4359 2281 4429 ipsi
2311 4359 2738 4417 consolabuntur.
2799 4365 2951 4421 Beati
3001 4371 3090 4440 qui
3130 4373 3368 4428 esuriunt
3405 4384 3454 4428 et
3491 4377 3684 4432 sitiunt
3702 4381 3781 4449 ju-

2182 4451 2380 4504 stitiam
2399 4490 2413 4515 ,
2445 4451 2695 4522 quoniam
2725 4454 2824 4525 ipsi
2859 4459 3261 4515 saturabuntur.
3290 4461 3443 4517 Beati
3476 4468 3778 4522 misericor-

2183 4541 2295 4608 des,
2319 4549 2569 4614 quoniam
2595 4548 2695 4618 ipsi
2735 4549 3153 4605 misericordiam
3190 4567 3599 4626 consequentur.
3637 4559 3780 4614 Beati

2185 4636 2380 4690 mundo
2427 4639 2601 4704 corde,
2644 4642 2895 4712 quoniam
2938 4642 3037 4713 ipsi
3086 4644 3254 4699 Deum
3307 4648 3578 4704 videbunt.
3635 4652 3779 4707 Beati

2181 4727 2412 4798 paciﬁci,
2442 4730 2690 4800 quoniam
2717 4732 2820 4800 ﬁlii
2844 4732 2942 4787 Dei
2973 4736 3311 4791 vocabuntur.
3360 4737 3523 4794 Beati
3550 4744 3646 4812 qui
3673 4761 3778 4813 pcr-

2181 4819 2497 4874 secutionem
2526 4823 2803 4891 patiuntur
2827 4834 3042 4896 propter
3052 4827 3344 4896 justitiam,
3363 4835 3624 4902 quoniam
3646 4836 3777 4905 ipso-

2182 4924 2298 4962 rum
2327 4920 2401 4963 est
2429 4927 2646 4981 regnum
2671 4913 2920 4969 cazlorum
2945 4916 3163 4987 (Matth.
3193 4920 3270 4991 ν).

2671 5027 2900 5084 CAPUT
2928 5028 3256 5086 LXXXVIII.

2255 5113 2332 5168 De
2360 5115 2491 5170 hora
2523 5119 2690 5173 exitus
2721 5130 2769 5173 et
2796 5121 3123 5190 separatione
3156 5123 3350 5177 anima:
3395 5142 3430 5178 a
3464 5142 3707 5198 corpore.

2251 5203 2448 5262 Beatus
2474 5209 2566 5278 qui
2605 5224 2818 5280 semper
2847 5211 3098 5266 habuerit
3125 5212 3268 5267 diem
3309 5214 3492 5271 exitus
3520 5220 3606 5272 sui
3651 5229 3773 5274 ante

2179 5299 2384 5366 oculos,
2413 5310 2468 5356 et
2492 5301 2831 5359 festinaverit
2852 5305 2907 5360 in
2930 5304 3019 5359 illa
3050 5306 3183 5360 hora
3213 5316 3438 5375 paratus
3461 5321 3514 5365 ct
3540 5313 3657 5366 sine
3679 5311 3774 5366 ali-

2179 5408 2288 5462 quo
2321 5395 2511 5451 timore
2553 5398 2760 5466 peccati
2793 5398 2874 5453 vel
2922 5414 3102 5468 prava:
3132 5401 3481 5456 conscientia:
3522 5405 3766 5460 inveniri.

2184 5486 2380 5542 Beatus
2409 5489 2500 5559 qui
2528 5490 2792 5545 invenerit
2825 5491 3077 5546 fiduciam
3106 5492 3162 5546 in
3189 5491 3278 5547 illa
3305 5495 3439 5550 hora
3467 5499 3645 5553 exitus
3671 5498 3766 5561 sui,

2182 5580 2398 5648 quando
2443 5581 2621 5636 anima
2645 5584 2986 5652 separabitur
3025 5601 3056 5638 a
3101 5600 3367 5653 corpore:
3400 5603 3527 5642 cum
3579 5606 3771 5660 magno

2181 5686 2414 5741 namque
2442 5682 2586 5726 metu
2646 5673 2962 5743 magnisque
3003 5675 3282 5730 doloribus
3333 5689 3638 5747 separatur.
3681 5679 3772 5732 Ve-

2179 5763 2330 5818 nient
2355 5765 2498 5818 enim
2530 5765 2705 5834 angeli
2755 5780 3034 5822 assumere
3063 5768 3321 5835 animam,
3346 5788 3402 5826 et
3443 5775 3771 5842 separabunt

2177 5872 2301 5914 eam
2327 5873 2359 5914 a
2383 5873 2644 5930 corpore,
2674 5866 2733 5915 et
2776 5859 3074 5931 perducent
3101 5870 3230 5919 ante
3261 5863 3498 5921 tribunal
3549 5866 3768 5923 immor-
