4020 6462
199 466 296 528 681

1391 470 1696 531 DIADEMA
1734 469 2240 531 MONACHORUM.

198 581 324 638 talis
347 586 406 636 et
429 579 701 637 metuendi
738 579 954 652 iudicis.
989 580 1062 635 At
1082 578 1174 638 illa
1198 595 1507 640 memorans
1559 601 1784 656 operum
1811 591 1865 651 Α
1887 585 1992 654 Qui
2020 601 2152 643 vero
2180 582 2692 655 sibimetipsinocet,
2707 585 2954 656 quamvis
2971 584 3095 642 aliis
3115 602 3223 644 non
3245 599 3464 659 noceat,

198 686 444 737 suorum,
468 671 856 738 contremiscit,
884 680 942 729 et
958 673 1144 729 videns
1167 682 1223 729 et
1255 675 1606 731 considerans
1625 683 1779 730 actus

199 780 350 832 suos,
379 780 478 836 pro
505 775 650 822 metu
662 775 716 822 et
733 766 927 822 timore
937 767 1211 824 horrendo
1223 768 1407 840 egredi
1422 769 1775 840 pertimescit.

199 856 406 913 Tamen
437 865 674 914 tremens
707 867 763 914 et
792 868 1037 916 metuens
1058 862 1128 916 ad
1150 870 1412 918 aeternum
1439 862 1616 933 pergit
1635 860 1781 931 iudi-

195 950 363 1007 cium.
397 951 550 1008 Unde
574 952 804 1009 sollicite
853 953 1012 1009 debet
1039 954 1410 1026 unusquisque
1437 954 1654 1020 vivere,
1711 968 1781 1010 ne

195 1046 338 1101 forte
363 1043 417 1099 in
442 1043 816 1114 iniquitatibus
845 1045 960 1100 suis
983 1045 1244 1116 rapiatur,
1271 1045 1540 1116 simulque
1562 1044 1782 1100 ﬁniatur

194 1137 308 1194 vita
335 1151 460 1193 cum
485 1135 660 1205 culpa.
687 1135 870 1207 (Isid.,
895 1136 988 1190 lib.
1007 1153 1068 1190 ill
1089 1136 1264 1205 Sent.,
1281 1154 1399 1208 cap.
1423 1135 1779 1209 62.)Veuturi

195 1229 342 1287 enim
389 1229 568 1284 exitus
619 1229 923 1300 ignorantia
958 1229 1164 1284 incerta
1194 1237 1309 1296 est,
1366 1238 1423 1286 et
1475 1230 1603 1284 dum
1641 1230 1780 1286 mori

195 1323 424 1394 quisque
453 1337 561 1377 non
603 1321 900 1387 existimat,
931 1321 1158 1378 tollitur.
1213 1320 1350 1376 Nam
1378 1321 1626 1377 incentor
1669 1321 1781 1376 dia-

192 1413 349 1470 bolus
377 1429 470 1469 eos
501 1427 636 1483 quos
679 1412 922 1468 viventes
959 1411 1206 1467 accendit
1256 1413 1325 1467 ad
1371 1411 1503 1467 vitia
1526 1452 1542 1479 ,
1598 1411 1782 1468 subito

192 1506 486 1562 morientes
513 1505 828 1575 pertrahere
850 1505 1040 1559 nititur
1067 1504 1135 1560 ad
1157 1501 1447 1572 tormenta,
1480 1511 1536 1558 et
1555 1511 1781 1573 repente

191 1598 326 1654 hora
348 1613 454 1668 qua
481 1596 751 1663 nesciunt,
780 1596 1073 1666 improviso
1103 1596 1250 1652 exitu
1284 1595 1589 1666 rapiuntur,
1619 1603 1780 1664 atque

190 1693 514 1749 absorbente
537 1689 820 1762 profundo,
848 1689 1126 1745 cruciandi
1154 1689 1374 1744 internis
1412 1689 1674 1759 gehennae
1698 1687 1782 1742 iu-

187 1785 392 1842 ceudiis
439 1785 784 1854 deputantur.
842 1781 920 1836 De
965 1781 1159 1850 quibus
1216 1780 1480 1852 scriptum
1507 1786 1629 1834 est:
1667 1777 1781 1832 Du-

190 1887 313 1934 cunt
343 1879 398 1932 in
434 1879 582 1933 bonis
622 1877 732 1932 dies
766 1893 912 1942 suos,
939 1884 988 1931 et
1013 1875 1067 1929 in
1105 1884 1297 1946 puncto
1342 1873 1413 1928 ad
1449 1872 1658 1942 inferna
1689 1871 1779 1927 de-

1881 678 2142 735 innocens
2191 694 2298 734 non
2330 685 2434 733 est.
2466 677 2543 733 De
2586 679 2806 750 propria
2854 679 3000 735 enim
3051 679 3358 738 innocentia
3405 682 3467 740 in

1882 771 2113 828 Domino
2143 765 2618 838 conﬁdensDavid,
2646 773 2824 828 aiebat
2847 789 2862 828 :
2883 773 3080 829 Judica
3104 774 3464 843 me,Domine,

1879 865 2130 937 quoniam
2157 880 2251 936 ego
2277 865 2331 918 in
2357 863 2654 938 innocentia
2693 881 2807 918 mea
2843 865 3106 936 ingressus
3135 881 3286 934 sum,
3337 875 3386 922 et
3409 867 3468 922 t'n

1879 953 2109 1011 Domino
2137 972 2386 1026 sperans,
2432 972 2536 1010 non
2562 954 2870 1024 inﬁrmabor
2895 955 3064 1028 (Psal.
3095 957 3210 1030 xv).
3261 958 3333 1014 Et
3365 959 3460 1016 ite-

1881 1062 2004 1102 rum
2031 1066 2046 1104 :
2076 1047 2190 1120 Ego
2218 1058 2391 1103 autem
2423 1049 2478 1102 in
2518 1048 2817 1103 innocentia
2847 1065 2964 1104 mea
3016 1051 3281 1121 ingressus
3308 1070 3424 1108 sum
3446 1093 3464 1120 ,

1884 1141 2082 1198 redime
2107 1157 2212 1206 me,
2235 1151 2282 1195 et
2312 1142 2554 1196 miserere
2581 1141 2684 1195 mei
2717 1139 2890 1212 (Psal.
2942 1142 3091 1214 xxv).
3119 1144 3188 1198 Et
3236 1145 3468 1201 interro-

1883 1246 2017 1302 gans
2043 1231 2483 1304 Dominum,quis
2512 1233 2768 1288 habitaret
2795 1235 2849 1287 in
2862 1234 3198 1291 tabernaculo
3225 1254 3345 1306 suo,
3374 1247 3469 1294 aut

1881 1324 1998 1395 quis
2028 1325 2367 1396 requiesceret
2413 1326 2469 1380 in
2495 1334 2669 1380 monte
2713 1334 2896 1381 sancto
2941 1326 3058 1397 ejus
3113 1324 3287 1398 (Psal.
3316 1328 3470 1400 xlv)?

1881 1431 2206 1486 responsum
2232 1418 2438 1474 audivit
2475 1418 2720 1473 divinum
2747 1417 2972 1474 dicens:
3009 1417 3270 1474 Innocens
3302 1437 3470 1476 mant-

1884 1509 1978 1563 bus
2003 1518 2052 1565 et
2081 1509 2277 1566 mundo
2299 1512 2483 1578 corde,
2533 1513 2624 1583 qui
2651 1529 2755 1567 non
2785 1513 2980 1583 accepit
3001 1512 3058 1566 in
3081 1529 3215 1567 vano
3237 1513 3471 1569 animam

1883 1619 2060 1670 suam,
2092 1621 2185 1659 nec
2224 1605 2427 1675 jurauit
2457 1607 2514 1660 in
2553 1604 2673 1660 dolo
2709 1607 2949 1677 proximo
2973 1622 3093 1661 suo.
3121 1604 3227 1660 Hic
3253 1606 3472 1678 accipiet

1885 1694 2294 1751 benedictionem
2325 1714 2358 1751 a
2391 1695 2638 1763 Domino,
2663 1708 2712 1752 et
2734 1697 3150 1752 misericordiam
3171 1715 3206 1752 a
3241 1698 3351 1753 Deo
3385 1716 3472 1755 sa-

1883 1788 2048 1843 lutari
2068 1806 2164 1844 suo
2191 1789 2360 1863 (Psal.
2389 1790 2568 1861 χχιιι).
2599 1788 2677 1863 (Ι.
2717 1789 2931 1862 Chrys.,
2972 1808 3131 1847 serm.
3161 1793 3225 1847 de
3252 1792 3469 1866 Ioseph.

1883 1879 2036 1934 vend.
2068 1897 2102 1934 a
2129 1879 2309 1953 fratr.)
2330 1879 2536 1948 Gaude,
2568 1881 2898 1949 innocentia,
2922 1889 2979 1936 et
3000 1882 3244 1949 exsulta;
3276 1884 3471 1956 gaude,

188 1971 439 2025 scendunt
457 1969 599 2042 (Job.
622 1969 757 2041 xxi).
775 1968 1070 2023 Pravorum
1091 1967 1237 2022 enim
1259 1965 1468 2020 animas
1494 1963 1774 2018 hominum
1802 1955 1852 2017 B
1879 1971 2125 2042 inquam,
2153 1973 2279 2042 quia
2310 1973 2512 2044 ubique
2551 1973 2721 2030 illmsa
2768 1987 2828 2030 es
2855 2015 2870 2042 ,
2925 1974 3125 2045 ubique
3170 1955 3361 2032 secura
3386 1995 3398 2029 ε
3427 1977 3473 2031 si

191 2070 451 2134 apostatm
499 2062 677 2132 angeli
719 2061 1001 2132 excipiunt
1039 2075 1070 2114 a
1123 2072 1349 2128 corpore
1385 2065 1684 2121 exeuntes,
1714 2064 1774 2110 ut

190 2157 304 2214 sint
329 2158 410 2214 eis
440 2157 543 2228 ipsi
592 2164 826 2212 tortores
854 2154 909 2208 in
947 2153 1122 2222 poenis
1151 2152 1241 2220 qui
1263 2149 1482 2206 fuerunt
1521 2164 1774 2204 suasores

187 2251 247 2310 in
297 2256 461 2310 vitiis.
528 2253 716 2309 Finem
765 2267 895 2308 vero
927 2251 1198 2324 iustorum
1246 2249 1510 2320 optimum
1560 2246 1775 2302 vocatio

171 2341 478 2419 tranquilla
493 2360 879 2416 nonnunquam
900 2342 1266 2408 commendat,
1300 2350 1360 2396 ut
1387 2355 1454 2394 ex
1484 2356 1548 2396 eo
1572 2338 1770 2394 intelli-

187 2449 385 2510 gantur
397 2442 465 2496 ad
480 2447 788 2494 sanctorum
803 2435 1116 2509 angelorum
1132 2434 1402 2506 pertinere
1416 2431 1772 2498 consortium,

187 2549 256 2590 ex
289 2549 398 2604 quo
426 2533 494 2587 ab
536 2533 641 2588 hoc
695 2545 924 2602 corpore
973 2529 1091 2584 sine
1116 2528 1249 2583 dura
1273 2527 1560 2582 vexatione
1581 2525 1780 2580 tollun-

186 2635 294 2681 tur.
334 2625 483 2682 Unde
504 2633 558 2680 et
592 2639 692 2695 pro
717 2623 915 2678 talibus
939 2620 1186 2692 quamvis
1213 2619 1391 2690 pietas
1409 2618 1596 2690 iubeat
1623 2615 1772 2684 ﬁere,

188 2716 322 2772 ﬁdes
357 2725 536 2770 tamen
568 2722 716 2770 vetat
759 2713 962 2784 lugere.
991 2711 1074 2766 Illi
1094 2711 1242 2766 enim
1288 2718 1414 2766 sunt
1436 2708 1773 2780 deplorandi,

184 2824 320 2880 quos
347 2807 663 2862 barathrum
691 2803 944 2860 absorbet
967 2801 1192 2867 inferni,
1225 2817 1334 2856 non
1376 2815 1511 2872 quos
1541 2798 1662 2854 aula
1689 2798 1778 2853 la:-

185 2898 466 2956 tiﬁcandos
495 2896 694 2966 excipit
721 2895 974 2966 paradisi.
994 2893 1246 2964 Legimus
1261 2893 1327 2948 de
1354 2891 1589 2963 quodam
1619 2904 1770 2956 sene,

184 2993 278 3065 qui
305 3007 428 3048 cum
453 2999 758 3046 moreretur
787 2990 841 3044 in
893 2989 1081 3060 Scythi
1101 3029 1115 3054 ,
1142 2986 1620 3042 circumdederunt
1664 2984 1775 3040 fra-

187 3093 302 3142 tres
329 3085 528 3140 lectum
558 3083 678 3154 ejus
699 3123 715 3150 ,
763 3090 819 3138 et
851 3082 1151 3138 vestierunt
1173 3096 1295 3136 eum
1323 3121 1338 3145 ,
1395 3088 1451 3134 et
1491 3084 1776 3148 cmperunt

181 3176 335 3235 flere.
367 3176 460 3233 llle
489 3184 672 3232 autem
703 3172 915 3246 aperuit
934 3172 1139 3239 oculos,
1181 3179 1237 3227 et
1263 3169 1400 3224 risit.
1433 3169 1646 3240 Adiecit
1673 3167 1773 3223 ite-

180 3288 306 3328 rum
336 3271 535 3327 ridere.
567 3269 682 3324 Hoc
713 3269 877 3323 etiam
904 3266 1108 3322 factum
1145 3273 1230 3321 est
1253 3264 1433 3319 tertio.
1463 3261 1619 3330 Quod
1646 3277 1770 3318 cum

180 3364 434 3420 viderent
469 3362 686 3428 fratres,
718 3365 1047 3433 rogaverunt
1075 3373 1202 3414 eum
1234 3357 1480 3413 dicentes
1507 3374 1520 3410 :
1550 3355 1647 3411 Dic
1674 3371 1772 3410 no-

178 3455 286 3520 bis,
311 3456 469 3520 abba,
501 3468 690 3524 quare,
726 3452 883 3506 nobis
931 3450 1204 3513 ﬁentibus,
1237 3456 1292 3503 tu
1323 3448 1502 3502 rides?
1540 3446 1608 3501 Et
1634 3446 1773 3502 dixit

179 3547 264 3602 eis
298 3564 310 3599 :
339 3545 522 3600 Primo
550 3543 665 3608 risi,
691 3544 818 3614 quia
852 3557 950 3598 vos
1001 3540 1204 3597 timetis
1239 3548 1489 3594 mortem.
1520 3536 1770 3594 Secundo

179 3637 304 3701 risi,
333 3635 457 3707 quia
483 3651 590 3691 non
616 3635 747 3690 estis
794 3633 990 3705 parati.
1025 3631 1208 3688 Tertio
1235 3638 1416 3687 autem
1454 3630 1588 3696 risi,
1643 3629 1769 3699 quia

178 3744 253 3785 ex
281 3729 465 3784 labore
491 3728 559 3782 ad
592 3726 834 3798 requiem
867 3726 1026 3780 vado.
1070 3722 1186 3779 Hoc
1218 3739 1342 3778 cum
1375 3720 1624 3787 dixisset,
1653 3729 1770 3775 sta-

177 3821 284 3878 tim
310 3820 506 3877 clausit
525 3818 711 3875 oculos
739 3833 905 3873 senex
935 3818 990 3872 in
1021 3824 1272 3872 mortem.
1304 3814 1568 3870 Dicebant
1607 3821 1664 3868 et
1702 3815 1770 3870 de

179 3914 381 3969 abbate
408 3911 563 3984 Sysoi
589 3910 733 3982 quod
769 3910 824 3964 in
851 3909 938 3966 die
982 3908 1326 3965 dormitionis
1353 3922 1466 3963 suae
1515 3897 1638 3961 cum
1685 3920 1770 3961 se-

178 4005 380 4060 derent
405 4003 547 4059 circa
584 4017 709 4058 eum
735 3999 956 4067 fratres,
981 3999 1252 4069 splenduit
1292 4009 1552 4067 tanquam
1583 3995 1664 4052 sol
1692 3995 1772 4050 fa-

176 4097 300 4154 cies
336 4095 473 4165 eius,
505 4103 560 4151 et
582 4094 719 4149 dixit
747 4093 815 4148 ad
836 4106 966 4147 eos:
1000 4091 1160 4155 Ecce,
1192 4089 1358 4145 abbas
1385 4087 1654 4144 Antonius
1679 4102 1771 4143 ve-

173 4190 286 4246 nit.
320 4189 387 4244 Et
407 4196 524 4260 post
547 4185 821 4258 paululum
843 4198 1058 4238 rursum
1080 4182 1304 4238 diciteis
1332 4199 1345 4236 :
1375 4181 1538 4246 Ecce,
1567 4181 1768 4236 chorus

1880 2065 2132 2132 tentaris,
2153 2065 2402 2136 proﬁcis;
2442 2067 2488 2122 si
2517 2066 2843 2134 humiliaris,
2863 2068 3127 2139 erigcris;
3169 2069 3214 2124 si
3241 2085 3470 2141 pugnas,

1875 2154 2079 2221 vincis;
2111 2155 2157 2210 si
2188 2155 2476 2223 occideris,
2499 2158 2798 2214 coronaris.
2818 2157 2898 2212 Tu
2932 2158 2987 2212 in
3015 2159 3274 2214 servitute
3301 2159 3473 2215 libera

1876 2261 1959 2312 es,
1984 2248 2039 2302 in
2070 2247 2324 2318 periculis
2344 2256 2460 2304 tuta
2486 2289 2501 2316 ,
2551 2249 2608 2304 in
2634 2251 2876 2306 custodia
2932 2251 3074 2307 laeta.
3141 2251 3261 2307 Tibi
3297 2253 3474 2308 omnis

1877 2347 2064 2394 reatus
2087 2339 2380 2406 addicitur,
2413 2341 2508 2397 tibi
2538 2342 2789 2399 universa
2805 2343 3011 2398 malitia
3036 2343 3370 2416 subiugatur.
3399 2345 3475 2401 Te

1875 2438 2130 2501 potentes
2183 2431 2475 2498 honorant,
2518 2432 2822 2503 suscipiunt
2867 2435 3163 2506 principes,
3193 2446 3476 2508 magnates

1876 2522 2193 2591 exquirunt,
2226 2523 2393 2580 etiam
2423 2523 2500 2578 illi
2534 2532 2589 2580 te
2617 2539 3005 2596 nonnunquam
3041 2526 3356 2582 desiderant
3377 2529 3471 2597 qui

1876 2613 2220 2686 impugnant.
2255 2615 2374 2691 Tibi
2403 2616 2533 2672 boni
2577 2625 2792 2688 parent,
2818 2616 2946 2672 mali
2975 2618 3236 2674 invident.
3285 2619 3474 2676 Zelaut

1881 2709 2086 2778 remuli,
2116 2710 2322 2766 inimici
2344 2711 2722 2778 succumbunt,
2750 2725 2852 2767 nec
2876 2727 3113 2783 unquam
3148 2715 3353 2784 poteris
3395 2714 3474 2769 vi-

1875 2798 2020 2854 ctrix
2046 2813 2155 2853 non
2183 2813 2328 2865 esse,
2355 2798 2570 2854 etiamsi
2605 2799 2704 2854 tibi
2736 2800 2880 2856 inter
2916 2801 3165 2857 homines
3201 2801 3370 2872 iudex
3391 2801 3474 2873 iu-

1875 2896 1993 2947 stus
2027 2889 2280 2946 defuerit.
2303 2889 2569 2948 Dicebant
2597 2891 2664 2947 de
2686 2892 2883 2949 abbate
2905 2892 3073 2950 Paulo
3098 2895 3240 2965 quod
3263 2904 3475 2953 teneret

1874 2983 2128 3040 manibus
2154 2991 2397 3040 cerastas
2424 2984 2520 3056 qui
2558 2983 2812 3041 dicuntur
2835 2988 3071 3054 cornuti,
3097 2995 3152 3043 et
3186 2998 3470 3058 serpentes

1875 3082 1931 3130 et
1954 3076 2170 3146 aspides
2195 3084 2360 3148 atque
2421 3077 2758 3146 scorpiones.
2793 3087 2848 3134 et
2901 3080 3184 3138 scindebat
3232 3097 3329 3137 eos
3373 3097 3475 3154 per

1874 3165 2134 3221 medium.
2168 3165 2429 3222 Videntes
2475 3174 2658 3224 autem
2706 3167 2824 3226 hac
2873 3169 3093 3238 fratres,
3131 3173 3472 3231 satisfacien-

1875 3265 1958 3313 tes
1993 3258 2044 3314 ei
2090 3259 2500 3331 interrogabant
2534 3275 2679 3326 eum,
2713 3261 2992 3318 dicentes:
3022 3263 3120 3320 Dic
3148 3266 3306 3322 nobis
3339 3267 3472 3338 quid

1875 3359 2131 3422 operatus
2158 3367 2219 3408 es
2246 3361 2307 3407 ut
2329 3353 2605 3424 acciperes
2631 3354 2861 3424 gratiam
2893 3356 3090 3412 istam?
3115 3355 3218 3424 Qui
3245 3359 3322 3413 ait
3346 3359 3429 3415 eis
3453 3378 3468 3414 :

1873 3445 2142 3518 ignoscite
2167 3445 2318 3512 mihi,
2345 3445 2554 3501 Patres.
2592 3443 2650 3500 Si
2673 3446 2796 3516 quis
2826 3447 3130 3517 possederit
3174 3451 3471 3520 puritatem
3531 3498 3534 3501 .

1873 3545 1930 3594 et
1954 3537 2338 3603 innocentiam,
2363 3538 2546 3593 omnia
2589 3537 2951 3608 subiiciuntur
3004 3539 3090 3604 ei,
3141 3539 3284 3596 sicut
3305 3541 3467 3610 Adae,

1873 3620 2091 3701 quando
2115 3630 2307 3687 eratin
2335 3630 2586 3702 paradiso
2617 3637 2746 3686 ante
2775 3629 3283 3702 praevaricationem
3311 3648 3466 3691 mau-

1873 3723 1985 3779 dati
2015 3723 2208 3781 divini.

2482 3813 2712 3872 CAPUT
2751 3814 2864 3873 XC.

2196 3905 2338 3972 Quid
2361 3905 2429 3961 sit
2459 3907 2792 3978 sanctiﬁcare
2813 3908 3100 3980 jejunium.

1943 3997 2080 4065 Quia
2136 3995 2430 4068 ieiunantis
2487 3998 2702 4054 Domini
2763 3999 3021 4058 victorias
3075 4014 3458 4074 recensentes,

1873 4091 2206 4161 triumphum
2231 4099 2433 4146 nostrai
2471 4091 2662 4147 salutis
2683 4094 3023 4162 agnovimus,
3042 4094 3246 4166 ieiunia
3271 4107 3462 4154 nostra

1872 4183 2149 4254 religionis
2189 4181 2591 4238 sanctiﬁcemus
2645 4183 2939 4254 obsequiis.
2977 4184 3117 4253 Quid
3168 4196 3348 4244 autem
3376 4196 3462 4246 est

173 4279 572 4354 prophetarum
616 4275 782 4333 venit.
816 4274 884 4329 Et
914 4274 1113 4329 iterum
1160 4272 1390 4344 amplius
1434 4271 1600 4326 facies
1651 4271 1769 4342 eius
1871 4275 2045 4340 aliud,
2099 4273 2429 4342 sanctiﬁcare
2474 4272 2742 4344 jejunium
2791 4273 2949 4345 (Joel.
2975 4274 3058 4346 ι),
3113 4276 3217 4334 nisi
3263 4277 3462 4348 ieiunii

176 4371 537 4442 resplenduit,
568 4377 625 4425 et
649 4368 784 4424 dixit
809 4385 822 4421 :
850 4366 1014 4431 Ecce,
1041 4366 1240 4421 chorus
1280 4362 1650 4435 apostolorum
1675 4377 1768 4418 ve-
1869 4381 2034 4422 causa
2073 4372 2260 4421 sancta
2282 4362 2605 4434 velle,iusta
2634 4363 2837 4433 facere,
2867 4366 3050 4438 iniqua
3073 4369 3265 4425 vitare.
3319 4371 3460 4427 San-

175 4469 296 4533 nit;
331 4476 385 4522 et
412 4465 698 4536 dupliciter
725 4461 936 4518 refulsit
979 4462 1154 4517 adhuc
1185 4459 1354 4517 facies
1376 4457 1514 4529 eius,
1549 4467 1604 4513 et
1641 4472 1768 4515 ecce
1869 4457 2074 4514 ctiﬁcat
2097 4456 2186 4512 ille
2205 4455 2496 4526 ieiunium,
2520 4457 2613 4526 qui
2639 4455 2887 4512 ﬁammas
2924 4459 3198 4516 saevientis
3238 4461 3458 4519 iracun-

173 4561 302 4631 ipse
325 4575 448 4614 cum
474 4557 741 4628 aliquibus
769 4556 1108 4626 loquebatur.
1134 4553 1418 4625 Deprecati
1437 4559 1566 4607 sunt
1585 4560 1766 4606 autem
1869 4551 1988 4616 dire,
2015 4558 2313 4605 mansueta:
2340 4549 2540 4606 mentis
2576 4549 2943 4622 placabilitate
2971 4554 3276 4627 restinguit.
3313 4555 3454 4615 San-

175 4651 337 4708 illum
385 4666 540 4707 senes
570 4690 586 4716 ,
643 4649 918 4704 dicentes:
959 4646 1094 4704 Cum
1115 4662 1223 4718 quo
1244 4646 1515 4717 loqueris,
1567 4645 1766 4701 Pater?
1789 4643 2071 4741 Dctilicat
2090 4642 2390 4741 ieiunium,
2434 4642 2527 4741 qui
2577 4641 3136 4741 lascivientes‘oculos
3185 4650 3331 4722 turpi
3385 4652 3456 4710 ab

176 4745 289 4814 Qui
319 4745 456 4801 dixit
480 4745 596 4800 eis:
626 4743 765 4799 Ecce
795 4743 968 4814 angeli
994 4750 1258 4798 venerunt
1285 4742 1529 4812 accipere
1574 4757 1682 4806 me,
1708 4748 1763 4796 et
1789 4733 1836 4741 ’⁷
1870 4741 2093 4805 aspectu
2123 4733 2348 4790 habenis
2391 4734 2659 4790 castitatis
2687 4735 2900 4790 avertit.
2930 4735 3244 4809 (Maximus,
3267 4741 3454 4800 homil.

176 4851 320 4908 rogo
353 4843 415 4890 ut
457 4835 698 4890 dimittar
723 4834 984 4904 poenitere
1011 4834 1302 4889 modicum.
1345 4831 1541 4887 Dicunt
1569 4833 1620 4888 ei
1669 4847 1758 4888 se-
1870 4827 1920 4892 1,
1953 4825 2017 4879 de
2046 4823 2248 4895 jejunio
2297 4823 2773 4897 Ωιιαάναθεδίηιωο)
2799 4825 3116 4886 Sanctiﬁcat
3159 4831 3447 4904 jejunium,

177 4930 406 4987 niores:
437 4927 554 4984 Non
586 4927 795 4999 indiges
811 4927 1149 4999 paenitentia,
1172 4926 1354 4980 Pater.
1398 4925 1546 4980 Dixit
1579 4933 1759 4981 autem
1868 4916 1960 4986 qui
1996 4915 2365 4972 conviciorum
2383 4916 2566 4987 iacula
2587 4925 2742 4974 scuto
2781 4919 3056 4990 patientiae
3091 4939 3411 4994 repercussa
3431 4968 3449 4996 ,

175 5021 336 5078 illis:
365 5019 506 5076 Vere
535 5019 719 5076 nescio
767 5019 1052 5090 meipsum,
1075 5017 1160 5073 vel
1207 5018 1419 5073 initium
1464 5017 1761 5088 sumpsisse
1867 5009 2147 5080 dispergit.
2184 5007 2502 5065 Sanctiﬁcat
2536 5007 2823 5082 ieiunium,
2852 5015 2944 5084 qui
2986 5015 3308 5088 litigantium
3359 5031 3450 5078 tu-

173 5113 500 5187 pmnitendi.
539 5111 608 5167 Et
626 5119 989 5183 cognoverunt
1013 5125 1201 5168 omnes
1223 5111 1349 5180 quia
1369 5109 1644 5182 perfectus
1669 5125 1758 5166 es-

1878 5101 2068 5156 multus
2089 5099 2299 5172 paciﬁci
2327 5103 2601 5164 sermonis,
2619 5112 2673 5159 et
2716 5104 2914 5176 linguae
2938 5106 3302 5177 prudentioris
3329 5121 3450 5168 arte

177 5212 285 5260 set.
311 5204 380 5260 Et
412 5219 598 5260 rursus
643 5203 823 5260 subito
868 5203 1009 5258 facta
1046 5212 1131 5258 est
1154 5202 1322 5258 facies
1349 5201 1465 5272 eius
1490 5203 1632 5258 sicut
1659 5201 1760 5268 sol,
1864 5193 2178 5263 compescit.
2221 5191 2538 5249 Sanctiﬁcat
2582 5193 2880 5266 ieiunium,
2913 5200 3008 5270 qui
3053 5211 3449 5273 consurgentes

177 5302 240 5352 et
263 5296 563 5350 timuerunt
590 5309 799 5350 omnes.
828 5293 975 5348 Dixit
996 5307 1177 5350 autem
1204 5296 1285 5351 eis
1313 5312 1326 5348 :
1360 5295 1580 5359 Videte,
1634 5308 1762 5350 ecce
1864 5287 1919 5342 in
1951 5287 2242 5357 semetipso
2265 5302 2524 5344 vanarum
2572 5291 2960 5361 cogitationum
2987 5294 3170 5363 spinas
3215 5310 3448 5369 evange-

178 5387 447 5443 Dominns
495 5386 645 5442 venit
693 5385 916 5440 dicens:
945 5385 1198 5440 Auferam
1247 5383 1382 5457 [Αι.,
1411 5383 1620 5456 aﬁ‘erte]
1667 5398 1764 5440 vas
1863 5383 1968 5466 lico
1997 5382 2238 5438 sulcaute
2262 5397 2500 5450 vomere,
2530 5384 2678 5440 velut
2701 5386 2920 5455 quidam
2953 5389 3192 5455 pectoris
3213 5390 3296 5444 sui
3322 5406 3448 5447 ara-

177 5479 337 5536 niihil
363 5479 647 5536 electionis
667 5479 858 5533 eremi.
875 5477 942 5532 Et
961 5479 1216 5533 continuo
1230 5477 1464 5532 reddidit
1487 5476 1758 5546 spiritum.
1863 5483 1966 5542 tor,
1991 5475 2212 5531 excidit.
2241 5473 2554 5532 Sanctiﬁcat
2571 5474 2858 5548 ieiunium,
2885 5478 2978 5548 qui
3006 5478 3218 5550 inopias
3246 5499 3447 5557 egeno-

176 5569 252 5627 Et
278 5569 426 5627 facto
448 5569 656 5642 fulgore
682 5569 920 5642 repletus
969 5577 1054 5625 est
1088 5577 1232 5626 totus
1284 5568 1433 5625 locus
1480 5567 1570 5624 ille
1597 5568 1763 5624 odore
1864 5581 1987 5622 rum
2014 5581 2113 5637 pro
2135 5567 2436 5638 quantitate
2463 5568 2775 5625 substantiae
2793 5583 2904 5623 suae
2921 5569 3232 5629 miserantis
3250 5590 3447 5634 manus

174 5661 496 5721 Invitatis.
1861 5661 2197 5718 humanitate
2213 5661 2436 5718 solatur.
2462 5661 2719 5732 Apprime
2731 5660 3036 5716 sanctiﬁcat
3050 5662 3142 5721 ille
3154 5664 3444 5739 ieiunium,

1863 5757 1956 5827 qui
1981 5771 2080 5828 per
2101 5757 2283 5814 omnia
2312 5753 2597 5826 praeceptis
2621 5754 2814 5810 divinae
2842 5752 2977 5824 legis
3013 5755 3253 5815 intentus
3276 5801 3292 5827 ,
3331 5762 3451 5819 dia.

1864 5847 2037 5905 holica
2064 5863 2096 5903 a
2118 5847 2282 5905 corde
2302 5862 2401 5904 suo
2428 5846 2633 5915 respuit
2680 5853 3028 5902 tentamenta.
3057 5848 3125 5904 Et
3168 5849 3308 5918 ideo,
3334 5852 3450 5910 frao

1863 5945 1980 5999 tres
1999 5937 2326 6006 charissimi,
2362 5936 2408 5994 si
2443 5936 2694 5996 volumus
2717 5939 2828 5996 Deo
2873 5939 3070 5996 'lacita
3097 5943 3353 6002 exhibere
3369 5947 3453 6019 ie.

698 5750 929 5810 CAPUT
966 5751 1251 5809 LXXXIX.

772 5844 847 5898 De
885 5845 1202 5899 innocentia.

252 5932 358 6000 illo
379 5953 508 5999 vere
534 5938 794 5997 innocens
813 5947 897 5994 est
925 5939 1018 6009 qui
1044 5954 1145 5995 nec
1178 5937 1298 5996 aliis
1321 5952 1420 5998 nec
1447 5953 1550 5999 sm.
1583 5948 1762 5998 uocet.

666 6033 942 6097 Paxaea.
995 6030 1126 6096 Cll.

1771 6120 1806 6132 μ.
