4020 6468
486 455 595 514 683

1783 420 2141 503 sument
2176 412 2470 481 ABBATIS

3684 388 3805 453 684

479 570 660 645 iunia,
897 562 952 625 in
981 559 1089 622 tlde
1119 555 1309 623 fortes.
1338 551 1397 618 in
1434 546 1656 633 iudieiis
1674 544 1836 623 iusti,
1866 544 1920 605 in
1948 540 2085 605 ami-
2111 540 2165 603 Λ
2190 529 2474 590 ἀοπιθεῑίοί
2504 524 3141 645 θαίιξίῆιξιιιτνλᾳιιεξςιιιιδ
3176 523 3367 645 :53ch
3406 511 3598 583 huius’
3619 518 3689 565 ¹¹¹
3718 509 3811 567 δί’

486 634 619 719 citis
656 656 865 722 ﬁdeles,
893 654 950 717 in
975 649 1188 722 iniuriis
1211 645 1478 718 patientes
1501 682 1516 710 ,
1568 640 1625 697 in
1647 634 2089 701 contentionibus

487 751 781 817 moderati.
809 745 1139 818 refugientes
1188 734 1552 811 turpiloquia.
1601 732 1862 799 adversus
1902 727 2090 796 iniqua

489 850 824 907 constantes,
846 841 905 901 in
932 835 1198 901 cptiviviis
1245 831 1432 897 sobrii,
1466 831 1523 886 in
1552 823 1921 899 voluptatibus
1954 835 2086 877 cou—

491 942 751 1002 tinsntss.
774 935 829 997 in
851 932 1124 995 charitate
1145 925 1441 997 simplices.
1465 923 1609 983 inter
1639 914 1895 981 subdolus
1922 910 2089 977 cauti.

488 1030 842 1097 condolentes
869 1026 1139 1089 tristibus.
1175 1018 1590 1085 contumacibus
1632 1013 1987 1075 resistentes,
2036 1004 2093 1069 in

489 1123 897 1197 suspicionibus
942 1117 1134 1195 parci,
1190 1114 1333 1175 inter
1360 1108 1683 1178 maliloquos
1713 1101 1897 1197 taciti.
1950 1098 2093 1163 inter

489 1194 726 1273 humiles
752 1210 1076 1283 coaequales.
1104 1205 1163 1267 Si
1200 1200 1511 1274 huiusmodi
1555 1194 1851 1255 virtutibus
1905 1197 2094 1251 nostra

489 1309 827 1365 voluerimus
854 1301 1199 1363 sanctiﬁcare
1220 1296 1448 1369 jejunis,
1478 1293 1754 1359 tribuente
1776 1285 2005 1355 Domino
2027 1284 2095 1343 ad

492 1401 846 1459 festivitatem
887 1393 1166 1454 Paschalis
1209 1390 1399 1463 gratim
1422 1428 1435 1453 ,
1484 1394 1541 1443 et
1590 1383 1660 1455 ad
1699 1380 1893 1457 gaudia
1933 1376 2097 1433 coele-

494 1497 662 1555 stium
685 1491 1111 1565 promissionum
1136 1484 1441 1549 indubitata
1471 1477 1686 1543 ﬁducia.
1717 1483 1773 1531 et
1812 1471 2095 1533 conscien-

497 1591 577 1647 tia
595 1588 804 1646 latiore
826 1584 1110 1643 veniemus

1092 1710 1321 1770 CAPUT
1358 1707 1493 1765 XCI.

954 1804 1095 1875 Quid
1119 1805 1189 1861 sit
1221 1802 1348 1857 bene
1369 1800 1638 1873 jejunare.

2188 636 2336 689 etum
2367 631 2467 697 est,
2504 619 2814 697 epulatione
2842 615 2987 686 digni
3011 612 3372 691 inveniamur.

2758 706 2987 765 CAPUT
3026 704 3204 761 XCIII.

2190 809 2268 862 De
2291 826 2348 861 eo
2376 803 2515 879 quod
2543 804 2712 879 omnis
2740 799 2933 879 electus
2956 809 3110 879 atque
3136 795 3397 879 perfectus
3426 790 3737 879 mor-taciti
3758 797 3817 849 α

2263 866 2439 943 homo,
2469 884 2517 931 et
2546 873 2761 940 vitulus,
2793 881 2843 926 et
2887 870 2989 936 leo,
3014 866 3061 924 et
3100 866 3280 941 aquila
3303 866 3610 937 ﬁguraliter
3636 866 3737 918 sis.

2262 969 2451 1026 Omnis
2482 967 2685 1024 etenim
2706 965 2912 1023 electus
2934 972 3098 1034 atque
3142 963 3196 1017 in
3233 961 3321 1015 via
3353 956 3573 1015 Domini
3616 956 3817 1030 perb-

2193 1058 2314 1119 ctus
2334 1070 2388 1117 et
2411 1060 2574 1119 homo
2595 1067 2650 1115 et
2671 1059 2905 1126 vitulus,
2952 1064 3008 1114 et
3045 1057 3131 1113 leo
3174 1054 3357 1121 simul,
3389 1062 3446 1110 et
3477 1053 3665 1123 aquila
3698 1062 3812 1108 est.

2195 1155 2369 1213 Homo
2398 1156 2544 1211 enim
2570 1150 2835 1210 rationale
2876 1158 2960 1207 est
2994 1148 3216 1206 animal.
3267 1148 3483 1204 Vituius
3510 1156 3705 1201 autem
3758 1147 3817 1202 in

2197 1249 2524 1307 sacriﬁcium
2556 1247 2786 1303 mactari
2826 1244 2984 1302 solet.
3017 1245 3129 1300 Leo
3156 1259 3289 1299 vero
3303 1241 3463 1299 fortis
3492 1251 3583 1296 est
3606 1241 3813 1305 bestia,

2197 1344 2341 1398 sicut
2367 1342 2627 1412 scriptum
2667 1348 2792 1396 est:
2825 1339 2930 1394 Leo
2980 1339 3303 1410 fortissimus
3348 1336 3650 1392 bestiarum
3675 1376 3689 1397 ,
3746 1335 3822 1395 ad

2200 1440 2398 1519 nullius
2421 1440 2622 1521 pavebit
2649 1455 2924 1493 occursum
2942 1433 3126 1507 (Prov.
3150 1435 3519 1507 xxx).Aqnila
3545 1435 3619 1489 ad
3640 1434 3817 1490 subli-

2200 1536 2308 1590 mia
2337 1542 2548 1599 evorat,
2598 1540 2653 1589 et
2696 1533 3108 1589 irreverberatis
3141 1531 3315 1587 oculis
3354 1530 3492 1587 solis
3517 1529 3695 1586 radiis
3735 1530 3822 1585 in-

2200 1627 2391 1683 tendit.
2425 1625 2613 1683 Omnis
2644 1626 2829 1697 itaque
2855 1625 2947 1696 qui
3007 1626 3061 1679 in
3089 1623 3299 1680 ratione
3343 1622 3632 1699 perfectus
3689 1630 3815 1689 est,

2203 1719 2366 1774 homo
2394 1724 2495 1773 est.
2532 1714 2596 1771 Et
2620 1717 2877 1788 quoniam
2906 1716 3256 1787 semetipsum
3285 1716 3353 1771 ab
3403 1715 3572 1785 hujus
3625 1715 3821 1770 mundi

2202 1808 2479 1880 voluptate
2507 1809 2818 1873 niortilicat,
2858 1807 3059 1863 vitulus
3089 1817 3192 1862 est.
3225 1806 3364 1875 Quia
3392 1822 3532 1863 vero
3565 1808 3690 1879 ipsa
3722 1822 3819 1862 sua

572 1930 718 1988 Bene
731 1905 2114 2009 iuunetmcsaassWPI-WW

2221 1913 2509 1977 spontanea
2549 1902 2972 1958 mortiﬁcatione
2998 1910 3188 1958 contra
3217 1900 3446 1957 adversa
3484 1902 3682 1957 omnia
3714 1901 3799 1955 for

744 2012 749 2017 ,
769 2010 855 2025 ..Α

484 1998 1658 2109 WBeneiejunat
1687 2004 1779 2077 qui
1818 1998 1981 2054 divini
2014 2013 2104 2051 re-

498 2092 808 2185 mittiue
833 2111 1024 2182 judicii
1068 2105 1419 2176 semetipsum
1452 2098 1753 2161 refrenaiis,
1781 2095 1849 2185 ab
1874 2092 2022 2153 omni
2046 2106 2107 2185 se

498 2180 883 2275 illecebrarnm
934 2198 1221 2271 voluptate
1238 2193 1543 2269 suspendit.
1572 2191 1717 2245 Bene
1750 2184 1978 2256 jejunat,
2011 2180 2105 2253 qui

501 2314 727 2371 carnem
753 2311 910 2357 suam
938 2294 1194 2355 vitiorum
1254 2287 1496 2367 germina
1538 2281 1928 2357 pullulantem,
1984 2290 2109 2330 san-

502 2399 717 2457 ctarum
747 2384 1098 2451 meditatione
1142 2381 1424 2447 virtutum,
1468 2384 1523 2432 et
1562 2370 1875 2428 sobrietatis
1922 2379 2109 2421 amore

502 2484 754 2563 castigat.
787 2481 933 2545 Bene
956 2475 1189 2549 jejunat,
1206 2472 1321 2563 qui
1338 2471 1616 2563 fraternas
1638 2458 2109 2563 injurias‘paciiici

500 2548 745 2646 pectoris
765 2548 989 2635 leuitate
1017 2548 1261 2625 (uniuni.
1305 2554 1555 2637 (Muxim.
1588 2556 1731 2611 Item.
1756 2552 1820 2646 δῖ
1850 2550 1914 2646 de
1956 2548 2111 2646 μελα-

504 2642 595 2735 uio
623 2660 982 2741 Quadrages.)
1004 2658 1390 2721 Gratissimum
1416 2654 1527 2708 Deo
1576 2647 1752 2741 defert
1801 2642 2066 2741 jejunium
2092 2683 2107 2708 ,

505 2758 600 2830 qui
632 2734 869 2813 mentem
894 2734 1049 2823 suam
1089 2766 1121 2804 a
1157 2746 1341 2825 pravis
1374 2740 1811 2815 cogitationibus,
1841 2734 2027 2790 oculos
2046 2747 2107 2830 _a

505 2825 966 2920 concupiscentia.
1002 2844 1243 2914 linguam
1268 2851 1565 2911 manusque
1590 2849 1623 2887 a
1647 2832 1741 2887 lite
1762 2827 2017 2891 custodit.
2044 2825 2112 2881 Et

507 2944 589 3011 sic
606 2922 873 3017 jejunium
894 2944 1140 3001 nostrum
1155 2931 1458 3003 sanctifieet
1480 2926 1725 2990 castitas,
1740 2929 1898 2979 ornet
1912 2920 2115 2991 patien-

508 3015 939 3103 tia,lbenigrtitas
986 3026 1185 3095 foveat,
1236 3018 1610 3089 misericordia
1657 3015 1925 3076 ltetiiicet,
1966 3027 2114 3068 corn-

510 3122 729 3197 nieudet
746 3120 1046 3193 humilitas,
1062 3126 1122 3189 ut
1143 3108 1359 3193 gemino
1382 3113 1614 3192 quodam
1639 3107 1884 3181 corporis
1925 3103 2117 3161 animi-

511 3231 619 3301 que
639 3212 848 3301 jejunio
859 3212 1055 3287 divinae
1068 3226 1168 3277 nos
1192 3208 1382 3295 gratiae
1409 3220 1626 3279 semper
1646 3200 2110 3260 commendemus.

1079 3345 1310 3403 CAPUT
1351 3343 1510 3400 XCII.

513 3445 593 3501 De
618 3461 678 3499 eo
702 3453 842 3516 quoa
875 3450 1135 3516 comptum
1181 3446 1257 3493 est
1280 3451 1297 3490 :
1324 3435 1477 3516 Multi
1522 3434 1592 3516 ab
1636 3432 1861 3516 Oriente
1888 3441 1968 3516 ‘et
2018 3429 2118 3516 Oc;

584 3503 801 3577 sidente
825 3503 1049 3581 venient
1072 3552 1087 3577 ,
1144 3516 1200 3566 et
1225 3508 1547 3583 recumbent
1571 3521 1694 3565 cum
1739 3503 2038 3627 Abraham.
2062 3511 2118 3561 et

585 3587 754 3627 Icnan,
784 3582 1024 3627 etiannh
1053 3583 1108 3627 in
1144 3594 1308 3627 regno
1335 3577 1596 3627 cmlorum
1626 3573 1783 3627 (Matt
1806 3593 1843 3627 t.
1881 3574 2020 3627 \‘llll.

585 3573 838 3661 ἐι
857 3573 1024 3649 uiticob
1053 3573 1110 3645 in
1144 3574 1308 3652 regno
1335 3577 1597 3635 caelorum
1626 3573 1843 3648 (Matth.
1881 3574 2020 3647 riu).

592 3698 749 3752 Multi
773 3697 973 3752 venient
995 3695 1061 3749 ab
1090 3693 1306 3749 Oriente
1325 3702 1374 3747 et
1405 3691 1706 3756 Occidente,
1731 3701 1777 3745 et
1802 3689 2116 3763 recumbent,

446 3836 461 3855 ,
517 3807 629 3848 non
657 3788 949 3846 carnaliter
960 3786 1228 3857 iacentes,
1261 3785 1353 3849 sed
1392 3783 1749 3856 spiritualiter
1780 3782 2118 3850 requiescen-

520 3893 638 3951 tes;
662 3899 769 3940 non
797 3881 1169 3952 temperanter
1181 3887 1452 3950 potantes,
1472 3877 1565 3933 sed
1587 3884 1791 3939 ceterae
1814 3874 2115 3945 epulantes.

519 3974 838 4039 [incumbent
865 3975 919 4035 in
948 3990 1106 4046 rem
1128 3973 1248 4039 Dei,
1277 3972 1366 4033 ubi
1394 3971 1487 4027 lux
1532 3979 1586 4027 et
1616 3970 1846 4040 species,
1876 3968 1965 4027 ubi
1987 3967 2117 4027 laeti-

520 4069 598 4133 tia
618 4076 676 4127 et
695 4066 1008 4133 exsultatio,
1023 4064 1118 4121 ubi
1139 4063 1309 4140 gloria
1334 4070 1391 4119 et
1411 4061 1738 4126 benedictio,
1758 4059 1849 4117 ubi
1870 4058 1959 4121 lux
1988 4073 2120 4114 ocu-

517 4163 698 4227 lorum
726 4168 783 4221 et
803 4160 1116 4232 longmvitas
1145 4158 1270 4217 vitae
1298 4164 1516 4221 atteram
1540 4173 1553 4215 ;
1579 4154 1673 4213 ubi
1701 4168 1891 4213 omnes
1921 4152 2122 4223 jucun-

523 4256 746 4320 dantur,
770 4253 864 4313 ubi
897 4266 1089 4315 omnes
1115 4250 1372 4322 gaudeat.
1399 4248 1492 4309 ubi
1533 4246 1726 4307 Patres
1767 4244 1844 4305 illi
1872 4244 2016 4300 beati
2044 4258 2125 4297 re-

522 4354 821 4417 ctmbnnt;
849 4351 943 4406 ubi
961 4363 1152 4407 omnes
1172 4349 1453 4419 pmphetm
1476 4344 1843 4415 requiescunt,
1872 4341 1963 4399 ubi
1990 4356 2122 4412 apo-

526 4442 656 4501 Stoli
678 4449 737 4498 et
777 4441 1124 4513 evangelista:
1173 4453 1341 4510 super
1371 4438 1634 4508 gloriosos
1665 4437 1853 4497 sedent
1876 4435 2121 4500 thronos,

525 4536 624 4594 ubi
647 4533 934 4593 multitudo
970 4541 1274 4602 martyrum
1323 4531 1379 4588 in
1405 4529 1580 4601 gloria,
1606 4537 1810 4585 aeterna
1841 4525 2122 4596 gloriatur,

526 4626 622 4688 ubi
653 4625 943 4697 copiosius
964 4623 1236 4695 virginum
1268 4622 1325 4677 in
1354 4619 1551 4677 sazcula
1586 4618 1856 4685 exsultat,
1903 4624 2128 4688 portans

478 4722 487 4763 τ’
530 4734 794 4783 coronam
826 4717 1185 4775 immaculata!
1214 4713 1566 4785 virginitatis.
1595 4712 1778 4785 (Aug.,
1802 4728 1959 4771 serus.
1990 4711 2038 4773 l,
2063 4709 2129 4764 de

530 4811 666 4883 [este
694 4810 929 4873 omnium
953 4808 1301 4879 sanctorum.)
1333 4806 1378 4865 Ο
1404 4805 1701 4869 dulcissimi
1748 4804 1969 4871 fratres,
1993 4819 2128 4859 una-

530 4904 700 4973 nimis
716 4902 1027 4967 conventio,
1055 4901 1250 4959 hilaris
1274 4901 1643 4971 congregatio,
1668 4898 1876 4970 fulgens
1904 4896 2128 4965 conjun-

532 5000 663 5057 ctio.
694 5000 777 5057 Its
795 5008 883 5057 est
918 5016 950 5056 a
981 4991 1179 5057 srcculo
1226 4998 1564 5069 beneplacita
1593 5004 1651 5052 et
1672 4997 1989 5055 annuutiata
2036 5012 2131 5052 ex-

531 5091 777 5159 sultatio,
805 5092 912 5148 ista
938 5090 1009 5146 sb
1029 5090 1187 5153 initio
1212 5099 1435 5145 narrata
1462 5090 1697 5160 requies.
1722 5089 1780 5144 In
1797 5088 1956 5145 istam
1974 5086 2127 5145 festi-

532 5192 738 5242 narunt
762 5183 845 5240 ire
866 5198 1057 5251 omnes
1087 5182 1378 5247 Dominum
1398 5182 1702 5251 diligentes,
1735 5181 1802 5235 ad
1828 5181 1988 5237 istam
2019 5179 2132 5236 coi-

533 5278 779 5351 liguntur
801 5292 995 5345 omnes
1019 5293 1085 5334 ex
1132 5277 1384 5351 gentibus
1418 5276 1647 5332 Domino
1673 5275 1975 5342 credentes,
2007 5274 2133 5330 reli-

534 5372 848 5445 giositstem
873 5379 1175 5438 servantes,
1191 5373 1248 5427 in
1273 5387 1393 5427 eam
1422 5379 1477 5426 et
1502 5386 1603 5426 nos
1614 5385 1807 5427 omnes
1820 5384 2127 5445 pergarnus.

538 5440 587 5521 ί)
878 5465 974 5522 filii
998 5466 1115 5531 Dei,
1141 5466 1210 5521 ad
1240 5464 1399 5521 istam
1428 5465 1578 5520 omni
1622 5464 1822 5521 virtute
1848 5440 2134 5519 nostrafe-

537 5557 823 5614 ιιὶωωιισ.
853 5557 997 5614 Nihil
1044 5573 1145 5614 nos
1166 5564 1410 5622 revocet,
1438 5555 1575 5611 nihil
1630 5571 1730 5611 nos
1764 5555 2022 5619 retardet,
2054 5553 2136 5612 ni-

537 5647 623 5706 hil
657 5663 759 5709 nos
788 5649 1046 5720 impediat
1072 5650 1141 5705 ad
1164 5651 1271 5707 hoc
1293 5647 1656 5705 desiderabile
1677 5661 1968 5717 properare
2001 5661 2137 5703 con-

538 5739 765 5797 vivium.
797 5738 1027 5797 munem
1056 5741 1437 5814 negligentiam
1458 5754 1491 5801 a
1535 5738 1691 5799 nobis
1718 5737 2001 5808 pellamus,
2023 5751 2136 5799 om-

543 5844 781 5901 nemque
802 5830 1066 5888 desidiam
1084 5832 1153 5887 sb
1179 5832 1383 5898 animo,
1410 5842 1468 5887 et
1485 5830 1731 5900 corporis
1754 5829 2135 5901 impedimenta

548 5936 579 5983 ι
610 5924 765 5980 nobis
784 5921 1155 5994 proﬁciamus,
1190 5932 1252 5980 nt
1276 5922 1440 5995 huius
1465 5924 1820 5983 beatitudinis
1839 5931 1894 5982 et
1923 5922 2132 5994 requiei

2211 1999 2495 2054 titudinem
2517 1996 2831 2051 securitatis
2859 1994 3043 2061 habet,
3079 1994 3164 2050 leo
3201 2002 3302 2049 est.
3339 1993 3501 2050 Unde
3551 1994 3822 2063 scriptum

2209 2097 2291 2145 est
2317 2108 2328 2143 :
2368 2089 2556 2143 Justus
2579 2080 2755 2142 autem
2777 2089 2928 2160 quasi
2957 2087 3037 2141 leo
3071 2087 3358 2157 conﬁdens,
3386 2088 3591 2157 absque
3624 2095 3825 2141 terrore

2207 2182 2305 2236 erit
2330 2176 2512 2252 (Prov.
2532 2181 2747 2251 xxvm).
2765 2178 2902 2246 Quia
2916 2192 3050 2233 vero
3074 2179 3378 2234 sublimiter
3401 2179 3824 2250 contemplatur

2210 2291 2271 2329 ea
2305 2290 2424 2345 quae
2456 2274 2698 2329 cmlestia
2726 2282 2885 2344 atque
2915 2282 3120 2330 mterna
3151 2274 3498 2344 sunt,aquiia
3523 2284 3636 2329 est.
3657 2275 3826 2347 Igitur

2210 2370 2465 2439 quoniam
2489 2368 2672 2439 justus
2709 2384 2808 2441 per
2829 2370 3096 2426 rationem
3118 2371 3303 2435 homo,
3332 2385 3432 2441 per
3478 2372 3633 2426 sacri
3645 2373 3820 2427 licium

2210 2462 2646 2517 mortiiicationis
2674 2477 2785 2518 sure
2811 2462 3036 2530 vitulus,
3061 2478 3160 2534 per
3181 2460 3563 2520 fortitudinem
3613 2466 3826 2521 securi-

2211 2555 2342 2611 tatis
2369 2555 2473 2621 leo,
2501 2571 2601 2627 per
2626 2556 3139 2628 contemplationem
3172 2568 3303 2612 vero
3331 2556 3573 2613 edicitur
3616 2559 3821 2630 aquila,

2212 2658 2362 2706 recte
2391 2666 2489 2723 per
2517 2650 2634 2706 lizec
2679 2658 2869 2715 saneta
2910 2650 3167 2709 animalia
3208 2651 3411 2722 signari
3441 2656 3827 2724 unusquisque

2212 2741 2488 2814 perlectus
2513 2749 2710 2814 potest.
2732 2742 2868 2811 Quia
2907 2742 3351 2812 omnisintentio,
3373 2746 3677 2817 omnisque
3703 2763 3828 2803 con-

2215 2834 2493 2907 templatio
2521 2842 2831 2891 sanctorum
2874 2850 3037 2907 super
3066 2851 3124 2892 se
3159 2836 3351 2903 tendit,
3375 2844 3436 2892 ut
3488 2837 3629 2894 illud
3659 2839 3833 2909 possit

2216 2927 2441 3000 adipisci
2476 2927 2620 3001 quod
2650 2928 2703 2982 in
2733 2927 3049 2984 etelestibus
3079 2929 3303 3000 appetit.
3338 2927 3466 2985 Sive
3498 2932 3656 2986 enim
3690 2932 3830 2988 bono

2215 3022 2387 3092 operi,
2420 3036 2514 3076 seu
2541 3021 2747 3076 caelesti
2783 3021 3024 3092 invigilet
3049 3021 3518 3092 contemplationi,
3554 3032 3692 3081 tunc
3736 3040 3830 3081 vc-

2216 3115 2416 3170 raciter
2439 3114 2543 3173 hoc
2571 3113 2714 3185 quod
2743 3114 2855 3187 agit
2906 3100 3110 3170 bonum
3135 3122 3220 3171 est
3264 3116 3483 3186 quando
3521 3116 3574 3172 ei
3611 3116 3833 3193 placere

2217 3209 2555 3281 concupiscit
2580 3224 2610 3263 a
2637 3225 2745 3285 quo
2791 3216 2893 3265 est.
2927 3209 3042 3278 Qua
3077 3210 3131 3265 in
3160 3226 3219 3266 re
3262 3212 3605 3282 pensandum
3636 3224 3730 3270 est
3780 3222 3834 3269 ut

2144 3303 2191 3373 ο
2220 3318 2382 3357 omne
2432 3302 2631 3356 bonum
2664 3301 2806 3373 quod
2852 3301 3032 3374 agitur
3081 3317 3179 3373 per
3208 3302 3573 3361 intentionem
3618 3321 3837 3378 semper

2218 3392 2285 3448 ad
2312 3392 2556 3448 ccelcstia
2593 3392 2822 3448 levetur.
2857 3388 3027 3448 Electi
3075 3400 3257 3449 autem
3306 3395 3435 3465 quia
3477 3405 3536 3451 et
3584 3397 3642 3452 in
3695 3400 3833 3454 bono

2217 3501 2381 3567 epere
2407 3486 2766 3557 omnipotenti
2793 3487 2904 3542 Deo
2930 3486 3146 3558 placere
3174 3474 3458 3569 appetunt,
3488 3499 3549 3545 et
3570 3505 3675 3563 per
3701 3507 3827 3549 eon-

2220 3577 2588 3653 templationis
2617 3578 2847 3650 gratiam
2876 3586 3135 3639 miernam
3160 3579 3277 3650 jam
3301 3580 3707 3638 beatitudinem
3740 3583 3827 3640 de-

2220 3678 2441 3743 gustare
2471 3672 2889 3745 eoncupiscunt,
2919 3669 3083 3741 facies
3131 3670 3181 3726 et
3226 3686 3427 3743 pennas
3471 3672 3713 3746 desuper
3753 3691 3838 3737 at.

2220 3766 2442 3822 tendunt
2469 3765 2686 3837 (Ezeclt.
2716 3766 2776 3838 ι).

2800 3856 3031 3916 CAPUT
3065 3856 3252 3921 XCIV.

2222 3953 2300 4008 De
2313 3971 2372 4007 eo
2388 3952 2523 4024 quod
2540 3950 2819 4024 Apostolus
2834 3953 2934 4006 ait:
2950 3950 3090 4008 Caro
3104 3952 3466 4031 concupiscit,
3482 3962 3594 4011 etc.
3614 3950 3835 4028 (σου).

2293 4065 2740 4137 Concupiscentia
2777 4067 2956 4125 carnis
2976 4076 3062 4122 est
3112 4075 3291 4129 motus
3320 4068 3524 4147 auium
3557 4070 3741 4151 turpis
3786 4069 3837 4129 iu

2226 4157 2477 4215 allectum
2523 4159 2753 4219 sordidae
2785 4159 3181 4231 delectationis.
3213 4159 3687 4237 Concupisceutia
3717 4178 3837 4223 rem

2224 4255 2449 4326 spiritus
2481 4262 2564 4315 est
2589 4255 2788 4317 ardens
2827 4256 3054 4317 intentio
3085 4256 3284 4323 utentis
3311 4257 3368 4321 in
3391 4256 3679 4323 desideria
3723 4274 3841 4319 sau-

2226 4357 2328 4404 ctte
2348 4347 2583 4409 virtutis.
2600 4347 2704 4411 Ista
2729 4347 2834 4403 sibi
2860 4348 3265 4411 consentientes
3286 4349 3460 4411 mittit
3484 4350 3557 4411 uti
3592 4365 3836 4421 regnum,

2229 4440 2316 4501 illa
2381 4440 2450 4497 ad
2511 4440 2833 4510 supplicium
2895 4440 3305 4517 sempiternum.
3378 4438 3841 4511 Concupiscentia

2228 4547 2467 4603 namque
2492 4532 2673 4595 carnis
2700 4532 2937 4603 primum
2975 4531 3262 4603 illecebras
3288 4532 3554 4594 vitiorum
3605 4532 3661 4597 in
3696 4534 3839 4606 cogi-

2232 4625 2528 4681 tationibus
2560 4624 2749 4695 gignit.
2767 4623 3220 4696 Concupiscentia
3250 4640 3382 4681 vero
3403 4626 3646 4699 spiritus
3668 4645 3699 4682 e
3713 4644 3841 4685 con-

2234 4719 2406 4775 trario
2457 4719 2813 4789 cogitationes
2889 4727 3107 4779 sanctas
3162 4719 3540 4785 indesinenter
3593 4725 3818 4795 opponit

2234 4811 2330 4867 Illa
2368 4810 2564 4869 fabulis
2605 4812 2762 4867 vanis
2817 4811 3123 4871 oblectatur
3173 4821 3230 4875 et
3281 4813 3495 4878 verbis,
3526 4815 3638 4873 ista
3700 4816 3846 4876 Scri—

2234 4913 2521 4975 pturarum
2550 4906 2999 4963 meditationibus
3034 4914 3201 4983 atque
3223 4908 3536 4978 prmceptis.
3570 4908 3671 4969 Illa
3720 4925 3848 4981 gau-

2238 4996 2331 5055 det
2383 4997 2705 5067 spectaculis
2763 5014 2946 5053 rerum
3004 4998 3384 5066 terrestrium,
3438 4999 3547 5057 ista
3602 5011 3846 5059 conte-

2234 5088 2475 5161 platione
2517 5091 2822 5151 ctelestium
2857 5092 3198 5164 gaudiorum.
3236 5092 3332 5151 l'lla
3375 5100 3605 5155 terrena
3654 5094 3847 5169 gaudia

2237 5181 2451 5251 quaerit,
2480 5180 2586 5237 ista
2623 5185 2855 5253 gemitus
2883 5192 2939 5239 et
2965 5183 3195 5255 suspiria
3244 5183 3434 5247 trahit.
3465 5185 3567 5245 Illa
3624 5186 3683 5251 in
3705 5202 3849 5245 som-

2235 5292 2366 5335 num
2394 5285 2556 5348 atque
2586 5277 2863 5348 pigritiam
2909 5295 3108 5350 corpus
3150 5279 3377 5345 relaxat,
3422 5281 3531 5338 ista
3560 5282 3622 5339 in
3650 5282 3850 5356 vigiliis

2235 5376 2294 5424 et
2338 5369 2769 5439 competentibus
2806 5370 3148 5435 orationibus
3196 5371 3465 5439 elaborat.
3500 5373 3599 5429 Illa
3629 5390 3728 5447 per
3772 5374 3853 5430 in-

2236 5462 2473 5535 gluviern
2503 5462 2776 5521 illecebris
2827 5463 3035 5529 ventris
3080 5473 3135 5529 et.
3175 5464 3446 5527 desiderio
3482 5468 3728 5537 gutturis
3772 5466 3853 5533 in-

2237 5564 2455 5623 aestuat,
2490 5556 2591 5615 ista
2614 5555 2963 5626 semetipsum
2993 5553 3216 5624 jejuniis
3246 5565 3301 5619 et
3326 5555 3682 5621 abstinentia
3722 5572 3853 5615 cru-

2237 5648 2758 5705 ciatibusmacerat.
2784 5645 2875 5701 Illa
2894 5645 3120 5701 luxuriae
3145 5646 3357 5702 subdita
3383 5649 3631 5718 turpium
3654 5661 3853 5721 perp-

2239 5740 2534 5796 trationum
2556 5736 2801 5806 allectus,
2828 5754 2963 5810 quos
2988 5739 3285 5799 intentione
3306 5738 3665 5809 cogitationis
3711 5740 3851 5809 agit.

2240 5829 2571 5904 perfectione
2594 5831 2888 5889 voluntatis
2934 5830 3151 5902 explere
3174 5831 3482 5896 contendit;
3524 5831 3634 5886 ista
3681 5829 3857 5887 casti-

2243 5924 2373 5985 tatis
2407 5932 2465 5987 et
2513 5924 2786 5997 pudicitiae
2829 5925 3170 5987 honestatem
3215 5923 3406 5998 diligit.
3444 5923 3543 5985 Illa
3593 5924 3859 5999 avaritia
