4020 6464
246 426 349 486 685

1423 424 1730 485 DIADEMA
1771 412 2275 482 MONACHORUH.

3404 427 3511 484 686

244 541 462 599 ﬂamma
486 557 761 607 succensa,
785 542 989 614 appetit
1013 542 1222 599 lucrum
1243 583 1259 610 ,
1307 550 1363 599 et
1396 542 1535 613 fugit
1555 551 1822 614 tempora-
1846 542 1901 602 Α
1921 539 2063 595 hom.
2091 539 2174 612 4.)
2199 540 2341 596 Ante
2369 539 2565 599 ancient
2599 540 2799 611 quippe
2827 537 3128 606 ambulare,
3163 550 3248 599 est
3274 550 3511 605 anterio-

244 633 373 690 lium
404 635 602 695 damna
653 649 865 700 rerum;
905 635 1010 693 ista
1038 642 1391 701 contemnens
1430 636 1709 700 mundum,
1739 650 1826 690 so-

243 727 353 782 lum
395 727 500 783 sibi
532 728 769 792 vindicat
796 727 1090 787 Christum.
1130 728 1225 784 illa
1254 729 1436 785 invida
1463 728 1668 784 nullum
1720 730 1824 786 sibi

242 819 577 897 superiorem
613 820 699 875 vel
734 822 994 895 aequalem
1018 836 1137 879 esse
1160 822 1445 893 permittit,
1474 821 1569 877 sed
1609 821 1824 877 interno

238 910 411 965 livore
437 910 677 966 vulneris
700 911 766 967 de
790 920 1109 968 cunctorum
1146 910 1388 984 profectu
1415 909 1677 979 tabescit;
1718 911 1822 967 ista

238 1003 304 1062 de
321 1012 640 1061 cunctorum
666 1005 960 1065 virtutibus
984 1007 1204 1079 gaudet,
1233 1011 1289 1061 et
1310 1003 1547 1061 minores
1594 1003 1695 1060 sibi
1722 1018 1822 1075 pro

237 1098 501 1155 charitate
529 1097 924 1179 praeponit.an
952 1082 1257 1155 eiestuans
1286 1096 1420 1154 nihil
1444 1097 1823 1175 aequanimiter

233 1197 437 1263 portat,
461 1189 554 1245 sed
591 1189 903 1262 perturbata
942 1200 1120 1247 mente
1143 1206 1314 1262 usque
1340 1190 1407 1246 ad
1444 1205 1604 1247 voces
1629 1188 1821 1245 tumqu

235 1289 347 1336 tum
376 1280 611 1347 exultat;
663 1282 764 1338 ista
810 1282 953 1338 nulla
982 1284 1393 1355 exasperatione
1428 1291 1694 1350 movetur,
1725 1282 1820 1339 sed

230 1387 331 1445 per
353 1368 757 1443 tranquillitatis
785 1374 1251 1431 mansuetudinem
1275 1373 1546 1447 patienter
1563 1374 1815 1431 sustinet.

227 1460 322 1519 Ilia
348 1463 564 1519 tristitia
591 1463 852 1531 inficitur,
882 1465 1010 1521 dum
1058 1467 1312 1538 quaelibet
1345 1467 1572 1523 adversa
1602 1480 1820 1537 persen-

229 1556 394 1623 serit;
436 1556 536 1613 ista
565 1557 712 1613 nullo
732 1572 968 1615 maerore
989 1558 1273 1631 li-angitur,
1293 1562 1387 1616 sed
1408 1561 1571 1616 etiam
1592 1561 1734 1616 mala
1751 1561 1817 1618 de

227 1647 490 1720 proximis
528 1655 774 1718 portans,
800 1650 868 1704 ah
899 1650 1158 1705 interiore
1186 1650 1382 1722 gaudio
1410 1667 1515 1705 non
1545 1659 1811 1706 movetur.

225 1736 320 1795 Illa
346 1741 639 1797 ambitione
666 1742 931 1798 honorum
980 1741 1242 1809 inficitur,
1265 1750 1317 1799 et
1352 1743 1602 1800 humanis
1644 1742 1817 1799 laudi-

224 1831 328 1887 bus
349 1830 433 1887 vel
464 1832 731 1888 illecebris
760 1848 911 1890 vanas
935 1832 1118 1905 gloria:
1162 1834 1457 1901 delinitur;
1500 1836 1601 1890 ista
1633 1836 1813 1891 humi-

1928 647 1988 687 ra
2013 638 2219 704 petere.
2250 631 2311 689 In
2332 633 2587 703 praesnti
2610 646 2744 691 vero
2766 632 3069 700 ambulare,
3079 641 3164 690 est
3185 635 3509 708 sibimetipsi

1925 725 2205 782 absentem
2246 740 2354 781 non
2383 739 2523 782 esse.
2553 725 2743 789 Omnis
2767 726 2969 782 etenim
3012 725 3195 796 justus
3226 728 3321 799 qui
3339 731 3511 796 vitam

1923 830 2079 873 suam
2104 817 2370 873 sollicitus
2393 817 2605 888 aspicit,
2626 824 2683 873 et
2711 816 2997 889 diligenter
3009 819 3317 891 considerat
3333 836 3512 892 quan.

1923 914 2039 963 tum
2068 909 2311 981 quotidie
2330 909 2387 963 ia
2414 908 2572 971 bonis
2603 916 2834 976 crescat,
2868 917 2963 969 aut
2992 908 3227 973 fortasse
3244 920 3510 982 quantum

1923 1017 1955 1057 a
1977 1002 2133 1057 bonis
2160 1003 2459 1066 decrescat,
2491 1002 2594 1058 iste
2618 1001 2747 1072 quia
2770 1016 2832 1059 se
2856 1009 2984 1061 ante
3007 1015 3067 1063 se
3104 1004 3279 1073 ponit,
3325 1018 3512 1069 coram

1923 1106 1983 1148 se
2011 1092 2271 1160 ambulat,
2300 1093 2500 1164 quippe
2524 1093 2617 1162 qui
2637 1091 2927 1162 vigilanti):
2952 1092 3099 1155 Videt
3127 1102 3309 1165 utrum
3323 1103 3513 1169 surgat

1924 1198 1995 1239 an
2026 1183 2247 1242 deﬂuat.
2273 1185 2532 1256 Quisquis
2558 1199 2690 1243 vero
2716 1184 2844 1245 vita:
2873 1200 2986 1247 suae
3013 1188 3317 1255 custodiam
3340 1189 3512 1261 [36811-

1921 1279 2022 1349 git,
2051 1279 2323 1337 discutere
2347 1280 2494 1350 quod
2519 1280 2652 1351 agit,
2673 1294 2798 1349 quae
2824 1277 3084 1348 loquitur.
3120 1294 3242 1350 uuas
3282 1282 3509 1357 cogitat.

1921 1379 2017 1427 aut
2042 1372 2291 1443 despicit,
2320 1381 2415 1428 aut
2431 1374 2628 1437 nescit.
2656 1388 2846 1435 coram
2869 1386 3053 1435 senon
3086 1372 3348 1438 ambulat,
3379 1374 3509 1449 quia

1920 1466 2100 1537 qualis
2121 1466 2194 1521 sit
2216 1466 2272 1521 in
2299 1466 2415 1522 suis
2437 1466 2683 1533 moribus
2710 1464 2798 1525 vel
2845 1464 3059 1529 actibus
3104 1463 3339 1536 ignorat.
3396 1464 3513 1539 Nec

1921 1559 2244 1628 sibimetipsi
2274 1573 2512 1628 praesens
2569 1566 2678 1625 est,
2730 1557 2826 1629 qui
2870 1556 3223 1627 semetipsum
3268 1557 3513 1626 quotidie

1919 1661 2176 1706 excutere
2202 1658 2366 1719 atque
2405 1663 2736 1720 cognoscere
2785 1644 3051 1703 sollicitus
3103 1662 3209 1702 non
3257 1655 3360 1703 est.
3418 1647 3512 1704 ille

1919 1750 2100 1801 autem
2129 1741 2400 1803 veraciter
2426 1756 2487 1805 sc
2522 1749 2652 1803 ante
2704 1754 2765 1799 se
2802 1738 2976 1810 ponit,
3028 1738 3242 1811 sibique
3272 1740 3327 1809 iu
3372 1754 3511 1823 pm:-

1919 1835 2059 1893 senti
2090 1841 2195 1907 est,
2210 1834 2301 1903 qui
2331 1848 2390 1895 se
2413 1833 2468 1897 in
2496 1833 2611 1891 suis
2623 1832 2835 1891 actibus
2859 1837 3119 1901 tanquam
3140 1829 3303 1895 alium
3328 1840 3506 1895 atten-

224 1924 432 1985 litatem
468 1934 645 1992 amat,
671 1934 726 1983 et
749 1926 849 1982 soli
890 1926 1000 1983 Deo
1042 1943 1140 1983 suo
1174 1927 1265 1998 qui
1296 1929 1572 1998 inspector
1612 1928 1812 1984 mentis
1838 1910 1889 1974 Β
1916 1925 2013 1981 dit.
2047 1922 2192 1998 (Huc
2214 1940 2377 1996 usque
2403 1920 2646 2001 Gregor.)
2688 1922 2960 1987 Debemus
2985 1936 3116 1993 ergo
3147 1923 3509 2003 nosmetipsos

223 2025 327 2083 est,
359 2018 575 2090 placere
605 2014 852 2076 delectat.
894 2018 989 2074 lila
1019 2018 1203 2075 inﬂata
1248 2019 1517 2091 superbiae
1552 2019 1694 2077 ihstn
1715 2036 1814 2078 eor

221 2109 480 2166 miserum
521 2109 730 2176 elevat;
778 2112 879 2167 ista
910 2127 980 2167 ne
1012 2128 1041 2165 a
1068 2110 1394 2167 celsitudine
1422 2127 1520 2166 sua
1550 2120 1809 2179 corruat,

219 2213 393 2270 usque
439 2200 495 2255 in
534 2200 718 2255 intima
745 2202 979 2273 seipsam
1008 2202 1275 2257 humiliat.
1332 2202 1439 2257 Sed
1468 2203 1598 2272 quid
1622 2203 1813 2274 plura?

218 2288 670 2363 Concupiscentia
690 2293 891 2359 carnis,
915 2294 970 2349 in
1017 2294 1258 2349 omnium
1282 2294 1539 2350 vitiorum
1577 2295 1814 2349 multituo

219 2379 402 2437 dinem
455 2384 557 2438 sibi
603 2385 1011 2440 consentientes
1037 2386 1365 2456 prmcipitat.
1410 2384 1812 2455 Concupiscen-

217 2473 295 2528 tia
321 2488 454 2530 vero
494 2474 716 2544 spiritus
740 2483 975 2532 mentem
1002 2476 1226 2545 lassam,
1250 2491 1319 2532 ne
1347 2475 1584 2543 deﬁciat,
1612 2490 1708 2549 spe
1728 2474 1811 2532 fu-

218 2570 361 2620 tura:
383 2564 565 2637 gloriae
583 2568 917 2623 corroborat.

789 2665 1019 2725 CAPUT
1052 2667 1215 2724 XCV.

219 2752 364 2821 Quid
381 2757 451 2810 sit
472 2756 695 2828 intpetus
715 2758 952 2829 spiritus,
997 2768 1045 2814 et
1075 2760 1202 2832 quid
1228 2760 1296 2815 sit
1340 2759 1562 2831 inspetus
1610 2762 1805 2817 carnis.

288 2845 346 2901 In
376 2847 579 2903 electis.
603 2857 661 2903 et
686 2848 931 2920 reprobis
970 2850 1169 2905 diversi
1206 2858 1334 2908 sunt
1396 2852 1628 2923 impetus
1676 2870 1689 2906 :
1750 2854 1807 2908 in

216 2938 404 2994 eiectis
431 2940 683 2997 videiicet
711 2942 945 3013 impetus
971 2945 1214 3014 spiritus,
1243 2946 1300 3002 in
1342 2946 1589 3021 reprobis
1640 2947 1810 3017 impe-

214 3039 306 3087 tus
332 3032 532 3088 carnis.
561 3031 798 3104 Impetus
818 3036 1016 3106 quippe
1039 3038 1223 3093 carnis
1255 3040 1321 3094 ad
1345 3038 1553 3103 odium,
1587 3040 1655 3095 ad
1695 3039 1808 3094 ela-

213 3124 446 3192 tionem,
486 3126 555 3181 ad
599 3127 1021 3196 immunditiam,
1052 3131 1122 3184 ad
1152 3131 1420 3201 rapinam,
1449 3133 1516 3187 ad
1568 3132 1809 3188 exterio-

213 3226 334 3274 rem
381 3215 631 3289 gloriam,
686 3218 755 3275 ad
805 3219 1205 3288 crudelitatem,
1253 3223 1321 3277 ad
1371 3223 1685 3294 perﬁdiam,
1738 3224 1807 3280 ad

1915 2015 2144 2071 sollicite
2165 2015 2305 2069 sicut
2345 2014 2480 2069 alios
2503 2016 2709 2082 videre,
2752 2026 2961 2086 nosque
3005 2011 3172 2081 ipsos,
3200 2021 3259 2067 ut
3298 2012 3506 2069 dictum

1914 2113 2017 2169 est,
2043 2113 2172 2159 ante
2201 2118 2301 2169 nos
2326 2119 2553 2175 ponere,
2584 2106 2718 2163 etin
2767 2105 2981 2169 cunctis
3025 2120 3149 2175 quas
3181 2105 3394 2183 agimus
3421 2104 3508 2169 in.

1915 2198 2089 2254 terius
2113 2203 2170 2252 et
2200 2198 2445 2253 exterius
2468 2213 2568 2253 nes
2598 2198 2891 2271 diligenter
2910 2197 3189 2265 custodire
3216 2198 3504 2265 debemus.

2065 2328 2068 2332 ι
2196 2284 2199 2291 ’
2479 2290 2707 2347 CAPUT
2725 2288 2928 2351 XCVII.

1912 2380 1994 2437 De
2018 2397 2080 2436 eo
2102 2384 2245 2444 quod
2275 2383 2527 2453 scriptum
2549 2391 2627 2438 est
2656 2380 2863 2453 :_Omni
2915 2381 3166 2453 custodis
3193 2395 3353 2447 serva

2456 2460 2609 2519 tuum
2641 2449 2827 2527 (Prov.
2856 2450 2956 2533 ιν),

1986 2563 2134 2621 Dicis
2179 2563 2433 2631 fortasse,
2480 2564 2750 2634 quomodo
2794 2578 3018 2635 possunt
3069 2564 3348 2635 custodire
3398 2579 3498 2635 cur

1912 2672 2116 2725 meum,
2146 2667 2209 2713 ut
2230 2658 2373 2714 mala
2400 2673 2509 2717 non
2534 2657 2924 2729 cogitetidudi
2946 2658 3500 2735 breviterrationem.

1912 2748 2080 2805 Potes
2105 2750 2407 2815 evidenter,
2433 2750 2483 2809 si
2510 2750 2694 2811 divina
2722 2758 2779 2813 et
2806 2750 3050 2813 celestis
3070 2752 3371 2821 meditaris.
3396 2750 3501 2823 Ta-

1912 2855 2039 2895 men
2064 2841 2172 2896 tria
2200 2848 2328 2905 sunt
2365 2855 2487 2910 quia
2537 2849 2770 2912 possunt
2796 2857 2828 2899 ι
2875 2841 3035 2907 malis
3081 2843 3503 2919 οοαὶιθιὶορὶδαβ

1910 2932 2151 2989 animam
2178 2931 2448 2991 liberare:
2478 2932 2661 3003 vigilia
2689 2942 2903 3003 sancta,
2932 2934 3112 2993 oratio
3165 2943 3222 2997 et
3272 2936 3503 3005 medita-

1911 3026 2010 3085 tio.
2050 3024 2253 3082 Harum
2300 3026 2593 3091 assiduitas
2639 3026 2853 3093 confert
2900 3030 3097 3099 animo:
3125 3030 3495 3102 stabilitatem,

1910 3127 1975 3173 ut
2001 3118 2159 3177 bonis
2182 3120 2604 3191 cogitationibus
2626 3130 2811 3190 etnon
2860 3122 3023 3191 mulis
3074 3134 3390 3198 occupetur,
3440 3126 3502 3189 Si

3402 2392 3572 2480 m1-

1910 3210 1998 3264 vis
2022 3210 2078 3264 in
2106 3211 2306 3269 mundo
2328 3225 2425 3271 cor
2447 3213 2710 3277 mundum
2744 3212 2967 3281 habere.
2999 3214 3089 3275 dic
3122 3230 3248 3285 cum
3274 3215 3450 3285 David
3479 3235 3495 3273 :

213 3271 1807 3385 ausaausa,"milia;"snite:exagitet;
1833 3271 1879 3343 (ἓ
1913 3301 2202 3359 leuitatis
2233 3320 2352 3361 εει.
2374 3314 2525 3362 nocte
2580 3321 2700 3365 sum
2732 3306 2891 3369 corde
2913 3323 3050 3376 meo.
3080 3317 3130 3373 ec
3181 3271 3501 3377 unimame

214 3404 463 3459 animum
489 3403 736 3474 impellit.
767 3403 1005 3476 Impetus
1029 3421 1160 3462 vero
1210 3405 1434 3476 spiritus
1464 3408 1533 3462 ad
1556 3409 1804 3483 charito-

214 3502 346 3562 teut,
376 3496 443 3552 ad
468 3496 850 3565 humilitatem,
881 3499 949 3553 ad
974 3500 1385 3567 continentium,
1412 3502 1479 3557 ad
1495 3501 1803 3571 largitatem

212 3589 623 3657 misericordim,
657 3590 725 3646 ad
751 3590 1067 3646 interiorem
1106 3591 1429 3661 profectum,
1490 3593 1558 3648 ad
1584 3592 1803 3663 pietatis

212 3694 416 3751 cpera,
481 3681 549 3737 ad
594 3689 921 3738 aeternorum
977 3683 1157 3751 ﬁdem,
1206 3686 1274 3740 ad
1320 3699 1472 3756 spem
1525 3683 1803 3755 sequentis

214 3772 432 3844 gaudii,
498 3772 565 3828 ad
590 3774 929 3843 patientiam,
964 3775 1031 3829 ad
1052 3789 1260 3845 pacem,
1291 3775 1359 3831 sd
1406 3776 1799 3832 consideratio—

212 3881 340 3922 nem
390 3866 515 3921 vitze
559 3866 883 3922 immortalis
924 3874 981 3923 et
1010 3867 1283 3939 Iacrymas
1302 3876 1542 3923 mentem
1587 3877 1802 3940 pertrav

211 3960 318 4016 hit.
349 3958 501 4018 Unde
523 3974 746 4016 necesse
772 3970 856 4017 est
879 3970 940 4017 ut
966 3976 1169 4033 magna.
1200 3977 1415 4032 semper
1459 3978 1591 4018 cura
1622 3963 1801 4019 consi-

214 4050 412 4108 derare
438 4052 731 4109 debeamus
776 4054 831 4107 in
859 4068 1022 4109 omne
1064 4054 1207 4124 quod
1254 4055 1489 4124 agimus,
1548 4070 1656 4124 quo
1700 4069 1801 4110 nos

212 4141 451 4212 impetus
472 4144 637 4199 ducat
665 4161 678 4197 :
706 4150 887 4198 utrum
918 4151 1105 4198 nostra
1132 4144 1388 4215 cogitatio
1429 4144 1800 4214 peripetum

213 4235 400 4290 carnis
422 4250 492 4289 an
519 4250 619 4306 per
648 4236 905 4307 impetum
948 4235 1173 4307 spiritus
1222 4236 1548 4306 impellatur.
1600 4235 1800 4292 Amare

214 4328 365 4382 enim
399 4333 636 4392 terrena,
662 4306 989 4398 temporalia,
1027 4328 1248 4385 mtcrnis
1284 4342 1616 4399 praeponere,
1650 4335 1801 4389 cxte-

213 4422 360 4478 riora
387 4423 528 4477 bona
558 4436 664 4477 non
700 4422 767 4477 ad
797 4436 955 4479 usum
989 4422 1296 4483 necessaria
1335 4422 1559 4485 habere,
1606 4421 1701 4476 sed
1729 4420 1799 4476 ad

212 4512 547 4584 voluptatem
572 4514 980 4584 concupiscere,
1006 4513 1266 4570 ultionem
1295 4514 1362 4569 de
1400 4513 1627 4569 inimico
1651 4527 1799 4583 qum-

1906 3398 1967 3452 δη
1993 3413 2076 3451 me
2101 3398 2347 3468 spiritum
2371 3414 2545 3461 meum
2575 3395 2694 3469 (Ps.
2720 3396 2928 3471 Limn).
2947 3399 3219 3469 Quantum
3240 3408 3499 3469 (mtuum

1905 3489 2223 3549 meditando
2249 3490 2579 3556 damneris,
2633 3499 2848 3557 tantum
2891 3493 3177 3563 sublimius
3205 3510 3498 3571 conseque:

1908 3582 1989 3638 ris
2015 3582 2321 3652 praemium,
2350 3590 2406 3640 et
2432 3581 2667 3643 clariore
2697 3584 2980 3659 sapientia:
3006 3592 3064 3649 et
3083 3586 3499 3655 ﬁdentiaeiumi-

1908 3689 1982 3730 ne
2002 3673 2250 3745 fulgebis.
2285 3672 2346 3733 Si
2375 3674 2479 3739 vis,
2496 3685 2556 3731 ut
2590 3677 2841 3747 superius
2860 3677 3067 3737 dictum
3079 3686 3186 3745 est,
3213 3695 3311 3747 cor
3333 3696 3495 3751 mun-

1904 3765 2037 3829 dum
2066 3764 2288 3831 habere,
2318 3782 2596 3836 nunquam
2635 3776 2688 3825 te
2717 3768 2968 3835 inanibus
2995 3768 3194 3841 tabulis
3239 3786 3495 3847 occupes.

1907 3855 2179 3928 Quidquid
2201 3865 2357 3928 turpe
2382 3869 2464 3917 est
2498 3866 2555 3923 et
2581 3867 2771 3925 contra
2819 3864 3166 3933 sanctitatem
3215 3880 3498 3937 nunquam

1905 3962 2172 4028 sutagas,
2217 3964 2313 4012 aut
2360 3956 2645 4015 delecteris
2699 3958 2909 4019 audire.
2962 3956 3084 4017 Jam
3137 3976 3262 4031 qum
3311 3962 3496 4027 saeculi

1903 4057 2059 4102 erant
2085 4048 2402 4119 deposuisti.
2433 4047 2700 4109 Christum
2732 4049 3018 4115 Dominum
3042 4052 3265 4117 induisti
3311 4052 3489 4124 (Rom.

1906 4140 2052 4215 ιιιι).
2096 4138 2223 4196 Vide
2244 4141 2389 4197 unde
2418 4148 2553 4199 teuto
2576 4142 2847 4208 virtutum,
2888 4143 3126 4226 pristina
3173 4146 3494 4216 quaesiturus

1905 4235 2211 4289 vestimenta
2228 4233 2514 4291 descendas
2541 4232 2758 4307 (Matth.
2795 4231 2969 4307 Iuv).
3008 4250 3113 4293 nec
3134 4236 3203 4293 de
3223 4233 3389 4309 agro”
3408 4254 3493 4305 re—

1905 4329 2140 4386 vertaris
2166 4329 2407 4395 domum,
2455 4344 2523 4385 ne
2548 4328 2821 4389 ﬁmbriam
2874 4327 3193 4397 Salvatoris,
3250 4346 3354 4391 nec
3377 4332 3494 4393 ciu—

1903 4422 2097 4479 eiunos
2112 4421 2289 4477 noctis
2314 4435 2439 4477 rore
2490 4419 2847 4487 madefactos,
2891 4435 3029 4490 quos
3083 4422 3253 4489 semei
3309 4432 3494 4489 tenere

1903 4512 2120 4582 empisti
2150 4510 2439 4582 aliquando
2471 4510 2715 4573 dimittas
2748 4527 2762 4565 :
2795 4509 2927 4569 Esto
2953 4519 3008 4565 ut
3040 4510 3228 4577 domus
3266 4512 3491 4583 fundata

212 4620 359 4672 rere,
385 4608 448 4661 de
469 4606 645 4661 aemuli
667 4622 798 4663 casu
826 4608 1078 4676 gaudere,
1115 4607 1351 4674 impetus
1375 4607 1556 4661 carnis
1576 4613 1678 4662 est.
1726 4604 1797 4667 At
1821 4632 1878 4695 Β
1901 4620 2061 4676 super
2085 4614 2283 4675 petram
2311 4602 2506 4676 (Hau/1
2524 4603 2662 4675 .vn),
2696 4601 2843 4657 nulla
2876 4610 2927 4665 te
2956 4618 3088 4661 aura
3118 4604 3303 4675 sreculi
3329 4603 3491 4676 hujus

215 4704 410 4753 contra
440 4712 623 4753 amare
644 4696 908 4764 cmlestia,
945 4707 1297 4753 contemnere
1325 4698 1665 4763 transitoria,
1688 4711 1796 4753 non

215 4790 287 4845 ad
313 4788 547 4847 iructum
572 4791 865 4862 voluptatis
890 4792 1209 4856 transitum,
1235 4789 1331 4846 sed
1383 4792 1450 4846 ad
1501 4806 1660 4851 usum
1704 4806 1797 4849 ne-

214 4882 492 4938 cessitatis
517 4897 778 4953 qumrcre,
810 4886 876 4939 de
902 4884 1105 4939 inimici
1140 4892 1313 4941 morte
1349 4885 1575 4950 tristari,
1627 4886 1796 4954 impe—

215 4982 310 5031 tus
330 4974 555 5045 spiritus
575 4984 679 5031 est.
714 4977 780 5031 Et
802 4977 929 5047 quia
970 4978 1197 5047 perfecti
1227 4979 1427 5048 quique
1476 4978 1531 5035 in
1567 4978 1689 5037 istis
1736 4996 1795 5039 se

213 5080 437 5139 semper
476 5069 769 5124 virtutibus
797 5077 1076 5135 exercent,
1120 5077 1269 5126 recte
1299 5086 1442 5127 nunc
1477 5073 1542 5127 de
1589 5071 1793 5135 sanctis

215 5159 543 5219 animalibus
570 5162 810 5225 dicitur:
849 5160 948 5216 Ubi
973 5172 1086 5231 erat
1117 5163 1339 5236 impetus
1376 5164 1614 5235 spiritus,
1666 5163 1792 5227 illuc

214 5249 591 5322 gradiebantur
617 5252 834 5327 (Bacch.
857 5253 920 5326 ι).

781 5364 1012 5424 CAPUT
1040 5367 1223 5424 XCVI.
1258 5364 1261 5367 ’
1366 5388 1383 5394 -

215 5452 298 5512 De
324 5473 385 5514 eo
421 5456 561 5532 quod
600 5461 953 5544 unusquisque
974 5459 1158 5544 justus
1177 5470 1225 5515 et
1250 5461 1592 5544 patefaciunt
1617 5478 1789 5529 suam,

589 5539 639 5585 st
666 5545 845 5586 eorum
868 5530 1016 5599 facie
1042 5548 1141 5587 sua
1161 5530 1417 5593 ambulat.

286 5620 427 5678 Ante
454 5619 648 5689 faciem
670 5637 803 5693 ergo
827 5638 981 5683 sitam
1028 5624 1269 5696 graditur
1305 5623 1514 5703 justus,
1554 5625 1682 5696 quia
1726 5627 1793 5689 ad

214 5727 283 5771 ea
303 5724 426 5785 qua
464 5714 780 5787 reliquerat,
813 5715 960 5775 nullo
1000 5717 1113 5787 iam
1143 5717 1383 5787 appetitu
1415 5719 1626 5788 aspicit,
1657 5720 1791 5777 etin

214 5809 439 5871 uternis
463 5825 583 5880 quae
611 5811 835 5881 appetit,
863 5812 964 5868 sub
988 5810 1459 5881 contemplationis
1482 5827 1592 5869 suae
1613 5814 1788 5880 oculo,

213 5903 345 5971 hoc]
381 5905 771 5977 operispedem
799 5906 968 5978 ponit.
1004 5903 1180 5980 (Grca.
1219 5904 1307 5961 lib.
1340 5921 1355 5960 t
1402 5923 1555 5976 super
1598 5905 1788 5971 Each.

1903 4698 2196 4763 concutiat,
2240 4697 2418 4759 nullus
2464 4706 2516 4753 te
2549 4704 2738 4765 Ventus
2784 4696 3038 4753 desiderii
3079 4699 3231 4768 pravi
3269 4708 3484 4761 exurat.

1902 4795 2035 4853 Esto
2048 4794 2163 4865 apis
2184 4790 2825 4863 prudentissima,t‘avum
2840 4791 3015 4855 mellis
3036 4806 3201 4863 opera
3228 4800 3318 4853 tua
3340 4809 3488 4849 com-

1898 4895 2128 4960 ponant,
2158 4894 2218 4941 ut
2240 4892 2334 4943 tua
2359 4884 2641 4941 dulcedine
2670 4884 2834 4940 saties
2862 4882 3160 4941 Christum.
3192 4883 3487 4959 Supervola

1897 4980 2030 5037 vitia
2049 4987 2105 5035 et
2132 4978 2413 5050 continges
2435 4992 2558 5035 eum
2579 4977 2671 5047 qui
2697 4977 2795 5031 tibi
2822 4977 2954 5037 dicit
2982 4996 2996 5033 :
3030 4977 3143 5048 Ego
3177 4978 3276 5050 ﬂos
3292 4980 3484 5052 campi,

1898 5083 1948 5131 ct
1979 5075 2078 5145 ﬂos
2111 5073 2225 5147 agri
2265 5071 2443 5145 (Cant.
2472 5073 2557 5143 ιι),
2592 5071 2833 5149 Decerpe
2854 5070 3015 5137 ﬂores
3034 5086 3132 5147 per
3174 5070 3486 5142 Scripturas

1898 5178 2142 5235 sanctas,
2165 5176 2225 5223 ut
2252 5167 2402 5229 dicas
2430 5182 2554 5229 cum
2566 5166 2836 5239 Propheta
2867 5184 2881 5221 :
2908 5165 3180 5229 Eructapit
3208 5182 3297 5229 cor
3312 5182 3484 5221 meum

1898 5262 2114 5325 uerbum
2147 5244 2360 5328 bonum,
2408 5260 2525 5327 dico
2568 5278 2662 5332 ego
2717 5278 2875 5335 opera
2917 5277 3035 5319 mea
3096 5260 3223 5332 regi.
3276 5258 3484 5332 Lingua

1899 5370 2016 5415 tua
2041 5351 2276 5416 calamus
2288 5351 2474 5411 scriba:
2486 5350 2730 5417 pelociter
2740 5351 3012 5415 scribentis
3035 5348 3151 5424 (Ps.
3169 5349 3339 5425 κων).
3359 5351 3483 5415 Illos

1898 5460 2030 5518 ergo
2057 5443 2289 5510 imitare,
2316 5443 2436 5503 illos
2458 5458 2687 5521 sequere
2708 5443 2801 5516 qui
2814 5443 2915 5497 ista
2938 5440 3124 5505 audire
3144 5453 3478 5519 meruerunt,

1895 5550 2127 5609 quorum
2157 5535 2398 5605 habitus,
2434 5550 2633 5604 sermo,
2669 5536 2933 5600 incessus,
2964 5532 3097 5600 vita,
3140 5530 3369 5593 formam
3398 5537 3479 5603 in-

1893 5628 2170 5697 tuentibus
2193 5630 2454 5700 prazbent.
2489 5626 2621 5683 Nam
2651 5626 2771 5682 illos
2794 5640 2933 5708 quos
2956 5624 3160 5697 videris
3187 5625 3242 5683 in
3257 5629 3477 5697 modum

1893 5722 2123 5787 turturis
2146 5723 2372 5797 pingere
2434 5722 2725 5785 incessum,
2772 5718 3038 5787 curiosos,
3090 5718 3368 5789 verbosos,
3421 5723 3477 5791 ip

1894 5814 2008 5882 risu
2035 5814 2245 5883 faciles,
2272 5816 2389 5881 sine
2421 5814 2644 5886 pudore,
2706 5812 2823 5883 sine
2862 5808 3203 5881 verecundis,
3264 5810 3473 5885 fabula-

1893 5906 2065 5963 aniles
2092 5914 2146 5963 et
2171 5923 2338 5963 vanas
2393 5904 2712 5975 referentes,
2742 5907 2810 5964 ad
2864 5920 3084 5962 cursum
3139 5903 3346 5979 tardos,
3403 5908 3473 5971 sd
