4020 6484
483 397 585 458 88⁸1

477 615 542 666 ut
569 607 719 662 faces
747 602 1002 659 ardentes
1052 599 1162 653 huc
1183 594 1420 664 illucque
1462 598 1626 646 vento
1663 589 1832 644 animi
1877 586 2062 652 flante,

476 701 750 765 scintillas
774 691 1228 767 concupiscentia:
1273 693 1558 761 spargunt,
1603 691 1743 741 etut
1787 689 1906 738 rota
1953 680 2069 736 vol-

475 805 703 862 vuntur,
740 793 834 865 qui
881 788 1101 862 proprio
1154 785 1281 857 igne
1315 783 1636 850 torquentur
1693 775 1750 831 in
1796 773 2068 845 sartagine

478 892 651 951 menti
705 903 846 954 suae,
873 886 995 951 hos,
1023 890 1084 938 ut
1112 879 1246 945 dixi,
1279 877 1480 942 devita,
1517 872 1643 944 quia
1671 869 1936 942 scriptum
1992 867 2068 923 le-

479 985 748 1062 gis:Cum
766 989 948 1039 sancto
977 987 1193 1034 sanctus
1205 974 1330 1038 eris,
1364 981 1412 1026 et
1443 985 1560 1024 cum
1595 981 1836 1038 perverso
1863 978 2068 1033 perver-

479 1055 606 1140 teris
633 1078 752 1152 (Ps.
782 1073 941 1148 xvn).
974 1070 1217 1128 Humiles
1243 1079 1376 1122 vero
1406 1061 1741 1125 obedientes,
1778 1055 2068 1111 lectionem

479 1151 746 1241 amantes,
773 1167 1007 1227 orationi
1031 1165 1315 1224 instantes,
1348 1172 1470 1212 ama
1497 1161 1553 1209 et
1578 1151 1758 1222 dilige,
1811 1157 2070 1216 tanquam

478 1270 728 1329 membra
751 1264 976 1323 Christi.
1011 1260 1136 1316 Illos
1156 1272 1293 1328 quos
1319 1262 1372 1310 te
1421 1250 1666 1306 devitarc
1712 1243 1916 1310 monui,
1961 1254 2072 1294 non

481 1361 755 1425 attendas,
789 1356 962 1428 magis
985 1353 1106 1409 volo
1157 1359 1219 1406 ut
1267 1356 1319 1403 te
1367 1346 1597 1400 timeant
1649 1348 1706 1398 et
1749 1335 2072 1394 aemulentur

481 1453 634 1521 mali,
660 1451 790 1509 boni
815 1464 946 1507 vero
975 1445 1198 1517 diligant
1221 1447 1278 1497 et
1306 1437 1620 1510 suscipiant.

1032 1599 1259 1659 CAPUT
1280 1594 1513 1654 XCVIII.

405 1723 417 1804 ."
485 1740 627 1814 Quid
668 1740 924 1813 signiﬁcet
947 1736 1086 1810 quod
1119 1735 1251 1789 dixit
1277 1734 1418 1787 Deus
1459 1729 1529 1784 ad
1564 1727 1834 1782 Abraham
1862 1737 1880 1776 :
1908 1723 2076 1814 Εει-ετ

554 1836 687 1893 dere
708 1811 776 1890 de
822 1840 972 1886 terra
999 1837 1110 1895 tua,
1147 1836 1203 1881 et
1228 1826 1296 1880 de
1329 1821 1652 1895 cognatione
1702 1826 1815 1884 tua,
1847 1824 1903 1872 et
1949 1811 2076 1869 veni

551 1931 608 1986 in
637 1938 841 1985 terram
862 1939 1030 1996 quam
1065 1927 1444 1977 monstravero
1477 1915 1576 1972 tibi
1613 1909 1767 1988 (Gen.
1800 1908 1923 1982 xu).

550 2090 620 2147 Et
654 2104 777 2155 nos,
809 2086 1010 2141 fratres
1058 2078 1388 2145 charissimi,
1443 2076 1512 2131 ad
1565 2070 1875 2142 exemplum
1931 2064 2079 2122 beati

479 2182 714 2240 Abrahae
751 2177 1133 2250 pervenientes
1164 2192 1176 2226 :
1210 2169 1570 2243 Egrediamur
1618 2164 1683 2218 de
1705 2172 1846 2216 terra
1874 2165 2077 2222 nostra,

479 2284 530 2330 et
562 2273 626 2328 de
658 2271 969 2342 cognatione
992 2275 1194 2331 nostra,
1223 2273 1268 2318 et
1298 2262 1568 2317 veniamus
1595 2257 1664 2312 ad
1695 2265 1890 2310 terram
1918 2266 2080 2324 quam

481 2367 632 2425 nobis
652 2365 878 2420 daturus
904 2370 981 2417 est
1002 2360 1264 2416 Dominus
1285 2363 1410 2427 post
1430 2355 1590 2410 istam
1616 2350 1806 2406 vitam.
1835 2346 1966 2414 Qum
1997 2348 2083 2400 est

479 2466 629 2518 terra
649 2465 839 2514 nostra
871 2456 937 2511 de
976 2467 1086 2524 qua
1111 2449 1298 2523 egredi
1326 2448 1606 2519 jubemur,
1637 2443 1746 2498 nisi
1798 2454 1927 2495 caro
1983 2451 2082 2490 no-

477 2556 636 2614 stra?
666 2553 852 2627 (Aug.,
889 2566 1049 2605 serm.
1082 2547 1173 2613 54,
1215 2547 1356 2600 inter
1383 2538 1633 2613 append.)
1681 2537 1826 2591 Bene
1855 2547 1986 2602 ergo
2016 2530 2084 2586 de

479 2656 632 2707 terra
664 2646 960 2719 egreditur,
1001 2642 1093 2712 qui
1124 2639 1373 2696 carnales
1427 2629 1896 2702 concupiscentias
1947 2641 2081 2682 con-

480 2751 752 2806 temnens,
779 2747 837 2794 et
860 2737 1168 2791 voluntates
1189 2731 1440 2804 proprias
1465 2725 1613 2782 velut
1633 2737 1902 2779 venenum
1960 2719 2078 2774 dia-

479 2838 592 2894 boli
628 2834 857 2905 respuit,
885 2839 942 2888 et
963 2827 1188 2886 lectioni
1213 2825 1301 2882 vel
1319 2822 1552 2881 orationi
1590 2818 1906 2888 frequenter
1947 2813 2081 2869 insi-

482 2929 580 2987 stit
619 2928 798 2983 :hene
823 2924 892 2980 de
936 2931 1084 2978 terra
1135 2936 1233 2976 sua
1264 2917 1566 2989 egreditur,
1595 2911 1686 2982 qui
1729 2908 2085 2980 cupiditatem

483 3023 716 3095 spernit,
753 3027 810 3075 et
854 3014 1290 3073 misericordiam
1345 3009 1542 3080 diligit,
1597 3003 1871 3060 luxuriam
1920 3001 2082 3072 fugit,

483 3093 832 3188 amplectitur
860 3111 1193 3168 castitatem.
1224 3107 1369 3162 Bene
1404 3103 1472 3158 de
1493 3110 1638 3157 terra
1669 3112 1764 3154 sua
1788 3093 2083 3167 egreditur,

483 3208 577 3281 qui
603 3204 867 3261 malitiam
897 3201 1119 3265 deserit,
1155 3206 1216 3253 ut
1261 3203 1446 3253 teneat
1495 3189 1846 3253 eharitatem,
1893 3199 2086 3255 super-

1772 375 2130 437 SMARACDI
2163 373 2454 436 ABBATIS

477 527 723 578 mensam
750 516 990 583 paratos,
1020 505 1086 561 ad
1101 499 1646 575 jejuniumingratos,
1677 509 1909 568 quorum
1922 495 2066 552 oeuli
2092 501 2148 563 Α

2733 481 2961 542 CAPUT
3004 478 3192 539 XCIX.

2396 631 2473 685 De
2500 627 2754 699 martyrio
2777 624 2916 696 quod
2949 623 3005 676 in
3026 636 3152 675 nate
3170 617 3424 674 Ecclesia:
3458 614 3544 683 ﬁt.

2245 769 2402 843 (Aug.
2433 784 2536 823 ser.
2579 765 2706 828 250,
2745 763 2810 818 de
2850 758 3030 832 temp.)
3083 757 3252 813 Nemo
3308 757 3476 822 dicat,
3541 752 3791 821 fratres,

2173 863 2317 934 quod
2345 859 2684 931 temporibus
2708 856 2910 912 nostris
2950 861 3252 923 martyrum
3297 851 3606 907 certamina
3665 863 3797 905 esse

2174 971 2283 1012 non
2310 955 2538 1026 possint.
2572 952 2747 1007 Habet
2764 950 2909 1006 enim
2937 957 3108 1018 ctpax
3123 953 3312 1002 nostra
3334 954 3616 1015 martyres
3631 959 3795 999 suos.

2174 1046 2312 1103 Nam
2342 1047 2482 1103 sicut
2508 1043 2825 1115 frequenter
2851 1040 3246 1113 suggessimus,
3283 1038 3635 1092 iracundiam
3696 1036 3796 1090 mi-

2177 1141 2371 1212 tigare,
2399 1138 2678 1194 libidinem
2705 1135 2911 1207 fugere,
2956 1133 3230 1204 justitiam
3262 1131 3580 1194 custodire,
3610 1129 3802 1184 avari—

2179 1232 2311 1288 tiam
2341 1238 2711 1292 contemnere.
2734 1244 2866 1300 pars
2893 1243 3091 1298 magna
3123 1224 3378 1296 martyrii
3407 1232 3515 1280 cst.
3549 1221 3676 1276 Non
3711 1221 3798 1275 in-

2177 1343 2415 1400 congrue
2440 1326 2648 1381 dictum
2677 1331 2783 1388 est,
2813 1321 3100 1376 avaritiam
3129 1326 3509 1384 contemnere,
3563 1317 3802 1372 iracun-

2179 1422 2326 1476 diam
2341 1419 2617 1488 mitigare.
2650 1415 2928 1471 libididem
2980 1413 3169 1485 fugere
3205 1432 3217 1465 :
3249 1409 3663 1468 contemnenda
3716 1417 3803 1465 est

2177 1515 2326 1571 enim
2347 1513 2600 1578 avaritia,
2633 1527 2755 1581 qua:
2778 1510 2935 1566 nobis
2955 1509 3079 1564 ideo
3108 1509 3295 1578 iniqua
3317 1508 3472 1563 lucra
3490 1516 3794 1577 procurat,

2178 1615 2241 1663 ut
2268 1623 2369 1663 nos
2392 1622 2519 1662 suos
2547 1605 2734 1660 faciat.
2775 1603 2960 1658 Nostri
3004 1603 3152 1658 enim
3190 1617 3458 1668 essemus,
3485 1601 3534 1656 si
3568 1600 3667 1654 illa
3702 1615 3807 1656 no-

2181 1711 2295 1758 stra
2322 1717 2429 1757 non
2463 1708 2624 1756 esset.
2654 1700 2844 1770 Iniqua
2888 1707 2974 1754 est
3003 1698 3255 1764 avaritia,
3288 1713 3408 1768 quae
3430 1695 3587 1752 velut
3621 1696 3794 1768 ignis.

2183 1802 2388 1866 quanto
2420 1794 2542 1865 plus
2569 1792 2787 1863 accipit,
2823 1801 2974 1848 tanto
3001 1791 3234 1864 amplius
3287 1790 3502 1861 quaerit.
3567 1791 3801 1845 Iracun-

2105 1875 2155 1937 B
2181 1888 2271 1944 dia
2302 1902 2432 1942 vero
2462 1885 2759 1956 mitiganda
2790 1895 2894 1951 est,
2953 1901 3074 1955 qum
3103 1885 3255 1955 prius
3301 1883 3575 1939 nocituris
3632 1890 3800 1937 nocet

2183 1997 2348 2054 quam
2375 1980 2655 2036 nocendis.
2688 1977 2843 2046 Quod
2897 1987 3080 2032 autem
3129 1976 3409 2032 libidinem
3468 1974 3793 2044 fugiendam

2184 2089 2305 2130 esse
2327 2073 2692 2144 suggerimus,
2709 2069 2988 2142 apostolus
3008 2068 3207 2123 Paulus
3229 2067 3515 2122 evidenter
3528 2066 3800 2130 ostendit,

2183 2168 2278 2238 qui
2331 2183 2456 2223 cum
2522 2165 2777 2222 omnibus
2820 2164 2971 2219 vitiis
3020 2162 3346 2234 praedicaret
3396 2161 3800 2224 resistendum,

2185 2260 2314 2316 dum
2336 2268 2524 2315 contra
2553 2259 2830 2314 libidinem
2857 2257 3194 2326 loqueretur,
3222 2269 3333 2309 non
3359 2253 3502 2309 dixit
3534 2253 3800 2316 resistite,

2187 2350 2284 2406 sed
2317 2351 2483 2421 fugite
2510 2350 2914 2420 fornicationem
2963 2349 3018 2420 (1
3067 2347 3190 2404 Cor.
3238 2347 3339 2420 vi).
3387 2346 3471 2401 Ac
3518 2347 3567 2401 si
3607 2356 3802 2401 contra

2189 2441 2396 2512 reliqua
2421 2442 2573 2507 vitia,
2600 2442 2710 2498 Deo
2743 2441 3058 2507 auxiliante,
3103 2441 3366 2496 debemus
3423 2439 3482 2493 in
3535 2435 3798 2508 praesenti

2188 2536 2467 2601 resistere,
2498 2536 2780 2591 libidinem
2826 2535 2958 2591 vero
3009 2534 3266 2603 fugiendo
3315 2546 3606 2603 superare.
3657 2529 3802 2599 Ergo

2189 2637 2383 2686 contra
2404 2628 2644 2685 libidinis
2671 2629 2934 2700 impetum
2983 2626 3328 2698 apprehende
3361 2627 3571 2698 fugam,
3631 2623 3681 2678 si
3721 2623 3803 2679 vis

2189 2723 2438 2780 obtinere
2460 2723 2766 2778 victoriam.
2811 2721 2921 2777 Nec
2945 2721 3042 2776 tibi
3063 2719 3404 2776 verecundiae
3438 2719 3515 2773 sit
3537 2716 3733 2788 fugere
3753 2712 3803 2773 si

2189 2815 2456 2871 castitatis
2475 2815 2713 2886 palmam
2744 2815 3022 2870 desideras
3061 2815 3328 2870 obtinere.
3369 2812 3552 2877 Unde,
3600 2811 3801 2867 fratres

2191 2907 2520 2973 charissimi,
2568 2908 2637 2962 ab
2690 2906 2943 2963 omnibus
2985 2905 3331 2971 Christianis,
3385 2904 3672 2976 ιιι-πείρασι
3723 2911 3801 2958 ta-

2192 3017 2317 3056 men
2343 3017 2373 3055 a
2401 3000 2615 3056 clericis
2638 2999 2722 3055 vel
2757 2999 3059 3065 monachis,
3114 2998 3337 3067 indigna
3400 2997 3458 3052 et
3507 2997 3800 3053 inhonesta

2192 3095 2537 3150 familiaritas
2568 3094 2823 3166 fugienda
2851 3103 2967 3160 est;
3001 3093 3130 3164 quia
3154 3092 3274 3147 sine
3302 3091 3415 3146 ulla
3457 3091 3802 3146 dubitatione

2195 3188 2287 3258 qui
2313 3187 2739 3242 familiaritatem
2771 3202 2880 3241 non
2923 3184 3040 3240 vult
3069 3185 3246 3239 vitare
3300 3192 3649 3252 suspectam,
3697 3183 3800 3237 cito

481 3270 630 3353 biam
666 3293 896 3366 spernit,
926 3299 983 3346 et
1023 3296 1264 3346 sectatur
1315 3283 1702 3355 humilitatem.
1756 3277 1898 3346 Quid
1957 3290 2088 3347 ergo
2117 3270 2162 3334 C
2195 3280 2462 3335 delabitur
2533 3280 2588 3334 in
2645 3278 2878 3332 ruinam.
2939 3276 3088 3333 Inter
3125 3274 3308 3331 omnia
3352 3274 3800 3330 Chrisiianontzn

482 3393 552 3449 de
575 3400 720 3447 terra
749 3387 940 3462 egredi
971 3394 1078 3450 est,
1107 3383 1213 3439 nisi
1234 3381 1418 3438 omnia
1441 3385 1665 3450 peccata
1705 3383 1760 3431 et
1807 3374 1940 3429 vitia
1967 3387 2089 3426 car-

482 3483 628 3540 nalia
651 3476 995 3550 relinquere?
1015 3476 1085 3530 Et
1114 3476 1252 3539 veni,
1291 3472 1468 3542 inquit
1488 3469 1772 3533 Dominus,
1796 3468 1852 3520 in
1868 3475 2086 3531 terram,

483 3589 644 3648 quam
671 3581 1032 3626 monstravero
1066 3567 1161 3622 tibi
1205 3564 1361 3639 (Gen.
1417 3561 1537 3633 χιι).
1590 3561 1736 3632 Ergo
1785 3558 1832 3614 si
1882 3566 2088 3612 terram

485 3676 734 3724 nostram
787 3662 1168 3732 relinquimus,
1232 3658 1303 3712 ad
1354 3667 1557 3712 terram
1616 3669 1782 3724 quam
1849 3651 2090 3708 ostendit

485 3759 747 3816 Dominus
780 3755 1081 3812 veniemus.
1107 3752 1240 3820 Quae
1268 3759 1451 3805 tamen
1479 3754 1564 3803 est
1588 3756 1736 3802 terra
1783 3745 1890 3801 ista
1925 3759 2088 3814 quam

488 3851 754 3909 Dominus
791 3849 1046 3920 dignatur
1069 3843 1398 3901 ostendere?
1426 3841 1557 3897 Sine
1583 3839 1749 3895 dubio
1778 3838 2084 3905 credamus,

488 3945 618 4017 quia
668 3944 786 4015 ipsa
815 3948 900 3997 est
926 3940 993 3996 de
1016 3954 1123 4010 qua
1146 3935 1419 4007 Propheta
1441 3933 1690 3989 dicebat:
1713 3930 1884 3986 Credo
1916 3930 2089 3986 videre

489 4037 628 4093 bona
648 4033 868 4090 Domini
881 4033 938 4088 in
960 4041 1104 4088 terra
1133 4029 1415 4085 viventium
1448 4024 1567 4099 (Ps.
1587 4023 1761 4097 xxvn).
1780 4023 1924 4094 Ergo
1943 4031 2089 4079 terra

488 4128 733 4202 corporis
760 4125 935 4182 nostri
978 4123 1195 4196 quando
1225 4121 1436 4194 magnis
1483 4117 1804 4175 criminibus
1854 4115 2086 4171 famula-

489 4233 601 4291 tur,
634 4231 783 4279 terra
817 4219 1167 4275 morientium
1192 4231 1316 4272 esse
1342 4213 1712 4285 cognoscitur.
1766 4208 1905 4264 Cum
1957 4223 2090 4264 vero

488 4316 782 4372 virtutibus
811 4329 1034 4386 operam
1059 4311 1290 4376 dederit,
1331 4309 1389 4363 in
1420 4315 1567 4363 terra
1589 4305 1890 4361 viventium
1908 4311 2090 4359 trans-

490 4410 811 4482 migrationc
841 4407 1156 4462 felicissima
1185 4408 1576 4460 commutatur.
1609 4398 1718 4454 Sed
1774 4398 1881 4453 hoc
1933 4411 2086 4467 ergo,

493 4505 692 4561 fratres
712 4501 1040 4566 charissimi,
1079 4514 1187 4555 non
1214 4504 1369 4552 extra
1390 4509 1508 4559 nos,
1537 4492 1634 4548 sed
1662 4491 1810 4546 intus
1834 4489 2090 4555 innobis,

493 4617 618 4658 cum
647 4599 746 4657 Dei
785 4600 958 4670 gratia
982 4611 1273 4668 possumus
1296 4605 1553 4649 exercere
1607 4590 1654 4646 si
1702 4588 1974 4644 volumus.
2029 4585 2090 4642 Si

492 4694 641 4752 enim
660 4701 883 4764 peccata
911 4690 1291 4761 relinquimus,
1319 4695 1375 4742 et
1395 4683 1588 4740 virtuti
1618 4697 1840 4754 operam
1873 4682 2088 4745 damus,

494 4792 561 4848 de
575 4798 723 4847 terra
752 4789 1105 4844 morientium
1142 4785 1377 4840 feliciter
1390 4782 1596 4854 egressi
1614 4796 1824 4847 sumus,
1843 4779 1963 4835 etin
1979 4787 2090 4834 ter-

497 4902 619 4942 ram
633 4884 934 4940 viventium
955 4882 1187 4938 feliciter
1200 4879 1500 4934 veniemus.
1533 4876 1602 4930 Et
1623 4875 1743 4929 ideo
1769 4873 1861 4944 qui
1884 4871 2094 4927 solebat

494 4977 844 5044 maledicere,
894 4975 1218 5040 benedicat;
1269 4981 1324 5028 et
1375 4970 1465 5040 qui
1513 4967 1726 5024 solebat
1779 4965 2088 5031 detrahere,

494 5085 711 5140 semper
737 5069 882 5139 quod
902 5069 1102 5123 bonum
1124 5073 1211 5123 est
1237 5065 1452 5120 studeat
1477 5061 1744 5134 proferre.
1800 5057 1905 5125 Qui
1951 5056 2092 5113 sole-

493 5162 587 5220 bat
615 5163 948 5219 iraeundiam
975 5163 1030 5216 in
1059 5160 1223 5218 corde
1254 5171 1601 5221 conservare,
1634 5153 1958 5226 patientiam
2012 5159 2091 5206 te-

491 5265 643 5314 neat.
675 5256 776 5324 Qui
799 5271 886 5312 res
913 5255 1119 5311 alienas
1140 5252 1349 5308 solebat
1371 5249 1647 5314 invadere,
1679 5249 1746 5304 de
1771 5246 1936 5302 rebus
1963 5259 2092 5316 pro-

491 5349 630 5419 priis
653 5350 868 5404 studeat
886 5362 1132 5418 erogare.
1163 5345 1265 5412 Qui
1287 5345 1340 5399 in
1369 5343 1586 5415 negotio
1613 5342 1854 5398 fraudem
1885 5341 2088 5408 facere,

496 5448 555 5495 et
580 5457 679 5512 per
701 5450 934 5497 stateras
959 5441 1046 5495 vel
1069 5453 1357 5494 mensuras
1396 5436 1641 5508 duplices
1701 5436 1851 5491 lucra
1901 5433 2088 5490 mundi

498 5536 823 5606 conquirere
846 5536 1076 5601 solebat,
1105 5535 1174 5589 ab
1201 5533 1348 5590 omni
1376 5531 1568 5586 fraude
1588 5538 1644 5586 et
1662 5531 1731 5584 ab
1783 5530 1930 5585 omni
1987 5527 2090 5582 ini-

496 5629 710 5701 quitate
748 5645 903 5685 suum
930 5629 1174 5683 animum
1229 5643 1327 5698 per
1355 5623 1734 5696 paenitentiam
1762 5621 1850 5676 vel
1876 5619 2090 5676 miseri-

498 5725 741 5782 cordiam
772 5723 1064 5782 contendat
1089 5722 1320 5792 erigere.
1372 5718 1488 5773 Hoc
1543 5733 1666 5787 ergo
1701 5715 1862 5785 agite,
1899 5713 2089 5783 fratres

498 5816 816 5884 charissimi,
845 5825 894 5872 et
921 5815 1064 5872 Deus
1092 5815 1240 5886 pacis
1258 5822 1307 5868 et
1335 5806 1628 5867 dilectionis
1673 5807 1772 5862 erit
1828 5803 2089 5860 vobiscum

499 5912 588 5983 (II
617 5912 740 5970 Cor.
774 5913 919 5984 xui).

486 6067 524 6097 Δ-
609 6089 630 6100 ο.

2193 3373 2494 3429 certamina
2532 3371 2647 3428 sala
2680 3371 2902 3426 duriora
2951 3381 3076 3425 sunt
3109 3369 3292 3440 praalia
3349 3370 3667 3435 castitatis,
3718 3367 3800 3422 ubi

2193 3469 2510 3539 quotidiana
2540 3482 2721 3538 pugna
2767 3475 2870 3531 est,
2905 3473 2961 3520 et
2986 3481 3110 3519 rara
3147 3463 3398 3518 victoria.
3432 3461 3686 3518 Gravem
3717 3477 3800 3517 ca-

2191 3562 2351 3618 stitas
2377 3561 2571 3617 sortita
2612 3569 2697 3615 est
2733 3559 3033 3623 inimicum,
3061 3557 3153 3628 qui
3189 3555 3431 3627 quotidie
3464 3557 3718 3612 vincitur
3749 3563 3800 3610 et

2191 3658 2432 3711 timetur.
2462 3654 2531 3708 Et
2554 3653 2694 3716 ideo,
2729 3652 2871 3707 sicut
2887 3650 3001 3721 jam
3029 3649 3235 3706 dictum
3258 3659 3362 3714 est,
3383 3663 3555 3704 nemo
3582 3665 3646 3705 se
3670 3648 3799 3704 falsa

2193 3748 2489 3805 securitate
2521 3746 2781 3816 decipiat,
2818 3759 2918 3799 nec
2959 3743 3026 3798 de
3082 3743 3196 3798 suis
3241 3741 3452 3796 viribus
3495 3741 3801 3812 periculose

2190 3847 2504 3911 prtesumat,
2533 3838 2627 3892 sed
2669 3836 2858 3892 audiat
2902 3834 3218 3904 Apostolum
3247 3833 3530 3890 dicentem
3563 3853 3578 3888 :
3616 3833 3802 3905 Fugite

2196 3932 2616 4004 fornicationem.
2676 3929 2744 3983 Et
2792 3929 2934 3992 ideo,
2981 3927 3290 3983 charissimi
3328 3926 3556 3994 fratres,
3615 3936 3802 3983 contra

2193 4025 2477 4082 mortifera
2513 4021 2883 4079 blandimenta
2915 4028 2970 4075 et
3017 4029 3208 4076 contra
3260 4019 3545 4090 adjutores
3600 4019 3800 4076 diaboli

2193 4121 2287 4193 qui
2318 4117 2744 4174 familiaritatem
2767 4123 3082 4185 suspectam
3133 4114 3334 4170 habere
3379 4128 3482 4169 nec
3546 4123 3798 4169 metuunt

2193 4229 2295 4270 nec
2316 4212 2664 4272 erubescunt,
2699 4224 2767 4265 ne
2797 4225 2897 4264 nos
2918 4207 3168 4278 exemplo
3211 4222 3310 4263 suo
3351 4207 3661 4277 decipiant,
3710 4205 3803 4262 Dei

2195 4305 2524 4376 adiutorium
2544 4303 2747 4374 iugiter
2771 4301 3122 4372 imploremus
3145 4308 3206 4353 ut
3231 4313 3331 4354 nos
3363 4299 3430 4352 de
3479 4297 3678 4369 laqueo
3726 4314 3800 4352 re-

2197 4402 2440 4456 nantium
2468 4398 2690 4453 liberare
2712 4393 2829 4468 (Ps.
2858 4393 3044 4466 cxxrv)
3070 4395 3324 4466 dignetur
3351 4407 3364 4446 :
3395 4391 3642 4448 scientes
3657 4391 3800 4462 quod

2198 4494 2254 4550 in
2277 4495 2344 4550 iis
2379 4492 2537 4548 malis
2561 4506 2683 4563 quae
2705 4506 2869 4561 supra
2911 4489 3148 4543 diximus
3169 4486 3426 4542 omnibus
3461 4483 3800 4539 Christianis

2118 4639 2174 4700 Β
2199 4589 2516 4662 quotidiana
2547 4586 2810 4658 martyria
2854 4585 3046 4639 deesse
3069 4600 3177 4639 non
3222 4589 3470 4654 possunt.
3536 4581 3598 4635 Si
3653 4583 3798 4636 enim

2212 4683 2422 4700 ,_,.-‘--
2485 4689 2528 4700 ,Α
2553 4680 2755 4700 __-_2.-_
2809 4686 2854 4700 ,ι
2885 4675 3085 4700 2.Α-1212Α
3119 4674 3364 4700 1⁵⁸1-..ε,.ι..,.
3398 4682 3474 4700 ..ι-ι
3532 4675 3676 4700 μζ-.--
3715 4673 3798 4700 ξιιμ.

2200 4683 2444 4745 castitas,
2477 4689 2532 4736 et
2553 4680 2780 4744 veritas,
2804 4686 2859 4733 et
2879 4675 3090 4747 justitia
3119 4674 3368 4731 Christus
3393 4682 3502 4739 est,
3531 4675 3681 4730 sicut
3715 4673 3799 4728 ille

2197 4779 2290 4847 qui
2316 4775 2602 4831 insidiatur
2628 4779 2945 4844 persecutor
2973 4779 3076 4834 est,
3116 4770 3190 4824 ita
3227 4777 3282 4822 et
3304 4768 3394 4823 ille
3441 4768 3541 4837 qui
3575 4768 3695 4822 haec
3747 4774 3802 4821 et

2196 4870 2252 4924 in
2275 4867 2396 4922 aliis
2415 4865 2702 4921 defensare
2732 4872 2787 4920 et
2817 4863 2872 4918 in
2896 4878 2954 4917 se
2998 4859 3272 4916 custodire
3297 4858 3560 4926 voluerit,
3590 4869 3802 4928 martyr

2194 4965 2320 5020 erit.
2346 4964 2414 5018 Et
2435 4963 2556 5020 ideo
2581 4962 2674 5034 qui
2712 4962 2828 5017 haec
2857 4967 2969 5016 tota
2999 4957 3164 5013 animi
3193 4957 3396 5012 virtute
3425 4964 3481 5012 et
3523 4957 3644 5026 ipse
3670 4957 3800 5011 dili-

2196 5059 2293 5131 git,
2317 5067 2452 5114 etut
2477 5057 2568 5112 alii
2596 5055 2842 5126 diligant,
2887 5061 2944 5109 et
2993 5051 3176 5108 verbis
3213 5051 3374 5105 simul
3421 5057 3478 5105 et
3533 5049 3802 5120 exemplis

2201 5152 2459 5218 ostendit,
2480 5158 2536 5206 et
2557 5150 2863 5219 ubicunque
2893 5162 3019 5218 pax,
3050 5145 3252 5201 veritas
3271 5143 3358 5199 vel
3383 5142 3631 5214 iustitia,
3688 5144 3801 5197 sive

2200 5245 2422 5302 castitas
2453 5242 2724 5305 laborant,
2765 5248 3028 5310 quantum
3067 5235 3328 5306 praevalet
3373 5236 3545 5290 etiam
3573 5235 3804 5291 ultrose

2198 5337 2418 5411 ingerit,
2446 5344 2502 5390 et
2536 5333 2830 5390 secundum
2859 5331 3003 5402 quod
3029 5331 3175 5386 vires
3201 5329 3474 5394 habuerit,
3505 5328 3802 5383 defensare

2197 5430 2494 5494 contendit,
2551 5427 2802 5499 martyrii
2831 5440 3086 5481 coronam
3123 5424 3355 5480 Domino
3409 5431 3802 5478 remunerantc

2193 5523 2479 5594 percipiet.
2512 5519 2618 5577 Sed
2645 5520 2779 5576 dicit
2805 5518 3002 5589 aliquis
3031 5518 3213 5583 homo,
3263 5515 3489 5571 Iuvenis
3531 5532 3679 5581 sum,
3719 5517 3804 5569 la-

2197 5615 2338 5672 ciam
2375 5614 2518 5686 quod
2559 5611 2799 5668 delectat.
2838 5612 3020 5677 modo,
3071 5619 3128 5666 et
3171 5619 3357 5682 postea
3412 5609 3802 5680 paenitentiam

2197 5727 2378 5782 agam.
2417 5708 2533 5764 Hoc
2559 5716 2643 5764 est
2662 5708 2844 5763 dicere
2869 5723 2883 5760 :
2912 5705 3220 5762 Percutiam
3251 5719 3339 5759 me
3359 5701 3567 5760 crudeli
3593 5702 3798 5774 gladio,

2198 5815 2255 5863 et
2273 5805 2615 5878 postmodum
2651 5803 2716 5858 ad
2758 5801 3029 5857 medicum
3052 5800 3270 5856 vadam.
3303 5799 3374 5854 Et
3417 5799 3602 5855 nescit
3647 5796 3801 5870 quod

2199 5900 2360 5959 unius
2383 5901 2530 5959 hora:
2577 5906 2776 5971 puncto
2800 5895 2996 5954 vulnus
3018 5895 3328 5964 exhibetur,
3357 5891 3452 5954 sed
3501 5892 3599 5952 vix
3627 5891 3800 5964 lange
