4020 6460
1301 355 1654 416 COMMENT.
1695 356 1765 415 IN
1804 354 1964 415 HG.
2007 351 2065 408 S.
2107 348 2488 409 BENEDICTI.

260 491 508 556 tempore
532 478 601 536 ad
621 479 912 536 sanitatem
933 476 1222 548 pristinam
1245 484 1551 532 revocatur.
1577 473 1842 544 Quienim
1869 482 1921 545 Α
1945 472 2135 530 reddat
2161 471 2419 543 cogitatio
2442 477 2646 526 sancta.
2677 468 2735 525 1η
2764 467 2924 524 altari
2958 467 3141 523 cordis
3166 465 3340 524 nostri
3384 469 3539 538 cogi-

260 570 577 629 adulterans
602 572 730 627 dicit
752 586 808 626 se
829 579 1016 640 postea
1037 569 1413 640 paenitentiam
1428 578 1700 636 acturum,
1718 585 1858 640 qua-

261 680 323 721 re
349 679 456 720 non
485 663 640 718 timet
660 678 726 716 ne
747 676 870 716 eum
919 661 1098 716 subita
1149 659 1412 716 febricula
1463 661 1856 732 superveniens

262 756 461 828 rapiat,
495 762 550 811 et
573 761 760 826 pereat
804 754 882 810 illi
919 753 1126 821 dilatio,
1176 755 1435 811 succedat
1463 762 1668 810 aeterna
1697 753 1854 810 dam-

262 847 431 904 natio.

885 957 1114 1016 CAPUT
1154 959 1214 1015 C.

260 1096 341 1153 De
361 1093 568 1150 duabus
597 1093 854 1150 altaribus
886 1096 950 1178 in
985 1095 1218 1178 homine,
1263 1111 1488 1178 quorum
1527 1094 1751 1150 alterum
1797 1094 1854 1149 in

585 1183 800 1237 corpore
823 1174 922 1233 est,
944 1177 991 1222 et
1016 1166 1240 1222 alterum
1265 1166 1320 1221 in
1348 1169 1523 1221 corde.

333 1304 560 1376 (August
610 1304 668 1358 in
691 1304 929 1359 Anivers.
953 1305 1183 1360 dedicat.
1206 1322 1364 1360 serm.
1391 1304 1472 1375 4.)
1497 1305 1613 1358 Duo
1642 1310 1769 1358 sunt
1797 1301 1851 1356 in

260 1398 421 1456 nobis
451 1399 647 1455 altaria
675 1401 990 1466 constituta,
1018 1401 1263 1470 corporis
1296 1399 1546 1455 videlicet
1572 1407 1627 1454 et
1671 1397 1852 1453 cordis

262 1493 458 1550 nostri.
495 1491 740 1562 Denique
760 1492 954 1562 duplex
1002 1508 1034 1547 a
1088 1494 1245 1548 nobis
1281 1491 1608 1548 sacriﬁcium
1657 1490 1853 1561 quaerit

263 1589 447 1645 Deus:
482 1585 670 1652 unum,
715 1595 772 1639 ut
812 1587 978 1641 simus
1027 1588 1160 1641 casti
1208 1603 1444 1658 corpore,
1489 1585 1738 1651 alterum,
1793 1593 1852 1639 ut

262 1678 448 1737 mundi
471 1678 645 1732 corde.
669 1677 877 1749 Ergoin
898 1678 1186 1743 exteriore,
1217 1677 1270 1732 id
1291 1686 1373 1733 est
1395 1692 1622 1748 corpore
1635 1687 1847 1743 nostro,

263 1771 562 1830 oderantur
582 1785 750 1842 opera
771 1771 948 1838 bona;
984 1771 1040 1826 in
1072 1771 1258 1836 corde,
1315 1772 1510 1826 odores
1562 1770 1849 1827 suavitatis

1958 573 2133 618 temus
2153 577 2368 632 semper
2391 562 2535 632 quod
2563 562 2766 616 bonum
2793 570 2907 627 est;
2953 560 3010 616 in
3044 559 3204 614 altari
3242 575 3371 616 vero
3424 574 3545 616 cor-

1955 657 2102 728 poris
2127 654 2296 710 nostri
2317 651 2521 726 jugiter
2546 652 2692 723 quod
2714 653 2825 708 Deo
2854 649 3258 721 heneplacitum
3285 659 3371 707 est
3409 666 3533 722 ope-

1955 767 2155 806 remur.
2181 749 2334 805 Tunc
2384 749 2533 804 enim
2562 748 2754 803 ordine
2804 747 3046 817 legitimo
3077 747 3545 803 consecrationem

1955 842 2143 897 altaris
2163 857 2286 897 cum
2312 841 2508 912 gaudio
2537 839 2896 904 celebramus,
2929 839 3147 909 quando
3160 838 3354 893 altaria
3367 838 3550 895 cordis

1954 943 2009 988 et
2028 934 2274 1005 corporis
2298 933 2473 988 nostri
2497 931 2697 986 munda
2716 940 2771 986 et
2793 947 2930 1002 pura
2969 932 3026 986 in
3075 939 3371 1002 conspectu
3413 930 3550 986 divi-

1952 1041 2036 1080 nae
2061 1026 2360 1097 majestatis
2381 1023 2678 1080 offerimus.
2727 1023 2866 1079 Nam
2897 1023 3082 1079 nescio
3105 1039 3211 1094 qua
3237 1022 3418 1079 fronte
3447 1031 3550 1079 aut

1954 1133 2058 1188 qua
2086 1117 2442 1184 conscientia,
2475 1124 2626 1186 optat
2647 1116 2702 1171 in
2733 1115 2925 1170 altaris
2946 1119 3360 1172 consecratione
3408 1131 3546 1186 gau-

1955 1210 2109 1275 dere,
2136 1209 2228 1278 qui
2253 1209 2307 1262 in
2330 1208 2512 1264 cordis
2556 1209 2638 1264 sui
2671 1207 2832 1262 altari
2863 1221 2973 1262 non
3010 1207 3191 1262 studet
3222 1207 3550 1262 munditiam

1954 1298 2252 1354 custodire.
2297 1297 2407 1353 Nos
2442 1314 2593 1364 vero,
2641 1297 2841 1352 fratres
2887 1295 3219 1361 cbarissimi,
3269 1297 3343 1350 ita
3389 1312 3554 1369 agere

1954 1391 2288 1456 studeamus,
2305 1397 2366 1444 ut
2386 1405 2599 1460 semper
2618 1389 2968 1444 festivitatem
2987 1387 3256 1458 duplicem
3271 1387 3568 1444 celebrare

1953 1499 2282 1539 mereamur.
2317 1483 2384 1538 Et
2409 1484 2682 1553 quomodo
2705 1480 2997 1537 visibiliter
3040 1478 3107 1534 de
3139 1477 3325 1550 templi
3366 1477 3557 1535 altaris

1953 1576 2370 1633 consecratione
2394 1577 2713 1646 gaudemus,
2745 1575 2826 1629 sic
2860 1571 3207 1628 invisibiliter
3235 1569 3302 1624 de
3356 1584 3555 1640 corpo-

1951 1671 2028 1724 ris
2060 1670 2311 1723 castitaie
2335 1669 2420 1723 vel
2445 1667 2612 1722 animi
2631 1667 2867 1738 puritate
2889 1661 3168 1738 spirituale
3190 1660 3444 1733 gaudium
3461 1659 3558 1715 ba.

1951 1768 2079 1821 here
2109 1781 2438 1822 mereamur.

3250 1896 3529 1924 ﬂ

973 2037 1959 2153 SMABAGDI
2037 2030 2852 2144 ABBATIS

412 2283 1264 2448 GMMENTARIA
1373 2284 1505 2440 IN
1610 2279 2160 2438 REGULAM
2268 2273 2688 2433 SANG’I‘I
2795 2251 3410 2430 BENEDIG'I‘I

1350 2552 1495 2618 [0pp.
1521 2551 1712 2604 Rabani
1736 2549 1915 2610 Mauri,
1938 2552 2060 2601 tom.
2083 2547 2170 2614 ιν,
2197 2562 2312 2614 pag.
2332 2548 2472 2614 246.]
3003 2586 3006 2593 ε

679 2742 973 2808 INCIPIT
1007 2740 1438 2806 PRJEFATIO

753 2884 1034 2928 MB‘I‘BICE
1077 2884 1348 2928 DICTATA
1359 2913 1373 2928 .

263 2986 527 3060 Quisquis
555 2986 624 3043 ad
655 2993 920 3042 aeternum
968 2987 1176 3042 mavult
1210 2986 1580 3043 conscendere
1609 3001 1862 3060 regnum,

334 3080 508 3137 Debet
535 3079 605 3136 ad
633 3081 958 3151 astrigerum
987 3087 1167 3134 mente
1192 3079 1378 3134 subire
1401 3078 1589 3150 polum
1613 3096 1627 3146 ;

266 3175 574 3247 Relligione
599 3175 685 3245 pia
713 3176 839 3230 vitae
863 3175 1181 3246 perquirere
1209 3175 1403 3230 callem

338 3271 616 3327 Scandere
642 3285 750 3340 quo
780 3271 963 3325 valeat
995 3285 1158 3325 aurea
1186 3285 1352 3341 regna
1380 3268 1547 3324 celer.

264 3364 362 3420 Est
392 3364 680 3419 monachis
711 3365 886 3418 sancti
916 3363 1194 3418 Benedicti
1226 3362 1432 3433 Regula
1463 3360 1645 3416 Patris

337 3459 609 3517 Perfectis
635 3460 820 3532 palma
853 3460 1035 3514 suavis
1065 3469 1119 3514 et
1143 3459 1320 3530 ampla
1356 3459 1446 3512 via
1477 3499 1492 3524 ,

264 3553 474 3624 Aspera
500 3553 596 3609 sed
621 3552 807 3622 pueris
836 3567 937 3607 nec
960 3569 1067 3607 non
1096 3551 1366 3607 tironibus
1388 3558 1538 3605 arcta

343 3648 492 3715 Quos
525 3645 660 3700 aluit
695 3645 906 3717 gremio
944 3646 1117 3700 lactea
1145 3646 1256 3700 vita
1288 3645 1397 3700 diu.

267 3740 397 3796 ﬂare
430 3749 516 3796 est
543 3748 735 3795 sancta
764 3740 852 3794 via
885 3738 1177 3809 prtclucida
1202 3738 1395 3793 semita
1425 3736 1569 3803 coeli,

341 3833 580 3902 Carpere
610 3847 774 3903 quam
808 3831 1035 3902 cupiunt
1063 3839 1245 3887 castra
1269 3831 1430 3885 beata
1458 3829 1576 3884 Dei.

267 3927 543 3981 Admonet
583 3925 698 3979 haec
732 3925 1029 3980 monachos
1052 3923 1300 3979 sublimis
1332 3922 1535 3994 Regula
1563 3931 1786 3978 cunctos
1814 3960 1830 3986 ,

344 4017 416 4073 Ut
445 4017 609 4073 rebus
643 4025 888 4084 careant,
921 4032 1087 4088 regna
1121 4032 1357 4086 superna
1388 4024 1579 4086 petant
1608 4034 1621 4070 :

268 4111 497 4181 Propria
525 4109 822 4175 dimittant,
857 4109 1098 4164 habeant
1125 4117 1186 4161 ut
1211 4108 1432 4178 propria
1465 4114 1659 4162 cuncta
1687 4147 1702 4174 ,

342 4199 610 4270 Prospera
642 4215 762 4270 qua:
790 4199 954 4255 sociis
985 4198 1173 4254 coelica
1205 4214 1371 4272 regna
1405 4208 1648 4253 manent.

268 4295 528 4350 Patribus
556 4311 587 4349 a
613 4295 816 4350 nostris
849 4295 902 4350 in
931 4309 1087 4350 sacro
1116 4294 1360 4350 carmine
1394 4293 1529 4363 legis

345 4385 516 4458 Regia
543 4385 880 4456 rectegradis
912 4385 1113 4441 dicitur
1142 4386 1248 4440 ista
1276 4385 1384 4439 via.

270 4474 401 4531 Ηωο
420 4485 505 4531 est
531 4475 639 4530 vita
670 4477 850 4540 bonis,
884 4491 983 4532 nec
1006 4493 1114 4532 non
1141 4485 1197 4531 et
1222 4492 1412 4532 norma
1441 4476 1651 4542 salutis,

345 4567 519 4623 Arcus
551 4576 607 4623 et
635 4584 783 4622 arma
815 4569 942 4638 piis,
977 4568 1179 4639 fulgida
1213 4567 1316 4624 t‘ela
1354 4569 1511 4625 malis
1543 4588 1554 4623 :

271 4659 432 4716 Hanc
459 4659 642 4714 nullus
666 4659 859 4715 nolens
885 4661 1109 4730 cupiens
1142 4661 1408 4730 implebit,
1449 4671 1504 4717 et
1550 4663 1728 4718 omnis

349 4754 481 4810 Esto
516 4755 699 4826 gravis
735 4755 1012 4826 gravibus,
1050 4755 1233 4809 suavis
1265 4764 1320 4810 et
1357 4765 1480 4826 apta
1509 4755 1686 4812 bonis.

270 4845 510 4917 Altigcri
541 4847 827 4901 monachis
856 4847 1096 4902 ostendit
1125 4848 1239 4904 haec
1267 4849 1514 4918 paradisi

349 4937 558 5010 Regula
589 4937 866 4994 lucilluum
890 4939 1202 4996 desiderare
1228 4940 1424 4996 locum.

275 5030 406 5087 Haec
431 5032 568 5087 bene
593 5038 842 5086 materno
867 5040 1022 5088 natos
1050 5033 1279 5104 castigat
1306 5048 1491 5090 amore
1515 5075 1529 5100 ,

347 5124 544 5196 Arguit
575 5124 830 5180 erudiens
857 5133 912 5180 et
936 5127 1052 5180 sine
1079 5124 1206 5180 felle
1229 5142 1478 5182 manens.

276 5215 406 5271 Haec
431 5217 702 5286 patienter
727 5231 822 5272 eos
851 5225 1036 5273 tenero
1066 5233 1188 5273 cum
1219 5219 1447 5274 verbere
1478 5220 1668 5275 nutrit.

351 5311 594 5368 Candida
617 5321 740 5384 post
767 5314 974 5370 obitum
1000 5315 1225 5386 praemia
1253 5315 1421 5372 multa
1453 5316 1620 5370 dabit.

276 5404 478 5462 Pandit
517 5407 621 5461 iter
650 5407 872 5474 nostris,
904 5407 1149 5464 cmlestia
1176 5410 1367 5480 pandit
1396 5410 1589 5466 amicis

353 5498 587 5555 Currere
617 5517 687 5556 ne
714 5502 916 5573 pigeat,
947 5501 1043 5557 sed
1064 5503 1337 5574 patienter
1367 5512 1512 5558 eant.

281 5591 575 5649 Examinat
603 5593 792 5660 vitam,
824 5609 1004 5650 mores
1035 5597 1312 5665 componit
1337 5604 1393 5653 et
1430 5607 1589 5653 ornat
1611 5639 1626 5664 ,

364 5685 554 5742 Vibrat
579 5694 633 5741 et
659 5687 959 5758 aequiparat
985 5729 998 5754 ,
1027 5698 1081 5743 et
1109 5690 1444 5747 moderando
1485 5691 1656 5745 minat
1680 5707 1695 5758 ;

283 5780 568 5840 Aunihilat
593 5799 839 5854 pravum,
865 5782 1074 5852 justum
1105 5784 1403 5858 conflagrat
1431 5795 1490 5842 ut
1516 5804 1708 5845 aurum
1729 5829 1745 5853 ,

359 5870 540 5928 Μαι
563 5880 619 5929 et
653 5873 946 5942 eraminat,
973 5879 1028 5935 et
1054 5870 1307 5946 potiendo
1335 5873 1515 5936 librat.

1885 2747 1934 2807 Β
1961 2741 2058 2797 Est
2083 2740 2275 2796 ovibus
2302 2740 2455 2812 virga
2481 2739 2721 2811 gracilis,
2749 2740 3053 2796 moderatio
3074 2739 3222 2810 justa
3249 2780 3264 2806 ,

2036 2831 2188 2887 Lima
2222 2831 2397 2902 piacla
2425 2832 2606 2901 pians,
2638 2846 2803 2904 regna
2834 2833 2995 2887 beata
3021 2845 3240 2902 parans.

1963 2925 2176 2998 Arguit,
2205 2925 2472 2988 obsecrat,
2500 2924 2765 2995 increpat,
2790 2933 2954 2996 atque
2981 2924 3217 2980 libenter
3243 2924 3493 2981 emendat

2037 3017 2184 3085 Quos
2222 3018 2323 3074 sibi
2349 3031 2607 3089 germano
2631 3016 2839 3073 foedere
2868 3017 3166 3074 consociat.

1966 3109 2127 3165 Novit
2154 3111 2221 3164 ad
2249 3118 2513 3165 aeternum
2542 3111 2842 3166 monachos
2870 3111 3172 3181 perducere
3200 3123 3427 3179 regnum
3452 3149 3468 3174 ,

2039 3203 2108 3257 Et
2142 3204 2354 3258 sociare
2383 3203 2552 3258 choro
2579 3203 2813 3260 dulciter
2843 3204 3109 3275 angelice.

1969 3296 2231 3364 Quamvis
2259 3298 2374 3352 haec
2409 3297 2588 3353 socios
2611 3297 2735 3352 coeli
2761 3298 2996 3353 deducat
3025 3298 3092 3352 ad
3123 3296 3233 3352 alta
3263 3337 3279 3364 ,

2039 3387 2136 3442 Est
2163 3395 2344 3441 tamen
2382 3396 2645 3458 angustus
2685 3387 2862 3454 callis,
2896 3397 2952 3443 et
2990 3395 3140 3443 arcta
3177 3387 3263 3443 via
3295 3405 3306 3442 :

1968 3477 2135 3532 Arcta
2165 3477 2284 3548 pios
2310 3477 2440 3532 celsi
2471 3477 2690 3533 deducit
2726 3478 2795 3532 ad
2822 3479 2961 3535 atria
2991 3478 3142 3549 regni
3173 3519 3189 3545 ,

2041 3573 2232 3644 Ampla
2263 3574 2434 3630 malos
2459 3575 2605 3645 putei
2639 3577 2837 3648 mergit
2866 3578 2922 3632 in
2957 3577 3064 3632 ima
3093 3579 3255 3650 nigri.

1971 3668 2142 3724 Nemo
2171 3669 2317 3723 viam
2346 3669 2534 3724 timeat
2561 3670 2861 3725 monachus
2887 3670 3092 3725 intrare
3121 3686 3218 3743 per
3242 3678 3449 3728 arctam
3478 3714 3493 3738 ,

2048 3763 2211 3818 Ducit
2242 3762 2310 3816 ad
2341 3763 2687 3834 astrigerum,
2724 3771 2903 3818 castra
2935 3762 3115 3831 beata,
3146 3765 3350 3836 polum.

1974 3858 2067 3914 llle
2093 3859 2202 3931 poli
2243 3858 2446 3928 poterit
2470 3858 2664 3914 leviter
2693 3861 3060 3914 conscendere
3091 3860 3237 3915 celsa
3262 3901 3277 3929 ,

2049 3951 2220 4018 Quem
2249 3965 2426 4005 nocuo
2454 3950 2598 4004 nulla
2627 3951 2868 4021 pondere
2891 3951 3048 4022 culpa
3075 3961 3286 4023 gravat.

1973 4045 2158 4116 Aliger
2186 4045 2458 4100 :ethereus
2486 4045 2708 4115 gravido
2736 4061 2859 4100 cum
2883 4060 3111 4114 corpore
3149 4045 3327 4100 nullus

1897 4122 1942 4183 (ἶ
2047 4137 2312 4191 Verberat
2352 4137 2623 4192 mtbereas
2652 4152 2796 4208 saepe
2822 4137 3054 4193 volando
3083 4138 3202 4194 vias
3228 4156 3241 4191 :

1972 4224 2161 4282 Nullus
2188 4228 2335 4282 enim
2363 4229 2665 4283 monachus
2691 4229 2902 4299 peccati
2931 4229 3172 4299 pondere
3201 4243 3424 4300 pressus

2045 4317 2320 4390 Stelligeri
2348 4320 2551 4391 poterit
2575 4335 2740 4392 regna
2767 4321 2951 4376 subire
2981 4323 3090 4393 poli
3126 4341 3138 4376 :

1973 4409 2163 4466 Omnis
2188 4411 2334 4466 enim
2362 4412 2662 4467 monachus
2698 4413 2958 4485 lacrymis
2996 4416 3289 4471 commissa
3317 4415 3500 4472 lavare

2046 4501 2236 4567 Debet,
2265 4511 2320 4557 et
2346 4502 2579 4561 ulterius
2605 4504 2750 4558 nulla
2781 4503 3010 4560 lavanda
3040 4506 3176 4576 pati.

1975 4591 2265 4663 Temperet
2293 4592 2498 4648 interea
2542 4595 2794 4649 monachi
2821 4595 3082 4651 discretio
3107 4606 3346 4653 mentem

2044 4685 2113 4740 Et
2136 4685 2223 4738 via
2245 4700 2346 4755 per
2370 4685 2608 4740 medium
2634 4687 2785 4756 regia
2808 4687 2970 4742 ducat
2995 4704 3137 4744 eum.

1977 4778 2049 4834 Ut
2076 4787 2264 4833 caveat
2300 4777 2548 4833 dextram
2576 4779 2749 4835 solers
2770 4781 3075 4853 timeatque
3104 4784 3382 4840 sinistram
3409 4828 3422 4850 ,

2050 4869 2347 4924 Hortantur
2369 4885 2538 4925 sacrae
2567 4871 2755 4925 munia
2784 4871 2920 4945 legis
2947 4889 3090 4930 eum.

1977 4963 2177 5018 Tristia
2205 4978 2312 5017 non
2346 4964 2553 5028 timeat,
2588 4963 2778 5018 timeat
2807 4965 2903 5020 sed
2928 4982 3190 5038 prospera
3217 4969 3422 5030 mundi,

2054 5055 2328 5111 Scandere
2355 5063 2482 5111 tunc
2507 5057 2710 5127 poterit
2736 5074 2904 5130 regna
2926 5061 3085 5115 beata
3107 5061 3235 5131 poli.

1978 5148 2236 5220 Quisquis
2263 5159 2409 5204 amat
2435 5151 2628 5207 rutilos
2653 5160 2966 5208 sanctorum
2998 5169 3222 5224 carpere
3258 5152 3467 5208 fructus

2048 5243 2274 5298 Actibus
2296 5243 2352 5297 in
2375 5243 2586 5299 cunctis
2613 5245 2961 5301 consocietur
2989 5246 3087 5300 eis.

1979 5331 2219 5386 Moribus
2257 5341 2482 5386 ornatus
2511 5341 2567 5386 ct
2595 5343 2750 5387 casto
2775 5346 3006 5408 corpore
3052 5339 3300 5402 comptus

2048 5420 2228 5488 Vivat,
2258 5430 2314 5478 et
2342 5439 2372 5477 a
2408 5422 2640 5480 Domino
2667 5440 2888 5496 semper
2915 5431 3131 5478 amatus
3157 5423 3284 5479 erit.

1908 5495 1962 5558 Ῑ)
1989 5514 2075 5572 Sit
2107 5515 2324 5583 tacitus,
2351 5517 2596 5584 humilis,
2622 5495 2946 5574 mitissimus
2973 5525 3138 5588 atque
3163 5519 3427 5590 benignus
3448 5555 3467 5584 ,

2054 5608 2138 5664 Sit
2168 5611 2403 5680 patiens,
2435 5611 2672 5677 sobrius,
2699 5611 2958 5681 providus
2986 5621 3149 5682 atque
3174 5614 3317 5685 pius.

1981 5699 2180 5756 lndolis
2205 5711 2259 5756 et
2283 5703 2494 5767 docilis,
2523 5703 2763 5772 sapiens,
2787 5710 2842 5757 et
2868 5711 3050 5758 mente
3085 5705 3314 5776 pusillus

2056 5793 2448 5866 Compunctus,
2471 5795 2716 5865 placidus
2747 5804 2802 5850 et
2827 5796 2968 5852 bene
2992 5805 3184 5854 cautus
3223 5806 3313 5854 eat

1988 5873 2203 5940 Excitat
2238 5883 2445 5942 interea
2489 5883 2670 5942 cordis
2710 5889 3055 5960 compunctio
3081 5888 3284 5944 fontem
