4020 6464
557 469 660 539 Qui
701 468 889 525 sordes
914 468 1109 524 animae
1150 462 1473 538 liluviesqu'o
1495 467 1661 524 lavet.

484 562 795 621 Christnate
820 558 1042 635 perfuso
1067 561 1434 633 lacrymarum
1477 560 1620 616 msio
1647 559 1787 616 fonti

556 653 899 734 Equiparat,
935 653 1173 709 maculas
1199 653 1361 724 tergit
1388 659 1451 707 ut
1477 652 1569 708 ille
1600 653 1817 722 nigras,

484 743 679 820 Tergit
706 754 763 801 et
792 747 1004 801 ablutos
1033 743 1276 815 paradisi
1308 743 1411 799 rite
1442 743 1698 811 colonos;

558 836 734 893 Edicit
760 846 820 892 ut
845 835 1081 892 habeant
1103 836 1219 907 jam
1247 836 1367 892 sine
1393 832 1499 891 line
1526 834 1695 898 cives,

480 929 588 1000 Qui
616 930 820 1003 iugiter
847 930 1023 986 laudis
1052 930 1267 1001 possint
1301 929 1612 1001 persolvere
1646 935 1829 1000 grates

556 1022 752 1078 Vivere
775 1034 901 1078 cum
927 1022 1159 1078 Domino
1186 1030 1404 1092 semper
1429 1026 1484 1077 et
1510 1036 1630 1077 esse
1657 1036 1775 1076 suo.

860 1128 1157 1197 INCIPIT
1200 1126 1692 1197 PROOEMIUM.

508 1299 511 1302 ,
553 1234 689 1292 Cum
722 1235 912 1292 turbas
954 1228 1312 1306 plurimorum
1353 1249 1635 1289 cernerem
1678 1236 2068 1292 monachorum

481 1329 536 1391 in
579 1326 726 1387 beati
758 1328 967 1402 Regula
1008 1318 1323 1395 Benedicti,
1370 1324 1849 1397 interpretationes
1877 1330 2068 1384 verbo-

481 1439 635 1497 rum,
681 1432 738 1478 et
780 1422 1117 1477 intellectum
1148 1419 1484 1474 diversarum
1513 1418 1928 1486 sententiarum,
1954 1422 2066 1477 dis-

479 1518 901 1587 cretionemque.
946 1506 1277 1584 iudiciorum
1334 1511 1604 1583 sagaciter
1649 1527 1893 1582 quaarere
1950 1513 2069 1585 plu-

480 1612 766 1674 rimorum,
789 1622 911 1679 qua:
926 1606 1171 1662 variante
1199 1602 1416 1660 modulo
1436 1605 1589 1659 varia
1614 1603 1675 1658 lit
1689 1603 1989 1674 culparum,
2008 1613 2069 1661 ut

475 1701 799 1775 expositioni
831 1701 950 1771 ejus
974 1715 1195 1770 operam
1226 1700 1410 1755 darem
1429 1740 1443 1764 ,
1488 1707 1542 1753 et
1571 1715 1603 1753 a
1630 1700 1835 1770 meipso
1864 1707 2062 1764 motus,

475 1806 534 1854 et
555 1798 624 1852 ab
647 1796 769 1851 aliis
792 1810 911 1850 sum
939 1802 1179 1849 coactus.
1217 1793 1282 1847 Et
1308 1792 1557 1862 quamvis
1581 1789 1703 1861 ejus
1725 1792 2065 1862 expositione

1785 351 2131 412 sumsum
2164 344 2453 434 austris

2096 477 2151 535 Α
2174 470 2433 539 Quamvis
2456 475 2601 531 enim
2632 473 2855 533 abusive
2881 476 3066 550 plures
3089 484 3359 538 vocentur
3383 482 3638 556 magistri
3660 528 3679 554 ,
3707 496 3777 547 ut

3661 370 3777 433 O92

2174 572 2259 621 est
2298 566 2429 622 illud
2469 568 2523 622 in
2565 567 2935 629 Ecclesiasten
2966 573 3034 630 de
3062 571 3182 647 lege
3210 575 3456 647 legisque
3485 576 3776 638 latoribus

2174 657 2376 713 dictum
2395 701 2410 725 ,
2441 659 2575 726 Qua:
2606 674 2707 732 per
2733 660 3121 736 magistrorum
3161 666 3449 725 consilium
3481 671 3607 727 data
3638 678 3781 729 sunt

2174 764 2204 803 a
2232 758 2451 819 pastore
2478 762 2621 820 uno,
2674 762 2815 811 unus
2863 765 3043 813 tamen
3089 772 3189 830 per
3218 764 3468 818 naturain
3503 774 3591 820 est
3618 756 3775 823 Dem

2171 841 2429 910 magister
2455 852 2511 899 et
2538 844 2721 901 Pater.
2774 848 2893 918 Ipse
2919 850 3066 905 enim
3095 853 3209 906 ait:
3252 852 3319 907 Et
3347 854 3565 911 Patrem
3603 856 3778 913 nolite

2171 946 2353 984 vocare
2379 949 2535 1004 super
2560 944 2776 991 terram.
2814 936 2964 995 Unus
2989 952 3066 996 est
3093 943 3233 996 enim
3263 942 3429 999 Pater
3452 957 3643 1009 vester.
3678 950 3779 1019 qui

2169 1022 2225 1076 in
2250 1024 2388 1079 cwlis
2419 1037 2490 1081 est
2519 1027 2736 1099 (Matth.
2771 1031 2885 1105 xx).
2928 1032 3006 1088 Ne
3028 1036 3296 1090 vocemini
3324 1040 3598 1109 magistri,
3632 1042 3775 1112 quia

2169 1114 2429 1187 magister
2455 1131 2636 1177 vester
2664 1139 2802 1180 unus
2827 1134 2910 1181 est
2934 1122 3207 1184 Christus.
3250 1128 3361 1186 Nos
3385 1147 3515 1189 vero
3542 1136 3776 1203 quando

2168 1218 2377 1280 patrem
2402 1228 2661 1271 vocamus
2705 1216 3011 1285 hominem,
3057 1221 3320 1276 honorem
3363 1224 3509 1278 aetati
3553 1225 3769 1281 deferi-

2169 1314 2306 1365 mus,
2336 1316 2444 1358 non
2477 1315 2756 1362 auctorem
2790 1316 2995 1364 nostrae
3022 1307 3148 1365 vita!
3176 1306 3538 1369 ostendimus.
3594 1312 3776 1389 Magi-

2168 1401 2281 1448 ster
2307 1408 2437 1450 vero
2475 1412 2543 1451 ex
2583 1398 2861 1454 consortio
2889 1399 3006 1455 veri
3050 1402 3299 1472 magistri
3337 1402 3619 1461 veraciter
3655 1406 3772 1463 dici

2168 1492 2380 1554 potest:
2418 1488 2544 1556 quia
2574 1489 2715 1545 sicut
2744 1504 2843 1561 per
2870 1500 3122 1547 naturam
3151 1508 3295 1548 unus
3327 1491 3495 1561 Deus,
3532 1506 3592 1551 et
3625 1492 3777 1553 llius

2168 1590 2274 1631 non
2304 1578 2621 1647 praeiudicat
2648 1583 2863 1638 cmteris
2883 1625 2897 1649 ,
2945 1596 3017 1638 ne
3049 1598 3148 1655 per
3179 1587 3529 1656 adoptionem
3561 1588 3641 1644 dii
3669 1602 3777 1645 vo-

2168 1672 2360 1724 centur
2385 1678 2440 1725 et
2468 1671 2585 1737 lllii,
2609 1673 2681 1728 ita
2711 1689 2852 1729 unus
2877 1682 3034 1745 pater
3055 1685 3109 1730 et
3138 1677 3401 1749 magister
3426 1692 3534 1733 non
3571 1680 3778 1751 preju-

2168 1762 2315 1817 dicat
2344 1764 2463 1818 aliis
2491 1774 2547 1819 ut
2573 1765 2799 1822 abusive
2826 1772 3010 1839 patres
3039 1770 3383 1839 appellentur
3406 1778 3463 1827 et
3489 1768 3769 1844 magistri.

474 1886 582 1943 non
606 1887 885 1957 indigeant
906 1884 1071 1949 docti,
1096 1892 1276 1938 tamen
1301 1840 1529 1952 simplex
1553 1840 1886 1951 simplicibus
1909 1891 2061 1954 grata
2093 1840 2140 1900 Β
2470 1859 2614 1957 du‘;
2656 1858 3024 1957 ,Βυδθτωῑοῖν
3072 1870 3397 1957 ιπιιξοθιζιοτ,
3436 1862 3524 1916 νει
3572 1865 3775 1918 ἀοθιοτ

473 1987 557 2035 est
584 1976 701 2046 ejus
726 1977 1001 2047 expositio
1032 1974 1335 2039 monachis,
1374 1974 1465 2042 qui
1497 1988 1596 2043 per
1622 1973 1741 2045 ejus
1770 1972 2065 2027 observan-

470 2072 605 2126 tiam
631 2070 699 2127 ad
727 2069 974 2125 ccelestia
1000 2067 1225 2137 cupiunt
1253 2064 1522 2121 scandere
1550 2080 1738 2135 regna,
1777 2063 1843 2119 de
1868 2079 1930 2119 ea
1955 2064 2066 2120 fre-

471 2172 703 2234 quenter
732 2163 922 2217 audire
947 2161 1031 2215 vel
1069 2160 1280 2213 modica
1312 2158 1624 2213 desiderant
1651 2158 1815 2212 verba
1843 2172 1856 2210 :
1889 2166 1943 2212 et
1969 2159 2063 2227 qui

473 2253 593 2323 ejus
621 2259 872 2311 tutantes
902 2251 1285 2308 rectitudinem
1308 2291 1322 2313 .
1371 2257 1577 2304 aeterna
1610 2259 1832 2318 sperant
1857 2248 2062 2317 perfrui

474 2336 833 2411 beatitudine,
878 2342 1075 2401 crebro
1118 2340 1426 2412 regularem
1455 2339 1692 2411 gaudent
1721 2340 1913 2397 audire
1945 2355 2062 2396 ser-

476 2452 712 2492 moncm.
751 2435 918 2506 Cujus
938 2435 1152 2490 Domini
1180 2433 1482 2504 opitulante
1507 2433 1681 2505 gratia
1706 2431 1820 2502 jam
1845 2434 2064 2489 ordina-

476 2530 575 2584 tim
600 2530 857 2599 incipiam
888 2543 1161 2599 exponere
1189 2528 1373 2582 verba.

980 2655 1571 2731 EXPOSITIO

546 2799 653 2876 ΙΝ
716 2798 1199 2880 REGULAM
1258 2798 1355 2880 B.
1414 2798 2001 2879 BENEDICTI.

1111 2924 1413 2991 INCIPIT

667 3044 1036 3106 PMLOGUS
1073 3044 1377 3107 REGULAE
1419 3051 1478 3107 Β.
1509 3046 1868 3110 BENEDICTI

957 3157 1149 3196 PATRIS
1187 3158 1566 3199 IONACIIORUI.

540 3230 814 3287 Obsculta.
880 3231 1007 3289 Haec.
1053 3250 1151 3289 nos
1198 3236 1470 3292 hortantis
1522 3237 1667 3293 beati
1718 3239 1883 3293 verba
1932 3248 2057 3295 sunt

465 3324 762 3382 Benedicti.
814 3322 908 3381 ille
934 3324 1168 3393 etenim,
1213 3324 1421 3400 Spiritu
1458 3338 1647 3385 sancto
1676 3330 1946 3402 repletus,
1996 3340 2058 3386 ut

464 3432 566 3472 nos
591 3416 658 3472 ad
686 3416 910 3474 meliora
939 3418 1374 3490 proficiscamur,
1416 3420 1688 3478 hortatur.
1742 3422 1881 3480 Sunt
1909 3424 2055 3481 enim

463 3509 557 3581 qui
581 3525 707 3565 eum
737 3526 873 3565 ausu
904 3508 1196 3569 temerario
1236 3516 1641 3587 reprehendere
1673 3528 1945 3573 conantur
1972 3514 2054 3573 di-

463 3611 688 3656 centes:
722 3602 979 3656 Ausculto
1016 3598 1202 3659 debuit
1243 3602 1445 3672 dicere,
1490 3622 1599 3661 non
1646 3607 1906 3674 obsculta,
1953 3624 2051 3663 ne—

461 3691 704 3751 scientes
738 3693 868 3765 quia
902 3694 1046 3749 sicut
1079 3704 1231 3751 recte
1264 3697 1464 3752 dicitur
1490 3696 1683 3753 obaudi
1705 3741 1718 3764 ,
1759 3708 1815 3754 et
1840 3699 2051 3755 obtem-

459 3797 618 3856 pera,
643 3790 699 3841 et
718 3782 1049 3852 obsecunda,
1071 3793 1130 3841 et
1151 3785 1255 3842 alia
1280 3782 1448 3843 multa
1470 3786 1621 3859 talia,
1648 3790 1721 3845 ita
1750 3792 2053 3850 rectissime

462 3875 569 3933 dici
593 3885 792 3948 potest,
819 3878 1089 3933 obsculta.

535 3968 582 4022 ο
607 3968 705 4038 fili.
744 3967 791 4023 ο
820 3969 1126 4039 interiectio
1151 3986 1253 4041 pro
1278 3970 1507 4027 diversis
1532 3973 1779 4031 sensibus
1806 3970 2050 4033 diversas

461 4062 628 4117 habet
646 4062 1094 4134 signiﬁcationes.
1122 4062 1426 4136 Aliquoties
1450 4068 1787 4134 admirantis,
1806 4078 1863 4124 ut
1887 4069 2044 4126 illud:

460 4154 508 4212 ο
532 4174 689 4228 quam
715 4158 936 4231 pulchra
960 4170 1037 4215 est
1062 4168 1207 4216 casta
1234 4160 1497 4232 generatio
1523 4158 1672 4235 (Βίῳ.
1698 4163 1795 4238 tv).
1831 4164 2051 4237 Aliquo-

457 4249 562 4303 ties
588 4244 841 4317 dolentis,
869 4260 928 4305 ut
959 4251 1086 4307 illud
1113 4272 1125 4305 :
1164 4250 1209 4306 Ο
1239 4269 1328 4307 vos
1359 4271 1556 4317 omnes,
1582 4256 1670 4327 qui
1696 4256 1932 4311 transitis
1958 4275 2051 4329 per

456 4355 616 4405 vtam,
660 4341 822 4397 ridete
850 4343 895 4397 si
924 4334 1000 4397 est
1031 4344 1185 4397 dolor
1209 4350 1265 4397 ut
1292 4355 1367 4398 est
1393 4342 1547 4399 dolor
1574 4363 1718 4400 meus
1742 4342 1913 4419 (Psal.
1935 4347 2045 4422 (ιν).

454 4428 758 4501 Aliquoties
777 4434 1015 4503 optantis
1035 4435 1279 4491 continet
1300 4432 1772 4507 significationem,
1795 4448 1851 4493 ut
1878 4434 2009 4495 illud
2032 4460 2042 4494 :

2167 1944 2503 2015 intelligitur.
2573 1946 2739 2017 Cujus
2798 1948 3122 2019 etymologia
3178 1965 3210 2003 a
3257 1948 3451 2005 Graeco
3509 1966 3769 2006 sermone

2164 2048 2342 2096 steron
2369 2038 2653 2108 descendit
2678 2061 2689 2095 :
2723 2036 2915 2099 Graece
2943 2041 3089 2099 enim
3128 2052 3303 2098 steron
3337 2046 3509 2099 statio
3539 2045 3777 2100 dicitnr.’

2164 2134 2307 2202 Ergo
2361 2135 2621 2206 magister
2672 2136 2864 2191 Latino
2915 2150 3166 2193 sermone
3216 2136 3393 2207 major
3452 2136 3767 2193 visitatione

2164 2224 2244 2299 [in
2276 2226 2531 2299 statione]
2570 2235 2796 2285 vocatur

2236 2300 2306 2368 Et
2335 2315 2532 2370 inclina
2563 2328 2747 2371 aurem
2773 2312 2946 2373 turdis
2971 2310 3068 2373 tul.
3100 2317 3264 2375 Attri's
3288 2310 3436 2377 θιιίιιι
3458 2310 3646 2377 ttka
3667 2337 3768 2377 no—

2165 2406 2264 2462 stri
2294 2414 2422 2462 tunc
2450 2407 2517 2462 ad
2546 2398 2869 2464 audiendum
2895 2392 3168 2466 veraciier
3192 2402 3511 2477 inclinatur,

2164 2495 2467 2551 admonitio
2494 2497 2566 2567 pii
2594 2497 2782 2568 patris,
2810 2498 2859 2552 id
2884 2509 2991 2564 est,
3016 2500 3249 2566 Domini,
3284 2516 3314 2555 a
3342 2501 3504 2556 nobis
3530 2500 3766 2558 libenter

2164 2587 2386 2641 auditur
2410 2595 2465 2641 et
2493 2584 2786 2643 efﬁcaciter
2810 2589 3088 2659 impletur,
3116 2592 3333 2660 quando
3358 2592 3651 2648 humiliter
3677 2609 3765 2649 ex-

2162 2677 2382 2747 cipitur,
2407 2687 2463 2734 et
2483 2695 2621 2749 puro
2647 2680 2807 2739 corde
2835 2690 3069 2739 tenetur.
3104 2683 3254 2739 Hanc
3280 2700 3469 2741 aurem
3496 2686 3761 2744 Dominus

2163 2785 2414 2839 quzerens
2443 2770 2693 2826 dicebat:
2731 2762 2834 2836 Qui
2870 2766 3023 2827 habet
3064 2772 3245 2829 au‘rebt
3275 2774 3534 2829 audiendi
3572 2779 3759 2832 audiat

2165 2858 2382 2933 (Matth.
2410 2859 2510 2933 xx).
2562 2860 2721 2916 Auris
2757 2863 2903 2917 eulm
2937 2863 3009 2918 ab
3037 2863 3305 2919 aedtusdo
3332 2863 3420 2919 vel
3456 2866 3759 2922 hauriendo

2161 2961 2410 3011 vocatur.
2453 2952 2616 3011 Auris
2643 2956 2789 3013 enim
2818 2957 3063 3027 corporis
3091 2958 3329 3017 hominis
3352 2972 3544 3026 voces,
3576 2959 3762 3017 cordis

2163 3055 2347 3102 autem
2376 3049 2527 3103 auris
2552 3047 2888 3105 intellectum
2915 3049 3097 3106 haurit
3121 3050 3411 3106 sermonis.

2237 3139 2301 3193 Et
2368 3139 2801 3195 admonitionem.
2865 3140 3178 3199 Admonitio
3237 3140 3463 3212 proprie
3528 3140 3754 3205 dicitur.

2085 3214 2129 3277 C
2163 3233 2380 3302 quando
2407 3249 2470 3287 ea
2499 3234 2553 3287 in
2584 3234 2783 3305 quibus
2809 3235 3091 3291 exciderat
3114 3235 3297 3301 hoino,
3328 3235 3398 3290 ad
3425 3238 3755 3291 memoriam

2160 3305 2516 3383 reducuntur.
2570 3324 2616 3379 A
2657 3326 2891 3398 paradisi
2931 3327 3076 3382 enim
3117 3325 3334 3397 gaudio,
3381 3326 3759 3383 exsultatione

2159 3428 2213 3473 et
2246 3419 2413 3490 gloria
2445 3435 2545 3489 per
2572 3418 2998 3476 inobedientiam
3027 3418 3158 3475 Adae
3196 3418 3534 3491 generaliter
3566 3432 3755 3477 omnes

2160 3513 2506 3577 recessimus,
2547 3511 2641 3565 sed
2681 3510 2749 3567 ad
2787 3526 2850 3565 ea
2889 3525 3008 3581 qua:
3040 3526 3139 3589 per
3170 3509 3603 3571 inohedientiam
3635 3527 3755 3581 per.

2159 3603 2419 3666 didimus,
2464 3603 2725 3679 imitando
2761 3601 2964 3659 Christi
3004 3603 3406 3669 obedientiam,
3447 3606 3546 3675 qui
3583 3605 3754 3675 facta:

2157 3704 2241 3750 est
2268 3695 2510 3748 obediens
2541 3694 2695 3749 Patri
2731 3709 2905 3767 usque
2931 3694 3000 3748 ad
3031 3704 3251 3749 mortem
3281 3680 3508 3765 (Philip.
3537 3692 3624 3766 It),
3666 3690 3753 3749 re-

2156 3787 2273 3842 dire
2299 3787 2575 3841 debemus.

2228 3876 2313 3931 Pii
2349 3875 2541 3930 Patris.
2586 3876 2712 3931 Pius
2746 3877 2891 3931 enim
2929 3875 3094 3931 Pater
3133 3877 3353 3948 proprie
3392 3868 3487 3931 ille
3527 3870 3749 3945 dicitur,

2155 3970 2244 4041 qui
2293 3970 2537 4025 cordium
2583 3969 2810 4024 aliorum
2859 3970 3167 4041 impietates
3206 3970 3455 4027 valenter
3495 3972 3748 4027 remittit.

2154 4063 2251 4120 Cui
2283 4062 2566 4119 Psalmista
2596 4060 2709 4117 ait:
2743 4061 2888 4127 Dixi,
2922 4062 3220 4131 Conﬁtebor
3247 4063 3526 4119 adversum
3558 4080 3641 4118 me
3670 4064 3753 4119 in-

2144 4155 2383 4227 jnstitias
2406 4172 2547 4211 meas
2562 4154 2805 4219 Domino,
2823 4164 2869 4209 et
2894 4163 2950 4209 tn
2968 4148 3213 4211 remisisti
3233 4156 3555 4227 impietatem
3576 4155 3750 4209 cordis

2151 4249 2254 4303 mei
2286 4247 2460 4319 (Psal.
2490 4248 2663 4321 χχχι).
2721 4238 2849 4304 Pius
2896 4249 3038 4305 enim
3090 4249 3229 4304 Deus
3280 4249 3484 4305 dicitur
3524 4260 3753 4321 propter

2152 4341 2494 4396 clementiam
2516 4384 2529 4407 ,
2567 4338 2961 4414 benignitatem
2991 4348 3045 4395 et
3071 4341 3525 4397 misericordiam.
3566 4340 3747 4398 Pietas

2150 4435 2293 4488 enim
2322 4432 2500 4489 Patris
2527 4443 2609 4489 est
2630 4433 2861 4507 justitia,
2892 4448 3011 4502 quae
3038 4433 3276 4503 proprie,
3302 4442 3364 4487 ut
3388 4434 3468 4489 ait
3490 4433 3750 4503 Augusti-

459 4522 505 4580 ο
534 4524 780 4591 Domine,
821 4525 994 4580 salvos
1038 4544 1131 4580 nos
1171 4528 1276 4598 fac.
1324 4526 1368 4581 0
1400 4524 1641 4597 Domine,
1670 4530 1795 4585 bene
1825 4547 2047 4603 prospe-
2070 4566 2124 4625 D
2149 4542 2270 4591 nus,
2297 4510 2393 4581 Dei
2422 4527 2599 4582 cultus
2624 4525 2967 4611 intelligitur.
3007 4524 3168 4579 Pater
3190 4526 3335 4581 enim
3358 4525 3581 4601 proprie
3604 4525 3748 4580 Deus

454 4614 771 4689 rare(Psal.
791 4616 979 4691 cxvu).
1013 4617 1186 4686 Quam
1218 4624 1272 4673 et
1300 4617 1390 4673 hic
1419 4619 1815 4675 rationabiliter
1839 4622 2045 4678 obtinet
2072 4614 2118 4625 ”
2150 4620 2298 4675 solus
2329 4620 2548 4689 dicitur,
2581 4620 2739 4690 quia,
2781 4628 2840 4674 ut
2867 4620 2943 4674 ait
2966 4617 3289 4693 Apostolus,
3332 4634 3398 4672 ex
3424 4618 3532 4696 (illo
3573 4620 3743 4673 omnis

454 4707 586 4762 vim.
612 4705 750 4761 Nam
770 4715 826 4762 et
844 4706 937 4761 ﬁlii
962 4709 1179 4763 nomine
1199 4725 1324 4764 eum
1346 4707 1552 4782 placuit
1572 4706 1863 4785 appellare,
1881 4728 2044 4784 quem

453 4799 626 4855 voluit
655 4800 860 4856 habere
891 4798 1245 4856 imitatorem.
1294 4802 1541 4870 Quatuor
1566 4803 1710 4856 enim
1744 4804 1918 4860 modis
1946 4800 2039 4865 filii

453 4891 826 4963 appellantur:
850 4900 1068 4958 natura,
1093 4892 1413 4958 imitatione,
1440 4892 1751 4964 ad0ptinne,
1770 4893 2037 4951 doctrina.

452 4984 556 5042 Hic
581 4995 764 5043 autem
790 5001 899 5043 non
931 4993 1123 5042 natura
1144 5028 1159 5054 ,
1194 5002 1301 5042 non
1333 4984 1641 5060 adoptione,
1670 4986 1764 5043 sed
1793 4987 2038 5044 doctrina

450 5079 537 5134 vel
579 5078 883 5153 imitatione
924 5076 1067 5133 illius
1113 5074 1435 5150 appellatur,
1468 5080 1560 5149 qui
1589 5078 1655 5134 ad
1683 5076 2035 5136 ohscultanda

451 5170 699 5242 magistri
728 5178 996 5241 praecepta
1028 5171 1298 5226 hortatur.

523 5259 815 5333 Prwcepta.
847 5260 1123 5331 Praecepta
1147 5269 1415 5332 suntquae
1438 5270 1531 5317 aut
1553 5262 1679 5332 quid
1704 5260 2031 5330 faciendum,

451 5359 547 5406 aut
569 5352 698 5422 quid
735 5367 842 5407 non
878 5349 1188 5407 faciendum
1217 5354 1289 5408 sit
1315 5352 1553 5409 docent:
1593 5350 1918 5417 faciendum,
1955 5362 2032 5420 ut,

449 5440 610 5512 dilige
630 5442 915 5498 Dominum
939 5443 1107 5498 Deum
1132 5453 1303 5512 tuum,
1329 5453 1384 5500 et
1409 5443 1613 5499 honora
1638 5452 1837 5517 patrem
1862 5457 2031 5514 tuum,

449 5539 508 5587 et
541 5531 781 5602 reliqua;
822 5549 932 5589 non
963 5533 1303 5603 iaciendum,
1342 5540 1434 5602 ut,
1479 5534 1603 5591 Non
1633 5535 1867 5603 occides,
1911 5538 2035 5593 Non

448 5623 825 5694 mussitabat-is,
870 5623 995 5683 Non
1036 5628 1237 5699 furtum
1276 5626 1438 5699 facies
1467 5628 1669 5702 (Exod.
1700 5626 1827 5700 xx),
1872 5634 1926 5685 et
1962 5629 2037 5685 si-

451 5715 621 5771 milia.

526 5805 680 5878 Quod
705 5817 884 5866 autem
910 5806 1041 5866 dicit
1071 5804 1330 5883 Magistri,
1362 5806 1787 5881 Sublntelligltur
1809 5808 2031 5865 Christi.

2148 4713 2436 4783 paternitns
2469 4713 2521 4767 in
2550 4711 2675 4767 caalo
2712 4722 2760 4767 et
2796 4712 2850 4766 in
2877 4722 3015 4766 terra
3047 4712 3353 4765 nominatur
3383 4708 3606 4780 (Ep/tes.
3636 4710 3739 4776 tu).

2147 4801 2285 4856 Nam
2314 4811 2367 4857 et
2396 4802 2486 4857 ille
2514 4804 2566 4857 in
2597 4802 2894 4873 Evangelio
2920 4802 3049 4857 dicit
3075 4821 3087 4856 :
3134 4802 3199 4855 Et
3228 4810 3431 4872 patrem
3462 4801 3626 4855 nolite
3656 4818 3742 4854 ro-

2147 4912 2269 4948 rare
2309 4912 2467 4964 super
2506 4905 2717 4950 (errant.
2775 4892 2921 4950 Unus
2961 4905 3035 4949 est
3075 4896 3213 4948 enim
3246 4890 3406 4947 Pater
3434 4904 3626 4959 uester,

2146 4987 2303 5039 estin
2331 4986 2470 5041 cmlis
2499 4986 2715 5059 (Matth.
2745 4985 2860 5060 xx).
2911 4986 2977 5041 Et
3012 5002 3109 5057 per
3142 4985 3461 5056 prophetam
3500 4986 3618 5055 ipse
3654 4985 3738 5040 lo—

2147 5078 2330 5149 quitur
2357 5062 2539 5134 dicens
2570 5101 2582 5134 :
2621 5080 2842 5135 Patrem
2870 5077 3091 5133 vocabis
3120 5092 3238 5141 me,
3279 5085 3333 5131 et
3372 5086 3498 5149 post
3536 5094 3625 5133 mc
3662 5078 3734 5131 in-

2143 5172 2294 5243 gredi
2324 5187 2432 5227 non
2460 5171 2715 5227 cessabis.
2760 5170 2826 5227 Et
2853 5170 2938 5225 cui
2969 5168 3296 5240 generaliter
3324 5168 3537 5234 omnis,
3574 5158 3737 5223 Pater

2144 5274 2321 5318 noster
2342 5264 2432 5327 qui
2460 5280 2511 5317 es
2541 5264 2596 5317 in
2625 5261 2789 5326 caelis,
2827 5259 3025 5316 clamat
3050 5260 3314 5315 Ecclesia.
3365 5261 3521 5331 Quod
3552 5272 3733 5317 autem

2143 5354 2276 5409 dicit
2300 5353 2516 5407 libenter
2537 5350 2729 5423 excipe,
2756 5340 3074 5422 intell'gitur
3097 5342 3359 5417 studiose,
3386 5362 3735 5422 summopere

2141 5454 2196 5499 et
2220 5461 2431 5500 summa
2450 5444 2745 5499 voluntate.
2781 5436 3043 5513 Excipere
3067 5444 3212 5498 enim
3238 5434 3439 5498 dicitur
3459 5438 3732 5515 accipere,

2139 5534 2224 5590 vel
2252 5535 2545 5606 suscipere.

2213 5625 2470 5682 Addidit:
2520 5626 2584 5680 Et
2622 5624 2899 5699 eﬂicaciter
2937 5642 3155 5697 compte.
3205 5624 3511 5682 Eﬂicaciter
3548 5632 3730 5678 autem

2140 5716 2391 5781 faciliter,
2420 5716 2687 5788 expedite,
2719 5714 2998 5783 velociter,
3028 5727 3447 5789 perseveranter
3479 5713 3562 5770 vel
3593 5712 3733 5785 vigi-

2141 5810 2317 5868 lanter
2366 5810 2706 5887 intelligitur.
2761 5810 2924 5867 Venit
2974 5811 3119 5866 enim
3168 5812 3270 5871 hoc
3324 5804 3638 5867 adverbium
3688 5812 3731 5863 ι
