4020 6500
493 337 603 398 695

1795 325 2148 384 SMARAGDI
2180 327 2473 388 ABBATIS

490 457 745 517 vertitur.
777 454 970 511 Sermo
997 453 1143 509 enim
1177 465 1208 506 a
1239 447 1469 505 serendo
1496 459 1692 503 nomen
1717 444 1946 516 accepit.
1979 443 2076 499 Est
2101 443 2155 506 Α
2177 450 2299 500 tuus
2322 443 2437 501 oleo
2457 449 2843 518 emtauonis,
2867 455 2974 509 etc.
3004 449 3180 526 (Psal.
3203 454 3376 529 xuv).
3400 456 3503 526 Qui
3525 458 3655 516 ideo
3678 477 3783 520 rex

493 551 640 608 enim
667 547 951 613 dissertio,
981 544 1064 600 vel
1117 542 1376 609 collatio,
1431 539 1574 612 quod
1623 554 1731 594 non
1781 547 1866 594 est
1913 537 2074 592 unius

492 640 644 697 verbi
662 645 896 704 tantum,
918 636 1012 692 sed
1027 651 1058 690 a
1079 633 1265 691 multis
1277 632 1458 688 verbis
1475 632 1703 688 serendo
1724 644 1906 685 sermo
1920 644 2076 684 voca-

494 742 601 801 tur,
620 740 682 789 ut
705 747 884 788 sermo
904 728 1117 794 Hilarii,
1139 743 1322 784 sermo
1333 726 1619 798 Augustini
1647 734 1702 781 et
1719 725 2071 795 reliquorum.

563 825 811 898 Quisquis
841 821 1215 878 abrenuntians
1238 821 1466 892 propriis
1488 817 1862 874 voluntatibus.
1907 817 2078 874 Abre-

491 919 746 975 nuntiare
781 916 926 972 enim
944 914 1084 986 poni
1121 912 1256 969 solet
1294 927 1396 984 pro
1426 927 1492 967 eo
1519 911 1665 982 quod
1690 918 1773 966 est
1801 924 2076 982 spernere,

489 1011 738 1083 rejicere,
767 1007 853 1065 vel
893 1005 1272 1063 contradicere
1295 1044 1313 1072 ,
1345 1003 1457 1060 sive
1499 1002 1703 1072 aliquid
1747 1002 1894 1056 aliud
1937 1002 2082 1072 quod

487 1106 594 1162 hoc
646 1104 816 1159 verbo
855 1103 913 1158 in
958 1102 1063 1156 hoc
1105 1113 1268 1156 sensu
1315 1095 1548 1168 exprimi
1609 1102 1810 1166 potest.
1864 1095 2083 1150 Duabus

487 1195 690 1252 etenim
716 1195 926 1251 vicibus
966 1194 1028 1249 ﬁt
1065 1189 1469 1248 abrenuntiatio
1507 1189 1900 1244 monachorum
1921 1229 1937 1255 ,
1966 1188 2082 1244 sive

485 1286 733 1343 omnium
771 1286 935 1341 debet
975 1297 1096 1340 esse
1137 1282 1398 1338 ﬁdelium.
1433 1279 1653 1337 Satanae
1681 1281 1860 1348 enim,
1904 1281 1998 1350 qui
2028 1288 2084 1335 et

486 1379 736 1436 diabolus
777 1384 1122 1450 nuncupatur
1144 1418 1159 1444 ,
1198 1377 1376 1448 primo
1417 1376 1474 1431 in
1517 1375 1788 1447 baptismo
1846 1373 1915 1430 ab
1965 1389 2082 1429 om-

486 1471 648 1526 nibus
695 1468 944 1525 ﬁdelibus
979 1468 1395 1524 abrenuntiatur
1418 1506 1434 1533 ,
1475 1475 1537 1521 ut
1575 1465 1802 1520 liberius
1847 1464 2080 1520 Domino

487 1561 760 1617 Salvatori
808 1562 1075 1618 serviatur
1123 1577 1138 1615 :
1183 1561 1312 1632 quia
1357 1559 1514 1629 juxta
1561 1557 1806 1629 ejusdem
1861 1558 2077 1614 Domini

483 1669 672 1710 vocem
695 1670 843 1708 nemo
864 1664 1026 1726 potest
1050 1653 1253 1708 duobus
1272 1651 1501 1706 dominis
1519 1652 1713 1706 servire
1727 1649 1945 1724 (Matth.
1973 1647 2072 1722 vl).

482 1746 918 1804 Abrenuntiatur
945 1745 1201 1817 operibus
1227 1745 1365 1816 ejus,
1391 1744 1518 1814 quia
1565 1758 1729 1814 opera
1771 1742 1917 1798 illius
1945 1757 2076 1798 con-

2173 554 2335 596 verus
2383 540 2718 611 appellatur,
2749 545 2878 616 quia
2903 548 3087 602 omnia
3117 551 3378 619 condidit,
3410 563 3561 610 recte
3610 559 3785 616 susti—

2177 639 2289 698 net,
2318 633 2605 704 gubernat,
2634 636 2892 706 protegit,
2920 646 3083 708 atque
3122 642 3280 712 regit.
3318 642 3584 711 Quamvis
3627 649 3782 706 enim

2179 723 2352 778 sancti
2375 723 2600 780 abusive
2627 738 2785 796 reges
2805 726 3076 796 dicantur,
3100 739 3162 784 ut
3178 741 3261 788 est
3287 733 3419 789 illud
3446 737 3501 791 in
3525 738 3782 807 psalmo:

2179 814 2249 870 Et
2272 832 2408 870 nunc
2437 833 2602 887 reges,
2627 817 2904 890 intelligite
2928 818 3100 890 (Psal.
3131 821 3224 894 ll);
3256 834 3311 880 et
3337 827 3393 881 in
3413 827 3517 884 Job
3547 845 3564 884 :
3589 831 3660 886 Et
3690 847 3784 887 re-

2181 921 2275 978 ges
2304 907 2358 962 in
2385 907 2520 962 solio
2546 908 2808 976 collocat;
2844 919 3025 968 tamen
3078 913 3329 973 Christus
3377 919 3650 978 Dominus
3702 934 3787 980 est

2182 1014 2344 1055 verus
2373 1010 2428 1056 et
2451 1002 2566 1057 Rex
2586 1043 2601 1070 ,
2631 1005 2756 1074 quia
2787 1007 2900 1060 veri
2931 1007 3095 1079 Regis
3137 1011 3329 1067 Filius.
3364 1013 3519 1070 Unde
3544 1025 3606 1070 et
3634 1017 3789 1073 Psal-

2185 1093 2345 1149 mista
2372 1095 2449 1150 ait
2477 1114 2489 1150 :
2517 1096 2680 1164 Deus,
2691 1099 2959 1168 judicium
2990 1112 3137 1157 tuum
3162 1102 3288 1176 Regi
3315 1105 3406 1172 da,
3437 1118 3487 1162 et
3502 1110 3785 1179 justitiam

2185 1197 2330 1242 tuam
2362 1185 2506 1243 Filio
2536 1189 2690 1262 Regis
2721 1191 2892 1263 (Psal.
2939 1195 3111 1267 uxr).
3152 1196 3328 1270 Reges
3357 1215 3491 1272 ergo
3520 1213 3655 1258 sunt
3690 1222 3787 1259 sre-

2184 1277 2310 1344 culi,
2343 1281 2470 1350 quia
2501 1283 2858 1339 tentationum
2883 1302 3107 1343 suarum
3129 1292 3368 1347 motibus
3390 1309 3500 1348 non
3526 1311 3788 1352 succum-

2182 1369 2344 1438 bere,
2381 1373 2478 1428 sed
2522 1377 2759 1446 regendo
2803 1393 3038 1448 praeesse
3084 1396 3370 1439 noverunt.
3420 1385 3608 1458 Reges
3659 1401 3788 1446 sunt

2183 1464 2383 1533 saeculi,
2415 1467 2542 1538 quia
2572 1469 2783 1540 praalati
2816 1474 3028 1529 cunctis
3074 1475 3314 1532 motibus
3362 1479 3575 1544 carnis,
3621 1483 3782 1537 modo

2181 1557 2408 1616 luxuriae
2453 1565 2751 1632 appetitum
2796 1564 3033 1633 frenant,
3069 1571 3230 1625 modo
3277 1580 3476 1626 aestum
3528 1576 3782 1630 avaritia

2181 1655 2501 1719 temperant,
2530 1652 2692 1708 modo
2721 1655 2946 1725 gloriam
2991 1658 3241 1715 elationis
3289 1661 3584 1731 inclinant,
3621 1672 3782 1722 modo

2179 1741 2548 1812 suggestiones
2592 1744 2779 1802 livoris
2827 1749 3083 1816 obruunt,
3126 1753 3287 1807 modo
3343 1754 3530 1825 ignem
3574 1756 3781 1813 furoris

483 1842 656 1896 traria
685 1849 812 1896 sunt
833 1839 1088 1910 operibus
1115 1838 1431 1894 Salvatoris.
1459 1837 1890 1893 Abrenuntiatur
1917 1850 2073 1905 pom-
2102 1819 2151 1880 Β
2179 1833 2546 1904 exstinguunt.
2599 1835 2707 1893 Sed
2750 1839 2866 1894 haec
2901 1843 3080 1896 omnia
3122 1859 3230 1898 non
3269 1819 3390 1900 suis
3414 1845 3656 1912 viribus,
3686 1850 3779 1904 sed

480 1933 567 2003 pis
590 1931 730 2002 ejus,
759 1945 882 2001 quae
908 1930 1093 2000 utique
1119 1943 1284 1998 opera
1310 1935 1438 1983 sunt
1461 1926 1695 1993 Satanae,
1717 1927 1812 1982 sed
1833 1941 1898 1982 eo
1919 1927 2074 1996 quasi

481 2024 718 2080 discerni
747 2023 1001 2078 videntur
1039 2038 1068 2076 a
1110 2021 1323 2077 caeteris
1349 2021 1604 2092 operibus
1645 2021 1784 2093 ejus,
1831 2021 1974 2091 quod
2017 2019 2075 2075 in

478 2119 559 2175 eis
582 2118 853 2189 superbia,
873 2114 1030 2185 cujus
1055 2116 1145 2171 ille
1166 2124 1360 2171 auctor
1379 2124 1482 2180 est,
1510 2123 1564 2170 et
1584 2130 1706 2186 quae
1730 2131 1855 2170 eum
1878 2115 2076 2185 dejecit

477 2209 545 2267 de
575 2208 737 2276 caelo,
765 2207 1166 2279 quodammodo
1193 2205 1528 2276 designatur.
1557 2204 1775 2275 Pompa:
1800 2220 1929 2277 ergo
1955 2206 2074 2276 ejus

477 2312 608 2359 sunt
658 2301 903 2368 ambitio,
953 2299 1303 2372 arrogantia,
1351 2315 1491 2354 vana
1540 2298 1732 2370 gloria,
1773 2307 1829 2354 et
1873 2306 2073 2354 caetera

475 2393 807 2465 hujusmodi,
836 2408 959 2464 qua:
1003 2393 1071 2447 de
1115 2390 1266 2447 fonte
1297 2390 1564 2461 superbia
1607 2390 1930 2462 procedunt.
1974 2389 2073 2446 Se-

475 2488 655 2543 cundo
694 2495 877 2542 autem
905 2501 936 2540 a
967 2485 1252 2542 monachis
1277 2526 1292 2552 ,
1321 2495 1374 2540 et
1407 2501 1437 2539 a
1465 2485 1719 2541 ﬁdelibus
1744 2483 2072 2541 Christianis

476 2581 893 2638 abrenuntiatur
914 2580 1151 2652 propriis
1198 2580 1590 2646 voluntatibus,
1615 2579 1865 2650 exemplo
1887 2579 2072 2635 Domi-

472 2674 553 2742 ni,
578 2675 671 2745 qui
695 2674 773 2729 ait
800 2692 813 2728 :
847 2673 972 2727 Non
999 2673 1115 2727 veni
1143 2672 1316 2742 facere
1356 2672 1680 2728 voluntatem
1724 2688 1926 2736 meam,
1978 2671 2071 2725 sed

472 2766 588 2835 ejus
613 2767 702 2836 qui
731 2766 873 2819 misit
897 2780 979 2818 me
1005 2763 1187 2834 (Joan.
1223 2779 1300 2830 v1,
1342 2762 1462 2837 vn).
1515 2763 1650 2818 Nam
1695 2772 1750 2818 et
1787 2761 2070 2832 Scriptura

474 2857 587 2912 ait:
612 2856 682 2911 Et
706 2875 739 2911 a
765 2855 1123 2910 voluntatibus
1145 2857 1250 2910 tuis
1281 2865 1513 2910 avertere
1537 2854 1726 2928 (Eccli.
1746 2853 1902 2926 xvu).
1931 2854 2071 2909 Pro-

470 2950 595 3024 pria
628 2950 777 3005 enim
803 2949 1099 3018 unicuique
1127 2949 1328 3004 dicitur
1348 2947 1659 3016 vernacula,
1701 2949 1912 3019 privata
1936 2989 1952 3015 ,
1984 2948 2070 3004 vel

471 3040 765 3113 peculiaris
789 3039 1060 3096 voluntas.
1096 3039 1354 3096 Voluntas
1394 3047 1576 3095 autem
1605 3041 1673 3095 ab
1702 3055 1768 3095 eo
1793 3039 1937 3110 quod
1983 3047 2070 3096 est

471 3124 612 3191 velle
637 3149 836 3191 nomen
863 3135 1091 3206 accepit.
1127 3133 1226 3189 Est
1261 3135 1406 3190 enim
1437 3134 1720 3190 arbitrium
1750 3135 1949 3190 mentis
1972 3149 2068 3205 po-

471 3240 645 3290 testas
670 3231 884 3288 consilii
917 3232 1001 3287 sui
1029 3273 1043 3299 ,
1077 3239 1240 3302 atque
1263 3231 1604 3304 propositum
1631 3245 1826 3286 sensus
1857 3232 1959 3287 sui.
1998 3231 2068 3286 Et

470 3325 576 3382 hoc
622 3333 708 3382 est
749 3326 1046 3382 secundum
1079 3324 1372 3390 hominem,
1407 3341 1515 3381 non
1548 3324 1842 3379 secundum
1893 3324 2066 3380 Deum

471 3420 675 3476 vivere.
707 3418 801 3475 Ille
833 3419 980 3474 enim
1011 3416 1307 3474 secundum
1337 3417 1612 3472 hominem
1646 3415 1800 3482 vivit,
1831 3415 1925 3485 qui
1981 3430 2066 3470 se-

471 3513 710 3568 cundum
770 3512 1011 3582 seipsum
1067 3520 1124 3566 et
1175 3509 1471 3566 secundum
1522 3508 1856 3563 voluntatem
1908 3521 2065 3561 suam

470 3604 628 3669 vivit,
660 3603 755 3673 qui
802 3618 925 3658 cum
949 3603 1146 3672 quibus
1168 3601 1282 3655 vult
1306 3609 1360 3656 et
1391 3601 1485 3656 ubi
1511 3600 1626 3654 vult
1659 3599 1864 3670 pergit,
1893 3613 2066 3668 quan-

473 3705 588 3751 tum
616 3696 733 3750 vult
781 3704 835 3750 et
883 3695 1100 3764 quando
1128 3694 1243 3748 vult
1271 3694 1502 3759 dormit,
1529 3693 1744 3762 quando
1800 3700 1856 3746 et
1891 3706 2065 3760 quan-

473 3790 565 3844 diu
587 3787 702 3842 vult
731 3788 1003 3858 loquitur,
1041 3801 1162 3856 qua:
1211 3784 1326 3840 vult
1353 3793 1409 3840 et
1438 3785 1530 3840 ubi
1560 3784 1696 3850 vult,
1721 3791 1988 3854 quantum
2009 3791 2066 3838 et

472 3883 689 3952 quando
715 3879 852 3947 vult,
873 3878 1163 3934 manducat
1193 3886 1248 3932 et
1270 3877 1426 3943 bibit,
1473 3876 1689 3946 quando
1715 3883 1772 3931 et
1801 3883 2062 3945 quantum

473 3974 590 4028 vult
651 3973 816 4038 ridet,
851 3979 1146 4044 postremo,
1191 3970 1458 4042 quidquid
1487 3968 1660 4025 oculis
1701 3968 2021 4024 delectabile
2044 4011 2060 4037 ,

471 4065 736 4136 quidquid
766 4064 987 4120 naribus
1021 4078 1204 4129 suave,
1241 4061 1504 4134 quidquid
1533 4062 1745 4117 caeteris
1769 4068 1856 4116 est
1886 4060 2062 4116 sensi-

470 4161 575 4216 bus
597 4158 781 4214 carnis
804 4173 915 4212 suae
938 4155 1238 4226 jucundum
1263 4196 1278 4223 ,
1307 4160 1530 4210 exercet
1555 4160 1610 4209 et
1652 4152 1916 4224 sequitur.
1957 4151 2060 4220 Qui

473 4261 651 4308 autem
693 4251 991 4307 secundum
1038 4251 1208 4305 Deum
1253 4248 1407 4314 vivit,
1445 4263 1552 4302 non
1591 4261 1717 4300 eum
1769 4244 2063 4300 carnaliter

469 4345 588 4398 haec
623 4345 804 4398 omnia
834 4343 1123 4408 delectant,
1152 4341 1250 4396 sed
1278 4355 1398 4410 quae
1436 4337 1701 4409 spiritalia
1732 4346 1858 4393 sunt
1902 4338 2063 4408 spiri-

470 4435 654 4489 taliter
681 4449 804 4489 eum
830 4433 1119 4498 mdiﬁcant,
1144 4442 1199 4487 et
1227 4433 1410 4487 omnia
1446 4429 1714 4485 desideria
1739 4429 1921 4485 carnis
1944 4430 2058 4501 spi-

2177 1923 2405 1980 Domino
2447 1937 2708 1997 operante
2757 1930 3063 2000 perﬁciunt.
3116 1935 3184 1988 Et
3211 1936 3360 2005 quia,
3393 1946 3455 1991 ut
3501 1939 3626 1994 haec
3651 1956 3778 2010 ope-

2175 2024 2384 2082 rentur,
2413 2033 2445 2071 a
2489 2019 2718 2074 Domino
2764 2023 3057 2092 accipiunt,
3102 2042 3209 2080 non
3235 2030 3482 2098 proprie,
3515 2032 3614 2086 sed
3647 2033 3778 2087 abu-

2173 2107 2287 2162 sive
2327 2124 2482 2182 reges
2505 2111 2781 2168 'dicuntur.
2832 2113 3070 2171 Christus
3113 2120 3256 2174 enim
3289 2120 3562 2177 Dominus
3605 2142 3778 2190 uerus,

2171 2201 2284 2257 Rea:
2323 2220 2502 2275 regum
2541 2215 2590 2260 et
2615 2204 2875 2262 Dominus
2900 2209 3235 2268 dominorum
3259 2214 3313 2287 (Ι
3338 2215 3478 2270 Tim.
3507 2219 3589 2288 vr)
3619 2234 3778 2273 vera-

2173 2295 2313 2350 citer
2340 2310 2458 2352 esse
2497 2299 2795 2369 probatur:
2823 2305 2950 2373 quia
2995 2305 3138 2361 sicut
3183 2311 3352 2364 omnis
3402 2321 3662 2365 creatura
3690 2329 3780 2383 per

2171 2385 2322 2441 illum
2352 2387 2495 2457 facta
2538 2392 2867 2462 cognoscitur
2893 2394 3075 2466 (Joan.
3110 2397 3171 2468 ι),
3210 2399 3283 2454 ita
3312 2416 3413 2471 per
3440 2402 3599 2457 illum
3630 2412 3779 2460 recta

2172 2490 2229 2536 et
2263 2481 2562 2552 gubernata
2605 2499 2727 2540 esse
2769 2485 3047 2556 probatur.
3085 2489 3224 2546 Sunt
3263 2494 3412 2548 enim
3443 2495 3657 2552 milites
3683 2514 3781 2552 sa:-

2173 2573 2301 2639 culi,
2331 2583 2542 2631 suntet
2581 2577 2784 2634 milites
2812 2579 3015 2637 Christi
3041 2598 3054 2636 :
3079 2584 3173 2638 sed
3214 2586 3422 2642 milites
3459 2589 3654 2644 saeculi
3697 2592 3778 2644 in-

2172 2664 2332 2720 ﬁrma
2356 2676 2412 2721 et
2437 2667 2645 2725 lubrica
2680 2685 2862 2738 arma;
2897 2674 3098 2730 milites
3141 2686 3322 2734 autem
3351 2679 3565 2736 Christi
3594 2682 3776 2738 fortis-

2172 2757 2310 2812 sima
2357 2769 2579 2816 sumunt
2624 2770 2788 2834 atque
2831 2765 3110 2834 praeclara.
3161 2769 3415 2841 Pugnant
3464 2772 3546 2827 illi
3589 2785 3772 2829 contra

2172 2850 2377 2918 hostes,
2409 2862 2469 2909 ut
2506 2870 2566 2911 se
2603 2864 2659 2912 et
2694 2857 3010 2915 interfectos
3046 2870 3308 2919 aeternam
3350 2866 3666 2936 perducant
3706 2871 3772 2924 ad

2171 2959 2389 3015 poenam
2417 2963 2429 3000 :
2453 2958 2697 3017 pugnant
2723 2949 2816 3006 isti
2864 2961 3054 3007 contra
3087 2955 3238 3021 vitia,
3272 2965 3334 3010 ut
3373 2968 3501 3028 post
3535 2971 3770 3016 mortem

2171 3044 2433 3092 aeternam
2470 3041 2639 3095 vitam
2665 3047 2922 3116 consequi
2963 3048 3175 3116 possint
3201 3052 3268 3104 ad
3310 3055 3541 3121 praemia
3571 3074 3585 3109 :
3613 3057 3775 3113 illiut

2172 3128 2507 3186 descendant
2533 3135 2601 3189 ad
2629 3143 2856 3205 tartara,
2882 3139 2973 3194 isti
3002 3150 3062 3195 ut
3087 3143 3383 3198 ascendant
3409 3147 3479 3200 a’d
3508 3147 3770 3218 gloriam;

2171 3221 2249 3276 illi
2279 3230 2339 3276 ut
2361 3231 2486 3293 post
2511 3235 2740 3282 mortem
2769 3244 2892 3284 cum
2922 3232 3255 3289 dmmonibus
3293 3239 3692 3309 mancipenlur
3719 3245 3771 3300 in

2172 3312 2420 3380 inferno,
2453 3316 2542 3370 isti
2568 3325 2628 3372 ut
2654 3333 2778 3374 cum
2805 3322 3010 3393 angelis
3057 3323 3111 3378 in
3157 3336 3424 3396 perpetuo
3457 3315 3774 3399 possideant

2171 3420 2431 3478 regnum;
2462 3408 2539 3464 illi
2577 3418 2639 3464 ut
2670 3411 2952 3469 daemoniis
2995 3416 3276 3474 socientur
3317 3435 3568 3491 semper,
3598 3425 3690 3480 isti
3718 3437 3774 3480 ut

2169 3513 2294 3554 cum
2340 3501 2548 3573 angelis
2590 3517 2803 3574 semper
2845 3505 3126 3574 laetentur;
3161 3510 3236 3566 illi
3282 3520 3346 3567 ut
3380 3529 3508 3570 cum
3558 3517 3772 3575 diabolo

2169 3606 2385 3663 semper
2428 3593 2664 3664 lugeant,
2703 3595 2793 3650 isti
2821 3612 2946 3652 cum
2971 3597 3189 3658 Christo
3214 3605 3513 3660 exsultent.
3553 3607 3770 3665 Utrum-

2169 3697 2276 3752 que
2297 3683 2527 3738 militum
2550 3700 2718 3754 genus
2744 3702 2850 3741 una
2880 3694 3148 3745 sententia
3181 3695 3604 3764 comprehendit
3632 3697 3770 3754 Pau-

2166 3775 2252 3830 lus
2276 3775 2569 3845 apostolus,
2599 3778 2678 3832 ait
2715 3779 2858 3834 enim
2883 3797 2896 3835 :
2927 3779 3098 3836 Nemo
3131 3784 3366 3841 militans
3389 3786 3506 3842 Deo
3531 3788 3766 3861 implicat

2168 3884 2223 3922 se
2253 3870 2474 3940 negotiis
2504 3869 2846 3926 scecularibus
2886 3872 2971 3946 (II
3006 3872 3143 3930 Tim.
3180 3876 3272 3949 ιι),
3302 3881 3610 3937 ostendens
3653 3899 3767 3939 esse

2167 3960 2368 4016 milites
2394 3961 2509 4026 Dei,
2540 3962 2682 4018 sicut
2725 3974 2852 4021 sunt
2879 3969 3043 4024 etiam
3079 3971 3280 4026 milites
3313 3974 3523 4028 saeculi.
3559 3977 3765 4048 Duplex

2165 4065 2295 4123 ergo
2320 4051 2511 4106 militia
2539 4053 2645 4110 duo
2672 4071 2870 4126 genera
2893 4059 3124 4116 militum
3154 4063 3355 4134 signat.
3385 4065 3542 4120 Alios
3571 4068 3765 4124 militia

2166 4140 2428 4212 spiritalis
2441 4143 2508 4197 ad
2525 4143 2764 4200 caelestia
2782 4156 2958 4204 castra
2978 4166 3078 4221 per
3091 4153 3384 4223 gratuitam
3399 4157 3644 4226 gratiam
3666 4175 3762 4215 caa-

2165 4233 2313 4290 lestis
2328 4236 2673 4306 imperatoris
2690 4238 2922 4318 adducit,
2944 4242 3074 4298 alios
3090 4243 3283 4298 militia
3293 4250 3602 4318 corporalis
3623 4251 3765 4306 labo-

2167 4342 2290 4382 rare
2315 4343 2437 4384 cum
2462 4330 2664 4385 mundo
2693 4333 2989 4388 secundum
3013 4335 3350 4392 voluntatem
3378 4341 3593 4395 terreni
3623 4344 3759 4414 regis

2165 4417 2436 4492 astringit.
2468 4422 2662 4478 Milites
2687 4425 2868 4479 saeculi
2898 4427 3243 4496 passionibus
3271 4440 3326 4484 et
3352 4431 3653 4488 desideriis
3682 4444 3757 4490 te-

470 4525 648 4581 ritalis
672 4525 926 4580 desiderii
953 4524 1308 4580 delectatione
1337 4522 1652 4591 compescit.
1691 4521 1897 4576 Futura
1926 4536 2062 4591 praz-
2083 4549 2139 4610 D
2164 4522 2362 4568 nentur
2389 4515 2629 4581 οὓηοιίί,
2660 4516 2860 4610 milites
2889 4520 2983 4574 Dei
3011 4536 3231 4576 carnem
3253 4539 3409 4579 suam
3429 4528 3756 4599 cruciﬁgunt

472 4619 718 4675 sentibus
739 4617 1039 4688 anteponit,
1062 4629 1284 4670 carnem
1311 4614 1518 4684 spiritui
1547 4613 1761 4679 subdit;
1805 4621 1863 4668 et
1901 4613 2059 4684 quid-
2083 4605 2126 4610 '
2162 4620 2287 4660 cum
2310 4605 2457 4664 vitiis
2477 4616 2533 4662 et
2557 4609 3026 4691 concupiscentiis.
3050 4611 3130 4667 Illi
3158 4613 3387 4685 dapibus
3413 4619 3752 4686 nutriuntur,

471 4709 602 4780 quid
631 4709 764 4781 agit,
795 4724 904 4763 non
927 4707 1042 4762 vult
1071 4723 1137 4762 ex
1171 4722 1296 4772 sua,
1332 4705 1425 4760 sed
1455 4719 1523 4760 ex
1552 4703 1648 4760 Dei
1673 4705 1756 4759 sui
1779 4704 2059 4762 voluntate

469 4803 784 4876 procedere,
810 4802 897 4856 cui
923 4800 1136 4871 placere
1156 4800 1284 4854 totis
1312 4797 1519 4854 viribus
1545 4797 1900 4868 concupiscit.

543 4894 768 4948 Domino
811 4891 1020 4948 Christo
1063 4908 1178 4947 vero
1222 4891 1348 4962 Regi
1403 4890 1749 4946 militaturus.
1797 4891 2058 4950 Dominus

471 4987 669 5042 dicitur
699 5001 765 5042 eo
791 4985 933 5056 quod
963 4985 1270 5040 dominetur
1314 4984 1583 5040 universae
1626 4993 1895 5040 creatura:
1923 5000 2056 5051 suae,

469 5079 556 5135 vel
599 5087 750 5134 certe
795 5079 938 5148 quod
976 5063 1153 5134 omnis
1193 5085 1444 5134 creatura
1480 5076 1780 5134 dominatui
1816 5075 1933 5146 ejus
1966 5077 2059 5132 deo

469 5173 692 5231 serviat.
723 5171 972 5228 Christus
1000 5172 1145 5227 enim
1174 5186 1206 5225 a
1227 5171 1522 5226 chrismate
1549 5169 1872 5240 appellatur.
1901 5168 2060 5226 Chri-

471 5279 591 5321 sma
617 5265 762 5321 enim
791 5263 1010 5330 Graece,
1037 5262 1228 5318 Latine
1270 5263 1456 5317 unctio
1497 5262 1717 5318 dicitur.
1762 5261 1916 5330 Quod
1955 5278 2056 5320 no-

471 5373 598 5414 men
651 5357 818 5413 etiam
862 5355 1091 5412 Domino
1136 5353 1265 5410 Jesu
1318 5354 1543 5410 Christo
1591 5355 2055 5424 accommodatur,

471 5467 634 5522 quem
676 5452 818 5506 Deus
852 5449 1016 5504 Pater
1058 5463 1167 5504 non
1210 5449 1397 5518 utique
1422 5447 1648 5516 visibili,
1678 5450 1772 5504 sed
1801 5448 2059 5505 invisibili

471 5551 530 5598 et
570 5542 799 5613 spiritali
843 5541 1098 5612 perunxit
1133 5542 1272 5598 oleo.
1331 5539 1484 5596 Unde
1509 5548 1565 5596 ct
1593 5541 1648 5596 in
1673 5541 1902 5596 Actibus
1930 5555 2060 5612 apo-

473 5634 738 5692 stolorum
764 5635 832 5689 ad
857 5634 1072 5690 Patrem
1118 5635 1316 5690 dicitur
1340 5651 1353 5687 :
1379 5632 1595 5688 Collecti
1620 5642 1741 5687 sunt
1773 5633 1830 5686 in
1861 5632 1960 5685 hac
1987 5631 2062 5684 ci-

473 5729 629 5783 uitate
677 5729 926 5783 adversus
970 5727 1014 5781 F
1018 5728 1168 5783 ilium
1200 5739 1351 5782 tuum
1385 5743 1536 5800 quem
1564 5726 1765 5780 unxisti
1789 5724 1929 5795 (Act.
1960 5724 2056 5798 ιν).

475 5820 555 5874 Ad
576 5820 752 5890 ipsum
779 5819 1232 5893 Psalmographus
1251 5817 1478 5878 Filium:
1498 5813 1657 5876 Uncit
1679 5825 1728 5872 ts
1753 5816 1893 5874 Deus
1918 5815 2061 5872 Deus

2159 4703 2249 4759 isti
2275 4705 2584 4762 virtutibus.
2607 4705 2686 4760 Illi
2711 4723 2905 4778 rapere
2933 4709 3108 4764 aliena
3139 4720 3431 4780 conantur,
3455 4714 3547 4769 isti
3574 4725 3750 4769 autem

2158 4794 2378 4866 propria
2409 4795 2492 4851 vel
2525 4798 2791 4867 patienter
2817 4800 3170 4870 perdere,vel
3199 4804 3636 4862 misericorditer
3663 4822 3752 4862 cu-

2157 4887 2314 4957 piunt
2340 4902 2584 4956 erogare.
2617 4889 2692 4944 llli
2722 4900 2916 4960 gerunt
2943 4893 3086 4948 unde
3115 4893 3362 4950 laudibus
3391 4895 3553 4954 falsis
3577 4898 3747 4954 extol-

2160 4976 2361 5043 lantur,
2387 4979 2475 5034 isti
2495 4989 2744 5049 quaarunt
2772 4985 2914 5038 unde
2942 4986 3285 5057 sempiternis
3304 4990 3551 5058 praemiis
3577 4991 3748 5047 hono-

2159 5077 2365 5124 rentur.
2419 5070 2526 5126 lllis
2571 5072 2763 5128 tribuit
2792 5075 3081 5148 imaginem
3125 5080 3340 5136 vanitas
3372 5081 3602 5148 laetitia,
3633 5084 3749 5141 istis

2158 5176 2286 5215 vera
2343 5161 2554 5218 confert
2599 5165 2796 5236 gaudia
2845 5168 3067 5223 veritas.
3121 5170 3200 5226 llli
3261 5173 3376 5229 suis
3420 5173 3747 5233 utilitatibus

2159 5254 2476 5322 consulunt;
2526 5257 2615 5315 isti
2647 5259 3041 5315 communibus.
3089 5262 3169 5317 llli
3216 5266 3460 5334 peritura
3515 5271 3743 5339 perituri

2159 5347 2371 5404 salvare
2393 5348 2666 5415 festinant,
2695 5351 2785 5406 isti
2809 5368 3085 5424 nunquam
3106 5356 3368 5425 peritura,
3405 5372 3477 5414 ne
3511 5360 3568 5414 in
3591 5371 3744 5417 reter-

2159 5458 2289 5496 num
2318 5451 2562 5512 pereant,
2595 5444 2874 5512 possidere
2924 5447 3253 5502 desiderant.
3299 5449 3410 5504 Illis
3454 5452 3641 5508 vivere
3669 5453 3741 5508 la—

2158 5535 2258 5591 bor
2298 5545 2401 5603 est,
2443 5546 2500 5591 et
2546 5538 2682 5592 mori
2723 5540 3080 5609 supplicium;
3112 5542 3231 5597 istis
3269 5543 3456 5599 vivere
3495 5544 3741 5602 Christus

2159 5637 2263 5694 est,
2295 5635 2351 5682 et
2377 5628 2516 5682 mori
2550 5626 2780 5684 lucrum.
2808 5629 2886 5684 llli
2911 5631 3229 5702 praeliantur
3257 5642 3447 5688 contra
3477 5635 3736 5703 visibiles,

2160 5728 2248 5784 isti
2289 5736 2478 5782 contra
2506 5728 2801 5784 invisibiles
2840 5730 3108 5786 inimicos.
3161 5731 3286 5787 lllos
3331 5734 3564 5788 avaritia
3614 5733 3738 5791 facit

2160 5817 2436 5888 crudeles,
2469 5818 2600 5878 istos
2639 5821 3009 5880 misericordia
3046 5824 3329 5897 bellicum.
3376 5825 3502 5884 Illos
3533 5826 3732 5887 ἑυνωῆ
