4020 6460
233 330 341 390 697

1263 332 1618 392 COMMENT.
1658 333 1729 391 IN
1765 333 1926 393 REG.
1970 334 2028 392 S.
2071 335 2454 396 BENEDICTI.

3392 352 3498 412 698

233 453 633 523 contentiosos,
679 455 814 512 istos
857 453 987 510 facit
1028 455 1382 510 mansuetudo
1413 455 1688 526 paciﬁcos.
1734 454 1814 509 llli
1842 457 1894 518 Α
1918 471 2039 512 mus
2066 457 2190 526 quia
2215 468 2477 528 quantum
2501 478 2557 518 in
2578 467 2833 535 praesenti
2861 467 2972 524 vita
2994 469 3314 528 obedientite
3341 485 3496 532 arma

234 567 337 628 per
369 549 677 622 superbiam
708 563 809 618 pro
838 547 950 602 suis
983 546 1278 602 honoribus
1312 546 1556 619 litigant,
1589 547 1676 602 isti
1720 563 1817 618 per

235 644 599 702 humilitatem
653 641 791 696 alter
841 639 1068 696 alterum
1119 639 1434 695 existimant
1486 641 1819 710 superiorem

236 739 360 796 sibi.
396 737 502 792 Per
527 737 644 793 illos
674 735 963 808 Babylonia
997 737 1223 807 regitur,
1257 753 1354 807 per
1378 736 1510 790 istos
1529 744 1584 790 ct
1608 736 1660 790 in
1686 735 1820 790 istos

235 847 269 886 a
301 830 532 886 Domino
564 827 864 885 Jerusalem
895 829 1132 886 caelestis
1164 829 1592 884 administratur.
1623 827 1821 884 Milites

235 923 420 980 saeculi
454 922 784 993 prosperitas
805 921 1036 987 extollit,
1059 921 1360 976 adversitas
1389 917 1590 987 dejicit,
1621 918 1822 974 milites

235 1027 420 1074 autem
453 1017 549 1072 Dei
583 1017 699 1072 sive
735 1016 790 1071 in
827 1015 1151 1071 adversitate
1173 1054 1190 1080 ,
1227 1014 1342 1070 sive
1375 1013 1428 1068 in
1459 1012 1822 1083 prosperitate

236 1111 542 1167 immobiles
567 1117 940 1182 perseverant.

311 1203 632 1260 Obedientiw
670 1205 958 1275 fortissim
984 1214 1138 1277 atque
1160 1203 1420 1276 praeclara
1452 1219 1601 1258 arma
1631 1203 1818 1258 sumis.

231 1299 402 1353 Arma
437 1298 582 1353 enim
603 1297 921 1353 obedientite
947 1297 1069 1352 ideo
1103 1295 1397 1352 fortissima
1425 1296 1616 1352 beatus
1650 1296 1825 1351 nomi-

235 1394 390 1450 navit
412 1394 750 1458 Benedictus,
785 1395 910 1464 quia
950 1409 1139 1450 omnes
1163 1395 1428 1450 humanos
1463 1394 1700 1460 labores,
1727 1394 1822 1464 qui

235 1486 539 1541 voluntarie
584 1485 749 1551 ﬁunt,
781 1486 1101 1542 obedientice
1131 1486 1284 1541 labor
1325 1493 1632 1554 exsuperat.
1683 1485 1824 1552 Quid

236 1579 385 1634 enim
421 1577 616 1632 fortius
646 1592 769 1633 esse
799 1585 978 1648 potest
1005 1593 1164 1647 quam
1196 1585 1256 1632 ut
1277 1592 1336 1632 se
1366 1577 1529 1631 homo
1550 1592 1617 1632 ex
1649 1578 1826 1632 omni-

235 1671 340 1726 bus
370 1685 587 1726 servum
627 1669 793 1726 faciat
822 1671 1156 1725 homini?Et
1194 1677 1277 1735 ut,
1321 1685 1444 1724 cum
1479 1669 1549 1724 sit
1590 1669 1728 1724 liber
1771 1676 1826 1724 et

236 1762 554 1827 honoratus,
593 1762 741 1818 velut
792 1763 897 1818 vile
947 1763 1276 1834 mancipium
1312 1763 1735 1833 despectumque
1763 1779 1822 1818 se

1918 549 2212 606 fortissima
2239 563 2364 608 sunt
2388 554 2440 609 in
2461 559 2794 626 operatione,
2816 569 3025 618 tantum
3045 563 3306 635 praeclara
3335 573 3502 627 erunt

1919 643 1976 698 in
2005 653 2206 700 aeterna
2250 652 2706 709 remuneratione.
2753 655 2819 710 Et
2845 667 3106 728 quantum
3136 658 3192 714 in
3231 661 3498 718 exercita-

1921 737 2067 794 tione
2106 741 2385 809 praasentis
2429 742 2553 798 vitae
2600 743 2800 802 fuerint
2840 748 3167 816 fortissima,
3202 759 3411 809 tantum
3440 754 3498 811 in

1921 831 2101 888 futura
2123 837 2308 905 requie
2330 845 2489 892 erunt
2511 839 2791 908 praeclara.
2819 843 3091 910 Quantum
3120 845 3176 900 in
3192 845 3278 900 via
3306 862 3498 917 aspera

1922 933 1977 980 et
2010 929 2218 998 gravia,
2250 940 2456 985 tantum
2505 932 2560 988 in
2599 936 2950 1004 perventione
2984 945 3143 992 erunt
3185 954 3398 996 amoena
3443 948 3502 996 et

1922 1017 2080 1072 levia.
2112 1019 2382 1086 Quantum
2416 1024 2468 1077 in
2498 1026 2747 1094 prccscnti
2778 1026 3049 1096 despecta,
3091 1038 3301 1084 tantum
3330 1031 3384 1086 in
3414 1030 3499 1085 fu-

1924 1117 2047 1165 turo
2090 1122 2252 1166 erunt
2282 1113 2565 1170 honorata.
2615 1116 3002 1172 Obedientibus
3042 1120 3186 1174 enim
3214 1120 3502 1190 Apostolus

1926 1203 2000 1258 ait
2027 1218 2041 1257 :
2069 1203 2268 1258 Mortui
2322 1207 2459 1260 enim
2497 1208 2620 1260 estis
2643 1248 2656 1272 ,
2687 1217 2735 1261 et
2765 1208 2867 1261 rita
2901 1219 3066 1262 vestra
3095 1208 3398 1265 abscondita
3427 1221 3501 1265 est

1925 1314 2043 1352 cum
2088 1295 2293 1351 Christo
2323 1299 2375 1352 in
2414 1298 2544 1353 Deo.
2592 1298 2722 1353 Cum
2766 1300 2903 1353 enim
2934 1299 3172 1355 Christus
3207 1305 3506 1372 apparuerit

1927 1388 2033 1442 vita
2063 1396 2253 1452 vestra,
2284 1398 2409 1443 tunc
2439 1399 2487 1442 et
2522 1406 2609 1444 vos
2653 1389 2968 1460 apparebitis
2995 1407 3112 1444 cum
3141 1389 3232 1444 illo
3259 1391 3311 1444 in
3339 1392 3509 1462 gloria

1929 1476 2128 1546 (Colos.
2158 1478 2262 1548 ιιι).
2315 1480 2391 1533 De
2420 1480 2606 1535 iisdem
2638 1481 2771 1550 ipsis
2797 1489 2852 1536 et
2879 1481 3138 1536 Dominus
3163 1480 3310 1535 Patri
3338 1483 3467 1537 dicit
3491 1500 3503 1538 :

1929 1567 2112 1635 Pater,
2134 1587 2263 1640 quos
2305 1571 2495 1626 dedisti
2521 1572 2667 1636 mihi,
2697 1572 2810 1626 volo
2837 1582 2914 1638 ut,
2940 1573 3030 1626 ubi
3071 1589 3162 1644 ego
3186 1590 3324 1639 sum,
3351 1583 3397 1626 et
3427 1573 3508 1628 illi

1926 1662 2030 1715 sint
2062 1679 2283 1726 mecum,
2309 1673 2366 1716 ut
2387 1663 2594 1717 videant
2624 1663 2920 1719 claritatem
2960 1681 3148 1718 meam.
3185 1663 3254 1718 Et
3284 1682 3375 1735 ego
3402 1665 3511 1719 cla-

1929 1753 2160 1817 ritatem,
2186 1770 2344 1823 quam
2372 1753 2560 1808 dedisti
2589 1755 2740 1819 mihi,
2767 1755 2888 1808 dedi
2915 1757 2988 1810 eis
3026 1755 3208 1826 (Joan.
3237 1757 3392 1827 xvu).
3446 1757 3516 1811 Et

237 1854 715 1910 cunctisexhibeat
735 1863 790 1911 et
811 1853 1116 1924 abiectum;
1141 1856 1216 1910 ita
1238 1863 1298 1909 ut
1321 1855 1494 1910 dicat:
1513 1855 1628 1927 Ego
1649 1865 1824 1910 autem
1852 1843 1900 1904 B
1928 1860 2053 1900 cum
2104 1845 2362 1915 apostolis
2399 1846 2662 1901 audiunt:
2688 1846 2852 1901 Amen
2903 1848 3021 1901 dico
3051 1847 3193 1902 vobis
3232 1848 3372 1919 quod
3398 1865 3508 1916 vos,

234 1962 354 2002 sum
404 1949 615 2014 vermis,
651 1957 700 2002 et
756 1964 859 2003 non
911 1949 1084 2014 homo,
1139 1948 1474 2019 opprobrium
1527 1949 1821 2015 hominum,

233 2045 287 2096 et
337 2039 560 2108 abjectio
611 2038 793 2109 plebis.
834 2038 974 2106 Quid
1005 2038 1202 2096 fortius
1240 2055 1404 2109 quam
1434 2047 1494 2093 ut
1536 2055 1826 2110 percussus

233 2126 294 2184 in
313 2129 531 2184 maxilla
553 2130 790 2199 prabeat
817 2130 1008 2197 aliam;
1037 2131 1305 2187 auferenti
1327 2132 1565 2186 tunicam
1589 2131 1828 2186 dimittat

234 2229 292 2276 et
311 2221 563 2290 pallium;
604 2221 914 2290 angariatus
961 2222 1237 2289 milliario,
1284 2223 1446 2278 vadat
1481 2232 1536 2277 et
1574 2223 1711 2278 duo?
1761 2223 1830 2278 Et

235 2311 292 2365 in
315 2311 401 2366 his
425 2312 676 2366 omnibus
702 2312 950 2381 gaudeat,
985 2314 1130 2381 quod
1153 2313 1348 2384 dignus
1380 2320 1464 2368 est
1489 2312 1707 2366 habitus
1727 2327 1828 2382 pro

235 2403 456 2457 nomine
485 2403 696 2456 Domini
731 2403 1086 2458 contumelias
1118 2404 1251 2473 pati.
1289 2403 1429 2470 Quid
1451 2404 1597 2457 enim
1632 2402 1827 2460 fortius

235 2503 331 2550 aut
364 2495 552 2549 durius
574 2510 694 2550 esse
719 2504 898 2564 potest
923 2511 1087 2565 quam
1118 2503 1177 2548 ut
1203 2494 1365 2549 homo
1405 2494 1611 2549 homini
1639 2494 1828 2549 volun-

234 2589 375 2643 tarie
397 2603 454 2643 se
477 2589 532 2643 in
555 2589 703 2643 omni
750 2588 945 2644 subdat
983 2589 1329 2643 obedientia?
1353 2596 1407 2644 et
1434 2588 1600 2644 duras
1620 2597 1676 2642 et
1699 2603 1828 2644 con-

233 2681 436 2734 trarias
459 2681 513 2733 in
547 2680 662 2750 ipsa
693 2681 996 2736 obedientia
1037 2681 1308 2750 patienter
1347 2679 1523 2734 illatas
1563 2680 1828 2734 sustineat

234 2770 494 2840 injurias?
517 2787 683 2841 quam
714 2782 774 2827 ut
805 2773 953 2827 omni
1000 2773 1210 2827 vilitate
1238 2781 1294 2827 et
1321 2772 1667 2827 extremitate
1698 2787 1827 2826 con-

236 2875 418 2922 tentus
455 2868 543 2931 sit,
567 2874 620 2922 et
643 2867 711 2922 ad
733 2867 915 2922 omnia
947 2882 1068 2938 quae
1101 2866 1176 2920 illi
1201 2867 1554 2936 injunguntur
1576 2872 1823 2935 paratus,

236 2967 290 3014 et
326 2959 576 3014 erunibus
598 2976 655 3014 se
695 2958 1005 3016 inferiorem
1034 2968 1088 3015 et
1111 2960 1357 3015 viliorem
1383 2973 1492 3013 non
1527 2957 1704 3012 solum
1727 2973 1825 3012 sua

236 3051 419 3123 lingua
463 3052 811 3121 pronuntiet,
860 3054 953 3108 sed
999 3053 1166 3107 etiam
1207 3053 1370 3108 corde
1413 3051 1720 3106 existimet?
1772 3057 1827 3104 et

237 3144 543 3212 ubicunque
572 3143 754 3209 fuerit,
783 3144 986 3199 sederit
1019 3143 1104 3198 vel
1131 3143 1439 3205 ambularit,
1472 3141 1733 3196 inclinato
1755 3141 1825 3195 sit

1925 1939 2015 2008 qui
2045 1936 2326 2008 reliquistis
2361 1939 2560 2004 omnia,
2583 1948 2630 1994 et
2668 1940 2829 1994 secuti
2859 1941 2982 1994 estis
3010 1957 3110 2006 me,
3143 1941 3198 1993 in
3230 1957 3475 2010 regenera
3495 1968 3508 1980 -

1928 2031 2067 2084 tione
2092 2047 2209 2083 cum
2233 2031 2424 2084 sederit
2441 2031 2584 2100 ﬁlius
2606 2033 2830 2086 hominis
2851 2033 2906 2085 in
2927 2032 3046 2086 sede
3065 2033 3357 2102 majestatis
3377 2048 3510 2098 sum,

1928 2121 2169 2176 sedebitis
2197 2132 2243 2174 et
2274 2139 2358 2176 vos
2387 2139 2544 2192 super
2568 2124 2843 2178 duodecim
2885 2125 3032 2179 sedes
3047 2124 3352 2195 judicantes
3379 2125 3512 2180 duo.

1928 2221 2095 2275 decim
2124 2219 2288 2273 tribus
2313 2219 2484 2273 Israel
2513 2219 2729 2291 (Matth.
2757 2220 2896 2294 xtx).

2000 2312 2068 2367 In
2092 2313 2275 2383 primis
2303 2321 2356 2365 ut
2381 2311 2631 2383 quidquid
2661 2313 2922 2383 agendum
2964 2310 3181 2367 inchoas
3209 2313 3418 2366 bonum.
3452 2309 3511 2365 In

1927 2406 2140 2478 primis,
2168 2406 2222 2461 id
2244 2413 2327 2460 est
2357 2406 2411 2459 in
2437 2405 2590 2460 initio
2625 2406 3054 2462 conversationis
3082 2406 3169 2460 vel
3212 2404 3513 2460 inchoatio-

1928 2499 2014 2553 nis
2043 2498 2170 2554 boni
2199 2497 2380 2568 operis
2423 2496 2574 2551 dicit.
2624 2496 2856 2552 Insidias
2883 2499 3024 2554 inter
3066 2505 3121 2553 te
3147 2505 3202 2552 et
3232 2498 3514 2566 antiquum

1929 2604 2236 2666 serpentem
2263 2609 2384 2652 esse
2411 2593 2669 2665 intellige,
2703 2594 2986 2649 monache.
3037 2594 3118 2648 Tu
3150 2593 3312 2655 illius,
3339 2608 3514 2662 quan-

1928 2698 2043 2744 tum
2088 2687 2366 2758 praevalcs,
2409 2688 2663 2743 nocivum
2711 2696 2932 2742 contere
2979 2695 3173 2757 caput;
3226 2686 3353 2755 quia
3401 2685 3512 2752 ille,

1928 2788 2192 2850 quantum
2231 2779 2480 2843 valuerit,
2514 2795 2620 2834 non
2665 2780 2900 2834 cessabit
2944 2778 3190 2834 insidiari
3236 2778 3512 2833 calcaneo.

1930 2871 2084 2926 Tunc
2124 2871 2267 2926 enim
2298 2869 2597 2940 prudenter
2641 2877 2803 2939 caput
2850 2867 3122 2939 serpentis
3174 2867 3430 2929 conteris,
3467 2866 3512 2921 si

1929 2964 2142 3018 initium
2183 2962 2336 3018 mal-.e
2377 2961 2739 3032 suggestionis
2786 2960 2903 3029 ejus
2944 2975 3044 3016 nec
3091 2959 3380 3022 censentis,
3414 2973 3514 3014 nec

1929 3055 2148 3124 recipis,
2179 3062 2234 3108 et
2273 3054 2318 3108 si
2368 3053 2658 3124 cogitando
2689 3052 2904 3121 recipis,
2937 3051 3250 3106 meditando
3279 3065 3387 3106 non
3413 3065 3514 3104 nu-

1932 3146 2050 3201 tris.
2089 3145 2201 3212 lllc,
2233 3145 2478 3215 inquam,
2501 3153 2667 3216 caput
2689 3145 2957 3214 serpentis
2986 3145 3123 3199 bene
3143 3143 3396 3207 conterit,
3423 3142 3516 3211 qui

237 3248 454 3305 semper
479 3235 657 3303 capite
687 3242 743 3289 et
764 3233 886 3289 ﬁxis
910 3250 1124 3304 semper
1145 3235 1200 3288 in
1224 3242 1427 3288 terram
1446 3232 1648 3299 oculis;
1673 3248 1826 3287 reum
1855 3205 1901 3271 C
1934 3236 2303 3307 suggestiones
2349 3234 2463 3303 ejus
2511 3251 2612 3290 nec
2639 3235 2928 3305 cogitando
2959 3235 3214 3299 ruminat,
3246 3249 3346 3288 nec
3372 3233 3517 3288 dele-

235 3341 295 3382 se
346 3327 412 3382 de
456 3325 694 3397 peccatis
733 3326 847 3380 suis
877 3326 1153 3381 existimet
1195 3325 1382 3379 dicens
1409 3342 1420 3376 :
1445 3323 1694 3387 Domine,
1720 3339 1828 3378 non

233 3434 357 3474 sum
383 3419 575 3489 dignus
601 3418 843 3490 aspicere
876 3425 930 3472 et
959 3417 1144 3473 videre
1176 3415 1517 3471 altitudinem
1553 3413 1675 3469 caeli
1715 3428 1829 3483 prae

235 3511 519 3584 injustitiis
565 3511 721 3566 meis.
772 3509 1067 3564 Videamus
1115 3525 1214 3563 cur
1259 3509 1450 3563 beatus
1502 3506 1828 3562 Benedictus

235 3605 556 3660 obedientiaa
582 3620 732 3660 arma
763 3604 1062 3660 fortissima
1093 3603 1294 3658 dixerit
1340 3611 1501 3672 atque
1543 3600 1822 3671 praeclara.

233 3695 360 3752 [deo
390 3695 702 3762 fortissima,
728 3696 854 3766 quia
875 3709 1063 3750 omnes
1092 3694 1316 3750 humani
1341 3693 1552 3765 generis
1585 3692 1824 3757 labores,

232 3791 330 3864 qui
363 3789 666 3845 voluntarie
702 3789 856 3854 ﬁunt,
900 3797 959 3843 ut
997 3804 1161 3860 supra
1212 3788 1470 3851 diximus,
1501 3784 1827 3841 obedientia:

231 3879 388 3938 labor
421 3880 1089 3952 exsuperat:Fortissima
1138 3887 1265 3935 sunt
1308 3880 1453 3934 enim
1504 3875 1826 3933 obedientiae

231 3986 412 4039 arma,
436 3979 497 4027 ut
529 3973 758 4045 abneget
785 3975 949 4029 homo
994 3973 1346 4051 semetipsum
1381 3971 1515 4036 sibi;
1541 3971 1822 4041 praeclara,

232 4072 296 4120 ut
321 4071 578 4133 sequatur
596 4064 892 4120 Christum.
911 4063 1252 4127 Fortissima,
1268 4071 1328 4117 ut
1349 4063 1582 4117 declinet
1605 4079 1635 4116 a
1659 4064 1820 4132 malo;

232 4156 515 4230 praeclara,
549 4164 608 4211 ut
650 4155 817 4212 faciat
862 4157 1082 4212 bonum.
1136 4155 1488 4220 Fortissima,
1520 4171 1586 4210 ne
1636 4155 1827 4211 reddat

234 4249 439 4305 malum
468 4247 568 4320 pi-o
596 4250 770 4317 malo;
809 4249 1083 4320 praeclara,
1110 4257 1170 4303 ut
1200 4249 1393 4303 reddat
1421 4263 1521 4319 pro
1549 4247 1694 4302 malo
1729 4247 1826 4302 bo-

234 4359 386 4398 num.
419 4343 758 4409 Fortissimo,
784 4359 850 4400 ne
880 4343 1294 4398 maledicentem
1327 4341 1646 4406 maledicat;
1688 4356 1826 4412 pra:-

232 4435 402 4499 clara,
430 4442 486 4489 ut
529 4435 692 4490 etiam
728 4435 1033 4490 benedicat.
1087 4433 1428 4499 Fortissima,
1477 4449 1545 4488 ne
1577 4433 1633 4487 in
1663 4433 1827 4490 corde

233 4533 420 4581 teneat
470 4527 683 4592 odium;
731 4526 1012 4596 praeclara,
1056 4533 1117 4579 ut
1163 4535 1420 4595 tanquam
1466 4525 1822 4596 semetipsum

231 4618 422 4690 diligat
465 4618 744 4674 inimicum
768 4626 824 4673 et
866 4618 1190 4690 proximum.
1223 4617 1544 4672 Fortissima
1573 4618 1627 4672 in
1670 4616 1820 4684 abje-

230 4711 444 4776 ctione;
487 4710 745 4781 praaclara
788 4711 843 4765 in
888 4711 1218 4780 operatione.
1256 4709 1572 4765 Fortissima
1604 4711 1658 4765 in
1686 4711 1822 4766 tole-

230 4803 437 4866 rantia;
466 4801 726 4873 praeclara
768 4803 822 4857 in
852 4803 1177 4858 obedientia.
1213 4802 1534 4858 Fortissima
1562 4803 1618 4858 in
1648 4805 1820 4859 conti-

228 4901 402 4949 nuato
445 4894 680 4966 jejunio;
726 4894 984 4964 praeclara
1031 4895 1086 4949 in
1127 4894 1464 4950 recreatione
1494 4910 1815 4965 pauperum.

229 4985 574 5057 Fortissima,
592 4985 714 5042 Sint
735 4985 901 5042 lumbi
925 4987 1093 5042 vestri
1121 4988 1432 5058 prmcincti;
1460 4987 1738 5057 praeclara,
1757 4987 1824 5042 Et

230 5080 471 5134 lucernae
518 5079 790 5134 ardentes.
832 5079 890 5133 In
925 5079 1258 5134 inﬁrmitatis
1305 5079 1588 5134 tolerantia
1639 5079 1822 5134 fortis-

231 5171 396 5237 sima,
425 5171 483 5226 in
527 5170 838 5226 visitatione
887 5170 1120 5225 aliorum
1151 5169 1492 5225 inﬁrmorum
1536 5169 1816 5240 praeclara.

231 5265 316 5322 Ne
343 5265 598 5322 vanitatis
626 5265 910 5322 mendacio
939 5265 1239 5321 resolvatur
1282 5263 1610 5329 fortissima;
1644 5271 1704 5317 ut
1731 5277 1822 5319 ve-

229 5360 452 5418 ritatem
483 5361 646 5417 corde
674 5367 729 5416 et
747 5375 842 5416 ore
866 5359 1117 5431 loquatur
1135 5358 1422 5430 praeclara.
1456 5357 1516 5413 In
1542 5358 1821 5415 tolerando

228 5451 506 5526 patienter
531 5451 758 5522 injurias
801 5450 1097 5506 fortissima
1123 5467 1136 5516 ;
1184 5451 1238 5506 in
1267 5466 1375 5506 non
1405 5449 1653 5506 faciendo
1681 5449 1818 5506 tole-

232 5547 439 5603 randas
463 5547 745 5618 praeclara.
784 5545 842 5601 in
873 5545 1198 5602 refrenando
1223 5547 1518 5618 appetitum
1545 5545 1682 5618 gglae
1712 5545 1823 5602 for-

232 5641 480 5708 tissima;
515 5642 572 5697 in
601 5641 925 5714 frugalitatis
946 5648 1002 5696 et
1021 5639 1303 5710 parcitatis
1330 5654 1514 5695 amore
1532 5639 1817 5710 p‘ti'aaclara.

232 5735 298 5792 In
351 5737 602 5806 corporis
657 5736 1015 5809 castigatione
1068 5733 1396 5801 fortissima;
1449 5734 1503 5788 in
1554 5734 1822 5790 castitatis

235 5843 428 5890 more
454 5829 734 5905 praclara.
770 5827 879 5892 Sed
911 5836 967 5889 et
991 5828 1097 5887 hoc
1123 5825 1393 5885 veraciter
1417 5822 1596 5887 dicere
1622 5835 1818 5896 possu-

1931 3329 2128 3382 ctando
2174 3326 2354 3391 fovet,
2393 3342 2493 3382 nec
2545 3325 2855 3381 meditando
2902 3325 3106 3391 nutrit,
3147 3339 3248 3379 nec
3289 3337 3520 3378 consen-

1932 3420 2150 3485 tiendo,
2182 3433 2284 3474 nec
2342 3419 2628 3474 nutriendo
2677 3419 2746 3473 ad
2798 3418 3007 3488 peccati
3058 3415 3515 3488 perpetrationem

1927 3513 2197 3582 perducit.
2228 3511 2295 3566 Et
2321 3513 2426 3567 hoc
2451 3513 2610 3567 modo
2633 3511 2727 3582 qui
2757 3519 2921 3582 caput
2946 3511 3216 3582 serpentis
3260 3509 3514 3576 conterit,

1928 3613 2102 3661 totum
2131 3622 2161 3660 a
2191 3621 2251 3660 se
2292 3606 2494 3661 diaboli
2545 3621 2740 3677 corpus
2788 3605 3018 3676 repellit.
3085 3604 3325 3660 Callidus
3368 3603 3516 3660 enim

1928 3713 2150 3767 serpens
2177 3706 2231 3752 et
2256 3697 2518 3763 lubricus,
2542 3698 2634 3753 ubi
2663 3707 2823 3769 caput
2855 3699 3216 3769 suggestionis
3236 3713 3349 3754 sua:
3369 3711 3517 3754 mer—

1928 3793 2082 3858 serit,
2115 3800 2260 3847 totus
2288 3802 2514 3847 conatur
2561 3792 2732 3858 illabi,
2764 3801 2824 3846 ut
2857 3809 2890 3846 a
2913 3807 3023 3863 quo
3075 3791 3216 3846 male
3266 3799 3517 3862 receptus

1926 3893 2010 3940 est
2056 3892 2222 3949 totus,
2256 3884 2396 3939 male
2448 3883 2676 3955 recipiat
2708 3891 2912 3949 totum,
2949 3892 3003 3938 et
3047 3883 3191 3938 male
3235 3891 3516 3953 receptum

1927 3976 2066 4030 male
2101 3975 2376 4046 possideat
2419 3975 2680 4030 vinctum.
2741 3975 2916 4044 Caput
2961 3989 3090 4043 ergo
3136 3975 3425 4045 serpentis,
3458 3971 3514 4027 id

1925 4076 2009 4122 est
2048 4068 2446 4137 suggestionem
2472 4067 2703 4132 diaboli,
2730 4067 2905 4121 bonus
2944 4067 3244 4120 monachus
3274 4067 3328 4118 in
3356 4064 3514 4122 initio

1926 4166 2194 4222 conterat,
2226 4172 2294 4212 ne.
2323 4158 2439 4227 ejus
2469 4158 2524 4211 in
2553 4157 2657 4211 ﬁne
2683 4155 2953 4227 possessio
2990 4154 3104 4208 fiat.
3150 4153 3297 4208 Bene
3326 4161 3514 4208 conte-

1925 4257 2032 4314 rat,
2059 4265 2126 4304 ne
2155 4250 2295 4304 male
2319 4257 2664 4314 conteratur;
2691 4247 2872 4313 feriat,
2892 4262 2959 4302 ne
2985 4245 3245 4312 feriatur;
3278 4246 3511 4312 occidat,

1926 4357 1994 4396 ne
2024 4342 2320 4396 occidatur.
2370 4341 2438 4395 Et
2483 4341 2537 4394 in
2583 4340 2669 4394 his
2711 4339 2963 4395 omnibus
2993 4338 3152 4394 fortis
3196 4339 3372 4393 victor
3399 4337 3516 4392 exi-

1925 4441 2098 4501 stens,
2131 4449 2238 4491 non
2265 4433 2368 4488 sibi
2399 4433 2605 4499 laudes,
2637 4433 2730 4488 sed
2759 4431 2993 4487 creatori
3032 4445 3131 4486 suo
3162 4427 3363 4486 referat
3396 4445 3514 4501 gra-

1927 4537 2028 4594 tes,
2056 4542 2088 4581 a
2132 4542 2240 4598 quo
2289 4526 2498 4596 accepit
2550 4533 2608 4579 ut
2651 4525 2915 4589 vinceret,
2949 4537 3017 4579 ne
3065 4522 3243 4578 victus
3286 4522 3510 4592 periret.

1923 4620 2070 4691 Ergo
2116 4629 2284 4675 totam
2329 4618 2710 4675 sollicitudinis
2740 4633 2852 4673 suae
2895 4617 3198 4672 custodiam
3238 4615 3305 4670 ad
3331 4616 3510 4670 calca-

1922 4725 2085 4765 neum
2112 4719 2370 4765 extremae
2396 4711 2518 4764 vita:
2539 4724 2648 4763 suae
2667 4708 2923 4779 providus
2950 4708 3248 4764 monachus
3274 4722 3504 4763 conver-

1923 4812 2023 4868 tat,
2057 4819 2124 4859 ne
2148 4813 2414 4859 venenato
2441 4817 2624 4856 morsu
2652 4801 2920 4872 serpentis
2941 4801 3272 4870 improvidus
3296 4807 3506 4870 pereat.

1924 4897 2064 4965 Quid
2113 4897 2260 4951 enim
2309 4910 2406 4966 per
2450 4893 2686 4949 hominis
2730 4893 3084 4948 caleaneum?
3111 4907 3240 4946 num
3293 4900 3510 4960 tempus

1923 4988 2048 5043 vita:
2072 4986 2411 5058 signiﬁcatur
2447 4985 2790 5040 extremum?
2819 4984 2958 5052 Quid
2985 4983 3213 5040 callidus
3245 4981 3511 5036 insidians

1928 5082 2179 5137 inimicus
2222 5079 2479 5151 pestifero
2522 5079 2682 5134 dente
2729 5079 2983 5150 percutit,
3018 5078 3122 5132 sia
3155 5075 3400 5132 custodia
3427 5072 3509 5127 sui

1928 5173 2142 5227 animus
2170 5171 2311 5226 male
2347 5186 2512 5226 sanus
2541 5170 2783 5226 recedit?
2814 5169 2978 5240 Ergo,
3005 5168 3292 5230 monacho,
3321 5163 3510 5219 salutis

1928 5273 2036 5319 tuae
2063 5263 2189 5319 audi
2215 5262 2519 5326 consilium,
2555 5271 2610 5316 et
2634 5262 2816 5332 operis
2845 5261 2923 5314 tui
2956 5258 3184 5314 sollicite
3215 5270 3370 5310 serva
3399 5252 3510 5308 cal-

1927 5371 2179 5422 caneum,
2205 5371 2271 5410 ne
2302 5356 2356 5410 in
2384 5354 2490 5409 ﬁne
2521 5354 2646 5410 vitae
2678 5362 2784 5408 tuae
2816 5353 3076 5421 deceptus
3108 5345 3335 5415 alicujus
3359 5361 3509 5403 erro-

1926 5451 2004 5506 ris
2031 5448 2230 5504 labaris
2256 5449 2311 5503 in
2342 5448 2576 5502 devium.
2602 5447 2669 5502 Et
2696 5445 2786 5501 ubi
2812 5443 3072 5514 sperabas
3097 5441 3341 5511 recipere
3367 5453 3507 5510 pra:-

1923 5541 2113 5608 mium,
2149 5540 2225 5596 ibi
2261 5540 2516 5611 deceptus
2561 5537 2804 5594 invenias
2851 5534 3269 5598 detrimentum;
3312 5541 3369 5587 et
3415 5531 3508 5588 ubi

1924 5634 2181 5706 sperabas
2210 5633 2366 5690 laetus
2399 5633 2658 5689 scandere
2689 5628 2905 5694 caelum,
2937 5626 3010 5681 ibi
3039 5625 3211 5681 tristis
3246 5624 3509 5696 mergaris

1923 5731 1982 5788 in
2009 5738 2294 5795 tartarum,
2325 5736 2382 5784 et
2423 5727 2672 5781 incautus
2701 5723 2882 5779 subito
2907 5721 3104 5791 perdas
3132 5719 3276 5790 quod
3301 5719 3392 5773 diu
3419 5731 3511 5771 ac-

1926 5820 2184 5897 quisitum
2228 5819 2286 5882 in
2331 5826 2593 5878 aternum
2641 5817 2843 5877 habere
2885 5821 3121 5889 poteras.
3173 5809 3315 5878 Quid
3356 5807 3504 5865 enim
