4020 6468
508 356 616 429 6&9

1811 336 2165 407 SMARAGDI
2200 335 2490 406 ABBATIS

3686 342 3799 401 τω

508 483 731 562 prodest
774 476 980 538 homini
1019 481 1155 549 opus
1195 472 1396 529 bonum
1434 473 1711 537 inchoare,
1740 473 1796 526 et
1825 478 1932 562 non
1961 480 2091 562 peri
2116 458 2337 532 ΛιΑὸὺα
2370 464 2532 562 Dater
2561 463 2735 562 (Rom.
2766 462 2906 562 Vini.
2939 460 3334 562 susceptione
3642 461 3799 518 αἰο-

508 556 707 636 icere?
739 574 862 630 Non
889 572 1048 637 enim,
1073 568 1150 623 ait
1178 565 1482 637 Scriptura,
1509 566 1600 637 qui
1630 561 1971 627 inchoaverit,
1999 556 2091 614 sed

414 666 429 683 “
506 667 595 745 qui
621 666 1038 743 perseveraverit,
1055 662 1230 719 soltms
1257 663 1354 715 erit
1371 654 1588 732 (Matth.
1611 673 1645 711 ι
1670 667 1717 711 et
1744 654 1918 727 XXIV).
1947 652 2095 708 inter

508 768 705 822 cetera
738 762 882 817 enim
932 747 1321 813 sacriﬁciorum
1362 764 1559 824 genere
1603 749 1833 805 Domino
1874 747 2095 817 iubetur

506 854 693 913 etiam
723 851 913 909 cauda.
943 848 1097 903 Sicut
1124 845 1268 902 enim
1299 844 1354 898 in
1381 843 1657 907 calcaneo,
1690 842 1764 895 ita
1809 839 1933 894 linis
1973 848 2095 893 cor-

505 952 657 1026 poris
701 942 1004 1005 ostenditur
1045 946 1100 999 in
1146 942 1339 999 cauda.
1393 941 1459 996 Et
1485 940 1574 995 ille
1613 941 1750 993 bene
1774 936 2002 991 caudam
2039 934 2093 990 in

507 1041 777 1102 sacriﬁcio
805 1036 1036 1094 Domino
1058 1034 1324 1097 immolat,
1359 1032 1530 1102 quivin
1560 1030 1703 1083 bono
1730 1040 1895 1098 opere
1922 1036 2095 1095 usque

506 1135 564 1194 in
595 1134 755 1190 uncta
783 1136 1117 1203 perseverat.
1167 1126 1404 1181 Catillum
1434 1122 1576 1177 enim
1626 1120 1816 1175 hostiae
1865 1118 2094 1203 Domino

506 1202 824 1290 offerimus,
861 1220 1078 1294 quando
1124 1228 1258 1289 Opus
1316 1217 1516 1270 bonum
1564 1202 1933 1283 perseveranti
1986 1209 2095 1263 line

507 1320 860 1390 complemus.
887 1314 1021 1370 Nam
1042 1321 1096 1369 et
1117 1311 1337 1381 Ioseph,
1358 1310 1449 1379 qui
1474 1312 1664 1363 unctus
1685 1305 2091 1374 interpretatur,

506 1411 665 1468 talari
696 1408 875 1465 tunica
918 1407 1143 1462 restitns
1173 1418 1293 1459 esse
1336 1400 1680 1456 describitur.
1717 1396 1920 1451 Tunica
1953 1395 2094 1450 enim

508 1520 617 1576 qua
669 1503 886 1557 indutus
949 1507 1065 1555 erat
1116 1494 1579 1568 persevcrantiam
1627 1491 1785 1545 bonis
1835 1488 2092 1560 operibus

509 1596 797 1669 signiticet.
836 1588 928 1648 ille
977 1596 1155 1646 autem
1206 1587 1363 1643 talari
1413 1586 1591 1641 tunica
1635 1582 1824 1639 vivens
1870 1590 2097 1637 ornatus

508 1682 730 1753 incedit,
759 1686 851 1757 qui
876 1680 1171 1739 virtutibus
1193 1686 1346 1736 actus
1376 1679 1429 1734 in
1452 1678 1615 1741 bono,
1644 1677 1786 1747 quod
1810 1675 1995 1744 coepit,
2024 1674 2094 1728 ad

504 1779 965 1854 perseverantiam
997 1764 1186 1839 tetulit,
1217 1782 1271 1829 et
1298 1770 1499 1827 bonum
1543 1769 1685 1840 quod
1718 1782 1878 1838 agere
1906 1766 2093 1836 coepit,

507 1870 879 1943 imperfectum
910 1880 1018 1937 non
1043 1866 1320 1937 relinquit.
1372 1860 1639 1917 Extendat
1683 1874 1814 1930 ergo
1855 1858 2093 1928 prudens

507 1956 806 2018 monachus
851 1958 1085 2014 tunicam
1132 1953 1258 2013 boni
1284 1955 1465 2025 operis
1492 1953 1575 2007 sui
1606 1960 1776 2021 usque
1802 1950 1868 2005 ad
1904 1949 2091 2013 talum,

505 2067 575 2109 ne
604 2048 882 2107 inimicum
931 2046 1154 2105 humani
1201 2046 1413 2116 generis
1450 2043 1686 2114 patiatur
1731 2041 2011 2105 infestum,
2041 2047 2097 2095 et

509 2138 928 2218 perseverantiae
961 2143 1141 2198 tunica
1187 2141 1388 2196 malum
1427 2139 1479 2193 in
1517 2137 1845 2209 profundum
1888 2141 2097 2203 mergat

505 2237 801 2301 infernum,
826 2244 918 2290 aut
943 2235 1141 2306 partim
1171 2233 1425 2287 vestitum
1452 2230 1757 2299 partimque
1784 2234 2095 2281 truncatum

507 2326 577 2381 ad
602 2317 956 2398 ignominiam
985 2325 1038 2379 in
1068 2329 1329 2379 aeternum
1376 2328 1661 2375 conservet
1704 2317 2091 2387 damnandum.

509 2412 722 2472 Talaris
746 2428 875 2486 ergo
896 2417 1062 2489 pedes
1087 2415 1477 2470 monachorum
1507 2420 1923 2482 perseveranter
1943 2418 2100 2467 ornet

505 2513 563 2564 et
592 2510 821 2572 muniat,
842 2516 900 2562 ut
925 2507 979 2562 in
997 2507 1100 2562 line
1115 2507 1239 2561 vita:
1255 2506 1366 2560 Dco
1383 2503 1503 2558 illos
1527 2500 1756 2557 feliciter
1779 2500 1989 2566 reddat,
2006 2499 2098 2555 ubi

507 2608 630 2653 cum
646 2598 921 2655 felicitatis
936 2597 1102 2669 gloria
1117 2605 1320 2652 aeterna
1337 2602 1701 2664 consequatur
1715 2602 1769 2650 et
1784 2593 2025 2663 premis.

579 2684 657 2743 Ab
683 2702 744 2743 eo
768 2689 949 2760 perfici
978 2687 1359 2742 instantissima
1394 2687 1633 2739 oratione
1677 2684 1949 2754 depositas.
1993 2683 2099 2739 Sed

508 2788 571 2834 ut
614 2780 729 2833 haec
774 2779 896 2843 tibi,
928 2777 1174 2848 quisquis
1222 2791 1302 2839 es,
1355 2775 1639 2838 monacho,
1676 2775 1787 2829 Deo
1838 2774 2099 2844 largiente

506 2870 851 2941 proveniant,
880 2884 989 2925 non
1012 2870 1185 2934 tarde,
1215 2876 1324 2923 non
1348 2868 1552 2938 tepide,
1581 2867 1675 2923 sed
1704 2867 2099 2922 instantissima

507 2962 756 3016 oratione
781 2963 1033 3032 deposce.
1065 2960 1204 3016 Audi
1231 2959 1551 3030 Apostolum
1581 2959 1649 3014 de
1682 2959 1941 3015 instantia
1971 2974 2099 3014 ora-

508 3056 673 3111 tionis
716 3064 814 3111 nos
871 3063 1198 3111 monentem.
1248 3057 1339 3110 Ait
1392 3057 1577 3111 enim:
1612 3054 1814 3111 Iustate
1871 3057 2107 3110 orationi

505 3146 784 3218 vigilantes
817 3149 873 3202 in
909 3160 970 3202 ea
1015 3146 1192 3218 (Rom.
1236 3148 1358 3221 sit).
1411 3148 1478 3204 Et
1520 3150 1754 3204 iterum:
1791 3146 2013 3220 Vigilate
2047 3159 2094 3203 et

508 3208 658 3293 oeate
679 3234 877 3309 (Colca.
914 3208 1108 3311 tv).‘Et
1141 3236 1268 3294 alibi
1291 3208 1424 3295 dicit
1448 3251 1462 3294 :
1484 3239 1699 3311 Oportet
1729 3208 1878 3297 enin;
1899 3254 2102 3313 semper
2128 3208 2173 3273 Ε

506 3340 684 3400 orare,
709 3342 757 3388 et
787 3342 1057 3406 nunquam
1085 3335 1304 3404 deﬁcere
1329 3333 1543 3407 (Matth.
1578 3350 1737 3400 xxvi;
1770 3330 1940 3391 Marc.
1976 3350 2095 3403 xm;

505 3423 640 3483 Luc.
669 3427 847 3500 ινιιι).
883 3426 1111 3483 Multum
1136 3428 1281 3482 enim
1307 3427 1459 3493 calet,
1485 3426 1562 3481 ait
1586 3427 1895 3497 Apostolus,
1930 3430 2099 3483 oratio

496 3514 636 3597 μιαί
683 3518 900 3571 assidua
949 3517 1091 3589 (Jac.
1141 3517 1219 3590 γ).
1270 3518 1458 3573 Oratio
1509 3518 1638 3572 Eliae
1683 3515 1805 3573 cmli
1849 3519 2100 3577 cardines

505 3609 725 3675 clausit,
755 3606 930 3663 oratio
955 3608 1193 3665 Danieils
1229 3609 1447 3665 leonum
1476 3618 1572 3664 ora
1610 3610 1896 3675 conclusit,
1925 3611 2100 3666 oratio

506 3700 674 3754 trium
721 3710 1014 3771 puerorum
1075 3701 1349 3759 caminum
1395 3701 1537 3772 ignis
1577 3703 1875 3769 exstinxit,
1921 3706 2099 3758 oratio

507 3791 876 3847 ecclesiastica
905 3791 1053 3847 Petri
1085 3793 1294 3849 vincula
1321 3793 1500 3857 solvit,
1528 3795 1705 3849 oratio
1740 3794 1977 3849 Cornelii
2005 3811 2101 3850 au-

509 3896 603 3938 res
640 3883 852 3938 Domini
880 3884 1207 3955 penetravit,
1237 3884 1412 3940 oratio
1441 3885 1496 3939 in
1523 3899 1687 3939 cruce
1716 3884 1913 3938 latroni
1940 3897 2101 3953 para-

508 3974 687 4032 disum
719 3978 949 4048 aperuit.
982 3976 1099 4033 Non
1127 3978 1271 4032 enim
1303 3978 1486 4048 pigeat
1518 3977 1785 4031 instanter
1806 3991 1965 4030 orare
1991 3992 2102 4032 mo-

508 4072 763 4136 nachum,
795 4071 921 4142 quia
952 4084 1112 4142 quem
1141 4079 1266 4125 orat
1289 4068 1653 4126 habitatorem
1686 4070 1828 4124 inter
1851 4085 1912 4125 se
1934 4071 2100 4125 habet

510 4163 817 4218 numinum.
887 4162 978 4218 Sic
1022 4159 1166 4218 enim
1212 4162 1289 4216 ait
1331 4159 1663 4231 Apostolus:
1694 4160 1963 4232 Templum
2003 4160 2101 4215 Dei

505 4258 631 4313 estis
656 4270 673 4309 :
699 4263 755 4311 et
784 4254 1016 4328 Spiritus
1036 4256 1251 4311 Domini
1282 4252 1483 4309 habitat
1519 4256 1576 4309 in
1604 4255 1745 4310 vobis
1771 4254 1824 4325 (Ι
1856 4254 1979 4309 Cor.
2003 4264 2095 4321 nt;

509 4340 576 4404 11
607 4348 729 4403 Cor.
765 4349 897 4420 XVI).
947 4344 1069 4402 Cito
1113 4347 1260 4402 enim
1287 4347 1354 4400 ab
1386 4347 1691 4401 habitatore
1738 4348 2102 4402 exaudiuntur

509 4441 759 4506 Domino,
790 4442 883 4512 qui
908 4442 1025 4512 ejus
1054 4440 1411 4496 habitationis
1445 4437 1706 4510 templum
1729 4448 1783 4497 et
1817 4441 2099 4497 habitacu-

510 4530 624 4588 lum
653 4533 807 4588 ﬁunt.
840 4529 980 4588 infra
1007 4548 1066 4589 se
1093 4533 1237 4588 enim
1266 4541 1448 4603 portat
1481 4546 1641 4602 quem
1678 4540 1864 4603 rogat,
1893 4535 2004 4589 imo
2030 4536 2098 4590 ab

507 4623 604 4680 illo
642 4624 931 4679 exauditur
971 4639 1002 4679 a
1044 4632 1152 4694 quo
1197 4632 1467 4697 portatur.
1502 4624 1603 4691 Qui
1634 4623 1749 4678 vult
1794 4639 1924 4694 ergo
1960 4640 2097 4695 opus

510 4720 712 4774 bonum
738 4719 803 4773 ad
831 4718 1215 4789 perfectionem
1246 4719 1563 4789 perducere,
1586 4718 1820 4772 orationi
1844 4716 2097 4788 frequen-

510 4822 597 4869 ter
634 4812 796 4869 debet
839 4813 1165 4869 incumbere.
1212 4812 1400 4869 Oratio
1444 4813 1591 4868 enim
1638 4812 1963 4883 supplicatio
2010 4811 2096 4865 vel

508 4906 700 4977 petitio
734 4907 951 4962 dicitur.
990 4905 1145 4962 Dicta
1177 4912 1358 4961 autem
1383 4906 1582 4969 oratio,
1608 4904 1761 4973 quasi
1790 4905 1904 4958 oris
1934 4905 2092 4960 ratio.

510 5000 808 5057 Contextus
832 5004 1011 5056 autem
1038 5000 1328 5055 verborum
1359 4998 1477 5054 sine
1504 5006 1688 5062 sensu,
1704 4994 1830 5065 quia
1854 5010 1960 5051 non
1982 4998 2097 5052 oris

511 5099 672 5155 ratio.

587 5186 651 5246 Ut
681 5189 771 5264 qui
800 5204 894 5245 nos
928 5188 986 5244 lit
1026 5185 1259 5259 ﬁliorum
1294 5198 1509 5239 numero
1552 5183 1804 5254 dignatus
1840 5190 1917 5237 est
1955 5199 2107 5237 com-

511 5290 715 5355 putare.
773 5281 928 5336 Tunc
976 5280 1122 5336 enim
1168 5293 1267 5333 nos
1316 5276 1574 5333 Dominus
1611 5277 1848 5347 primum
1891 5275 2105 5331 miseri-

514 5375 752 5430 corditer
774 5374 827 5429 in
854 5372 1089 5429 liliorum
1112 5370 1363 5444 dignatus
1384 5380 1466 5426 est
1494 5386 1723 5426 numero
1754 5376 2096 5440 computare,

516 5467 732 5540 quando
757 5476 881 5522 eum
905 5478 1005 5537 per
1033 5464 1191 5520 tidem
1224 5462 1637 5519 meminerimus
1667 5464 1932 5533 recipere,
1957 5461 2100 5516 sicut

515 5556 843 5627 evangelista
873 5554 1111 5613 Joannes
1133 5557 1245 5611 ait:
1272 5555 1537 5628 Quotquot
1577 5560 1751 5610 autem
1793 5561 2095 5624 receperunt

516 5664 655 5716 eum,
700 5648 841 5705 dedit
888 5652 963 5707 eis
1002 5660 1306 5723 potestatem
1348 5650 1487 5720 illios
1527 5649 1625 5704 Dei
1658 5649 1774 5719 ﬁeri
1814 5648 1997 5720 (Joan.
2032 5651 2092 5717 I):

517 5738 733 5813 quando
761 5756 864 5797 non
884 5740 1123 5813 spiritum
1148 5741 1412 5797 servitutis
1431 5742 1487 5796 in
1508 5742 1715 5804 timore,
1737 5738 1828 5793 sed
1853 5737 2096 5808 spiritum

517 5833 807 5906 accipimus
855 5832 1151 5909 adoptionis
1198 5835 1466 5907 filiorum,
1514 5836 1573 5889 in
1616 5844 1719 5906 quo
1763 5830 2096 5899 clamamus,

2193 564 2314 611 rum
2360 555 2805 612 abrenttntlamus
2851 550 3099 621 diabolo,
3136 562 3191 610 et
3227 552 3487 625 operibus
3534 554 3687 624 dus,
3736 564 3797 619 α

2192 650 2405 723 pompis
2432 648 2548 718 ejus
2579 651 2631 704 in
2658 650 2960 719 bapttsnio;
2993 655 3181 719 postea
3213 652 3396 702 autem
3436 647 3494 702 in
3541 646 3794 704 ﬁlios-I-

2197 752 2424 798 numero
2449 741 2747 812 computati
2774 751 2982 805 sumus,
3010 736 3228 809 quando
3266 750 3366 809 per
3404 740 3799 796 conversionis

2195 835 2426 907 gratiam
2479 833 2836 903 relinquimus
2894 831 3196 895 munitum;
3251 832 3308 884 et
3361 832 3537 887 secuti
3595 844 3797 889 sumus

2193 924 2488 991 Christum,
2512 927 2792 982 audientes
2814 925 3100 996 Propheta:
3122 936 3309 980 vocem
3331 925 3603 981 dicentis:
3621 925 3794 987 Adi,

2193 1020 2331 1089 ﬁlio,
2359 1028 2407 1073 et
2436 1019 2571 1084 cide,
2603 1028 2650 1072 et
2683 1016 2982 1072 obliviscere
3020 1014 3272 1088 populum
3300 1027 3472 1081 team,
3496 1022 3550 1070 et
3571 1018 3797 1070 dom

2194 1113 2365 1184 patris
2395 1113 2471 1167 tui
2512 1110 2684 1185 (Psal.
2710 1111 2880 1183 xuv).
2919 1110 3148 1178 Quando
3171 1109 3323 1164 obliti
3353 1124 3546 1163 sumus
3576 1118 3797 1177 pateram

2195 1208 2472 1271 mundum,
2506 1206 2597 1274 qui
2632 1220 2732 1259 nos
2778 1203 2922 1258 male
2948 1202 3201 1258 luctando
3243 1200 3493 1265 nutrivit,
3522 1208 3586 1255 et
3613 1202 3793 1255 secuti

2195 1310 2384 1355 sumus
2413 1306 2620 1369 patrem
2651 1298 2961 1364 Christum,
2995 1297 3086 1367 qui
3132 1310 3232 1353 nos
3275 1295 3415 1351 bene
3465 1295 3795 1364 castigando

2197 1390 2441 1456 iactavit,
2469 1398 2526 1445 et
2551 1392 2689 1446 bene
2736 1390 2969 1445 iactator
3011 1391 3261 1446 hortatus
3290 1396 3374 1444 est
3418 1387 3620 1443 dicens
3644 1401 3661 1440 :
3689 1384 3798 1441 Pa-

2196 1490 2327 1539 trem
2368 1484 2631 1539 invocatis
2676 1500 2778 1550 me,
2809 1493 2859 1538 et
2896 1492 3012 1555 post
3058 1500 3139 1537 me
3174 1483 3381 1553 ingredi
3423 1496 3531 1536 non
3563 1481 3796 1537 cessabis

2199 1575 2420 1647 (Jerem.
2454 1574 2558 1647 Ill).
2590 1575 2781 1646 Magna
2809 1575 3051 1643 dignatio
3080 1574 3176 1629 Dei
3206 1573 3416 1629 Patris!
3454 1571 3571 1627 Nos
3597 1573 3657 1627 in
3687 1588 3798 1626 ser-

2195 1676 2389 1721 vorum
2410 1681 2532 1721 esse
2574 1681 2804 1722 numero
2834 1678 2941 1721 non
2973 1680 3269 1731 meremur,
3306 1665 3396 1720 ille
3424 1680 3531 1720 nos
3561 1666 3622 1720 in
3656 1664 3795 1719 tilio-

2200 1776 2320 1816 rutn
2361 1774 2587 1815 numero
2625 1766 2940 1831 computare
2986 1775 3092 1814 non
3137 1759 3481 1830 dedignatur.
3527 1757 3799 1823 Grandis,

2124 1839 2172 1900 Β
2200 1853 2442 1923 inquam,
2474 1851 2711 1923 dignatio
2736 1859 2842 1917 est,
2867 1863 2947 1917 ut,
2977 1867 3095 1906 aunt
3127 1851 3291 1905 simus
3331 1850 3665 1905 naturaliter
3700 1851 3800 1919 ﬁlii

2198 1946 2313 2010 im,
2339 1944 2474 1999 etab
2505 1944 2734 2014 infantia
2771 1953 3094 2015 peccatores,
3124 1942 3220 2011 filii
3244 1941 3344 1997 Dei
3370 1942 3799 1996 misericorditer

2198 2055 2463 2105 vocemur,
2486 2047 2533 2093 et
2556 2039 2809 2093 hwredes.
2838 2036 3090 2092 eredes
3111 2036 3319 2107 quidem
3340 2034 3464 2100 Dei,
3494 2036 3798 2092 coheredes

2198 2141 2373 2186 autem
2401 2129 2597 2186 Christi
2622 2129 2838 2201 (Ephes.
2866 2140 2928 2195 tt;
2954 2128 3108 2184 Rom.
3133 2129 3277 2200 vni).
3306 2126 3507 2198 Magna
3527 2129 3801 2184 bonurn.

2198 2232 2285 2280 est
2312 2225 2454 2295 apud
2484 2224 2654 2278 Deum
2696 2223 2912 2278 Patrem
2941 2223 3200 2278 exaltatio
3231 2222 3664 2286 monachorum,
3686 2221 3801 2292 qui-

2198 2315 2303 2371 bus
2343 2316 2667 2386 permissum
2717 2323 2830 2380 est,
2859 2324 2917 2369 ut
2962 2314 3197 2385 fulgeant
3239 2314 3377 2368 sicut
3416 2313 3503 2368 sol
3549 2316 3608 2367 in
3641 2328 3801 2382 regns

2199 2407 2447 2463 calorum
2480 2406 2642 2478 (Dan.
2669 2405 2790 2479 an),
2813 2416 2863 2460 et
2887 2405 3101 2461 sedeant
3142 2421 3298 2477 super
3324 2405 3616 2459 duodecim
3658 2408 3803 2461 thre-

2198 2511 2317 2563 nos,
2336 2498 2637 2568 judicantes
2688 2497 2964 2551 duodecim
2994 2496 3159 2551 tribus
3197 2494 3370 2549 Israel
3397 2493 3628 2563 (Haut.
3662 2496 3797 2566 an),

2198 2590 2293 2660 qui
2324 2606 2354 2643 a
2383 2590 2613 2645 Domino
2640 2605 2764 2645 cum
2804 2589 3065 2659 apostolis
3112 2589 3374 2645 audient:
3408 2584 3565 2644 Sicut
3612 2589 3801 2645 dilait

2198 2692 2282 2735 me
2313 2678 2496 2749 Pater,
2528 2681 2691 2736 dilexi
2713 2698 2824 2748 vos,
2853 2692 3058 2738 monete
3080 2683 3139 2737 iis
3160 2681 3576 2737 dilectionem
3608 2682 3782 2753 (lca

2198 2775 2313 2848 xv).
2336 2775 2404 2830 Et
2431 2774 2629 2831 dicitur
2653 2794 2667 2830 :
2689 2774 2817 2830 lam
2853 2784 2959 2831 non
2989 2777 3164 2831 dicant
3188 2792 3278 2832 eos
3296 2792 3499 2843 aereos,
3529 2777 3631 2832 sed
3667 2778 3800 2832 ensi-

2199 2883 2330 2928 cos:
2361 2882 2408 2927 et
2447 2873 2625 2929 videbo
2667 2888 2775 2939 eos,
2804 2882 2854 2929 et
2886 2874 3134 2945 gaudebit
3165 2888 3257 2928 eor
3287 2868 3537 2938 miram,
3566 2883 3622 2928 et
3663 2888 3798 2945 9n-

2200 2966 2348 3019 dium
2387 2974 2613 3019 uestrum
2660 2978 2810 3019 nemo
2853 2964 2997 3019 tollet
3027 2980 3061 3019 ι
3101 2963 3261 3021 nobis.
3320 2963 3389 3018 Et
3437 2965 3801 3037 quodcunque

2199 3054 2450 3125 petieritis
2479 3054 2696 3109 Patrem
2729 3056 2785 3109 in
2825 3056 3032 3109 nomine
3062 3070 3197 3119 meo,
3242 3053 3391 3109 dabit
3428 3052 3575 3108 vobis
3607 3052 3799 3125 Usen.

2196 3146 2338 3220 .xvr).
2377 3147 2612 3204 Grandis
2633 3147 2875 3218 dignatio
2903 3155 3009 3214 est,
3030 3157 3132 3219 pro
3155 3146 3350 3217 quibus
3375 3146 3551 3202 Filius
3574 3145 3804 3202 Patren

2204 3247 2396 3296 exorat
2424 3239 2610 3295 dicens
2626 3253 2649 3300 ε
2676 3237 2838 3294 Pater
2855 3249 3058 3303 sancte,
3073 3254 3222 3294 serva
3244 3248 3331 3293 eos
3356 3239 3413 3291 in
3434 3240 3657 3294 nomine
3683 3248 3801 3303 tu,

2203 3343 2261 3387 ut
2296 3334 2402 3388 sint
2439 3344 2622 3399 unum,
2657 3335 2790 3389 sicut
2817 3342 2865 3388 et
2892 3346 2986 3388 nos
3027 3345 3191 3387 unum
3218 3341 3515 3387 sumunt
3544 3332 3692 3397 colo,
3718 3343 3796 3395 nt,

2203 3428 2293 3483 ubi
2322 3443 2413 3497 ego
2454 3436 2590 3495 sum,
2614 3436 2661 3482 et
2685 3424 2765 3482 illi
2786 3428 2893 3482 sint
2918 3434 3139 3491 meum,
3164 3434 3222 3479 ut
3255 3424 3462 3479 uideant
3496 3423 3800 3481 claritate-

2203 3532 2373 3573 meam
2396 3531 2414 3571 :
2434 3528 2483 3573 et
2510 3536 2604 3591 ego
2634 3519 2950 3585 claritatem,
2982 3532 3142 3590 quam
3164 3516 3358 3574 dedisti
3392 3518 3549 3584 mihi,
3573 3517 3704 3572 dedi
3724 3518 3799 3572 eis

2204 3607 2386 3682 (Joan.
2411 3611 2546 3684 xm)

2277 3699 2400 3755 Non
2426 3700 2608 3756 debeat
2632 3702 2921 3775 aliquando
2950 3701 3014 3756 de
3035 3701 3191 3757 malis
3214 3700 3419 3757 actibus
3446 3699 3643 3755 nostris
3668 3717 3797 3755 cea-

2202 3793 2427 3847 tristari.
2463 3793 2630 3849 Actus
2657 3794 2727 3849 ab
2761 3795 2968 3867 agendo
2997 3802 3055 3849 et
3081 3794 3295 3850 actione
3322 3805 3527 3848 nomen
3557 3794 3796 3863 accepit.

2202 3878 2377 3956 Opera
2402 3887 2546 3941 enim
2574 3894 2779 3950 nostra,
2803 3888 2919 3942 sive
2944 3887 3085 3943 bona
3112 3887 3227 3944 sive
3254 3885 3417 3952 mala,
3442 3893 3602 3941 actos
3620 3885 3797 3941 nostri

2202 3978 2529 4048 signiﬁcant.
2565 3976 2623 4032 Si
2666 3979 2811 4033 enim
2859 3986 3004 4033 recta
3052 3977 3256 4033 fuerint
3282 3993 3450 4049 opera
3484 3986 3697 4041 nostra,
3727 3978 3798 4033 de

2200 4067 2289 4124 his
2314 4070 2529 4136 actibus
2573 4070 2773 4124 nostris
2822 4070 3082 4126 Dominus
3127 4071 3340 4126 limatus
3384 4070 3646 4125 exsultat.
3698 4071 3797 4126 Sin

2203 4171 2385 4218 autem
2416 4164 2616 4218 fuerint
2640 4178 2823 4234 prava,
2853 4165 3209 4219 contristatus
3237 4163 3303 4221 de
3332 4163 3441 4220 illis
3475 4166 3637 4235 punit
3682 4166 3794 4231 illa,

2204 4270 2258 4312 et
2293 4272 2390 4312 nos
2420 4258 2745 4313 condemnat
2769 4265 2824 4313 et
2844 4259 3070 4329 iudicat.
3106 4258 3260 4314 Sicut
3284 4259 3430 4314 enim
3456 4258 3605 4314 Deus
3630 4259 3799 4315 Pater

2204 4349 2257 4402 in
2288 4348 2411 4403 [iliis
2440 4349 2652 4403 botatur
2683 4348 2894 4414 electis,
2923 4350 2995 4404 ita
3044 4350 3296 4404 tristatur
3320 4350 3377 4403 in
3404 4351 3678 4419 reprobis.
3708 4353 3799 4405 Ait

2201 4445 2345 4498 enim
2378 4443 2632 4499 Salomon
2665 4446 2718 4499 in
2744 4444 3091 4501 Proverbiis:
3127 4444 3299 4501 Filius
3323 4446 3539 4517 sapiens
3558 4445 3799 4515 ludiﬁcat

2200 4544 2422 4606 patrem,
2450 4535 2594 4604 ﬁlius
2637 4545 2813 4589 autem
2847 4537 3041 4591 stultus
3072 4537 3317 4595 mamilla
3351 4544 3429 4590 est
3455 4537 3649 4590 matris
3685 4552 3800 4591 sua

2206 4623 2387 4698 (Prov.
2405 4630 2480 4698 ι).
2507 4627 2643 4693 Quia
2671 4642 2775 4681 non
2798 4627 2969 4682 solum
2994 4628 3135 4683 Deus
3150 4628 3309 4682 Pater
3328 4628 3383 4681 in
3403 4625 3518 4680 tilio
3536 4640 3795 4698 nequam,

2204 4719 2298 4773 sed
2343 4726 2397 4774 et
2436 4725 2609 4773 mater
2637 4727 2823 4773 sancta
2866 4721 3222 4775 contristatur
3258 4716 3523 4774 Ecclesia.
3576 4720 3720 4775 Nam
3744 4728 3800 4776 et

2203 4808 2493 4877 Apostolus
2533 4809 2644 4863 ait:
2675 4807 2853 4864 Nolite
2888 4810 3185 4864 contristari
3228 4806 3487 4880 Spiritum
3526 4818 3798 4875 sanctum,

2205 4902 2259 4955 in
2285 4916 2386 4972 quo
2410 4901 2602 4971 signati
2632 4903 2754 4956 estis
2776 4902 2936 4973 (Epit.
2966 4901 3060 4973 tv).
3087 4899 3350 4971 Spiritum
3374 4900 3521 4957 enim
3544 4908 3801 4963 sum

2205 4995 2619 5060 contristamus,
2659 4996 2875 5065 quando
2902 5009 2963 5049 oa
2997 5008 3121 5065 quas
3162 5009 3271 5049 non
3315 5004 3444 5049 sunt
3492 4994 3570 5050 illi
3602 4994 3802 5066 placita

2211 5088 2439 5159 agimus,
2473 5097 2525 5143 et
2571 5104 2690 5159 quae
2733 5089 2933 5159 placita
2977 5096 3105 5143 sunt
3152 5087 3229 5142 illi
3259 5100 3421 5160 agere
3452 5102 3798 5143 recusamus.

2207 5181 2460 5237 Omnium
2479 5184 2625 5237 cnim
2646 5184 2908 5236 bonorum
2931 5190 3116 5236 auctor
3135 5191 3219 5236 est
3241 5180 3511 5246 Christus,
3527 5180 3801 5237 malorum

2208 5283 2385 5328 autem
2431 5270 2697 5328 diabolus.
2737 5275 2813 5328 De
2855 5274 2943 5329 his
2981 5281 3163 5328 autem
3197 5286 3334 5343 quos
3356 5276 3411 5327 in
3447 5273 3564 5328 suis
3591 5273 3803 5328 sanctis

2204 5369 2416 5445 actibus
2441 5368 2703 5437 perlicere
2729 5367 2924 5432 cernit,
2958 5376 3014 5421 et
3039 5380 3290 5423 crescere
3334 5366 3595 5430 lmtatnr;
3620 5365 3689 5421 de
3710 5364 3803 5419 his

2204 5468 2386 5517 autem
2426 5476 2563 5531 quos
2588 5460 2642 5515 in
2671 5461 2869 5516 diaboli
2901 5457 3110 5515 actibus
3139 5460 3381 5515 lrretitos
3415 5447 3569 5514 videt
3614 5465 3671 5513 et
3700 5457 3800 5511 de.

2205 5555 2349 5610 dites
2369 5554 2747 5657 cantristatur.
2773 5552 3097 5608 Contristari
3118 5552 3264 5608 enim
3288 5552 3433 5607 Deus
3457 5552 3660 5609 dicitur
3685 5566 3803 5605 non

2203 5643 2448 5719 proprie‘,
2473 5646 2566 5702 sed
2614 5645 2867 5700 abusive:
2898 5643 2944 5698 Δ
2977 5652 3167 5700 nostro
3209 5645 3356 5700 enim
3404 5659 3507 5699 usu
3553 5652 3802 5699 tractam

2205 5747 2308 5794 est.
2340 5737 2476 5792 Nam
2507 5737 2670 5798 Deus,
2695 5736 2788 5806 qui
2812 5746 3027 5806 semper
3059 5735 3202 5795 idem
3232 5736 3348 5806 ipse
3376 5742 3480 5802 est,
3511 5746 3801 5805 umquam

2204 5831 2581 5898 contristatur,
2606 5829 2734 5900 quia
2762 5838 3040 5900 nunquam
3061 5835 3323 5889 mutatur.
