4020 6510
214 425 329 484 ποί

1270 420 1626 487 COMMENT.
1669 414 1737 483 1N
1779 410 1938 483 nec.
1983 406 2041 481 is.
2085 400 2472 483 deliberari.

3397 430 3506 493 7⁸1

299 545 392 605 ιω
409 545 551 602 enim
578 545 628 602 ci
648 545 791 603 omni
815 554 1042 620 tempore
1065 546 1129 602 de
1152 542 1297 603 bonis
1325 546 1433 603 suis
1465 538 1521 602 in
1550 542 1698 602 nobis
1724 558 1815 619 pa-
1843 547 1895 610 Α
1916 550 2073 600 orare
2103 541 2378 615 praecepit.
2415 536 2578 601 Pater
2603 547 2751 602 enim
2781 544 3060 619 dignitatis
3086 548 3144 603 ἀι
3167 549 3394 609 honoris
3415 558 3503 611 est

217 639 452 701 rendam
493 648 588 703 est.
618 638 887 713 Tempora
929 649 1111 697 autem
1142 658 1173 696 a
1208 644 1358 697 motu
1402 634 1641 696 siderum
1686 642 1813 695 sunt
1914 638 2133 691 nomen.
2163 635 2319 703 Quod
2347 634 2619 693 veraciter
2646 637 2699 692 in
2723 638 2841 709 ipso
2864 637 2976 694 Deo
2998 646 3356 699 constetesse
3378 658 3504 715 per»

216 733 394 795 diota.
444 733 597 790 Unde
628 744 684 791 et
718 734 891 801 Deus,
927 750 1049 790 cum
1092 735 1210 791 haec
1254 733 1585 801 institueret,
1631 730 1766 789 dixit
1793 750 1841 786 :-

218 822 296 882 Ut
336 825 441 885 sint
469 832 524 881 in
552 826 704 897 signa
728 835 776 881 et
805 836 1035 899 tempora
1069 835 1119 881 et
1153 820 1264 883 dies
1289 834 1337 881 et
1364 844 1529 882 annos
1560 822 1713 898 (Gen.
1746 822 1807 896 i),

213 916 278 973 id
312 926 397 973 est
424 917 479 973 in
512 914 693 989 aliquo
740 912 986 973 mutabili
1028 926 1199 985 motu,
1242 917 1394 988 cujus
1443 914 1588 972 aliud
1633 917 1808 988 prius,

212 1008 370 1069 aliud
398 1018 670 1083 posterius
712 1012 1007 1083 praeteriit,
1036 1025 1102 1067 eo
1146 1006 1288 1081 quod
1331 1008 1489 1066 simul
1535 1025 1654 1066 esse
1699 1024 1807 1064 non

211 1109 470 1172 possunt.
515 1100 781 1173 Tempora
832 1102 978 1157 enim
1027 1100 1337 1166 momentis,
1378 1101 1549 1167 horis,
1597 1092 1805 1165 diebus,

211 1190 402 1261 annis,
451 1192 660 1263 lustris,
692 1196 904 1253 saeculis
945 1204 1000 1252 et
1045 1197 1258 1253 actibus
1306 1190 1636 1253 dividuntur.
1670 1188 1807 1252 Nam

208 1284 440 1355 proprie
476 1300 577 1340 nec
621 1294 839 1342 centum
885 1285 1012 1342 anni
1063 1294 1188 1342 sunt
1228 1302 1394 1343 unum
1442 1296 1677 1359 tempus,
1708 1302 1806 1344 nec

208 1390 361 1433 unus
408 1378 630 1446 mensis,
669 1397 773 1436 nec
813 1372 955 1446 dies,
990 1398 1090 1438 nec
1120 1383 1285 1449 hora;
1332 1374 1456 1453 quia
1510 1390 1632 1438 eum
1660 1378 1805 1438 aliud

208 1467 443 1535 transit,
472 1466 617 1525 aliud
648 1470 884 1537 advenit,
918 1472 1079 1528 simul
1108 1490 1274 1530 unum
1306 1489 1427 1529 esse
1461 1486 1567 1529 non
1606 1472 1799 1544 potest.

209 1557 371 1628 Quod
394 1569 573 1616 autem
598 1556 750 1630 dicit,
772 1566 845 1619 ita
870 1562 918 1621 ei
939 1558 1229 1637 parendum
1255 1575 1350 1632 est,
1388 1556 1805 1637 subintelligitur

207 1669 349 1710 vero
374 1656 488 1728 regi
519 1654 755 1725 Christo,
787 1659 876 1714 cui
913 1659 1160 1728 superius
1196 1657 1500 1713 obedientia
1530 1662 1800 1714 armatum

209 1746 572 1803 militaturum
600 1746 736 1804 dixit
771 1764 891 1806 esse
920 1742 1262 1805 monachum.
1310 1742 1614 1803 Parentium
1646 1744 1798 1814 dicit,

210 1838 269 1893 id
308 1848 394 1896 est
438 1834 815 1909 obediendum,
843 1843 1247 1912 obsequendum
1292 1841 1375 1896 vel
1416 1832 1795 1913 obtemperan-

1913 728 2134 784 tectuin.
2182 727 2259 783 De
2288 724 2378 785 illo
2426 729 2572 784 enim
2614 729 2905 801 Apostolus
2930 732 3010 788 itit
3042 742 3055 786 t
3088 731 3176 787 Bs
3204 746 3307 805 quo
3332 736 3503 793 cuius

1909 816 2196 894 patentius
2221 820 2277 877 in
2306 820 2467 888 caelis,
2498 830 2545 876 et
2578 821 2635 878 in
2659 829 2798 878 terra
2823 822 3127 878 nominatur
3147 823 3364 896 (Ephos.
3389 825 3497 899 In).

1911 908 1980 968 Et
2004 916 2114 986 ipse
2145 912 2384 987 spiritus,
2409 922 2561 986 quem
2597 916 2892 984 occepimus
2938 915 2995 969 in
3037 914 3317 986 baptism,
3348 920 3499 974 tosti-

1909 1001 2143 1061 monium
2167 1004 2334 1061 reddit
2356 992 2562 1078 spiritui
2583 1014 2783 1070 nostra,
2802 1006 2943 1078 quod
2964 1018 3144 1063 sumas
3165 1008 3264 1077 ﬁlii
3290 1010 3409 1065 Dei.
3438 1010 3502 1067 Si

1908 1096 2082 1155 anteiit
2126 1098 2227 1171 ﬁlii
2274 1099 2390 1169 Dei,
2438 1105 2486 1156 et
2531 1100 2763 1156 heredes
2800 1113 2819 1152 :
2850 1100 3083 1156 histories
3122 1103 3333 1173 quidam
3377 1105 3498 1172 Dei,

1909 1187 2200 1248 conati-edes
2227 1198 2401 1247 autem
2438 1193 2633 1248 Christi
2664 1191 2843 1265 (Rom.
2872 1192 3015 1262 mi).
3050 1193 3223 1261 Quam
3267 1197 3500 1252 haeredia-

1908 1291 2075 1342 tatem
2101 1285 2205 1341 alio
2249 1286 2369 1342 loco
2414 1286 2703 1356 Apostolus
2732 1286 3123 1354 incorruptam,
3168 1288 3499 1345 etincontu

1906 1376 2199 1447 minutam,
2242 1388 2297 1436 et
2350 1382 2854 1437 immarccssibiiem
2910 1381 3180 1452 appellat;
3230 1391 3287 1437 at
3342 1383 3500 1440 nobis

1907 1482 2028 1526 eam
2062 1472 2115 1526 in
2146 1472 2298 1527 caelis
2327 1480 2703 1528 conservatam
2749 1482 2870 1530 esse
2894 1474 3183 1545 promittit.
3211 1473 3327 1543 ipse
3352 1476 3499 1531 enim

1904 1562 1997 1633 qui
2023 1550 2169 1618 dedit
2197 1563 2353 1617 nobis
2380 1570 2702 1633 potestatem
2725 1563 2864 1619 ﬁlios
2891 1564 2986 1619 Dei
3019 1563 3156 1628 ﬁeri,
3182 1564 3301 1635 ipse
3332 1565 3497 1623 etiam

1905 1656 2052 1713 dedit
2091 1657 2248 1713 nobis
2285 1665 2609 1727 potestatem
2651 1658 3021 1713 haereditatem
3061 1657 3117 1713 tu
3164 1657 3320 1715 oculis
3349 1657 3497 1717 acci-

1902 1764 2033 1821 pere
2074 1766 2088 1802 :
2132 1750 2180 1804 si
2234 1758 2415 1805 tamen
2465 1750 2599 1805 sam
2648 1751 3184 1821 perseveraverimus
3231 1762 3402 1822 usque
3442 1752 3498 1813 in

1904 1841 2087 1897 tinem.
2117 1841 2587 1911 incorruptibilem
2632 1841 2755 1895 ideo
2784 1841 3063 1897 caelestem
3091 1842 3229 1898 dixit
3273 1841 3500 1899 inmedi-

211 1931 362 1987 dum.
396 1931 547 2000 Quod
573 1949 703 1989 vero
732 1920 884 2000 dicit,
916 1917 1329 2003 omnitempore,
1355 1934 1408 1987 in
1438 1933 1714 2003 prosperis
1745 1940 1798 1988 et
1826 1912 1874 1977 Β
1903 1932 2087 1998 tatem,
2136 1926 2262 2002 quia
2302 1948 2407 1989 nec
2449 1933 2599 1987 senio
2644 1932 2905 2004 tangitur,
2956 1944 3056 1988 nec
3108 1930 3364 1997 imitatur,
3397 1948 3496 1989 nec

210 2022 272 2078 in
314 2025 555 2082 adversis
597 2020 837 2099 intellige
883 2016 1108 2083 dictum.
1143 2018 1295 2093 Quod
1343 2034 1474 2096 ergo
1509 2026 1691 2080 intulit
1731 2026 1796 2082 de

209 2120 325 2172 suis
346 2118 490 2173 bonis
513 2118 560 2173 ei
581 2137 691 2175 esse
717 2120 1028 2190 parendum,
1046 2110 1281 2174 ostendit
1308 2112 1451 2187 quod
1481 2118 1613 2173 nihil
1653 2119 1795 2175 unde

208 2210 264 2263 ei
309 2222 500 2281 parere
528 2209 815 2285 possimus,
845 2202 1109 2266 habemus
1149 2200 1216 2264 de
1265 2210 1472 2263 nostro.
1518 2202 1658 2279 Ergo
1703 2210 1795 2278 qui

208 2315 313 2356 nec
360 2301 499 2356 velle
544 2316 832 2374 possumus
872 2296 1075 2356 habere
1120 2294 1187 2354 de
1230 2309 1441 2365 nostro,
1476 2296 1794 2355 festinemus

205 2390 286 2446 illi
317 2392 458 2447 omni
485 2404 714 2466 tempore
740 2406 935 2464 parere
963 2393 1029 2447 de
1056 2398 1173 2447 suo.
1223 2384 1374 2448 Tunc
1408 2392 1552 2448 enim
1590 2390 1699 2448 Deo
1730 2395 1794 2449 de

201 2479 369 2538 bonis
418 2484 531 2539 suis
565 2499 847 2555 paremus,
882 2478 1096 2553 quando
1124 2476 1187 2538 de
1218 2478 1456 2554 acceptis
1506 2482 1794 2538 virtutibus

199 2591 321 2630 non
348 2576 524 2645 nobis,
544 2566 638 2632 sed
660 2570 735 2630 illi
760 2566 963 2651 gratias
986 2568 1214 2644 agimus,
1240 2570 1455 2646 quando
1478 2569 1620 2629 illius
1643 2586 1794 2628 man—

201 2665 334 2721 data
357 2668 719 2738 praedicantes
746 2676 841 2722 are
866 2658 1199 2737 corripiemus
1220 2672 1275 2721 et
1299 2674 1483 2737 opere,
1512 2664 1653 2721 sicut
1680 2667 1792 2736 ipse

203 2752 285 2813 ait
312 2776 323 2811 :
350 2755 409 2812 Si
428 2750 645 2829 diligitis
668 2775 768 2823 me,
793 2758 1047 2812 mandata
1073 2770 1187 2812 mea
1210 2768 1411 2813 servate
1432 2750 1615 2829 (Joan.
1641 2757 1785 2830 itv);

198 2845 421 2923 quando
456 2849 814 2921 nosmetipsos
844 2842 1175 2921 abnegantes
1200 2840 1527 2921 cruceque
1554 2848 1789 2905 ferentes

200 2931 485 3010 sequimur
512 2938 797 2997 Dominum
827 2940 941 2996 toto
965 2936 1130 2997 corde
1157 2941 1431 3007 laetantes;
1457 2938 1673 3012 quando
1700 2948 1789 2997 ae-

200 3040 362 3104 cepto
385 3033 593 3090 semine
615 3030 763 3091 verbi
787 3032 950 3089 corde
975 3030 1138 3101 bono,
1169 3040 1224 3090 et
1243 3034 1449 3105 optimo
1472 3032 1613 3091 etab
1638 3036 1786 3092 omni

198 3120 423 3180 malitia:
448 3108 579 3180 itcce
607 3132 857 3198 purgato,
885 3120 1027 3180 aliud
1059 3120 1415 3192 tricesimutn,
1451 3124 1596 3181 aliud
1626 3136 1784 3181 sexa-

197 3216 464 3293 gesimum
482 3261 497 3287 ,
527 3210 672 3275 aliud
700 3236 829 3275 vero
857 3220 1214 3275 centesimum
1247 3212 1524 3275 reddimtis
1549 3216 1785 3275 fructum

198 3302 417 3381 (Matth.
469 3327 608 3377 xui;
644 3308 816 3365 Marc.
849 3309 959 3382 1v);
1014 3306 1232 3381 quando
1275 3318 1497 3380 accepto
1544 3310 1785 3381 pectinite

102 3456 107 3467 ,
195 3401 426 3475 talento,
475 3396 542 3457 ad
595 3402 885 3457 Dominum
938 3414 1060 3457 cum
1111 3412 1307 3475 magno
1351 3401 1591 3458 redimus
1633 3402 1785 3457 inero

196 3483 353 3567 (Luc.
381 3511 511 3562 vni;
544 3494 737 3549 Matth.
778 3494 959 3568 XViii);
994 3486 1210 3565 qnando
1254 3482 1502 3567 peccauit
1543 3492 1597 3549 iii
1630 3486 1786 3549 nobis

194 3603 305 3642 non
350 3584 520 3643 solum
547 3588 750 3658 septies
776 3580 1119 3652 dimittimus,
1152 3582 1245 3644 Sed
1278 3598 1447 3660 usque
1475 3582 1785 3657 Septuagies

193 3681 399 3750 septies
422 3672 637 3753 (Matth.
670 3678 830 3749 XXV);
865 3672 1081 3750 quando
1105 3672 1157 3736 iii
1188 3678 1383 3737 summi
1413 3680 1555 3751 regis
1583 3680 1786 3750 iitiptiis

192 3767 409 3826 invitati
431 3786 552 3826 cum
576 3770 727 3827 veste
750 3764 1112 3827 recomliimus
1133 3769 1353 3844 noptlali
1379 3771 1597 3845 (Matth.
1623 3772 1779 3845 imi),

192 3875 265 3915 ne
297 3869 390 3924 aut
437 3877 559 3915 cum
594 3861 685 3915 illo
725 3860 816 3931 qui
858 3858 1013 3916 fratri
1044 3862 1097 3917 in
1129 3879 1190 3918 se
1232 3862 1476 3933 peccant]
1509 3862 1784 3917 dimittere

191 3940 385 4017 noluit,
410 3960 501 4006 aut
522 3964 644 4007 eum
668 3946 758 4007 illo
782 3952 872 4022 qui
896 3954 1179 4023 pecuniant
1218 3953 1424 4010 domini
1455 3955 1538 4010 sui
1572 3944 1781 4010 fodiens

192 4043 254 4097 in
285 4052 484 4097 terram
510 4045 809 4109 abscondit,
837 4054 930 4098 aut
956 4062 1081 4099 cum
1106 4046 1195 4100 illo
1225 4047 1315 4117 qui
1346 4044 1399 4100 in
1437 4048 1641 4118 nuptiis
1673 4058 1780 4101 non

190 4137 400 4192 habens
428 4146 631 4192 vestem
658 4136 957 4207 nuptialem
989 4137 1254 4205 interfuit,
1276 4140 1503 4209 pedibus
1529 4143 1583 4193 ct
1612 4141 1782 4193 inani-

191 4226 296 4284 bus
330 4228 479 4301 ligati
508 4230 561 4284 in
593 4222 833 4285 tenebris
862 4228 1222 4284 exterioribus
1251 4229 1465 4295 inclusi,
1492 4237 1545 4284 et
1575 4220 1628 4283 iu
1660 4240 1776 4299 pte-

189 4338 320 4378 nam
352 4333 667 4394 perpetuam
703 4339 1012 4379 mereamur
1059 4338 1181 4378 esse
1213 4323 1474 4378 damnati.
1532 4322 1684 4378 Unde
1724 4328 1779 4377 et

190 4419 455 4489 Sequitur,

266 4507 334 4564 Ut
365 4518 466 4563 non
493 4508 660 4564 solum
682 4506 850 4563 iratus
875 4518 1024 4580 pater
1049 4522 1151 4563 non
1183 4506 1468 4581 aliquando
1490 4507 1629 4579 ﬁlios
1655 4516 1778 4563 suos

186 4604 504 4669 extitereilet,
549 4598 640 4658 sed
688 4618 779 4657 nec
826 4612 883 4656 πε
918 4602 1226 4656 ittetttendus
1268 4600 1510 4656 dominas
1538 4602 1708 4656 irnttts
1743 4614 1777 4661 α

187 4697 343 4755 malis
373 4698 583 4764 nostris,
619 4703 674 4750 ut
704 4690 1044 4768 neqttisslmos
1065 4688 1238 4750 servos
1267 4705 1569 4766 perpetuam
1598 4696 1776 4749 tradat

188 4790 262 4844 ad
286 4807 510 4861 penam,
535 4789 624 4863 qui
659 4798 776 4844 eum
802 4780 945 4860 sequi
975 4784 1235 4844 noluerint
1256 4784 1326 4842 ad
1348 4785 1590 4859 gloriam.
1621 4788 1775 4857 Quod

189 4889 370 4937 autem
399 4882 529 4936 dicit
555 4881 719 4935 iratus
743 4886 891 4951 pater
933 4894 1039 4936 non
1067 4878 1169 4936 hac
1194 4880 1409 4952 proprie
1440 4878 1492 4935 in
1523 4879 1772 4945 Domino,

188 4976 286 5031 sed
313 4972 531 5029 abusive
563 4962 799 5044 intelligo
826 4972 1050 5028 dictum.
1081 4966 1328 5028 Humano
1350 4972 1493 5027 enim
1525 4982 1627 5027 usti
1657 4972 1774 5027 haec

187 5073 249 5119 et
275 5065 356 5121 his
381 5064 578 5119 similia
606 5064 660 5118 in
688 5052 984 5134 Scripturis
1006 5060 1177 5119 sacris
1200 5062 1266 5119 de
1290 5064 1519 5119 Domino
1540 5053 1772 5134 plurima

188 5148 430 5213 invenies
459 5156 621 5211 dicta.
668 5144 842 5210 iratus
870 5157 1012 5210 enim
1042 5150 1241 5211 diciilir
1266 5155 1343 5211 ira
1382 5160 1561 5221 actus,
1590 5155 1641 5210 id
1669 5163 1772 5221 est,

187 5246 270 5304 ira
300 5246 553 5319 agitatus,
586 5252 705 5327 qua:
748 5238 954 5303 duobus
991 5242 1166 5302 modis
1212 5245 1264 5300 in
1295 5243 1524 5301 Domino
1553 5245 1770 5312 dicitur,

186 5342 283 5403 aut
312 5358 434 5397 cum
460 5336 690 5415 ﬂagellat
712 5354 926 5397 omnem
959 5333 1128 5395 tilium
1163 5346 1323 5409 quem
1351 5339 1543 5409 recipit
1567 5340 1635 5393 ad
1660 5339 1765 5409 glo-

186 5428 346 5498 riam,
382 5444 475 5491 aut
498 5452 620 5491 cum
644 5434 878 5506 percutit
898 5440 1109 5489 omnem
1137 5426 1380 5503 iniquum
1406 5446 1567 5503 quem
1610 5432 1774 5488 tradit

184 5529 259 5587 ad
285 5544 519 5601 pcenam.
548 5528 710 5584 Pater
743 5527 887 5585 enim
916 5532 1099 5582 noster
1124 5518 1245 5582 ideo
1269 5524 1485 5591 dicitur,
1509 5524 1653 5595 quod
1682 5522 1772 5579 ille

184 5637 310 5688 nos,
342 5620 400 5675 ut
447 5635 709 5687 essemus,
752 5618 987 5684 creavit,
1029 5622 1082 5672 et
1110 5624 1207 5689 per
1246 5617 1495 5689 baptismi
1540 5616 1770 5688 patiam

185 5714 380 5770 iterum
411 5712 696 5777 recreavit,
726 5718 780 5766 et
807 5704 859 5765 in
896 5711 1100 5766 renatis
1125 5698 1384 5780 Spiritum
1416 5712 1682 5774 sanctum,
1714 5709 1770 5763 in

181 5826 287 5885 quo
327 5807 634 5873 clamamus,
662 5804 806 5862 Abba
839 5794 1205 5881 Pater-(Rom.
1234 5802 1377 5874 vni),
1413 5800 1657 5869 tradidit,
1690 5810 1765 5870 et,

184 5892 352 5959 Pater
379 5906 556 5957 noster
595 5896 686 5975 qui
727 5906 779 5954 es
821 5894 876 5955 in
903 5892 1042 5954 satis
1084 5892 1303 5974 (Matth.
1343 5893 1457 5975 vi),
1503 5893 1769 5953 idemne:

1900 2028 2075 2083 morte
2118 2027 2506 2097 corrumpitur,
2557 2038 2658 2081 nec
2711 2025 3048 2097 pmnitentia:
3075 2025 3357 2091 mmstitia.
3394 2040 3497 2083 nec

1900 2119 2081 2184 sorde,
2129 2132 2233 2173 nec
2283 2119 2568 2189 parcitatis
2615 2118 2952 2172 continentia
2983 2122 3315 2171 ooarctatttr.
3348 2116 3495 2175 Nihil

1899 2209 2044 2265 enim
2063 2209 2300 2263 exterius
2321 2206 2513 2279 recipit
2527 2223 2557 2262 a
2574 2220 2682 2278 quo
2696 2207 2968 2276 carrumpi
2983 2210 3078 2262 aut
3095 2206 3284 2264 violari
3299 2207 3489 2278 possit.

1896 2302 2382 2357 intentaminatam
2425 2303 2548 2358 ideo
2577 2314 2697 2358 eam
2728 2303 3002 2369 narravit;
3028 2302 3153 2373 quia
3183 2316 3400 2373 semper
3434 2312 3492 2361 ω

1897 2393 2188 2462 settietlpsa
2220 2393 2429 2463 integra
2484 2400 2542 2448 et
2593 2393 2851 2448 inviolata
2908 2378 3245 2464 perseverat,
3290 2404 3347 2451 ot
3388 2406 3495 2453 nec

1895 2486 2171 2540 hccredam
2198 2486 2451 2552 termino,
2488 2498 2590 2541 nec
2617 2485 2743 2541 hinc
2767 2486 3078 2542 coarctatur
3102 2494 3341 2544 extento.
3369 2487 3491 2545 Nm

1895 2584 2016 2630 eam
2046 2574 2295 2632 occultus
2324 2578 2659 2633 contaminat
2685 2578 2846 2643 latro,
2874 2593 2982 2633 non
3012 2578 3279 2635 violentus
3305 2580 3494 2652 diripit

1892 2667 2076 2737 primo
2106 2674 2120 2719 ξ
2163 2676 2377 2739 semper
2423 2668 3105 2740 iucontaminatapsetnper
3136 2671 3281 2725 enim
3309 2671 3492 2729 iocor-

1892 2764 2050 2827 rupta
2094 2752 2426 2828 perseverat.
2476 2759 2602 2815 Ideo
2628 2760 3136 2817 immarcessihile'm
3172 2768 3294 2818 eam
3329 2763 3488 2831 dixit,

1892 2851 2019 2921 qttla
2049 2862 2150 2906 nec
2176 2852 2414 2907 sectione
2442 2850 2622 2919 falcis,
2652 2864 2755 2909 nec
2782 2862 3031 2911 caumate
3059 2855 3190 2912 solis
3223 2855 3491 2912 violenter

1890 2948 2146 3012 oppressa
2194 2935 2497 2999 marcesslt.
2550 2945 2779 3016 Semper
2833 2947 2980 3002 enim
3026 2948 3237 3015 viridis,
3268 2962 3485 3019 semper

1887 3041 2200 3103 perseverat
2219 3034 2563 3091 immortalis.
2587 3035 2685 3091 Est
2698 3036 2845 3092 enim
2861 3037 2914 3093 in
2934 3037 3059 3094 illiis
3073 3037 3284 3105 ﬂorida,
3306 3041 3361 3097 iu
3376 3041 3488 3097 vir-

1889 3126 2094 3181 tutibus
2144 3126 2396 3195 leuanda,
2444 3129 2502 3184 in
2542 3129 2753 3188 deliciis
2797 3140 3033 3199 amans,
3077 3126 3132 3190 in
3177 3134 3487 3193 hairsdibus

1887 3218 2168 3289 prazclars,
2193 3214 2248 3273 in
2272 3221 2680 3290 possessoribus
2701 3222 2959 3293 gloriosa,
2981 3233 3038 3280 et
3059 3226 3115 3281 in
3137 3227 3485 3297 premiorum

1889 3313 2046 3369 donis
2075 3324 2287 3384 semper
2315 3315 2553 3371 excelsa.
2582 3314 2642 3369 in
2677 3316 2771 3370 illa
2807 3317 2953 3374 enim
2980 3326 3067 3393 cst
3098 3318 3211 3375 vita
3256 3326 3481 3389 eterna,

1888 3406 2267 3462 immortalitas
2321 3407 2684 3479 sempiterna,
2733 3417 2978 3479 potestas
3028 3419 3323 3482 pot-petas,
3377 3428 3485 3484 pax

1886 3499 2067 3573 longa,
2123 3500 2481 3557 sanctificatio
2532 3509 2702 3568 certa,
2750 3500 3071 3572 jttstitleatio
3104 3518 3256 3560 vera.
3302 3505 3389 3570 Et,
3423 3510 3484 3561 ut

1884 3592 2122 3648 breviter
2140 3593 2337 3659 dicam,
2365 3586 2616 3649 Christus
2635 3602 2719 3650 est
2744 3594 3032 3651 hareditss'
3057 3606 3268 3663 nostra,
3293 3597 3348 3651 in
3371 3600 3484 3668 quo

1885 3690 1968 3740 est
1997 3685 2210 3741 bonitas
2237 3692 2370 3741 toto.
2406 3685 2559 3743 Unde
2586 3684 2932 3758 summopere
2977 3690 3276 3747 cavendum
3299 3701 3384 3747 est
3412 3698 3485 3747 no

1884 3789 1983 3829 nos
2011 3776 2178 3830 iratas
2205 3786 2355 3847 pater
2384 3778 2450 3832 ab
2486 3778 2591 3833 hac
2618 3786 2729 3833 tam
2777 3778 3081 3835 clarissima
3108 3781 3358 3837 claritate
3384 3783 3483 3839 eli-

1884 3866 2075 3932 minet,
2103 3874 2159 3921 et
2184 3876 2239 3921 ut
2274 3869 2583 3924 metuendus
2607 3870 2852 3927 dominus
2879 3874 3122 3929 irritatus
3151 3892 3183 3929 a
3209 3875 3365 3931 malis
3387 3884 3481 3931 no-

1882 3958 2007 4011 stris
2052 3967 2109 4011 ut
2140 3960 2482 4020 nequissimos
2522 3976 2699 4017 servos
2738 3968 3043 4035 perpetuam
3066 3966 3243 4022 tradat
3273 3969 3343 4022 ad
3372 3976 3482 4041 ρα-

1883 4062 2025 4101 nam.
2060 4047 2366 4104 Notandum
2405 4050 2530 4120 quia
2559 4053 2650 4123 qui
2676 4053 2912 4122 primum
2960 4063 3106 4110 recte
3129 4057 3397 4112 credendo
3423 4065 3480 4115 et

1880 4137 2019 4192 bene
2048 4137 2276 4195 vivendo
2304 4141 2482 4195 vocati
2514 4150 2640 4196 sunt
2668 4142 2781 4206 ﬁlii,
2810 4144 2974 4199 iidem
3002 4146 3102 4215 ipsi
3124 4155 3312 4216 postea
3335 4146 3478 4205 male

1880 4230 2110 4287 vivendo
2137 4241 2399 4287 vocantur
2426 4234 2744 4302 nequissimi
2771 4235 2937 4290 servi.
2972 4236 3088 4291 Duo
3117 4238 3263 4293 enim
3291 4253 3477 4294 servo-

1878 4334 2000 4379 rum
2030 4338 2227 4391 genera
2257 4325 2309 4379 in
2340 4323 2639 4395 Scripturis
2660 4326 3009 4383 inveniuntur
3037 4329 3233 4386 divinis
3263 4348 3276 4385 :
3307 4346 3474 4395 unum

1877 4416 2162 4480 bonorum,
2199 4414 2341 4472 aliud
2372 4432 2501 4473 vero
2526 4418 2814 4475 malorum.
2856 4419 3150 4488 Bonorum’,
3182 4422 3251 4479 de
3276 4424 3475 4493 quibus

1876 4518 1976 4581 per
2000 4509 2197 4569 Isaiam
2223 4509 2483 4567 Dominus
2511 4511 2643 4567 dicit
2678 4528 2692 4566 t
2723 4512 2860 4583 Eccg
2885 4514 3019 4568 servi
3043 4515 3145 4569 nisi
3174 4515 3466 4583 comedent.

1802 4634 1855 4701 Β
1966 4612 2053 4658 vos
2098 4600 2359 4701 asstrictis.
2390 4602 2528 4701 Ecce
2565 4604 2700 4660 serui
2721 4576 3044 4701 mefbibcnt,
3073 4613 3123 4701 et
3145 4623 3234 4701 vos
3260 4576 3470 4701 sitictis;

1881 4692 2017 4747 Ecce
2039 4694 2172 4748 servi
2192 4694 2293 4747 mei
2332 4693 2668 4761 tutabantur,
2696 4704 2746 4749 et
2772 4712 2859 4750 vos
2886 4695 3301 4765 confundemini.
3335 4696 3474 4755 Ecca

1877 4784 2012 4840 servi
2060 4786 2163 4839 mei
2198 4784 2491 4840 laudabunt
2529 4802 2641 4855 pra:
2680 4785 3031 4843 exsultatione
3070 4788 3274 4856 cordis,
3306 4798 3355 4847 ct
3384 4805 3472 4851 vos

1879 4878 2175 4934 clamabitis
2201 4894 2311 4948 pra:
2334 4875 2515 4931 dolore
2544 4878 2738 4942 cordis,
2766 4886 2815 4933 ct
2841 4895 2951 4949 pra:
2978 4881 3287 4937 contritione
3316 4881 3474 4950 spiri-

1877 4981 1961 5025 tus
1991 4968 2264 5025 ululabitis
2298 4968 2437 5040 (lca.
2468 4970 2617 5039 uv).
2651 4969 2719 5025 Et
2763 4970 2830 5027 de
2874 4972 3070 5049 quibus
3108 4971 3370 5035 Dominus
3413 4972 3472 5028 in

1876 5066 2172 5137 Evangello
2208 5064 2288 5118 ait
2324 5081 2338 5118 :
2372 5061 2542 5133 Euge.
2574 5080 2715 5119 seruo
2742 5063 2873 5120 bona
2899 5074 2948 5120 ct
2974 5064 3170 5134 ﬁdelis,
3214 5066 3342 5138 quia
3381 5082 3471 5120 sst-

1873 5170 1966 5229 pcr
2017 5172 2187 5229 pauca
2228 5156 2379 5226 fuisti
2424 5155 2629 5227 fidelis,
2668 5174 2824 5230 super
2866 5157 3034 5215 multa
3068 5167 3117 5215 to
3151 5159 3469 5215 constituam

1876 5248 2094 5320 (Matth.
2122 5248 2274 5322 xxv).
2308 5247 2568 5305 Malorum
2600 5257 2781 5311 autem
2810 5265 2980 5322 genus
3025 5264 3307 5309 servorum
3358 5257 3465 5317 est,

1875 5341 1943 5396 de
1969 5339 2166 5410 quibus
2193 5341 2456 5412 scriptum
2475 5348 2563 5397 est
2591 5360 2605 5397 t
2637 5338 2822 5401 Omnis
2844 5341 2935 5413 qui
2958 5351 3158 5413 peccat,
3186 5357 3362 5397 servus
3390 5349 3466 5396 cst

1871 5432 2072 5505 peccati
2098 5448 2116 5487 :
2142 5444 2320 5488 seruus
2350 5440 2526 5490 autem
2549 5448 2654 5491 non
2682 5442 2855 5491 manet
2877 5434 2935 5487 in
2952 5431 3108 5491 domo
3136 5432 3190 5486 in
3211 5440 3467 5497 Meritum

1877 5523 2060 5595 (Joan.
2088 5522 2231 5595 viii).
2262 5523 2349 5590 Et.
2378 5540 2521 5583 servs
2557 5540 2780 5597 nequam
2800 5562 2815 5589 ,
2851 5539 3001 5578 omne
3029 5523 3261 5581 debitum
3289 5523 3466 5587 dimisi

1876 5615 1992 5685 tibi,
2023 5624 2133 5671 etc.
2163 5613 2381 5688 (Matth.
2413 5614 2591 5687 svnt).
2622 5615 2701 5672 De
2730 5614 2929 5685 quibus
2950 5620 3006 5670 et
3035 5614 3124 5671 hic
3149 5616 3245 5683 ait,
3281 5626 3339 5672 ut
3368 5634 3462 5672 ne-

1874 5708 2153 5777 quissimos
2185 5720 2363 5763 servos
2398 5716 2701 5779 perpetuam
2740 5705 2918 5761 tradat
2957 5700 3027 5765 ad
3057 5724 3281 5784 pinnam.
3343 5707 3462 5767 Non

1875 5800 2022 5856 enim
2048 5799 2309 5857 Dominus
2337 5798 2591 5868 aliquem,
2621 5798 2716 5859 sed
2737 5798 2850 5868 ipse
2878 5813 2937 5854 se
2959 5798 3126 5857 tradit
3145 5799 3210 5855 ad
3235 5814 3457 5875 pinnam

1874 5894 1966 5966 qui
1995 5900 2225 5966 pem
2256 5907 2366 5953 non
2394 5890 2624 5955 dubitat.
2654 5888 2933 5965 Scriptum
2957 5899 3041 5949 est
3071 5892 3218 5951 enim
3242 5909 3255 5951 :
3290 5890 3462 5971 Quasi
