4020 6462
543 369 648 424 705

1837 353 2197 413 SIARAGDI
2231 350 2522 412 ABBATIS

3727 360 3844 418 ’704

538 505 571 542 a
594 485 730 557 facie
750 484 1023 557 serpentis,
1042 482 1118 538 sic
1144 482 1266 554 fuge
1292 489 1560 555 peceatum
1589 479 1782 552 (Eccli.
1810 479 1949 553 xxi).
1988 477 2132 549 Ergo
2159 479 2213 540 Α
2236 486 2452 535 nectute
2482 479 2887 550 resipiscamus,
2910 487 2965 536 et
2987 481 3055 537 ad
3079 479 3197 536 vias
3216 478 3343 535 vitae
3368 477 3455 534 vel
3492 479 3656 535 tarde
3708 494 3849 536 cono

538 580 656 649 ipse
690 593 750 634 se
777 574 1128 633 cruciandum
1161 575 1401 644 serpenti
1441 573 1607 628 tradit
1635 572 1870 637 diabolo,
1900 572 1992 642 qui
2029 586 2131 626 nec

539 672 736 728 metuit
763 685 866 727 nec
892 669 1030 741 fugit
1053 675 1358 739 peccatum.
1391 666 1510 736 Ipse
1540 681 1599 721 se
1625 673 1937 736 perpetuam
1967 664 2134 720 tradit

538 762 607 817 ad
635 777 872 834 poenam,
912 761 1003 832 qui
1040 759 1216 815 mollis
1249 767 1305 814 et
1349 757 1640 813 dissolutus
1687 758 1871 811 vivens
1904 771 2131 827 peccare

536 876 645 916 non
681 867 876 915 cessat.
921 857 1087 914 Poena
1117 856 1261 910 dicta
1300 861 1402 920 est,
1443 868 1509 908 eo
1537 853 1683 923 quod
1715 860 2032 922 peccatores
2073 851 2129 906 in

539 952 828 1008 tormentis
877 949 1212 1020 constringat
1263 954 1319 1002 et
1368 946 1575 1018 puniat.
1626 944 1950 1016 Intelligitur
1983 945 2130 1000 enim

535 1058 722 1116 paena,
757 1044 1010 1102 immanis
1035 1049 1379 1112 peccatorum
1405 1041 1672 1112 gehenna,
1708 1048 1974 1095 tormenta
2001 1054 2128 1110 per-

534 1145 720 1206 petua,
769 1136 1028 1205 supplicia
1080 1135 1431 1205 sempiterna,
1479 1132 1847 1188 concrematio
1891 1130 2126 1198 inﬁnita,

537 1232 933 1287 consummatio
963 1239 1134 1296 certa,
1179 1245 1326 1285 mors
1362 1245 1510 1292 vera,
1541 1229 1823 1284 cruciatus
1869 1237 2126 1295 aeternus,

541 1325 696 1380 dolor
721 1324 1346 1394 perpetuus,continuus
1375 1325 1623 1395 gemitus,
1658 1322 1910 1378 interitus
1932 1324 2128 1394 sempi-

468 1418 486 1500 j
535 1425 746 1474 ternus.
775 1415 894 1482 Ubi,
925 1419 1223 1474 secundum
1261 1417 1476 1482 Isaiam,
1501 1417 1782 1488 impiorum
1808 1417 1995 1472 vermis
2024 1434 2128 1472 non

469 1504 484 1588 ξ
534 1500 779 1575 moritur,
810 1526 902 1564 nec
924 1510 1060 1581 ignis
1081 1527 1262 1564 eorum
1284 1509 1636 1579 exstinguitur
1665 1507 1801 1579 (Isa.
1831 1508 1968 1581 xiv.)
1996 1507 2130 1564 Ver-

465 1616 484 1629 *
536 1620 681 1660 mem
716 1606 903 1662 dicunt
935 1605 1209 1661 diabolum
1247 1613 1305 1661 et
1347 1603 1566 1676 angelos
1607 1602 1746 1673 ejus,
1780 1605 1871 1674 qui
1917 1605 2126 1660 animas

532 1698 909 1767 reproborum,
939 1698 1088 1754 velut
1112 1714 1345 1764 vermes,
1379 1699 1539 1753 dente
1567 1698 1789 1754 malitia:
1818 1698 2034 1764 rodunt,
2073 1705 2129 1754 et

534 1788 645 1860 igni
696 1789 1122 1861 inexstinguibili
1170 1798 1224 1845 et
1263 1797 1465 1844 interno
1506 1804 1724 1859 semper
1769 1790 2035 1845 ardendas
2073 1798 2128 1845 et

538 1893 754 1949 semper
781 1881 1102 1936 cruciandas
1151 1880 1393 1935 tradunt.
1436 1880 1519 1934 Ad
1558 1881 1701 1936 hanc
1742 1882 1888 1936 enim
1932 1885 2128 1942 merito

531 1971 832 2026 terribilem
882 1973 1168 2027 traduntur
1211 1987 1451 2043 poenam,
1504 1973 1594 2043 qui
1643 1971 1924 2030 Christum
1974 1976 2128 2046 sequi

529 2061 720 2116 nolunt
748 2064 816 2118 ad
853 2063 1102 2134 gloriam.
1184 2063 1266 2118 Ad
1309 2063 1492 2129 illam,
1559 2064 1848 2132 videlicet,
1895 2067 1961 2121 de
2020 2083 2127 2138 qua

527 2151 816 2210 Psalmista
828 2155 906 2209 ait
926 2173 938 2209 :
959 2153 1311 2209 Emsultabunt
1327 2156 1495 2210 sancti
1510 2155 1565 2210 in
1580 2155 1748 2227 gloria
1767 2156 1880 2229 (Ps.
1897 2159 2124 2232 CXLVII).

527 2243 597 2300 Et
636 2244 775 2300 bene
817 2247 1056 2316 positum
1098 2255 1203 2314 est,
1243 2249 1410 2318 sequi,
1459 2249 1587 2318 quia
1617 2259 1864 2316 vocatur,
1895 2262 1954 2306 ut
1988 2253 2126 2323 Apo-

527 2335 698 2392 stolus
721 2337 798 2392 ait
828 2337 1009 2392 :Deus
1039 2347 1215 2392 autem
1257 2339 1426 2392 omnis
1451 2340 1658 2409 gratias,
1687 2342 1777 2410 qui
1807 2345 2004 2397 vocavit
2031 2361 2125 2400 nos

527 2429 599 2483 ad
629 2439 880 2484 (sternam
909 2429 1136 2500 gloriam
1161 2448 1335 2497 suam,
1369 2441 1425 2486 ut
1455 2449 1573 2486 cum
1603 2430 1842 2488 Christus
1867 2452 2126 2506 apparue-

521 2524 590 2576 rit
617 2523 723 2578 vita
769 2533 969 2588 nostra,
999 2533 1123 2578 tunc
1168 2533 1218 2578 et
1252 2541 1346 2579 nos
1389 2543 1736 2596 appareamus
1773 2544 1892 2581 cum
1935 2527 2028 2582 illo
2067 2530 2124 2584 in

522 2613 692 2685 gloria
735 2614 796 2687 (Ι
834 2613 979 2670 Petr.
1019 2616 1108 2687 v).
1151 2615 1393 2671 Gloriam
1443 2617 1577 2672 dicit
1624 2617 1794 2672 vitam
1837 2628 2119 2688 aeternam,

522 2707 777 2775 gaudium
804 2707 1026 2775 plenum
1062 2717 1116 2762 et
1155 2709 1566 2778 sempiternum.
1597 2709 1701 2766 Ubi
1735 2718 1820 2765 est
1863 2720 2014 2766 certa
2044 2727 2125 2768 se-

522 2797 748 2863 curitas,
795 2813 986 2854 secura
1028 2799 1416 2870 tranquillitas,
1460 2800 1750 2869 tranquilla
1788 2800 2118 2871 jucunditas,

519 2887 652 2944 felix
679 2891 989 2959 aeternitas,
1021 2901 1228 2948 aeterna
1268 2891 1522 2948 felicitas.
1564 2891 1668 2948 Ubi
1699 2904 1784 2948 est
1812 2909 1962 2950 amor
1998 2910 2122 2965 per.

520 2981 715 3048 fectus,
761 2983 926 3038 timor
968 2985 1168 3049 nullus,
1213 2985 1330 3040 dies
1375 2991 1631 3051 aeternus,
1688 2985 1869 3041 alacer
1917 2996 2116 3044 motus.

523 3073 678 3130 Unde
707 3074 1039 3148 fulgentibus
1071 3078 1283 3133 meritis
1313 3087 1628 3136 sanctorum
1651 3083 2001 3152 congregatio
2024 3083 2119 3137 mi-

519 3173 630 3231 cat,
653 3174 854 3222 aeterna
869 3167 1013 3225 salus
1039 3171 1323 3237 exuberat,
1347 3171 1547 3226 veritas
1566 3180 1776 3242 regnat.
1800 3172 1900 3228 Ubi
1929 3182 2014 3229 est
2034 3175 2118 3229 in-

521 3259 770 3316 tellectus
783 3262 899 3318 sine
913 3279 1121 3330 errore,
1141 3265 1398 3320 memoria
1417 3266 1533 3321 sine
1549 3267 1839 3332 oblivione,
1860 3270 2116 3340 cogitatio

519 3353 637 3408 sine
664 3355 1094 3425 perturbatione,
1125 3357 1365 3413 charitas
1390 3358 1508 3414 sine
1533 3359 1900 3427 simulatione,
1924 3376 2117 3419 sensus

521 3444 639 3500 sine
685 3445 1014 3515 offensione,
1067 3448 1412 3505 incolumitas
1449 3451 1566 3506 sine
1607 3451 1922 3519 debilitate,
1971 3453 2116 3510 salus

523 3535 638 3592 sine
683 3537 889 3604 dolore,
947 3540 1057 3594 vita
1110 3542 1227 3596 sine
1263 3549 1456 3607 morte,
1503 3542 1732 3597 facilitas
1777 3544 1896 3598 sine
1949 3545 2118 3616 impe-

524 3631 786 3698 dimento,
829 3634 1086 3689 saturitas
1125 3635 1242 3690 sine
1268 3635 1504 3702 fastidio,
1529 3643 1584 3690 et
1629 3644 1741 3691 tota
1763 3637 1971 3693 sanitas
2000 3638 2118 3694 sine

527 3719 749 3779 morbo.

600 3817 963 3889 Exsurgamus
991 3835 1112 3891 ergo
1147 3819 1358 3874 tandem
1399 3819 1706 3890 aliquando.
1739 3819 1939 3877 Otiosis
1970 3823 2118 3880 enim

526 3918 580 3965 et
606 3910 833 3982 ignaviae
861 3926 1058 3982 sopore
1081 3911 1353 3983 depressis
1373 3929 1715 3982 exsurgamus
1738 3922 1884 3968 recte
1897 3914 2113 3982 dicitur,

523 4005 649 4074 quia
703 4003 880 4058 anima
931 4019 1122 4059 somno
1165 4003 1347 4060 dedita
1391 4003 1729 4075 negligentia:
1754 4011 1809 4058 et
1845 4005 2117 4062 tarditatis

520 4097 715 4152 inertia
759 4111 966 4168 pressa,
1015 4098 1170 4168 quasi
1225 4098 1500 4154 dormiens
1549 4100 1605 4154 in
1657 4099 1948 4155 otiositatis
1977 4100 2115 4156 lecto

519 4189 660 4244 male
685 4198 934 4260 soporata
985 4190 1234 4260 quiescit.
1269 4190 1633 4261 Exsurgamus
1678 4191 1824 4245 enim
1870 4191 2024 4257 dicit,
2057 4191 2115 4246 id

517 4289 620 4345 est,
649 4283 922 4352 erigamus
947 4298 1046 4338 nos
1071 4283 1138 4338 ab
1164 4283 1256 4336 illo
1281 4283 1621 4354 negligentia:
1644 4282 1764 4338 loco
1794 4283 2032 4353 providi,
2059 4283 2114 4338 in

513 4387 623 4441 quo
661 4373 750 4426 diu
783 4374 1052 4443 jacuimus
1101 4377 1289 4430 nociva
1325 4376 1550 4446 segnitia
1592 4377 1786 4446 pressi.
1839 4377 2112 4432 Levemus

515 4464 679 4519 corda
709 4473 894 4518 nostra
923 4480 1045 4520 cum
1077 4467 1345 4549 manibus,
1375 4468 1430 4522 id
1469 4475 1553 4522 cst
1582 4483 1707 4522 cum
1734 4468 1892 4523 bonis
1919 4469 2109 4539 operi-

2234 573 2397 636 versi,
2439 571 2674 627 remedia
2701 573 2959 628 salutaria
2985 589 3089 628 non
3117 575 3430 644 perdamus.

2305 663 2584 718 Exeitante
2615 681 2708 718 nos
2733 664 3011 734 Scriptura
3039 681 3102 719 ac
3124 664 3346 718 dicente.
3378 662 3676 718 Non'enim
3703 664 3850 735 vigi-

2230 755 2370 822 lans,
2420 759 2514 813 sed
2545 759 2820 814 dormiens
2849 760 3030 814 anima
3080 759 3368 814 excitatur.
3423 757 3647 812 Dormit
3695 761 3850 814 enim

2233 853 2430 918 anima,
2456 869 2577 923 qua:
2603 853 2816 909 Domini
2849 856 2932 909 sui
2955 854 3315 919 obliviscitur,
3348 863 3403 910 et
3427 856 3706 910 mandata
3731 855 3851 923 ejus

2230 961 2338 1000 non
2365 947 2698 1002 recordatur.
2732 947 2948 1020 Vigilat,
2988 964 3107 1018 qua
3151 949 3363 1003 Domini
3392 951 3473 1004 sui
3502 949 3852 1005 memoriam

2233 1055 2449 1110 semper
2484 1049 2632 1096 tenet
2681 1042 2736 1096 in
2776 1043 2960 1108 corde,
3009 1050 3064 1096 et
3103 1041 3221 1110 ejus
3262 1043 3520 1098 mandata
3562 1051 3771 1098 servat
3797 1042 3850 1097 in

2231 1147 2414 1202 opere.
2460 1134 2669 1189 Dormit
2698 1135 2900 1199 anima,
2930 1149 3050 1204 qum
3079 1136 3369 1190 commissa
3405 1136 3701 1206 praeterita
3740 1150 3848 1188 non

2230 1227 2506 1291 emendat,
2539 1236 2593 1281 et
2623 1227 2689 1281 de
2715 1226 2910 1282 futuris
2944 1227 3020 1282 nil
3045 1228 3266 1298 cogitat.
3295 1227 3516 1299 Vigilat,
3550 1245 3681 1297 quae
3708 1243 3849 1298 prae-

2232 1322 2394 1375 terita
2435 1328 2655 1390 peccata
2701 1321 2927 1391 plangit,
2978 1328 3032 1376 et
3084 1322 3386 1392 plangenda
3435 1320 3681 1376 ulterius
3739 1337 3847 1376 non

2232 1416 2540 1471 committit.
2577 1415 2786 1470 Dormit
2821 1416 3020 1480 anima,
3069 1432 3192 1485 qua:
3229 1415 3490 1486 perlatam
3535 1424 3594 1470 et
3626 1416 3846 1484 spatio-

2231 1525 2346 1565 sam
2389 1511 2740 1580 progrediens
2788 1510 2952 1575 viam,
3001 1510 3067 1564 de
3098 1508 3277 1563 futura
3299 1511 3410 1562 vita
3437 1509 3523 1563 vel
3561 1508 3746 1576 gloria
3775 1510 3844 1562 nil

2232 1603 2449 1673 cogitat,
2501 1603 2596 1658 sed
2638 1603 2853 1658 clausos
2902 1601 3093 1658 oculos
3132 1603 3216 1657 vel
3268 1603 3549 1656 dormiens
3591 1603 3844 1670 quotidie

2229 1694 2381 1766 pejor
2410 1695 2636 1762 elfecta,
2684 1697 2752 1750 ad
2787 1703 3050 1750 aeternum
3099 1695 3375 1750 interitum
3413 1701 3704 1764 properat.
3753 1693 3842 1747 Vi-

2232 1787 2394 1857 gilat,
2427 1803 2547 1857 qua:
2575 1787 2640 1842 de
2684 1796 2888 1842 aeterna
2930 1788 3043 1842 vita
3092 1795 3146 1841 et
3189 1785 3372 1840 futura
3423 1786 3680 1856 cogitans
3732 1784 3845 1856 glo-

2233 1881 2312 1934 ria
2341 1894 2437 1950 per
2466 1888 2674 1935 arctam
2715 1890 2767 1935 et
2799 1888 3084 1950 angustam
3115 1879 3369 1950 gradiens
3400 1877 3549 1932 viam
3568 1920 3582 1940 ,
3618 1877 3841 1931 virtuti-

2230 1971 2330 2024 bus
2357 1972 2598 2039 quotidie
2627 1971 2824 2027 crescit
2868 1981 2924 2026 et
2952 1972 3260 2034 innovatur,
3290 1978 3345 2025 et
3377 1977 3438 2023 ut
3467 1970 3536 2024 ad
3567 1969 3841 2024 creatoris

2229 2062 2312 2116 sui
2341 2063 2698 2134 cognitionem
2723 2064 3009 2134 perveniat
3033 2064 3284 2118 laborare
3316 2078 3423 2117 non
3450 2070 3657 2117 cessat.

2301 2154 2451 2209 Hora
2477 2166 2551 2210 est
2574 2158 2690 2228 jam
2719 2174 2811 2211 nos
2851 2157 2916 2211 de
2959 2174 3140 2211 somno
3164 2173 3394 2226 surgere.
3437 2154 3590 2210 Hora
3618 2156 3711 2209 hic
3741 2170 3837 2224 pro

2227 2256 2469 2320 tempore
2496 2251 2693 2318 posuit.
2723 2249 3107 2320 Cujuscunque
3143 2251 3288 2304 enim
3319 2249 3589 2318 temporis
3617 2248 3836 2316 quanti-

2229 2351 2313 2397 tas
2348 2343 2732 2398 convenienter
2754 2345 2888 2398 hora
2917 2352 3164 2408 vocatur,
3192 2351 3254 2397 ut
3282 2343 3334 2396 in
3364 2342 3670 2411 Evangelio
3700 2342 3834 2396 scri—

2226 2431 2408 2487 bitur:
2437 2432 2584 2486 Exiit
2612 2443 2762 2504 pater
2795 2433 3028 2502 familias
3058 2435 3190 2487 hora
3216 2434 3392 2495 tertia,
3437 2444 3617 2496 sea-ta,
3667 2449 3830 2496 nona,

2224 2534 2272 2578 et
2293 2524 2566 2579 undecima
2591 2527 2811 2581 invitare
2832 2529 3099 2598 operarios
3121 2528 3175 2580 in
3195 2528 3396 2581 vineam
3420 2543 3483 2579 su
3494 2543 3579 2580 am
3609 2525 3829 2596 (Matth.

2224 2616 2340 2687 xx).
2374 2616 2532 2672 Hora:
2558 2617 2704 2673 enim
2736 2618 2808 2673 ibi
2839 2634 2939 2689 pro
2968 2619 3308 2689 temporibus
3341 2620 3533 2689 posite
3559 2627 3720 2672 sunt.
3748 2616 3832 2671 Di-

2225 2709 2300 2764 cit
2329 2710 2472 2763 enim
2502 2727 2515 2762 :
2550 2708 2702 2764 Hora
2725 2721 2799 2764 est
2815 2710 2933 2780 jam
2958 2727 3050 2764 nos
3074 2711 3138 2764 de
3163 2727 3346 2765 somno
3375 2726 3622 2779 surgere,
3649 2709 3702 2763 id
3731 2719 3829 2774 est,

2224 2812 2436 2873 tempus
2473 2810 2558 2858 est
2584 2810 2646 2856 ut
2686 2818 2784 2858 nos
2827 2803 2893 2857 de
2943 2804 3210 2873 gravitate
3253 2803 3453 2857 mentis
3506 2809 3565 2856 et
3615 2813 3832 2872 torpore

2223 2892 2564 2965 negligentiae
2605 2893 2674 2946 ad
2703 2893 3037 2948 observanda
3082 2893 3294 2948 Domini
3335 2899 3622 2962 praecepta
3649 2891 3831 2962 vigile-

2222 3002 2363 3042 mus.
2398 2985 2660 3041 iIortatur
2686 3002 2784 3040 nos
2810 2987 2876 3041 de
2900 2986 3003 3040 hac
3028 3000 3089 3040 re
3118 2984 3376 3040 Salomon
3406 2985 3606 3040 dicens
3641 3003 3657 3037 :
3711 2983 3828 3037 Noli

2223 3077 2438 3148 diligere
2475 3095 2716 3132 somnum
2737 3118 2752 3142 ,
2787 3094 2850 3131 ne
2890 3086 2939 3131 te
2967 3087 3167 3148 egestas
3197 3079 3459 3148 opprimat
3489 3074 3684 3148 (Prov.
3718 3076 3824 3146 xx).

2224 3169 2484 3226 Somnum
2515 3170 2739 3242 diligere
2785 3178 2869 3225 est
2895 3179 3173 3239 torporem
3202 3171 3402 3224 mentis
3432 3185 3542 3240 per
3563 3171 3827 3225 desidiam

2220 3266 2491 3335 amplecti,
2523 3275 2578 3320 et
2607 3266 2671 3318 de
2698 3263 2882 3318 futuro
2908 3264 2982 3318 nil
3003 3265 3263 3333 cogitare,
3295 3265 3557 3332 quoniam
3586 3273 3825 3335 egestas,

2219 3357 2272 3412 id
2287 3367 2391 3424 est,
2407 3365 2606 3412 teterna
2625 3356 3009 3422 miseria,male
3024 3373 3270 3412 securam
3286 3357 3548 3427 opprimit
3562 3359 3822 3412 animam.

2289 3450 2359 3505 Et
2383 3451 2578 3522 apertis
2607 3449 2772 3505 oculis
2810 3451 3022 3505 nostris.
3057 3449 3166 3504 Illis
3215 3449 3486 3512 videlicet,
3534 3450 3602 3505 de
3633 3452 3824 3520 quibus

2220 3543 2475 3603 Salomon
2505 3543 2797 3614 aitzAperi
2819 3543 3005 3600 oculos
3030 3552 3172 3608 tuos,
3202 3550 3258 3597 et
3281 3551 3538 3597 saturare
3567 3544 3821 3612 panibus.

2217 3639 2444 3710 Aperire
2471 3637 2660 3693 oculos
2687 3646 2770 3693 est
2802 3637 3135 3693 intellectum
3166 3639 3365 3692 mentis
3395 3638 3460 3692 ad
3483 3638 3720 3709 justitiar.
3746 3637 3822 3694 Iu-

2219 3748 2342 3787 men
2369 3747 2640 3786 resecare.
2673 3731 2933 3786 Saturare
2959 3731 3187 3802 panibus
3211 3741 3297 3787 est
3320 3731 3664 3801 spiritalibus
3691 3733 3822 3788 cibis

2218 3823 2415 3878 divinae
2442 3823 2686 3878 scientiae
2709 3831 2945 3877 mentem
2981 3822 3223 3878 reﬁcere.

2288 3916 2370 3969 Ad
2401 3917 2645 3986 deiﬁcum
2685 3916 2878 3971 lumen.
2911 3917 2968 3971 Id
2993 3923 3101 3974 est.
3139 3916 3414 3981 divinum,
3445 3917 3591 3986 quod
3624 3917 3818 3974 anim

2217 4009 2406 4064 tribuit
2432 4009 2786 4064 intellectum.

2285 4099 2532 4154 Attonitis
2559 4101 2796 4154 auribus.
2826 4100 2884 4155 Id
2912 4109 3016 4167 est,
3041 4101 3264 4155 attentis
3301 4101 3579 4155 mentibus

2286 4192 2577 4248 Audiamus
2601 4194 2802 4248 divina.
2834 4194 2890 4249 Id
2923 4202 3026 4261 est,
3056 4193 3166 4248 Deo
3198 4193 3370 4264 plena,
3403 4193 3701 4250 divinitate
3735 4213 3814 4250 re-

2215 4284 2372 4340 ferta.

2287 4379 2531 4444 Quotidie
2558 4378 2794 4434 clamans
2837 4379 2965 4449 quid
3002 4395 3093 4432 nos
3130 4396 3228 4433 vox
3272 4379 3544 4442 admonet,
3588 4381 3812 4435 dicens:

2212 4471 2386 4526 Hodie
2407 4471 2453 4525 si
2475 4488 2647 4526 vocem
2675 4471 2789 4541 ejus
2819 4469 3117 4524 audieritis.
3145 4469 3316 4525 Hodie
3343 4471 3513 4526 habet
3542 4473 3812 4543 etymolo-

514 4558 616 4612 bus
640 4557 707 4610 ad
730 4557 1039 4624 Dominum,
1062 4559 1154 4628 qui
1179 4558 1338 4613 malis
1359 4559 1570 4614 actibus
1594 4560 1790 4629 pressi,
1815 4562 2108 4630 pravisque
2130 4595 2185 4656 Β
2212 4565 2298 4636 gia
2325 4563 2422 4618 hoc
2445 4564 2549 4618 die.
2584 4563 2688 4617 Sed
2718 4570 2772 4618 et
2803 4563 2907 4618 hoc
2947 4563 3001 4617 in
3045 4563 3166 4618 Ioco
3196 4581 3417 4634 semper,
3450 4564 3540 4619 vel
3588 4568 3645 4620 in
3677 4567 3810 4620 omni

517 4653 761 4710 moribus
800 4655 1069 4710 incurvati
1117 4655 1276 4725 longo
1310 4653 1423 4722 jam
1484 4661 1728 4725 tempore
1777 4655 2105 4738 adhaesimus

513 4745 730 4801 saeculo.
762 4745 976 4816 Maligni
1005 4746 1147 4800 enim
1185 4747 1406 4816 spiritus
1435 4747 1583 4802 molli
1618 4747 1986 4818 dissolutoque
2027 4751 2106 4804 vi-

516 4840 663 4894 venti
695 4840 886 4894 animae
907 4839 1093 4894 dicunt
1125 4858 1138 4892 :
1172 4841 1479 4905 Incurvare,
1505 4849 1564 4896 ut
1586 4849 1946 4898 transeamus.
1973 4843 2104 4911 Quae

511 4935 558 4990 si
601 4933 755 4989 malis
790 4949 979 4989 eorum
1016 4934 1450 5004 suggestionibus
1483 4935 1842 5004 acquieverit,
1875 4935 1975 4990 sub
2004 4951 2103 5005 pe-

513 5025 672 5082 dibus
698 5041 885 5082 corum
915 5024 1052 5080 male
1082 5025 1290 5080 calcata
1329 5027 1547 5097 peribit.
1582 5025 1639 5081 Si
1676 5041 1806 5081 vero
1851 5035 2001 5082 recta
2047 5027 2103 5082 in

510 5132 676 5189 opere
726 5117 818 5171 Dei
858 5117 1312 5186 perseveraverit,
1340 5134 1462 5173 cum
1496 5118 1608 5173 Elia
1645 5119 1825 5174 dicere
1859 5119 2058 5190 poterit
2087 5137 2099 5176 :

519 5209 656 5264 Vivit
678 5209 955 5276 Dominus,
979 5211 1035 5264 in
1057 5211 1212 5280 cujus
1235 5220 1510 5282 conspectu
1533 5220 1612 5265 sto
1638 5210 1759 5282 (111
1784 5210 1916 5282 Reg.
1942 5207 2098 5283 xvuj.

510 5299 583 5359 Et
603 5319 723 5359 cum
749 5301 918 5356 Paulo
951 5320 964 5357 :
995 5300 1193 5356 Nostra
1229 5313 1405 5357 autem
1431 5303 1752 5358 conversatio
1779 5303 1834 5357 in
1864 5303 2003 5357 cadis
2027 5311 2104 5358 est

514 5393 685 5468 (Phil.
711 5395 815 5467 ιιι).
855 5395 1006 5464 Quod
1039 5405 1219 5451 autem
1251 5395 1384 5450 dicit
1420 5395 1630 5450 tandem
1659 5394 1966 5466 aliquando,
1995 5395 2103 5451 nisi

513 5488 672 5544 fallor
696 5493 953 5566 temporis
974 5492 1287 5547 tarditatem
1310 5491 1597 5563 signiﬁcat.
1625 5491 1704 5546 Ex
1725 5493 1934 5548 duobus
1955 5492 2100 5547 enim

511 5579 783 5637 adverbiis
838 5565 1137 5653 temporum
1193 5596 1360 5636 unum
1416 5582 1716 5652 composuit
1758 5599 1772 5636 :
1820 5582 1964 5638 idem
2017 5589 2102 5638 est

509 5673 656 5730 enim
691 5673 898 5727 tandem
927 5676 1070 5744 quod
1109 5682 1163 5730 et
1191 5674 1500 5746 aliquando.
1537 5673 1616 5728 Ac
1650 5674 1696 5728 si
1744 5673 1926 5728 dicat:
1958 5673 2024 5729 Et
2053 5675 2099 5730 si

513 5765 566 5820 iu
592 5766 861 5835 primteva:
891 5768 1065 5822 astatis
1104 5775 1368 5836 tempore,
1410 5766 1464 5821 id
1489 5773 1594 5830 est,
1623 5764 1678 5818 in
1700 5762 2018 5833 iuventute,
2043 5765 2100 5820 in

513 5855 671 5913 bonis
691 5858 944 5930 operibus
968 5874 1068 5918 nos
1110 5871 1369 5917 exercere
1396 5855 1666 5924 nolumus,
1699 5853 1892 5917 saltem
1922 5854 1978 5914 In
2006 5867 2096 5916 u-

2211 4663 2437 4727 tempore
2464 4654 2752 4726 signiﬁcat,
2779 4655 2906 4724 quia
2926 4653 3127 4725 jugiter
3151 4663 3203 4708 et
3229 4655 3376 4711 omni
3405 4656 3544 4710 hora
3591 4658 3806 4711 audien-

2210 4747 2337 4802 dum
2388 4753 2491 4810 est,
2538 4746 2629 4815 qui
2671 4745 2984 4801 salutariter
3028 4755 3234 4812 monet,
3277 4756 3330 4801 et
3373 4749 3808 4802 misericorditer

2209 4838 2387 4892 docet.
2412 4835 2578 4906 Cujus
2604 4839 2875 4893 sermonis
2896 4837 3003 4893 vim
3028 4838 3316 4909 Apostolus
3337 4847 3598 4908 potenter
3627 4840 3809 4894 dicens

2206 4931 2516 5000 expressit:
2544 4931 2635 4986 sed
2675 4931 3031 4986 adhortamini
3080 4933 3410 5002 vosmetipsos
3456 4949 3552 5002 per
3575 4935 3805 5004 singulos

2207 5027 2317 5082 dies
2347 5025 2534 5099 (Hebr.
2567 5025 2673 5098 ιιι).
2713 5025 2895 5082 Donec
2921 5026 3077 5080 hodie
3108 5028 3546 5098 cognominatur.

2279 5117 2340 5174 Si
2376 5135 2549 5173 vocem
2579 5117 2694 5188 ejus
2742 5116 3038 5170 audieritis.
3080 5116 3215 5186 Ejus
3247 5118 3396 5180 dicit,
3445 5117 3497 5171 id
3525 5127 3638 5182 est,
3670 5118 3806 5172 illius

2205 5210 2332 5266 boni
2361 5209 2614 5281 pastoris,
2645 5208 2736 5280 qui
2763 5209 2840 5263 ait
2865 5225 2879 5261 :
2910 5207 3024 5278 Ego
3046 5224 3163 5262 sum
3183 5218 3364 5279 pastor
3385 5208 3594 5272 bonus;
3619 5220 3668 5262 et
3696 5224 3806 5263 ores

2205 5317 2334 5355 mea:
2361 5317 2533 5355 vocem
2573 5315 2742 5353 meam
2785 5298 3032 5364 audiunt,
3073 5310 3119 5354 et
3164 5310 3454 5371 sequuntur
3492 5317 3600 5367 me,
3642 5313 3690 5356 es
3715 5317 3806 5371 ego

2206 5406 2457 5461 cognosco
2499 5407 2619 5454 eas;
2651 5398 2698 5442 et
2727 5388 2906 5444 nullus
2949 5391 3085 5460 rapit
3116 5406 3206 5444 eas
3233 5389 3298 5443 de
3325 5407 3487 5444 manu
3516 5407 3663 5445 mea.
3701 5388 3806 5445 Sed

2208 5492 2255 5537 et
2283 5483 2442 5537 vitam
2471 5490 2720 5536 aeternam
2747 5482 2884 5536 dabo
2919 5483 2993 5536 eis
3025 5481 3205 5553 (Joan.
3233 5480 3311 5553 χ).
3339 5481 3398 5536 In
3424 5481 3546 5554 lege
3575 5484 3724 5538 enim
3754 5489 3806 5537 et

2206 5576 2506 5648 prophetis,
2533 5576 2586 5630 in
2613 5575 2904 5648 Evangelia
2930 5586 2982 5632 et
3017 5576 3275 5646 apostolis
3296 5591 3395 5630 vox
3421 5575 3646 5633 Domini
3670 5577 3804 5632 mulo

2209 5669 2278 5724 tis
2304 5668 2478 5724 modis
2497 5683 2695 5722 sonans
2722 5667 2958 5734 auditur,
2985 5667 3076 5722 sed
3106 5683 3135 5722 a
3157 5668 3317 5723 corde
3339 5668 3484 5724 bono
3509 5677 3566 5723 et
3598 5671 3805 5740 optimo

2208 5761 2426 5816 auditur
2453 5768 2508 5815 et
2532 5761 2840 5816 exauditur.
2872 5759 2918 5814 A
2945 5759 3096 5814 duris
3123 5775 3250 5815 vero
3281 5769 3335 5815 et
3362 5760 3594 5831 lapideis
3621 5760 3804 5817 cordi—

2206 5852 2310 5916 bus
2334 5854 2552 5914 auditur
2573 5854 2814 5928 quidem,
2842 5852 2940 5915 sed
2962 5868 3071 5912 non
3093 5853 3398 5913 exauditur.
3427 5853 3576 5928 Ergo
3604 5857 3803 5912 anim
