  <div class='ocr_page' id='page_1' title='image "/cluster/home/n/w/nwhite01/storage/ocr_20150623/102/hvd.32044015466808/358.png"; bbox 0 0 4020 6520; ppageno 0'>
   <div class='ocr_carea' id='block_1_1' title="bbox 269 445 375 502">
    <p class='ocr_par' dir='ltr' id='par_1_1' title="bbox 269 445 375 502">
     <span class='ocr_line' id='line_1_1' title="bbox 269 445 375 502; baseline 0.019 -1"><span class='ocrx_word' id='word_1_1' title='bbox 269 445 375 502; x_wconf 75' lang='lat'><strong>705</strong></span> 
     </span>
    </p>
   </div>
   <div class='ocr_carea' id='block_1_2' title="bbox 1301 448 2500 510">
    <p class='ocr_par' dir='ltr' id='par_1_2' title="bbox 1301 448 2500 510">
     <span class='ocr_line' id='line_1_2' title="bbox 1301 448 2500 510; baseline 0.002 -4"><span class='ocrx_word' id='word_1_2' title='bbox 1301 448 1660 507; x_wconf 82' lang='lat' dir='ltr'><strong>COMMENT.</strong></span> <span class='ocrx_word' id='word_1_3' title='bbox 1697 448 1769 506; x_wconf 87' lang='lat' dir='ltr'><strong>IN</strong></span> <span class='ocrx_word' id='word_1_4' title='bbox 1807 449 1977 509; x_wconf 66' lang='grc' dir='ltr'><strong>ΠΕΟ.</strong></span> <span class='ocrx_word' id='word_1_5' title='bbox 2020 452 2078 507; x_wconf 92' lang='lat' dir='ltr'><strong>S.</strong></span> <span class='ocrx_word' id='word_1_6' title='bbox 2120 451 2500 510; x_wconf 85' lang='lat' dir='ltr'><strong>BENEDlCTl.</strong></span> 
     </span>
    </p>
   </div>
   <div class='ocr_carea' id='block_1_3' title="bbox 3438 459 3542 518">
    <p class='ocr_par' dir='ltr' id='par_1_3' title="bbox 3438 459 3542 518">
     <span class='ocr_line' id='line_1_3' title="bbox 3438 459 3542 518; baseline 0.019 -2"><span class='ocrx_word' id='word_1_7' title='bbox 3438 459 3542 518; x_wconf 84' lang='lat'><strong>706</strong></span> 
     </span>
    </p>
   </div>
   <div class='ocr_carea' id='block_1_4' title="bbox 265 559 3544 648">
    <p class='ocr_par' dir='ltr' id='par_1_4' title="bbox 265 559 3544 648">
     <span class='ocr_line' id='line_1_4' title="bbox 265 559 3544 648; baseline 0.005 -32"><span class='ocrx_word' id='word_1_8' title='bbox 265 575 388 634; x_wconf 75' lang='lat' dir='ltr'><strong>qua:</strong></span> <span class='ocrx_word' id='word_1_9' title='bbox 407 559 676 618; x_wconf 89' lang='lat' dir='ltr'><strong>obdurant</strong></span> <span class='ocrx_word' id='word_1_10' title='bbox 693 562 856 619; x_wconf 89' lang='lat' dir='ltr'><strong>corda</strong></span> <span class='ocrx_word' id='word_1_11' title='bbox 883 575 980 618; x_wconf 91' lang='lat' dir='ltr'><strong>sua</strong></span> <span class='ocrx_word' id='word_1_12' title='bbox 1007 576 1076 619; x_wconf 88' lang='lat' dir='ltr'><strong>ne</strong></span> <span class='ocrx_word' id='word_1_13' title='bbox 1094 576 1282 619; x_wconf 84' lang='lat' dir='ltr'><strong>vocem</strong></span> <span class='ocrx_word' id='word_1_14' title='bbox 1308 564 1454 622; x_wconf 91' lang='lat' dir='ltr'><strong>illius</strong></span> <span class='ocrx_word' id='word_1_15' title='bbox 1481 568 1608 623; x_wconf 91' lang='lat' dir='ltr'><strong>boni</strong></span> <span class='ocrx_word' id='word_1_16' title='bbox 1633 567 1856 639; x_wconf 84' lang='lat' dir='ltr'><strong>verique</strong></span> <span class='ocrx_word' id='word_1_17' title='bbox 1881 568 1934 629; x_wconf 84' lang='grc' dir='ltr'>Α</span> <span class='ocrx_word' id='word_1_18' title='bbox 1957 579 2224 638; x_wconf 79' lang='lat' dir='ltr'><strong>permanet</strong></span> <span class='ocrx_word' id='word_1_19' title='bbox 2261 571 2316 624; x_wconf 89' lang='lat' dir='ltr'><strong>in</strong></span> <span class='ocrx_word' id='word_1_20' title='bbox 2351 578 2604 625; x_wconf 75' lang='lat' dir='ltr'><strong>stecutum</strong></span> <span class='ocrx_word' id='word_1_21' title='bbox 2629 570 2811 626; x_wconf 77' lang='lat' dir='ltr'><strong>steculi</strong></span> <span class='ocrx_word' id='word_1_22' title='bbox 2855 571 3026 644; x_wconf 89' lang='lat' dir='ltr'><strong>(Psal.</strong></span> <span class='ocrx_word' id='word_1_23' title='bbox 3051 572 3231 648; x_wconf 77' lang='lat' dir='ltr'><strong>XVIII).</strong></span> <span class='ocrx_word' id='word_1_24' title='bbox 3270 575 3544 643; x_wconf 85' lang='lat' dir='ltr'><strong>Quantum</strong></span> 
     </span>
    </p>
   </div>
   <div class='ocr_carea' id='block_1_5' title="bbox 262 656 1854 728">
    <p class='ocr_par' dir='ltr' id='par_1_5' title="bbox 262 656 1854 728">
     <span class='ocr_line' id='line_1_5' title="bbox 262 656 1854 728; baseline 0.004 -16"><span class='ocrx_word' id='word_1_25' title='bbox 262 656 504 728; x_wconf 80' lang='lat' dir='ltr'><strong>pastoris</strong></span> <span class='ocrx_word' id='word_1_26' title='bbox 533 658 774 723; x_wconf 79' lang='lat' dir='ltr'><strong>audiant,</strong></span> <span class='ocrx_word' id='word_1_27' title='bbox 807 673 907 714; x_wconf 90' lang='lat' dir='ltr'><strong>nec</strong></span> <span class='ocrx_word' id='word_1_28' title='bbox 932 666 1230 727; x_wconf 89' lang='lat' dir='ltr'><strong>sequuntur</strong></span> <span class='ocrx_word' id='word_1_29' title='bbox 1253 675 1393 724; x_wconf 86' lang='lat' dir='ltr'><strong>cum,</strong></span> <span class='ocrx_word' id='word_1_30' title='bbox 1422 678 1522 717; x_wconf 88' lang='lat' dir='ltr'><strong>nec</strong></span> <span class='ocrx_word' id='word_1_31' title='bbox 1555 677 1685 718; x_wconf 90' lang='lat' dir='ltr'><strong>oves</strong></span> <span class='ocrx_word' id='word_1_32' title='bbox 1712 663 1854 719; x_wconf 89' lang='lat' dir='ltr'><strong>illius</strong></span> 
     </span>
    </p>
   </div>
   <div class='ocr_carea' id='block_1_6' title="bbox 264 755 1852 824">
    <p class='ocr_par' dir='ltr' id='par_1_6' title="bbox 264 755 1852 824">
     <span class='ocr_line' id='line_1_6' title="bbox 264 755 1852 824; baseline 0.003 -20"><span class='ocrx_word' id='word_1_33' title='bbox 264 759 416 814; x_wconf 90' lang='lat' dir='ltr'><strong>sunt,</strong></span> <span class='ocrx_word' id='word_1_34' title='bbox 441 764 540 805; x_wconf 90' lang='lat' dir='ltr'><strong>nec</strong></span> <span class='ocrx_word' id='word_1_35' title='bbox 566 758 899 821; x_wconf 87' lang='lat' dir='ltr'><strong>cognoscunt</strong></span> <span class='ocrx_word' id='word_1_36' title='bbox 933 765 1075 816; x_wconf 90' lang='lat' dir='ltr'><strong>eum,</strong></span> <span class='ocrx_word' id='word_1_37' title='bbox 1109 767 1207 807; x_wconf 93' lang='lat' dir='ltr'><strong>nec</strong></span> <span class='ocrx_word' id='word_1_38' title='bbox 1244 761 1644 824; x_wconf 86' lang='lat' dir='ltr'><strong>cognoscuntur</strong></span> <span class='ocrx_word' id='word_1_39' title='bbox 1674 755 1742 809; x_wconf 88' lang='lat' dir='ltr'><strong>ab</strong></span> <span class='ocrx_word' id='word_1_40' title='bbox 1767 769 1852 810; x_wconf 90' lang='lat' dir='ltr'><strong>eo.</strong></span> 
     </span>
    </p>
   </div>
   <div class='ocr_carea' id='block_1_7' title="bbox 262 841 1855 914">
    <p class='ocr_par' dir='ltr' id='par_1_7' title="bbox 262 841 1855 914">
     <span class='ocr_line' id='line_1_7' title="bbox 262 841 1855 914; baseline 0.005 -20"><span class='ocrx_word' id='word_1_41' title='bbox 262 841 368 909; x_wconf 85' lang='lat' dir='ltr'><strong>Qui</strong></span> <span class='ocrx_word' id='word_1_42' title='bbox 397 841 542 896; x_wconf 90' lang='lat' dir='ltr'><strong>enim</strong></span> <span class='ocrx_word' id='word_1_43' title='bbox 574 842 803 913; x_wconf 85' lang='lat' dir='ltr'><strong>ignorat,</strong></span> <span class='ocrx_word' id='word_1_44' title='bbox 837 843 1193 914; x_wconf 90' lang='lat' dir='ltr'><strong>ignorabitur.</strong></span> <span class='ocrx_word' id='word_1_45' title='bbox 1235 845 1301 898; x_wconf 89' lang='lat' dir='ltr'><strong>Et</strong></span> <span class='ocrx_word' id='word_1_46' title='bbox 1331 859 1431 901; x_wconf 91' lang='lat' dir='ltr'><strong>nec</strong></span> <span class='ocrx_word' id='word_1_47' title='bbox 1461 847 1527 901; x_wconf 90' lang='lat' dir='ltr'><strong>de</strong></span> <span class='ocrx_word' id='word_1_48' title='bbox 1571 863 1734 901; x_wconf 88' lang='lat' dir='ltr'><strong>manu</strong></span> <span class='ocrx_word' id='word_1_49' title='bbox 1770 864 1855 902; x_wconf 90' lang='lat' dir='ltr'><strong>ra-</strong></span> 
     </span>
    </p>
   </div>
   <div class='ocr_carea' id='block_1_8' title="bbox 259 934 1854 1007">
    <p class='ocr_par' dir='ltr' id='par_1_8' title="bbox 259 934 1854 1007">
     <span class='ocr_line' id='line_1_8' title="bbox 259 934 1854 1007; baseline 0.003 -17"><span class='ocrx_word' id='word_1_50' title='bbox 259 935 434 1006; x_wconf 86' lang='lat' dir='ltr'><strong>ptoris</strong></span> <span class='ocrx_word' id='word_1_51' title='bbox 461 934 852 1001; x_wconf 88' lang='lat' dir='ltr'><strong>liberabuntur,</strong></span> <span class='ocrx_word' id='word_1_52' title='bbox 882 952 981 992; x_wconf 90' lang='lat' dir='ltr'><strong>nec</strong></span> <span class='ocrx_word' id='word_1_53' title='bbox 1017 937 1069 991; x_wconf 93' lang='lat' dir='ltr'><strong>in</strong></span> <span class='ocrx_word' id='word_1_54' title='bbox 1103 937 1238 992; x_wconf 91' lang='lat' dir='ltr'><strong>locis</strong></span> <span class='ocrx_word' id='word_1_55' title='bbox 1259 939 1473 1007; x_wconf 85' lang='lat' dir='ltr'><strong>pascuis</strong></span> <span class='ocrx_word' id='word_1_56' title='bbox 1508 938 1854 995; x_wconf 83' lang='lat' dir='ltr'><strong>collocabun-</strong></span> 
     </span>
    </p>
   </div>
   <div class='ocr_carea' id='block_1_9' title="bbox 258 1029 1430 1099">
    <p class='ocr_par' dir='ltr' id='par_1_9' title="bbox 258 1029 1430 1099">
     <span class='ocr_line' id='line_1_9' title="bbox 258 1029 1430 1099; baseline 0.002 -17"><span class='ocrx_word' id='word_1_57' title='bbox 258 1035 372 1092; x_wconf 90' lang='lat' dir='ltr'><strong>tur,</strong></span> <span class='ocrx_word' id='word_1_58' title='bbox 403 1043 501 1084; x_wconf 82' lang='lat' dir='ltr'><strong>nec</strong></span> <span class='ocrx_word' id='word_1_59' title='bbox 527 1029 694 1083; x_wconf 87' lang='lat' dir='ltr'><strong>vitam</strong></span> <span class='ocrx_word' id='word_1_60' title='bbox 724 1029 994 1099; x_wconf 89' lang='lat' dir='ltr'><strong>accipient</strong></span> <span class='ocrx_word' id='word_1_61' title='bbox 1021 1030 1430 1099; x_wconf 69' lang='lat' dir='ltr'><strong>sempiternam.</strong></span> 
     </span>
    </p>
   </div>
   <div class='ocr_carea' id='block_1_10' title="bbox 335 1118 1855 1197">
    <p class='ocr_par' dir='ltr' id='par_1_10' title="bbox 335 1118 1855 1197">
     <span class='ocr_line' id='line_1_10' title="bbox 335 1118 1855 1197; baseline 0.005 -23"><span class='ocrx_word' id='word_1_62' title='bbox 335 1118 515 1176; x_wconf 87' lang='lat' dir='ltr'><strong>Nolite</strong></span> <span class='ocrx_word' id='word_1_63' title='bbox 542 1121 801 1176; x_wconf 79' lang='lat' dir='ltr'><strong>obdurare</strong></span> <span class='ocrx_word' id='word_1_64' title='bbox 827 1123 988 1176; x_wconf 88' lang='lat' dir='ltr'><strong>corda</strong></span> <span class='ocrx_word' id='word_1_65' title='bbox 1014 1133 1201 1178; x_wconf 77' lang='lat' dir='ltr'><strong>vestra.</strong></span> <span class='ocrx_word' id='word_1_66' title='bbox 1233 1123 1322 1179; x_wconf 90' lang='lat' dir='ltr'><strong>Sic</strong></span> <span class='ocrx_word' id='word_1_67' title='bbox 1367 1125 1512 1178; x_wconf 88' lang='lat' dir='ltr'><strong>enim</strong></span> <span class='ocrx_word' id='word_1_68' title='bbox 1557 1125 1680 1181; x_wconf 81' lang='lat' dir='ltr'><strong>alibi</strong></span> <span class='ocrx_word' id='word_1_69' title='bbox 1712 1126 1855 1197; x_wconf 82' lang='lat' dir='ltr'><strong>Apo-</strong></span> 
     </span>
    </p>
   </div>
   <div class='ocr_carea' id='block_1_11' title="bbox 254 1212 1851 1290">
    <p class='ocr_par' dir='ltr' id='par_1_11' title="bbox 254 1212 1851 1290">
     <span class='ocr_line' id='line_1_11' title="bbox 254 1212 1851 1290; baseline 0.002 -20"><span class='ocrx_word' id='word_1_70' title='bbox 254 1212 430 1270; x_wconf 81' lang='lat' dir='ltr'><strong>stolus</strong></span> <span class='ocrx_word' id='word_1_71' title='bbox 456 1213 531 1266; x_wconf 92' lang='lat' dir='ltr'><strong>ait</strong></span> <span class='ocrx_word' id='word_1_72' title='bbox 568 1231 581 1264; x_wconf 90' lang='lat'><strong>:</strong></span> <span class='ocrx_word' id='word_1_73' title='bbox 615 1213 736 1267; x_wconf 86' lang='lat' dir='ltr'><strong>Non</strong></span> <span class='ocrx_word' id='word_1_74' title='bbox 777 1214 1062 1269; x_wconf 85' lang='lat' dir='ltr'><strong>obdurctur</strong></span> <span class='ocrx_word' id='word_1_75' title='bbox 1083 1217 1198 1287; x_wconf 82' lang='lat' dir='ltr'><strong>quis</strong></span> <span class='ocrx_word' id='word_1_76' title='bbox 1225 1233 1289 1270; x_wconf 73' lang='lat' dir='ltr'><strong>ea:</strong></span> <span class='ocrx_word' id='word_1_77' title='bbox 1316 1217 1456 1271; x_wconf 83' lang='lat' dir='ltr'><strong>vobis</strong></span> <span class='ocrx_word' id='word_1_78' title='bbox 1489 1218 1704 1286; x_wconf 77' lang='lat' dir='ltr'><strong>fallacia</strong></span> <span class='ocrx_word' id='word_1_79' title='bbox 1730 1237 1851 1290; x_wconf 90' lang='lat' dir='ltr'><strong>pec-</strong></span> 
     </span>
    </p>
   </div>
   <div class='ocr_carea' id='block_1_12' title="bbox 255 1304 1852 1380">
    <p class='ocr_par' dir='ltr' id='par_1_12' title="bbox 255 1304 1852 1380">
     <span class='ocr_line' id='line_1_12' title="bbox 255 1304 1852 1380; baseline 0.002 -19"><span class='ocrx_word' id='word_1_80' title='bbox 255 1307 364 1361; x_wconf 89' lang='lat' dir='ltr'><strong>cati</strong></span> <span class='ocrx_word' id='word_1_81' title='bbox 401 1304 588 1378; x_wconf 84' lang='lat' dir='ltr'><strong>(Hebr.</strong></span> <span class='ocrx_word' id='word_1_82' title='bbox 629 1306 734 1375; x_wconf 90' lang='lat' dir='ltr'><strong>III).</strong></span> <span class='ocrx_word' id='word_1_83' title='bbox 774 1306 852 1360; x_wconf 92' lang='lat' dir='ltr'><strong>llli</strong></span> <span class='ocrx_word' id='word_1_84' title='bbox 891 1308 1035 1361; x_wconf 92' lang='lat' dir='ltr'><strong>enim</strong></span> <span class='ocrx_word' id='word_1_85' title='bbox 1077 1309 1242 1364; x_wconf 88' lang='lat' dir='ltr'><strong>corda</strong></span> <span class='ocrx_word' id='word_1_86' title='bbox 1282 1325 1377 1363; x_wconf 89' lang='lat' dir='ltr'><strong>sua</strong></span> <span class='ocrx_word' id='word_1_87' title='bbox 1424 1309 1713 1374; x_wconf 88' lang='lat' dir='ltr'><strong>obdurant,</strong></span> <span class='ocrx_word' id='word_1_88' title='bbox 1759 1311 1852 1380; x_wconf 91' lang='lat' dir='ltr'><strong>qui</strong></span> 
     </span>
    </p>
   </div>
   <div class='ocr_carea' id='block_1_13' title="bbox 255 1399 1852 1476">
    <p class='ocr_par' dir='ltr' id='par_1_13' title="bbox 255 1399 1852 1476">
     <span class='ocr_line' id='line_1_13' title="bbox 255 1399 1852 1476; baseline 0.004 -22"><span class='ocrx_word' id='word_1_89' title='bbox 255 1400 404 1470; x_wconf 89' lang='lat' dir='ltr'><strong>quod</strong></span> <span class='ocrx_word' id='word_1_90' title='bbox 433 1399 498 1454; x_wconf 90' lang='lat' dir='ltr'><strong>de</strong></span> <span class='ocrx_word' id='word_1_91' title='bbox 522 1400 792 1456; x_wconf 85' lang='lat' dir='ltr'><strong>mandatis</strong></span> <span class='ocrx_word' id='word_1_92' title='bbox 817 1400 910 1455; x_wconf 90' lang='lat' dir='ltr'><strong>Dei</strong></span> <span class='ocrx_word' id='word_1_93' title='bbox 943 1412 1085 1458; x_wconf 82' lang='lat' dir='ltr'><strong>recte</strong></span> <span class='ocrx_word' id='word_1_94' title='bbox 1110 1404 1434 1476; x_wconf 83' lang='lat' dir='ltr'><strong>intelligunt,</strong></span> <span class='ocrx_word' id='word_1_95' title='bbox 1459 1408 1673 1476; x_wconf 89' lang='lat' dir='ltr'><strong>operari</strong></span> <span class='ocrx_word' id='word_1_96' title='bbox 1699 1422 1852 1462; x_wconf 88' lang='lat' dir='ltr'><strong>recu-</strong></span> 
     </span>
    </p>
   </div>
   <div class='ocr_carea' id='block_1_14' title="bbox 255 1489 1850 1569">
    <p class='ocr_par' dir='ltr' id='par_1_14' title="bbox 255 1489 1850 1569">
     <span class='ocr_line' id='line_1_14' title="bbox 255 1489 1850 1569; baseline 0.005 -24"><span class='ocrx_word' id='word_1_97' title='bbox 255 1497 400 1545; x_wconf 91' lang='lat' dir='ltr'><strong>sant.</strong></span> <span class='ocrx_word' id='word_1_98' title='bbox 457 1489 533 1544; x_wconf 93' lang='lat' dir='ltr'><strong>De</strong></span> <span class='ocrx_word' id='word_1_99' title='bbox 580 1491 776 1560; x_wconf 89' lang='lat' dir='ltr'><strong>quibus</strong></span> <span class='ocrx_word' id='word_1_100' title='bbox 823 1507 922 1561; x_wconf 89' lang='lat' dir='ltr'><strong>per</strong></span> <span class='ocrx_word' id='word_1_101' title='bbox 966 1494 1310 1550; x_wconf 86' lang='lat' dir='ltr'><strong>Salomonem</strong></span> <span class='ocrx_word' id='word_1_102' title='bbox 1344 1497 1543 1552; x_wconf 91' lang='lat' dir='ltr'><strong>dicitur</strong></span> <span class='ocrx_word' id='word_1_103' title='bbox 1575 1516 1586 1550; x_wconf 95' lang='lat'>:</span> <span class='ocrx_word' id='word_1_104' title='bbox 1621 1496 1850 1569; x_wconf 85' lang='lat' dir='ltr'><strong>Pigredo</strong></span> 
     </span>
    </p>
   </div>
   <div class='ocr_carea' id='block_1_15' title="bbox 254 1582 1850 1658">
    <p class='ocr_par' dir='ltr' id='par_1_15' title="bbox 254 1582 1850 1658">
     <span class='ocr_line' id='line_1_15' title="bbox 254 1582 1850 1658; baseline 0.007 -22"><span class='ocrx_word' id='word_1_105' title='bbox 254 1583 488 1636; x_wconf 83' lang='lat' dir='ltr'><strong>immittit</strong></span> <span class='ocrx_word' id='word_1_106' title='bbox 525 1599 761 1652; x_wconf 91' lang='lat' dir='ltr'><strong>soporem</strong></span> <span class='ocrx_word' id='word_1_107' title='bbox 788 1582 969 1654; x_wconf 83' lang='lat' dir='ltr'><strong>(Prov.</strong></span> <span class='ocrx_word' id='word_1_108' title='bbox 999 1587 1138 1658; x_wconf 82' lang='lat' dir='ltr'><strong>XIX).</strong></span> <span class='ocrx_word' id='word_1_109' title='bbox 1171 1587 1329 1658; x_wconf 82' lang='lat' dir='ltr'><strong>Piger</strong></span> <span class='ocrx_word' id='word_1_110' title='bbox 1360 1590 1506 1644; x_wconf 90' lang='lat' dir='ltr'><strong>enim</strong></span> <span class='ocrx_word' id='word_1_111' title='bbox 1543 1600 1690 1646; x_wconf 89' lang='lat' dir='ltr'><strong>recte</strong></span> <span class='ocrx_word' id='word_1_112' title='bbox 1727 1607 1850 1647; x_wconf 76' lang='lat' dir='ltr'><strong>sen-</strong></span> 
     </span>
    </p>
   </div>
   <div class='ocr_carea' id='block_1_16' title="bbox 253 1673 1849 1751">
    <p class='ocr_par' dir='ltr' id='par_1_16' title="bbox 253 1673 1849 1751">
     <span class='ocr_line' id='line_1_16' title="bbox 253 1673 1849 1751; baseline 0.008 -24"><span class='ocrx_word' id='word_1_113' title='bbox 253 1673 440 1729; x_wconf 86' lang='lat' dir='ltr'><strong>tiendo</strong></span> <span class='ocrx_word' id='word_1_114' title='bbox 468 1677 624 1745; x_wconf 91' lang='lat' dir='ltr'><strong>quasi</strong></span> <span class='ocrx_word' id='word_1_115' title='bbox 648 1677 856 1748; x_wconf 78' lang='lat' dir='ltr'><strong>vigilat,</strong></span> <span class='ocrx_word' id='word_1_116' title='bbox 887 1680 979 1734; x_wconf 90' lang='lat' dir='ltr'><strong>sed</strong></span> <span class='ocrx_word' id='word_1_117' title='bbox 1012 1681 1084 1733; x_wconf 90' lang='lat' dir='ltr'><strong>nil</strong></span> <span class='ocrx_word' id='word_1_118' title='bbox 1109 1680 1232 1736; x_wconf 85' lang='lat' dir='ltr'><strong>boni</strong></span> <span class='ocrx_word' id='word_1_119' title='bbox 1262 1684 1535 1751; x_wconf 84' lang='lat' dir='ltr'><strong>operando</strong></span> <span class='ocrx_word' id='word_1_120' title='bbox 1565 1686 1727 1740; x_wconf 88' lang='lat' dir='ltr'><strong>corde</strong></span> <span class='ocrx_word' id='word_1_121' title='bbox 1752 1685 1849 1740; x_wconf 88' lang='lat' dir='ltr'><strong>ob-</strong></span> 
     </span>
    </p>
   </div>
   <div class='ocr_carea' id='block_1_17' title="bbox 254 1765 1848 1838">
    <p class='ocr_par' dir='ltr' id='par_1_17' title="bbox 254 1765 1848 1838">
     <span class='ocr_line' id='line_1_17' title="bbox 254 1765 1848 1838; baseline 0.01 -22"><span class='ocrx_word' id='word_1_122' title='bbox 254 1765 451 1819; x_wconf 85' lang='lat' dir='ltr'><strong>durato</strong></span> <span class='ocrx_word' id='word_1_123' title='bbox 477 1781 745 1836; x_wconf 88' lang='lat' dir='ltr'><strong>sensuque</strong></span> <span class='ocrx_word' id='word_1_124' title='bbox 772 1779 1025 1838; x_wconf 88' lang='lat' dir='ltr'><strong>soporato</strong></span> <span class='ocrx_word' id='word_1_125' title='bbox 1052 1771 1104 1825; x_wconf 89' lang='lat' dir='ltr'><strong>in</strong></span> <span class='ocrx_word' id='word_1_126' title='bbox 1139 1774 1406 1829; x_wconf 86' lang='lat' dir='ltr'><strong>tarditatis</strong></span> <span class='ocrx_word' id='word_1_127' title='bbox 1447 1792 1558 1831; x_wconf 64' lang='lat' dir='ltr'><strong>sua:</strong></span> <span class='ocrx_word' id='word_1_128' title='bbox 1588 1776 1848 1832; x_wconf 77' lang='lat' dir='ltr'><strong>dormitat</strong></span> 
     </span>
    </p>
   </div>
   <div class='ocr_carea' id='block_1_18' title="bbox 255 1855 1846 1938">
    <p class='ocr_par' dir='ltr' id='par_1_18' title="bbox 255 1855 1846 1938">
     <span class='ocr_line' id='line_1_18' title="bbox 255 1855 1846 1938; baseline 0.01 -30"><span class='ocrx_word' id='word_1_129' title='bbox 255 1855 470 1911; x_wconf 85' lang='lat' dir='ltr'><strong>lectulo.</strong></span> <span class='ocrx_word' id='word_1_130' title='bbox 497 1857 594 1922; x_wconf 84' lang='lat' dir='ltr'><strong>illi,</strong></span> <span class='ocrx_word' id='word_1_131' title='bbox 623 1858 865 1929; x_wconf 89' lang='lat' dir='ltr'><strong>inquam,</strong></span> <span class='ocrx_word' id='word_1_132' title='bbox 889 1863 1157 1919; x_wconf 87' lang='lat' dir='ltr'><strong>obdurant</strong></span> <span class='ocrx_word' id='word_1_133' title='bbox 1179 1867 1341 1921; x_wconf 88' lang='lat' dir='ltr'><strong>corda</strong></span> <span class='ocrx_word' id='word_1_134' title='bbox 1367 1883 1484 1933; x_wconf 91' lang='lat' dir='ltr'><strong>sua,</strong></span> <span class='ocrx_word' id='word_1_135' title='bbox 1511 1870 1602 1938; x_wconf 88' lang='lat' dir='ltr'><strong>qui</strong></span> <span class='ocrx_word' id='word_1_136' title='bbox 1622 1871 1846 1924; x_wconf 88' lang='lat' dir='ltr'><strong>audiunt</strong></span> 
     </span>
    </p>
   </div>
   <div class='ocr_carea' id='block_1_19' title="bbox 1958 659 3544 736">
    <p class='ocr_par' dir='ltr' id='par_1_19' title="bbox 1958 659 3544 736">
     <span class='ocr_line' id='line_1_19' title="bbox 1958 659 3544 736; baseline 0.008 -23"><span class='ocrx_word' id='word_1_137' title='bbox 1958 659 2103 714; x_wconf 90' lang='lat' dir='ltr'><strong>enim</strong></span> <span class='ocrx_word' id='word_1_138' title='bbox 2131 661 2251 730; x_wconf 89' lang='lat' dir='ltr'><strong>quis</strong></span> <span class='ocrx_word' id='word_1_139' title='bbox 2284 662 2543 717; x_wconf 85' lang='lat' dir='ltr'><strong>attentius</strong></span> <span class='ocrx_word' id='word_1_140' title='bbox 2572 662 2859 718; x_wconf 92' lang='lat' dir='ltr'><strong>Dominum</strong></span> <span class='ocrx_word' id='word_1_141' title='bbox 2888 665 3080 736; x_wconf 77' lang='lat' dir='ltr'><strong>diligit,</strong></span> <span class='ocrx_word' id='word_1_142' title='bbox 3130 673 3282 722; x_wconf 89' lang='lat' dir='ltr'><strong>tanto</strong></span> <span class='ocrx_word' id='word_1_143' title='bbox 3308 683 3432 724; x_wconf 91' lang='lat' dir='ltr'><strong>eum</strong></span> <span class='ocrx_word' id='word_1_144' title='bbox 3463 671 3544 725; x_wconf 91' lang='lat' dir='ltr'><strong>di-</strong></span> 
     </span>
    </p>
   </div>
   <div class='ocr_carea' id='block_1_20' title="bbox 1956 750 3545 828">
    <p class='ocr_par' dir='ltr' id='par_1_20' title="bbox 1956 750 3545 828">
     <span class='ocr_line' id='line_1_20' title="bbox 1956 750 3545 828; baseline 0.009 -24"><span class='ocrx_word' id='word_1_145' title='bbox 1956 750 2213 820; x_wconf 82' lang='lat' dir='ltr'><strong>ligentius</strong></span> <span class='ocrx_word' id='word_1_146' title='bbox 2238 753 2509 808; x_wconf 77' lang='lat' dir='ltr'><strong>offendere</strong></span> <span class='ocrx_word' id='word_1_147' title='bbox 2537 755 2892 824; x_wconf 86' lang='lat' dir='ltr'><strong>pertimescit.</strong></span> <span class='ocrx_word' id='word_1_148' title='bbox 2924 757 3037 813; x_wconf 78' lang='lat' dir='ltr'><strong>Vox</strong></span> <span class='ocrx_word' id='word_1_149' title='bbox 3066 766 3287 828; x_wconf 89' lang='lat' dir='ltr'><strong>paterna</strong></span> <span class='ocrx_word' id='word_1_150' title='bbox 3308 769 3410 826; x_wconf 86' lang='lat' dir='ltr'><strong>est,</strong></span> <span class='ocrx_word' id='word_1_151' title='bbox 3439 777 3545 818; x_wconf 78' lang='lat' dir='ltr'><strong>vox</strong></span> 
     </span>
    </p>
   </div>
   <div class='ocr_carea' id='block_1_21' title="bbox 1957 844 3546 923">
    <p class='ocr_par' dir='ltr' id='par_1_21' title="bbox 1957 844 3546 923">
     <span class='ocr_line' id='line_1_21' title="bbox 1957 844 3546 923; baseline 0.008 -27"><span class='ocrx_word' id='word_1_152' title='bbox 1957 844 2191 912; x_wconf 90' lang='lat' dir='ltr'><strong>pietatis,</strong></span> <span class='ocrx_word' id='word_1_153' title='bbox 2222 861 2342 913; x_wconf 77' lang='lat' dir='ltr'><strong>quae</strong></span> <span class='ocrx_word' id='word_1_154' title='bbox 2363 862 2461 901; x_wconf 90' lang='lat' dir='ltr'><strong>nos</strong></span> <span class='ocrx_word' id='word_1_155' title='bbox 2476 847 2738 902; x_wconf 81' lang='lat' dir='ltr'><strong>admonet</strong></span> <span class='ocrx_word' id='word_1_156' title='bbox 2763 865 2832 902; x_wconf 91' lang='lat' dir='ltr'><strong>ne</strong></span> <span class='ocrx_word' id='word_1_157' title='bbox 2852 865 3207 920; x_wconf 88' lang='lat' dir='ltr'><strong>pavescamus</strong></span> <span class='ocrx_word' id='word_1_158' title='bbox 3233 853 3375 923; x_wconf 89' lang='lat' dir='ltr'><strong>quod</strong></span> <span class='ocrx_word' id='word_1_159' title='bbox 3396 854 3546 908; x_wconf 86' lang='lat' dir='ltr'><strong>audi-</strong></span> 
     </span>
    </p>
   </div>
   <div class='ocr_carea' id='block_1_22' title="bbox 1958 934 3548 1013">
    <p class='ocr_par' dir='ltr' id='par_1_22' title="bbox 1958 934 3548 1013">
     <span class='ocr_line' id='line_1_22' title="bbox 1958 934 3548 1013; baseline 0.008 -26"><span class='ocrx_word' id='word_1_160' title='bbox 1958 934 2134 990; x_wconf 84' lang='lat' dir='ltr'><strong>vimus</strong></span> <span class='ocrx_word' id='word_1_161' title='bbox 2161 935 2430 991; x_wconf 88' lang='lat' dir='ltr'><strong>timorem.</strong></span> <span class='ocrx_word' id='word_1_162' title='bbox 2464 936 2578 992; x_wconf 84' lang='lat' dir='ltr'><strong>Non</strong></span> <span class='ocrx_word' id='word_1_163' title='bbox 2609 948 2692 992; x_wconf 92' lang='lat' dir='ltr'><strong>est</strong></span> <span class='ocrx_word' id='word_1_164' title='bbox 2727 939 2871 993; x_wconf 90' lang='lat' dir='ltr'><strong>enim</strong></span> <span class='ocrx_word' id='word_1_165' title='bbox 2914 941 3074 996; x_wconf 85' lang='lat' dir='ltr'><strong>timor</strong></span> <span class='ocrx_word' id='word_1_166' title='bbox 3107 941 3208 997; x_wconf 91' lang='lat' dir='ltr'><strong>iste</strong></span> <span class='ocrx_word' id='word_1_167' title='bbox 3237 944 3329 1013; x_wconf 93' lang='lat' dir='ltr'><strong>qui</strong></span> <span class='ocrx_word' id='word_1_168' title='bbox 3358 942 3548 999; x_wconf 81' lang='lat' dir='ltr'><strong>formi-</strong></span> 
     </span>
    </p>
   </div>
   <div class='ocr_carea' id='block_1_23' title="bbox 1957 1024 3547 1099">
    <p class='ocr_par' dir='ltr' id='par_1_23' title="bbox 1957 1024 3547 1099">
     <span class='ocr_line' id='line_1_23' title="bbox 1957 1024 3547 1099; baseline 0.008 -21"><span class='ocrx_word' id='word_1_169' title='bbox 1957 1024 2137 1092; x_wconf 91' lang='lat' dir='ltr'><strong>detur,</strong></span> <span class='ocrx_word' id='word_1_170' title='bbox 2175 1027 2269 1080; x_wconf 90' lang='lat' dir='ltr'><strong>sed</strong></span> <span class='ocrx_word' id='word_1_171' title='bbox 2307 1027 2399 1096; x_wconf 88' lang='lat' dir='ltr'><strong>qui</strong></span> <span class='ocrx_word' id='word_1_172' title='bbox 2444 1027 2715 1099; x_wconf 78' lang='lat' dir='ltr'><strong>diligatur.</strong></span> <span class='ocrx_word' id='word_1_173' title='bbox 2747 1029 2934 1084; x_wconf 90' lang='lat' dir='ltr'><strong>Timor</strong></span> <span class='ocrx_word' id='word_1_174' title='bbox 2973 1033 3242 1089; x_wconf 90' lang='lat' dir='ltr'><strong>humanus</strong></span> <span class='ocrx_word' id='word_1_175' title='bbox 3287 1036 3547 1090; x_wconf 89' lang='lat' dir='ltr'><strong>amaritu-</strong></span> 
     </span>
    </p>
   </div>
   <div class='ocr_carea' id='block_1_24' title="bbox 1955 1117 3550 1202">
    <p class='ocr_par' dir='ltr' id='par_1_24' title="bbox 1955 1117 3550 1202">
     <span class='ocr_line' id='line_1_24' title="bbox 1955 1117 3550 1202; baseline 0.009 -32"><span class='ocrx_word' id='word_1_176' title='bbox 1955 1117 2136 1172; x_wconf 89' lang='lat' dir='ltr'><strong>dinem</strong></span> <span class='ocrx_word' id='word_1_177' title='bbox 2166 1118 2351 1184; x_wconf 88' lang='lat' dir='ltr'><strong>habet,</strong></span> <span class='ocrx_word' id='word_1_178' title='bbox 2376 1119 2476 1175; x_wconf 85' lang='lat' dir='ltr'><strong>iste</strong></span> <span class='ocrx_word' id='word_1_179' title='bbox 2499 1122 2854 1177; x_wconf 90' lang='lat' dir='ltr'><strong>dulcedinem.</strong></span> <span class='ocrx_word' id='word_1_180' title='bbox 2887 1123 2980 1180; x_wconf 89' lang='lat' dir='ltr'><strong>llle</strong></span> <span class='ocrx_word' id='word_1_181' title='bbox 3009 1126 3075 1179; x_wconf 92' lang='lat' dir='ltr'><strong>ad</strong></span> <span class='ocrx_word' id='word_1_182' title='bbox 3100 1128 3378 1182; x_wconf 87' lang='lat' dir='ltr'><strong>servitium</strong></span> <span class='ocrx_word' id='word_1_183' title='bbox 3403 1129 3550 1202; x_wconf 81' lang='lat' dir='ltr'><strong>cogit</strong></span> 
     </span>
    </p>
   </div>
   <div class='ocr_carea' id='block_1_25' title="bbox 1953 1207 3542 1276">
    <p class='ocr_par' dir='ltr' id='par_1_25' title="bbox 1953 1207 3542 1276">
     <span class='ocr_line' id='line_1_25' title="bbox 1953 1207 3542 1276; baseline 0.01 -15"><span class='ocrx_word' id='word_1_184' title='bbox 1953 1207 2055 1263; x_wconf 88' lang='lat' dir='ltr'><strong>iste</strong></span> <span class='ocrx_word' id='word_1_185' title='bbox 2084 1209 2151 1263; x_wconf 89' lang='lat' dir='ltr'><strong>ad</strong></span> <span class='ocrx_word' id='word_1_186' title='bbox 2175 1210 2480 1267; x_wconf 88' lang='lat' dir='ltr'><strong>libertatem</strong></span> <span class='ocrx_word' id='word_1_187' title='bbox 2512 1213 2698 1268; x_wconf 88' lang='lat' dir='ltr'><strong>trahit.</strong></span> <span class='ocrx_word' id='word_1_188' title='bbox 2728 1213 3011 1270; x_wconf 87' lang='lat' dir='ltr'><strong>Postremo</strong></span> <span class='ocrx_word' id='word_1_189' title='bbox 3039 1216 3130 1272; x_wconf 91' lang='lat' dir='ltr'><strong>ille</strong></span> <span class='ocrx_word' id='word_1_190' title='bbox 3159 1219 3394 1275; x_wconf 87' lang='lat' dir='ltr'><strong>claustra</strong></span> <span class='ocrx_word' id='word_1_191' title='bbox 3424 1236 3542 1276; x_wconf 89' lang='lat' dir='ltr'><strong>Ine-</strong></span> 
     </span>
    </p>
   </div>
   <div class='ocr_carea' id='block_1_26' title="bbox 1953 1303 3544 1380">
    <p class='ocr_par' dir='ltr' id='par_1_26' title="bbox 1953 1303 3544 1380">
     <span class='ocr_line' id='line_1_26' title="bbox 1953 1303 3544 1380; baseline 0.01 -24"><span class='ocrx_word' id='word_1_192' title='bbox 1953 1303 2079 1369; x_wconf 92' lang='lat' dir='ltr'><strong>tuit,</strong></span> <span class='ocrx_word' id='word_1_193' title='bbox 2112 1304 2202 1361; x_wconf 91' lang='lat' dir='ltr'><strong>hic</strong></span> <span class='ocrx_word' id='word_1_194' title='bbox 2229 1306 2490 1362; x_wconf 72' lang='lat' dir='ltr'><strong>caelorum</strong></span> <span class='ocrx_word' id='word_1_195' title='bbox 2521 1324 2684 1380; x_wconf 80' lang='lat' dir='ltr'><strong>regna</strong></span> <span class='ocrx_word' id='word_1_196' title='bbox 2707 1308 2983 1379; x_wconf 84' lang='lat' dir='ltr'><strong>patefacit.</strong></span> <span class='ocrx_word' id='word_1_197' title='bbox 3014 1311 3070 1365; x_wconf 89' lang='lat' dir='ltr'><strong>ln</strong></span> <span class='ocrx_word' id='word_1_198' title='bbox 3098 1312 3308 1369; x_wconf 89' lang='lat' dir='ltr'><strong>timoris</strong></span> <span class='ocrx_word' id='word_1_199' title='bbox 3343 1317 3544 1371; x_wconf 86' lang='lat' dir='ltr'><strong>etenim</strong></span> 
     </span>
    </p>
   </div>
   <div class='ocr_carea' id='block_1_27' title="bbox 1953 1395 3542 1473">
    <p class='ocr_par' dir='ltr' id='par_1_27' title="bbox 1953 1395 3542 1473">
     <span class='ocr_line' id='line_1_27' title="bbox 1953 1395 3542 1473; baseline 0.008 -25"><span class='ocrx_word' id='word_1_200' title='bbox 1953 1395 2111 1452; x_wconf 89' lang='lat' dir='ltr'><strong>laude</strong></span> <span class='ocrx_word' id='word_1_201' title='bbox 2171 1397 2426 1452; x_wconf 87' lang='lat' dir='ltr'><strong>Salomon</strong></span> <span class='ocrx_word' id='word_1_202' title='bbox 2483 1401 2559 1454; x_wconf 88' lang='lat' dir='ltr'><strong>ait</strong></span> <span class='ocrx_word' id='word_1_203' title='bbox 2612 1415 2626 1452; x_wconf 91' lang='lat'><strong>:</strong></span> <span class='ocrx_word' id='word_1_204' title='bbox 2678 1400 2854 1455; x_wconf 82' lang='lat' dir='ltr'><strong>Timor</strong></span> <span class='ocrx_word' id='word_1_205' title='bbox 2903 1402 3118 1457; x_wconf 82' lang='lat' dir='ltr'><strong>Domini</strong></span> <span class='ocrx_word' id='word_1_206' title='bbox 3162 1407 3378 1473; x_wconf 89' lang='lat' dir='ltr'><strong>apponit</strong></span> <span class='ocrx_word' id='word_1_207' title='bbox 3431 1409 3542 1462; x_wconf 84' lang='lat' dir='ltr'><strong>dies</strong></span> 
     </span>
    </p>
   </div>
   <div class='ocr_carea' id='block_1_28' title="bbox 1953 1486 3544 1564">
    <p class='ocr_par' dir='ltr' id='par_1_28' title="bbox 1953 1486 3544 1564">
     <span class='ocr_line' id='line_1_28' title="bbox 1953 1486 3544 1564; baseline 0.01 -23"><span class='ocrx_word' id='word_1_208' title='bbox 1953 1486 2138 1559; x_wconf 85' lang='lat' dir='ltr'><strong>(Prov.</strong></span> <span class='ocrx_word' id='word_1_209' title='bbox 2174 1491 2252 1555; x_wconf 84' lang='lat' dir='ltr'><strong>X).</strong></span> <span class='ocrx_word' id='word_1_210' title='bbox 2300 1492 2453 1548; x_wconf 88' lang='lat' dir='ltr'><strong>Time</strong></span> <span class='ocrx_word' id='word_1_211' title='bbox 2497 1510 2628 1564; x_wconf 88' lang='lat' dir='ltr'><strong>ergo</strong></span> <span class='ocrx_word' id='word_1_212' title='bbox 2679 1495 2986 1564; x_wconf 92' lang='lat' dir='ltr'><strong>Dominum,</strong></span> <span class='ocrx_word' id='word_1_213' title='bbox 3023 1513 3056 1552; x_wconf 91' lang='grc' dir='ltr'>ο</span> <span class='ocrx_word' id='word_1_214' title='bbox 3101 1501 3396 1554; x_wconf 86' lang='lat' dir='ltr'><strong>monache!</strong></span> <span class='ocrx_word' id='word_1_215' title='bbox 3450 1503 3544 1557; x_wconf 91' lang='lat' dir='ltr'><strong>sed</strong></span> 
     </span>
    </p>
   </div>
   <div class='ocr_carea' id='block_1_29' title="bbox 1951 1579 3542 1657">
    <p class='ocr_par' dir='ltr' id='par_1_29' title="bbox 1951 1579 3542 1657">
     <span class='ocr_line' id='line_1_29' title="bbox 1951 1579 3542 1657; baseline 0.008 -24"><span class='ocrx_word' id='word_1_216' title='bbox 1951 1579 2044 1634; x_wconf 90' lang='lat' dir='ltr'><strong>illo</strong></span> <span class='ocrx_word' id='word_1_217' title='bbox 2079 1583 2274 1637; x_wconf 85' lang='lat' dir='ltr'><strong>timore</strong></span> <span class='ocrx_word' id='word_1_218' title='bbox 2302 1585 2394 1653; x_wconf 93' lang='lat' dir='ltr'><strong>qui</strong></span> <span class='ocrx_word' id='word_1_219' title='bbox 2418 1594 2638 1641; x_wconf 89' lang='lat' dir='ltr'><strong>sanctus</strong></span> <span class='ocrx_word' id='word_1_220' title='bbox 2659 1597 2943 1656; x_wconf 86' lang='lat' dir='ltr'><strong>permanet</strong></span> <span class='ocrx_word' id='word_1_221' title='bbox 2965 1591 3019 1642; x_wconf 89' lang='lat' dir='ltr'><strong>in</strong></span> <span class='ocrx_word' id='word_1_222' title='bbox 3046 1589 3300 1644; x_wconf 67' lang='lat' dir='ltr'><strong>saaculum</strong></span> <span class='ocrx_word' id='word_1_223' title='bbox 3325 1591 3542 1657; x_wconf 73' lang='lat' dir='ltr'><strong>smculi;</strong></span> 
     </span>
    </p>
   </div>
   <div class='ocr_carea' id='block_1_30' title="bbox 1949 1672 3546 1754">
    <p class='ocr_par' dir='ltr' id='par_1_30' title="bbox 1949 1672 3546 1754">
     <span class='ocr_line' id='line_1_30' title="bbox 1949 1672 3546 1754; baseline 0.008 -29"><span class='ocrx_word' id='word_1_224' title='bbox 1949 1672 2041 1726; x_wconf 91' lang='lat' dir='ltr'><strong>illo</strong></span> <span class='ocrx_word' id='word_1_225' title='bbox 2077 1683 2227 1729; x_wconf 84' lang='lat' dir='ltr'><strong>casto</strong></span> <span class='ocrx_word' id='word_1_226' title='bbox 2249 1691 2434 1732; x_wconf 88' lang='lat' dir='ltr'><strong>amore</strong></span> <span class='ocrx_word' id='word_1_227' title='bbox 2458 1678 2551 1748; x_wconf 89' lang='lat' dir='ltr'><strong>qui</strong></span> <span class='ocrx_word' id='word_1_228' title='bbox 2585 1679 2680 1733; x_wconf 90' lang='lat' dir='ltr'><strong>tibi</strong></span> <span class='ocrx_word' id='word_1_229' title='bbox 2710 1681 2777 1733; x_wconf 88' lang='lat' dir='ltr'><strong>ad</strong></span> <span class='ocrx_word' id='word_1_230' title='bbox 2802 1680 2917 1735; x_wconf 90' lang='lat' dir='ltr'><strong>dies</strong></span> <span class='ocrx_word' id='word_1_231' title='bbox 2947 1683 3206 1751; x_wconf 89' lang='lat' dir='ltr'><strong>temporis</strong></span> <span class='ocrx_word' id='word_1_232' title='bbox 3229 1680 3388 1749; x_wconf 86' lang='lat' dir='ltr'><strong>hujus</strong></span> <span class='ocrx_word' id='word_1_233' title='bbox 3410 1684 3546 1754; x_wconf 87' lang='lat' dir='ltr'><strong>adji-</strong></span> 
     </span>
    </p>
   </div>
   <div class='ocr_carea' id='block_1_31' title="bbox 1949 1765 3546 1842">
    <p class='ocr_par' dir='ltr' id='par_1_31' title="bbox 1949 1765 3546 1842">
     <span class='ocr_line' id='line_1_31' title="bbox 1949 1765 3546 1842; baseline 0.007 -22"><span class='ocrx_word' id='word_1_234' title='bbox 1949 1765 2056 1820; x_wconf 89' lang='lat' dir='ltr'><strong>ciet</strong></span> <span class='ocrx_word' id='word_1_235' title='bbox 2098 1766 2214 1822; x_wconf 91' lang='lat' dir='ltr'><strong>dies</strong></span> <span class='ocrx_word' id='word_1_236' title='bbox 2253 1777 2505 1834; x_wconf 67' lang='lat' dir='ltr'><strong>aeternos,</strong></span> <span class='ocrx_word' id='word_1_237' title='bbox 2550 1771 2666 1825; x_wconf 88' lang='lat' dir='ltr'><strong>dies</strong></span> <span class='ocrx_word' id='word_1_238' title='bbox 2713 1781 3025 1842; x_wconf 89' lang='lat' dir='ltr'><strong>perpetuos,</strong></span> <span class='ocrx_word' id='word_1_239' title='bbox 3055 1774 3171 1828; x_wconf 84' lang='lat' dir='ltr'><strong>dies</strong></span> <span class='ocrx_word' id='word_1_240' title='bbox 3213 1775 3546 1832; x_wconf 88' lang='lat' dir='ltr'><strong>immortales</strong></span> 
     </span>
    </p>
   </div>
   <div class='ocr_carea' id='block_1_32' title="bbox 1947 1857 3546 1936">
    <p class='ocr_par' dir='ltr' id='par_1_32' title="bbox 1947 1857 3546 1936">
     <span class='ocr_line' id='line_1_32' title="bbox 1947 1857 3546 1936; baseline 0.008 -27"><span class='ocrx_word' id='word_1_241' title='bbox 1947 1864 2003 1910; x_wconf 90' lang='lat' dir='ltr'><strong>et</strong></span> <span class='ocrx_word' id='word_1_242' title='bbox 2043 1857 2156 1912; x_wconf 91' lang='lat' dir='ltr'><strong>dies</strong></span> <span class='ocrx_word' id='word_1_243' title='bbox 2184 1874 2469 1928; x_wconf 89' lang='lat' dir='ltr'><strong>perennes.</strong></span> <span class='ocrx_word' id='word_1_244' title='bbox 2518 1860 2629 1915; x_wconf 91' lang='lat' dir='ltr'><strong>lmo</strong></span> <span class='ocrx_word' id='word_1_245' title='bbox 2680 1862 2820 1917; x_wconf 92' lang='lat' dir='ltr'><strong>diem</strong></span> <span class='ocrx_word' id='word_1_246' title='bbox 2859 1879 3023 1917; x_wconf 89' lang='lat' dir='ltr'><strong>unum</strong></span> <span class='ocrx_word' id='word_1_247' title='bbox 3073 1865 3190 1920; x_wconf 87' lang='lat' dir='ltr'><strong>sine</strong></span> <span class='ocrx_word' id='word_1_248' title='bbox 3234 1881 3461 1936; x_wconf 89' lang='lat' dir='ltr'><strong>vespera</strong></span> <span class='ocrx_word' id='word_1_249' title='bbox 3491 1875 3546 1922; x_wconf 92' lang='lat' dir='ltr'><strong>et</strong></span> 
     </span>
    </p>
   </div>
   <div class='ocr_carea' id='block_1_33' title="bbox 254 1937 1842 2030">
    <p class='ocr_par' dir='ltr' id='par_1_33' title="bbox 254 1937 1842 2030">
     <span class='ocr_line' id='line_1_33' title="bbox 254 1937 1842 2030; baseline 0.012 -30"><span class='ocrx_word' id='word_1_250' title='bbox 254 1948 472 2016; x_wconf 86' lang='lat' dir='ltr'><strong>quidem</strong></span> <span class='ocrx_word' id='word_1_251' title='bbox 498 1951 908 2018; x_wconf 80' lang='lat' dir='ltr'><strong>praedicantem,</strong></span> <span class='ocrx_word' id='word_1_252' title='bbox 938 1955 1030 2010; x_wconf 92' lang='lat' dir='ltr'><strong>sed</strong></span> <span class='ocrx_word' id='word_1_253' title='bbox 1059 1955 1259 2012; x_wconf 89' lang='lat' dir='ltr'><strong>imitari</strong></span> <span class='ocrx_word' id='word_1_254' title='bbox 1289 1959 1480 2014; x_wconf 88' lang='lat' dir='ltr'><strong>nolunt</strong></span> <span class='ocrx_word' id='word_1_255' title='bbox 1507 1937 1842 2030; x_wconf 86' lang='lat' dir='ltr'><strong>operantem.</strong></span> 
     </span>
    </p>
   </div>
   <div class='ocr_carea' id='block_1_34' title="bbox 1947 1937 3542 2030">
    <p class='ocr_par' dir='ltr' id='par_1_34' title="bbox 1948 1949 3542 2026">
     <span class='ocr_line' id='line_1_34' title="bbox 1948 1949 3542 2026; baseline 0.007 -22"><span class='ocrx_word' id='word_1_256' title='bbox 1948 1949 2262 2006; x_wconf 86' lang='lat' dir='ltr'><strong>infinitum:</strong></span> <span class='ocrx_word' id='word_1_257' title='bbox 2294 1953 2436 2008; x_wconf 89' lang='lat' dir='ltr'><strong>diem</strong></span> <span class='ocrx_word' id='word_1_258' title='bbox 2485 1954 2628 2008; x_wconf 83' lang='lat' dir='ltr'><strong>felici</strong></span> <span class='ocrx_word' id='word_1_259' title='bbox 2672 1955 2868 2025; x_wconf 89' lang='lat' dir='ltr'><strong>gaudio</strong></span> <span class='ocrx_word' id='word_1_260' title='bbox 2913 1956 3146 2026; x_wconf 84' lang='lat' dir='ltr'><strong>plenum,</strong></span> <span class='ocrx_word' id='word_1_261' title='bbox 3197 1958 3542 2016; x_wconf 87' lang='lat' dir='ltr'><strong>indeficiente</strong></span> 
     </span>
    </p>
   </div>
   <div class='ocr_carea' id='block_1_35' title="bbox 253 2039 1844 2109">
    <p class='ocr_par' dir='ltr' id='par_1_35' title="bbox 253 2039 1844 2109">
     <span class='ocr_line' id='line_1_35' title="bbox 253 2039 1844 2109; baseline 0.01 -16"><span class='ocrx_word' id='word_1_262' title='bbox 253 2039 359 2107; x_wconf 83' lang='lat' dir='ltr'><strong>Qui</strong></span> <span class='ocrx_word' id='word_1_263' title='bbox 405 2056 513 2096; x_wconf 90' lang='lat' dir='ltr'><strong>non</strong></span> <span class='ocrx_word' id='word_1_264' title='bbox 562 2043 821 2098; x_wconf 91' lang='lat' dir='ltr'><strong>obediunt</strong></span> <span class='ocrx_word' id='word_1_265' title='bbox 860 2047 980 2100; x_wconf 86' lang='lat' dir='ltr'><strong>voci</strong></span> <span class='ocrx_word' id='word_1_266' title='bbox 1016 2047 1228 2102; x_wconf 90' lang='lat' dir='ltr'><strong>Domini</strong></span> <span class='ocrx_word' id='word_1_267' title='bbox 1274 2051 1502 2106; x_wconf 91' lang='lat' dir='ltr'><strong>dicentis</strong></span> <span class='ocrx_word' id='word_1_268' title='bbox 1535 2069 1548 2104; x_wconf 92' lang='lat'><strong>:</strong></span> <span class='ocrx_word' id='word_1_269' title='bbox 1581 2053 1786 2108; x_wconf 84' lang='lat' dir='ltr'><strong>Diverte</strong></span> <span class='ocrx_word' id='word_1_270' title='bbox 1811 2072 1844 2109; x_wconf 90' lang='lat' dir='ltr'><strong>a</strong></span> 
     </span>
    </p>
   </div>
   <div class='ocr_carea' id='block_1_36' title="bbox 256 2131 1839 2210">
    <p class='ocr_par' dir='ltr' id='par_1_36' title="bbox 256 2131 1839 2210">
     <span class='ocr_line' id='line_1_36' title="bbox 256 2131 1839 2210; baseline 0.008 -25"><span class='ocrx_word' id='word_1_271' title='bbox 256 2131 415 2197; x_wconf 88' lang='lat' dir='ltr'><strong>malo,</strong></span> <span class='ocrx_word' id='word_1_272' title='bbox 453 2142 501 2187; x_wconf 88' lang='lat' dir='ltr'><strong>et</strong></span> <span class='ocrx_word' id='word_1_273' title='bbox 525 2133 611 2202; x_wconf 78' lang='lat' dir='ltr'><strong>[ac</strong></span> <span class='ocrx_word' id='word_1_274' title='bbox 639 2135 830 2189; x_wconf 90' lang='lat' dir='ltr'><strong>bonum</strong></span> <span class='ocrx_word' id='word_1_275' title='bbox 866 2136 1046 2207; x_wconf 89' lang='lat' dir='ltr'><strong>(Psal.</strong></span> <span class='ocrx_word' id='word_1_276' title='bbox 1072 2138 1301 2210; x_wconf 83' lang='lat' dir='ltr'><strong>XXXIII).</strong></span> <span class='ocrx_word' id='word_1_277' title='bbox 1335 2141 1436 2207; x_wconf 89' lang='lat' dir='ltr'><strong>Qui</strong></span> <span class='ocrx_word' id='word_1_278' title='bbox 1465 2158 1572 2196; x_wconf 90' lang='lat' dir='ltr'><strong>non</strong></span> <span class='ocrx_word' id='word_1_279' title='bbox 1596 2144 1839 2209; x_wconf 86' lang='lat' dir='ltr'><strong>audiunt,</strong></span> 
     </span>
    </p>
   </div>
   <div class='ocr_carea' id='block_1_37' title="bbox 255 2224 1843 2301">
    <p class='ocr_par' dir='ltr' id='par_1_37' title="bbox 255 2224 1843 2301">
     <span class='ocr_line' id='line_1_37' title="bbox 255 2224 1843 2301; baseline 0.008 -22"><span class='ocrx_word' id='word_1_280' title='bbox 255 2224 596 2296; x_wconf 87' lang='lat' dir='ltr'><strong>Deponentes</strong></span> <span class='ocrx_word' id='word_1_281' title='bbox 624 2237 864 2283; x_wconf 91' lang='lat' dir='ltr'><strong>veterem</strong></span> <span class='ocrx_word' id='word_1_282' title='bbox 891 2230 1161 2286; x_wconf 90' lang='lat' dir='ltr'><strong>hominem</strong></span> <span class='ocrx_word' id='word_1_283' title='bbox 1209 2249 1331 2287; x_wconf 89' lang='lat' dir='ltr'><strong>cum</strong></span> <span class='ocrx_word' id='word_1_284' title='bbox 1359 2234 1569 2289; x_wconf 90' lang='lat' dir='ltr'><strong>actibus</strong></span> <span class='ocrx_word' id='word_1_285' title='bbox 1601 2236 1732 2301; x_wconf 91' lang='lat' dir='ltr'><strong>suis,</strong></span> <span class='ocrx_word' id='word_1_286' title='bbox 1762 2237 1843 2291; x_wconf 87' lang='lat' dir='ltr'><strong>in-</strong></span> 
     </span>
    </p>
   </div>
   <div class='ocr_carea' id='block_1_38' title="bbox 253 2315 1843 2396">
    <p class='ocr_par' dir='ltr' id='par_1_38' title="bbox 253 2315 1843 2396">
     <span class='ocr_line' id='line_1_38' title="bbox 253 2315 1843 2396; baseline 0.008 -26"><span class='ocrx_word' id='word_1_287' title='bbox 253 2315 404 2373; x_wconf 91' lang='lat' dir='ltr'><strong>duite</strong></span> <span class='ocrx_word' id='word_1_288' title='bbox 449 2333 680 2385; x_wconf 91' lang='lat' dir='ltr'><strong>novum,</strong></span> <span class='ocrx_word' id='word_1_289' title='bbox 732 2320 1158 2396; x_wconf 71' lang='lat' dir='ltr'><strong>quisecundum</strong></span> <span class='ocrx_word' id='word_1_290' title='bbox 1199 2324 1370 2378; x_wconf 90' lang='lat' dir='ltr'><strong>Deum</strong></span> <span class='ocrx_word' id='word_1_291' title='bbox 1404 2335 1618 2380; x_wconf 90' lang='lat' dir='ltr'><strong>creatus</strong></span> <span class='ocrx_word' id='word_1_292' title='bbox 1658 2335 1742 2382; x_wconf 87' lang='lat' dir='ltr'><strong>est</strong></span> <span class='ocrx_word' id='word_1_293' title='bbox 1788 2328 1843 2383; x_wconf 91' lang='lat' dir='ltr'><strong>in</strong></span> 
     </span>
    </p>
   </div>
   <div class='ocr_carea' id='block_1_39' title="bbox 254 2405 1845 2483">
    <p class='ocr_par' dir='ltr' id='par_1_39' title="bbox 254 2405 1845 2483">
     <span class='ocr_line' id='line_1_39' title="bbox 254 2405 1845 2483; baseline 0.009 -23"><span class='ocrx_word' id='word_1_294' title='bbox 254 2405 461 2475; x_wconf 85' lang='lat' dir='ltr'><strong>iustitia</strong></span> <span class='ocrx_word' id='word_1_295' title='bbox 507 2418 564 2464; x_wconf 90' lang='lat' dir='ltr'><strong>et</strong></span> <span class='ocrx_word' id='word_1_296' title='bbox 600 2411 1027 2469; x_wconf 73' lang='lat' dir='ltr'><strong>sanctificatione</strong></span> <span class='ocrx_word' id='word_1_297' title='bbox 1071 2415 1336 2472; x_wconf 82' lang='lat' dir='ltr'><strong>veritatis.</strong></span> <span class='ocrx_word' id='word_1_298' title='bbox 1370 2418 1473 2483; x_wconf 87' lang='lat' dir='ltr'><strong>Qui</strong></span> <span class='ocrx_word' id='word_1_299' title='bbox 1507 2434 1615 2474; x_wconf 89' lang='lat' dir='ltr'><strong>non</strong></span> <span class='ocrx_word' id='word_1_300' title='bbox 1645 2435 1845 2474; x_wconf 85' lang='lat' dir='ltr'><strong>renun-</strong></span> 
     </span>
    </p>
   </div>
   <div class='ocr_carea' id='block_1_40' title="bbox 254 2501 1841 2578">
    <p class='ocr_par' dir='ltr' id='par_1_40' title="bbox 254 2501 1841 2578">
     <span class='ocr_line' id='line_1_40' title="bbox 254 2501 1841 2578; baseline 0.008 -24"><span class='ocrx_word' id='word_1_301' title='bbox 254 2501 392 2556; x_wconf 88' lang='lat' dir='ltr'><strong>tiant</strong></span> <span class='ocrx_word' id='word_1_302' title='bbox 412 2503 609 2558; x_wconf 82' lang='lat' dir='ltr'><strong>saeculo</strong></span> <span class='ocrx_word' id='word_1_303' title='bbox 623 2513 677 2558; x_wconf 90' lang='lat' dir='ltr'><strong>et</strong></span> <span class='ocrx_word' id='word_1_304' title='bbox 693 2519 910 2560; x_wconf 91' lang='lat' dir='ltr'><strong>crucem</strong></span> <span class='ocrx_word' id='word_1_305' title='bbox 931 2515 1208 2576; x_wconf 89' lang='lat' dir='ltr'><strong>portantes</strong></span> <span class='ocrx_word' id='word_1_306' title='bbox 1226 2519 1526 2578; x_wconf 83' lang='lat' dir='ltr'><strong>sequuntur</strong></span> <span class='ocrx_word' id='word_1_307' title='bbox 1544 2510 1841 2567; x_wconf 82' lang='lat' dir='ltr'><strong>Christum.</strong></span> 
     </span>
    </p>
   </div>
   <div class='ocr_carea' id='block_1_41' title="bbox 330 2593 1838 2675">
    <p class='ocr_par' dir='ltr' id='par_1_41' title="bbox 330 2593 1838 2675">
     <span class='ocr_line' id='line_1_41' title="bbox 330 2593 1838 2675; baseline 0.008 -28"><span class='ocrx_word' id='word_1_308' title='bbox 330 2593 400 2647; x_wconf 90' lang='lat' dir='ltr'><strong>Et</strong></span> <span class='ocrx_word' id='word_1_309' title='bbox 426 2595 615 2649; x_wconf 90' lang='lat' dir='ltr'><strong>iterum</strong></span> <span class='ocrx_word' id='word_1_310' title='bbox 643 2613 662 2650; x_wconf 90' lang='lat'><strong><em>:</em></strong></span> <span class='ocrx_word' id='word_1_311' title='bbox 693 2596 796 2663; x_wconf 90' lang='lat' dir='ltr'><strong>Qui</strong></span> <span class='ocrx_word' id='word_1_312' title='bbox 821 2599 974 2653; x_wconf 81' lang='lat' dir='ltr'><strong>habet</strong></span> <span class='ocrx_word' id='word_1_313' title='bbox 1005 2617 1159 2655; x_wconf 87' lang='lat' dir='ltr'><strong>aures</strong></span> <span class='ocrx_word' id='word_1_314' title='bbox 1188 2602 1440 2656; x_wconf 85' lang='lat' dir='ltr'><strong>audiendi</strong></span> <span class='ocrx_word' id='word_1_315' title='bbox 1473 2602 1684 2675; x_wconf 80' lang='lat' dir='ltr'><strong>(Matth.</strong></span> <span class='ocrx_word' id='word_1_316' title='bbox 1720 2622 1838 2671; x_wconf 89' lang='lat' dir='ltr'><strong>XIII,</strong></span> 
     </span>
    </p>
   </div>
   <div class='ocr_carea' id='block_1_42' title="bbox 253 2684 1844 2770">
    <p class='ocr_par' dir='ltr' id='par_1_42' title="bbox 253 2684 1844 2770">
     <span class='ocr_line' id='line_1_42' title="bbox 253 2684 1844 2770; baseline 0.011 -32"><span class='ocrx_word' id='word_1_317' title='bbox 253 2684 426 2741; x_wconf 80' lang='lat' dir='ltr'><strong>Marc.</strong></span> <span class='ocrx_word' id='word_1_318' title='bbox 459 2704 534 2754; x_wconf 89' lang='lat' dir='ltr'><strong>Iv,</strong></span> <span class='ocrx_word' id='word_1_319' title='bbox 577 2689 704 2744; x_wconf 87' lang='lat' dir='ltr'><strong>Luc.</strong></span> <span class='ocrx_word' id='word_1_320' title='bbox 736 2690 878 2762; x_wconf 77' lang='lat' dir='ltr'><strong>vni).</strong></span> <span class='ocrx_word' id='word_1_321' title='bbox 911 2693 1086 2749; x_wconf 83' lang='lat' dir='ltr'><strong>Aures</strong></span> <span class='ocrx_word' id='word_1_322' title='bbox 1115 2695 1203 2750; x_wconf 92' lang='lat' dir='ltr'><strong>hic</strong></span> <span class='ocrx_word' id='word_1_323' title='bbox 1231 2697 1438 2762; x_wconf 90' lang='lat' dir='ltr'><strong>cordis,</strong></span> <span class='ocrx_word' id='word_1_324' title='bbox 1467 2714 1574 2753; x_wconf 90' lang='lat' dir='ltr'><strong>non</strong></span> <span class='ocrx_word' id='word_1_325' title='bbox 1600 2703 1844 2770; x_wconf 89' lang='lat' dir='ltr'><strong>corporis</strong></span> 
     </span>
    </p>
   </div>
   <div class='ocr_carea' id='block_1_43' title="bbox 252 2778 1841 2864">
    <p class='ocr_par' dir='ltr' id='par_1_43' title="bbox 252 2778 1841 2864">
     <span class='ocr_line' id='line_1_43' title="bbox 252 2778 1841 2864; baseline 0.011 -33"><span class='ocrx_word' id='word_1_326' title='bbox 252 2778 501 2846; x_wconf 89' lang='lat' dir='ltr'><strong>requirit.</strong></span> <span class='ocrx_word' id='word_1_327' title='bbox 533 2779 624 2835; x_wconf 91' lang='lat' dir='ltr'><strong>llle</strong></span> <span class='ocrx_word' id='word_1_328' title='bbox 669 2781 811 2836; x_wconf 88' lang='lat' dir='ltr'><strong>enim</strong></span> <span class='ocrx_word' id='word_1_329' title='bbox 858 2799 1019 2840; x_wconf 86' lang='lat' dir='ltr'><strong>aures</strong></span> <span class='ocrx_word' id='word_1_330' title='bbox 1066 2787 1316 2842; x_wconf 86' lang='lat' dir='ltr'><strong>audiendi</strong></span> <span class='ocrx_word' id='word_1_331' title='bbox 1357 2790 1539 2855; x_wconf 92' lang='lat' dir='ltr'><strong>habet,</strong></span> <span class='ocrx_word' id='word_1_332' title='bbox 1578 2793 1670 2860; x_wconf 88' lang='lat' dir='ltr'><strong>qui</strong></span> <span class='ocrx_word' id='word_1_333' title='bbox 1697 2795 1841 2864; x_wconf 92' lang='lat' dir='ltr'><strong>quod</strong></span> 
     </span>
    </p>
   </div>
   <div class='ocr_carea' id='block_1_44' title="bbox 252 2870 1842 2947">
    <p class='ocr_par' dir='ltr' id='par_1_44' title="bbox 252 2870 1842 2947">
     <span class='ocr_line' id='line_1_44' title="bbox 252 2870 1842 2947; baseline 0.011 -26"><span class='ocrx_word' id='word_1_334' title='bbox 252 2870 417 2924; x_wconf 87' lang='lat' dir='ltr'><strong>corde</strong></span> <span class='ocrx_word' id='word_1_335' title='bbox 439 2871 686 2942; x_wconf 83' lang='lat' dir='ltr'><strong>intelligit</strong></span> <span class='ocrx_word' id='word_1_336' title='bbox 707 2889 868 2944; x_wconf 90' lang='lat' dir='ltr'><strong>opere</strong></span> <span class='ocrx_word' id='word_1_337' title='bbox 892 2876 1092 2947; x_wconf 87' lang='lat' dir='ltr'><strong>implet.</strong></span> <span class='ocrx_word' id='word_1_338' title='bbox 1117 2877 1208 2934; x_wconf 92' lang='lat' dir='ltr'><strong>llle</strong></span> <span class='ocrx_word' id='word_1_339' title='bbox 1226 2895 1385 2936; x_wconf 88' lang='lat' dir='ltr'><strong>aures</strong></span> <span class='ocrx_word' id='word_1_340' title='bbox 1405 2883 1656 2938; x_wconf 79' lang='lat' dir='ltr'><strong>audiendi</strong></span> <span class='ocrx_word' id='word_1_341' title='bbox 1677 2885 1842 2941; x_wconf 87' lang='lat' dir='ltr'><strong>habet</strong></span> 
     </span>
    </p>
   </div>
   <div class='ocr_carea' id='block_1_45' title="bbox 253 2959 1842 3041">
    <p class='ocr_par' dir='ltr' id='par_1_45' title="bbox 253 2959 1842 3041">
     <span class='ocr_line' id='line_1_45' title="bbox 253 2959 1842 3041; baseline 0.011 -28"><span class='ocrx_word' id='word_1_342' title='bbox 253 2959 306 3013; x_wconf 91' lang='lat' dir='ltr'><strong>in</strong></span> <span class='ocrx_word' id='word_1_343' title='bbox 339 2961 518 3025; x_wconf 88' lang='lat' dir='ltr'><strong>corde,</strong></span> <span class='ocrx_word' id='word_1_344' title='bbox 557 2964 646 3033; x_wconf 92' lang='lat' dir='ltr'><strong>qui</strong></span> <span class='ocrx_word' id='word_1_345' title='bbox 683 2968 957 3022; x_wconf 65' lang='lat' dir='ltr'><strong>memoriae</strong></span> <span class='ocrx_word' id='word_1_346' title='bbox 1002 2985 1111 3023; x_wconf 73' lang='lat' dir='ltr'><strong>suae</strong></span> <span class='ocrx_word' id='word_1_347' title='bbox 1139 2981 1411 3041; x_wconf 69' lang='lat' dir='ltr'><strong>pmcepta</strong></span> <span class='ocrx_word' id='word_1_348' title='bbox 1443 2973 1654 3029; x_wconf 91' lang='lat' dir='ltr'><strong>Domini</strong></span> <span class='ocrx_word' id='word_1_349' title='bbox 1698 2993 1842 3032; x_wconf 92' lang='lat' dir='ltr'><strong>com-</strong></span> 
     </span>
    </p>
   </div>
   <div class='ocr_carea' id='block_1_46' title="bbox 250 3056 1842 3136">
    <p class='ocr_par' dir='ltr' id='par_1_46' title="bbox 250 3056 1842 3136">
     <span class='ocr_line' id='line_1_46' title="bbox 250 3056 1842 3136; baseline 0.012 -29"><span class='ocrx_word' id='word_1_350' title='bbox 250 3056 493 3122; x_wconf 89' lang='lat' dir='ltr'><strong>mendat,</strong></span> <span class='ocrx_word' id='word_1_351' title='bbox 520 3064 576 3111; x_wconf 90' lang='lat' dir='ltr'><strong>et</strong></span> <span class='ocrx_word' id='word_1_352' title='bbox 603 3061 976 3116; x_wconf 81' lang='lat' dir='ltr'><strong>commendata</strong></span> <span class='ocrx_word' id='word_1_353' title='bbox 1016 3079 1141 3117; x_wconf 92' lang='lat' dir='ltr'><strong>cum</strong></span> <span class='ocrx_word' id='word_1_354' title='bbox 1180 3064 1462 3136; x_wconf 89' lang='lat' dir='ltr'><strong>multiplici</strong></span> <span class='ocrx_word' id='word_1_355' title='bbox 1509 3066 1694 3124; x_wconf 89' lang='lat' dir='ltr'><strong>fenore</strong></span> <span class='ocrx_word' id='word_1_356' title='bbox 1738 3070 1842 3126; x_wconf 90' lang='lat' dir='ltr'><strong>Do-</strong></span> 
     </span>
    </p>
   </div>
   <div class='ocr_carea' id='block_1_47' title="bbox 251 3149 1841 3221">
    <p class='ocr_par' dir='ltr' id='par_1_47' title="bbox 251 3149 1841 3221">
     <span class='ocr_line' id='line_1_47' title="bbox 251 3149 1841 3221; baseline 0.012 -19"><span class='ocrx_word' id='word_1_357' title='bbox 251 3149 401 3204; x_wconf 88' lang='lat' dir='ltr'><strong>mino</strong></span> <span class='ocrx_word' id='word_1_358' title='bbox 455 3151 726 3208; x_wconf 90' lang='lat' dir='ltr'><strong>reddenda</strong></span> <span class='ocrx_word' id='word_1_359' title='bbox 774 3166 1034 3212; x_wconf 84' lang='lat' dir='ltr'><strong>reservat.</strong></span> <span class='ocrx_word' id='word_1_360' title='bbox 1087 3158 1179 3214; x_wconf 89' lang='lat' dir='ltr'><strong>llle</strong></span> <span class='ocrx_word' id='word_1_361' title='bbox 1224 3161 1476 3216; x_wconf 88' lang='lat' dir='ltr'><strong>audiendi</strong></span> <span class='ocrx_word' id='word_1_362' title='bbox 1518 3179 1623 3218; x_wconf 92' lang='lat' dir='ltr'><strong>non</strong></span> <span class='ocrx_word' id='word_1_363' title='bbox 1675 3165 1841 3221; x_wconf 86' lang='lat' dir='ltr'><strong>habet</strong></span> 
     </span>
    </p>
   </div>
   <div class='ocr_carea' id='block_1_48' title="bbox 251 3242 1838 3324">
    <p class='ocr_par' dir='ltr' id='par_1_48' title="bbox 251 3242 1838 3324">
     <span class='ocr_line' id='line_1_48' title="bbox 251 3242 1838 3324; baseline 0.013 -32"><span class='ocrx_word' id='word_1_364' title='bbox 251 3254 434 3305; x_wconf 88' lang='lat' dir='ltr'><strong>aures,</strong></span> <span class='ocrx_word' id='word_1_365' title='bbox 465 3242 556 3311; x_wconf 90' lang='lat' dir='ltr'><strong>qui</strong></span> <span class='ocrx_word' id='word_1_366' title='bbox 605 3243 812 3299; x_wconf 89' lang='lat' dir='ltr'><strong>Domini</strong></span> <span class='ocrx_word' id='word_1_367' title='bbox 861 3248 1113 3303; x_wconf 89' lang='lat' dir='ltr'><strong>mandata</strong></span> <span class='ocrx_word' id='word_1_368' title='bbox 1166 3266 1266 3306; x_wconf 93' lang='lat' dir='ltr'><strong>nec</strong></span> <span class='ocrx_word' id='word_1_369' title='bbox 1313 3254 1574 3308; x_wconf 88' lang='lat' dir='ltr'><strong>memoria</strong></span> <span class='ocrx_word' id='word_1_370' title='bbox 1620 3257 1838 3324; x_wconf 89' lang='lat' dir='ltr'><strong>retinet,</strong></span> 
     </span>
    </p>
   </div>
   <div class='ocr_carea' id='block_1_49' title="bbox 249 3337 1842 3414">
    <p class='ocr_par' dir='ltr' id='par_1_49' title="bbox 249 3337 1842 3414">
     <span class='ocr_line' id='line_1_49' title="bbox 249 3337 1842 3414; baseline 0.012 -27"><span class='ocrx_word' id='word_1_371' title='bbox 249 3348 354 3389; x_wconf 89' lang='lat' dir='ltr'><strong>nec</strong></span> <span class='ocrx_word' id='word_1_372' title='bbox 399 3337 653 3406; x_wconf 85' lang='lat' dir='ltr'><strong>operibus</strong></span> <span class='ocrx_word' id='word_1_373' title='bbox 704 3339 910 3410; x_wconf 88' lang='lat' dir='ltr'><strong>implet,</strong></span> <span class='ocrx_word' id='word_1_374' title='bbox 962 3357 1062 3398; x_wconf 90' lang='lat' dir='ltr'><strong>nec</strong></span> <span class='ocrx_word' id='word_1_375' title='bbox 1107 3345 1352 3400; x_wconf 86' lang='lat' dir='ltr'><strong>recondit</strong></span> <span class='ocrx_word' id='word_1_376' title='bbox 1405 3347 1459 3400; x_wconf 90' lang='lat' dir='ltr'><strong>in</strong></span> <span class='ocrx_word' id='word_1_377' title='bbox 1509 3348 1692 3414; x_wconf 87' lang='lat' dir='ltr'><strong>corde,</strong></span> <span class='ocrx_word' id='word_1_378' title='bbox 1743 3365 1842 3406; x_wconf 89' lang='lat' dir='ltr'><strong>nec</strong></span> 
     </span>
    </p>
   </div>
   <div class='ocr_carea' id='block_1_50' title="bbox 248 3429 762 3500">
    <p class='ocr_par' dir='ltr' id='par_1_50' title="bbox 248 3429 762 3500">
     <span class='ocr_line' id='line_1_50' title="bbox 248 3429 762 3500; baseline 0.008 -19"><span class='ocrx_word' id='word_1_379' title='bbox 248 3436 469 3484; x_wconf 80' lang='lat' dir='ltr'><strong>exercet</strong></span> <span class='ocrx_word' id='word_1_380' title='bbox 498 3429 552 3484; x_wconf 92' lang='lat' dir='ltr'><strong>in</strong></span> <span class='ocrx_word' id='word_1_381' title='bbox 581 3445 762 3500; x_wconf 90' lang='lat' dir='ltr'><strong>opere.</strong></span> 
     </span>
    </p>
   </div>
   <div class='ocr_carea' id='block_1_51' title="bbox 325 3520 1841 3603">
    <p class='ocr_par' dir='ltr' id='par_1_51' title="bbox 325 3520 1841 3603">
     <span class='ocr_line' id='line_1_51' title="bbox 325 3520 1841 3603; baseline 0.01 -29"><span class='ocrx_word' id='word_1_382' title='bbox 325 3520 519 3576; x_wconf 83' lang='lat' dir='ltr'><strong>Audiat</strong></span> <span class='ocrx_word' id='word_1_383' title='bbox 544 3523 671 3595; x_wconf 85' lang='lat' dir='ltr'><strong>quid</strong></span> <span class='ocrx_word' id='word_1_384' title='bbox 698 3521 927 3593; x_wconf 81' lang='lat' dir='ltr'><strong>Spiritus</strong></span> <span class='ocrx_word' id='word_1_385' title='bbox 949 3526 1090 3581; x_wconf 86' lang='lat' dir='ltr'><strong>dicat</strong></span> <span class='ocrx_word' id='word_1_386' title='bbox 1122 3526 1376 3584; x_wconf 83' lang='lat' dir='ltr'><strong>Ecclesiis</strong></span> <span class='ocrx_word' id='word_1_387' title='bbox 1404 3530 1588 3602; x_wconf 87' lang='lat' dir='ltr'><strong>(Apoc.</strong></span> <span class='ocrx_word' id='word_1_388' title='bbox 1615 3531 1697 3603; x_wconf 92' lang='lat' dir='ltr'><strong>II).</strong></span> <span class='ocrx_word' id='word_1_389' title='bbox 1728 3533 1841 3589; x_wconf 81' lang='lat' dir='ltr'><strong>Au-</strong></span> 
     </span>
    </p>
   </div>
   <div class='ocr_carea' id='block_1_52' title="bbox 247 3613 1839 3695">
    <p class='ocr_par' dir='ltr' id='par_1_52' title="bbox 247 3613 1839 3695">
     <span class='ocr_line' id='line_1_52' title="bbox 247 3613 1839 3695; baseline 0.009 -28"><span class='ocrx_word' id='word_1_390' title='bbox 247 3613 360 3667; x_wconf 90' lang='lat' dir='ltr'><strong>diat</strong></span> <span class='ocrx_word' id='word_1_391' title='bbox 408 3614 556 3681; x_wconf 88' lang='lat' dir='ltr'><strong>dicit,</strong></span> <span class='ocrx_word' id='word_1_392' title='bbox 610 3616 663 3672; x_wconf 93' lang='lat' dir='ltr'><strong>id</strong></span> <span class='ocrx_word' id='word_1_393' title='bbox 711 3626 811 3682; x_wconf 90' lang='lat' dir='ltr'><strong>est,</strong></span> <span class='ocrx_word' id='word_1_394' title='bbox 861 3618 1143 3692; x_wconf 85' lang='lat' dir='ltr'><strong>intelligat.</strong></span> <span class='ocrx_word' id='word_1_395' title='bbox 1192 3620 1333 3686; x_wconf 83' lang='lat' dir='ltr'><strong>Quid</strong></span> <span class='ocrx_word' id='word_1_396' title='bbox 1371 3621 1626 3693; x_wconf 72' lang='lat' dir='ltr'><strong>Spiritus,</strong></span> <span class='ocrx_word' id='word_1_397' title='bbox 1655 3625 1709 3680; x_wconf 92' lang='lat' dir='ltr'><strong>id</strong></span> <span class='ocrx_word' id='word_1_398' title='bbox 1737 3637 1839 3695; x_wconf 88' lang='lat' dir='ltr'><strong>est,</strong></span> 
     </span>
    </p>
   </div>
   <div class='ocr_carea' id='block_1_53' title="bbox 247 3706 1843 3786">
    <p class='ocr_par' dir='ltr' id='par_1_53' title="bbox 247 3706 1843 3786">
     <span class='ocr_line' id='line_1_53' title="bbox 247 3706 1843 3786; baseline 0.008 -25"><span class='ocrx_word' id='word_1_399' title='bbox 247 3706 489 3777; x_wconf 89' lang='lat' dir='ltr'><strong>Spiritus</strong></span> <span class='ocrx_word' id='word_1_400' title='bbox 531 3710 892 3781; x_wconf 89' lang='lat' dir='ltr'><strong>omnipotens,</strong></span> <span class='ocrx_word' id='word_1_401' title='bbox 943 3710 1180 3784; x_wconf 88' lang='lat' dir='ltr'><strong>Spiritus</strong></span> <span class='ocrx_word' id='word_1_402' title='bbox 1207 3723 1445 3779; x_wconf 91' lang='lat' dir='ltr'><strong>sanctus,</strong></span> <span class='ocrx_word' id='word_1_403' title='bbox 1491 3714 1726 3786; x_wconf 90' lang='lat' dir='ltr'><strong>Spiritus</strong></span> <span class='ocrx_word' id='word_1_404' title='bbox 1753 3719 1843 3774; x_wconf 92' lang='lat' dir='ltr'><strong>ille</strong></span> 
     </span>
    </p>
   </div>
   <div class='ocr_carea' id='block_1_54' title="bbox 248 3803 1844 3880">
    <p class='ocr_par' dir='ltr' id='par_1_54' title="bbox 248 3803 1844 3880">
     <span class='ocr_line' id='line_1_54' title="bbox 248 3803 1844 3880; baseline 0.007 -25"><span class='ocrx_word' id='word_1_405' title='bbox 248 3803 344 3871; x_wconf 91' lang='lat' dir='ltr'><strong>qui</strong></span> <span class='ocrx_word' id='word_1_406' title='bbox 389 3803 758 3859; x_wconf 90' lang='lat' dir='ltr'><strong>testimonium</strong></span> <span class='ocrx_word' id='word_1_407' title='bbox 808 3805 985 3861; x_wconf 90' lang='lat' dir='ltr'><strong>reddit</strong></span> <span class='ocrx_word' id='word_1_408' title='bbox 1013 3808 1226 3878; x_wconf 77' lang='lat' dir='ltr'><strong>Spiritui</strong></span> <span class='ocrx_word' id='word_1_409' title='bbox 1265 3817 1456 3864; x_wconf 86' lang='lat' dir='ltr'><strong>nostro</strong></span> <span class='ocrx_word' id='word_1_410' title='bbox 1486 3811 1627 3880; x_wconf 91' lang='lat' dir='ltr'><strong>quod</strong></span> <span class='ocrx_word' id='word_1_411' title='bbox 1658 3827 1844 3868; x_wconf 82' lang='lat' dir='ltr'><strong>sumus</strong></span> 
     </span>
    </p>
   </div>
   <div class='ocr_carea' id='block_1_55' title="bbox 245 3893 1839 3973">
    <p class='ocr_par' dir='ltr' id='par_1_55' title="bbox 245 3893 1839 3973">
     <span class='ocr_line' id='line_1_55' title="bbox 245 3893 1839 3973; baseline 0.009 -27"><span class='ocrx_word' id='word_1_412' title='bbox 245 3893 344 3947; x_wconf 84' lang='lat' dir='ltr'><strong>ﬁlii</strong></span> <span class='ocrx_word' id='word_1_413' title='bbox 374 3893 488 3958; x_wconf 88' lang='lat' dir='ltr'><strong>Dei,</strong></span> <span class='ocrx_word' id='word_1_414' title='bbox 520 3905 575 3950; x_wconf 89' lang='lat' dir='ltr'><strong>et</strong></span> <span class='ocrx_word' id='word_1_415' title='bbox 595 3897 660 3951; x_wconf 88' lang='lat' dir='ltr'><strong>de</strong></span> <span class='ocrx_word' id='word_1_416' title='bbox 683 3913 790 3967; x_wconf 93' lang='lat' dir='ltr'><strong>quo</strong></span> <span class='ocrx_word' id='word_1_417' title='bbox 818 3898 1108 3969; x_wconf 84' lang='lat' dir='ltr'><strong>Apostolus</strong></span> <span class='ocrx_word' id='word_1_418' title='bbox 1133 3901 1211 3955; x_wconf 90' lang='lat' dir='ltr'><strong>ait</strong></span> <span class='ocrx_word' id='word_1_419' title='bbox 1236 3919 1248 3955; x_wconf 88' lang='lat'>:</span> <span class='ocrx_word' id='word_1_420' title='bbox 1277 3901 1547 3972; x_wconf 82' lang='lat' dir='ltr'><strong>Templum</strong></span> <span class='ocrx_word' id='word_1_421' title='bbox 1572 3903 1671 3958; x_wconf 87' lang='lat' dir='ltr'><strong>Dei</strong></span> <span class='ocrx_word' id='word_1_422' title='bbox 1695 3908 1839 3973; x_wconf 86' lang='lat' dir='ltr'><strong>estis,</strong></span> 
     </span>
    </p>
   </div>
   <div class='ocr_carea' id='block_1_56' title="bbox 245 3987 1838 4067">
    <p class='ocr_par' dir='ltr' id='par_1_56' title="bbox 245 3987 1838 4067">
     <span class='ocr_line' id='line_1_56' title="bbox 245 3987 1838 4067; baseline 0.009 -27"><span class='ocrx_word' id='word_1_423' title='bbox 245 3995 296 4041; x_wconf 89' lang='lat' dir='ltr'><strong>et</strong></span> <span class='ocrx_word' id='word_1_424' title='bbox 322 3987 552 4059; x_wconf 86' lang='lat' dir='ltr'><strong>Spiritus</strong></span> <span class='ocrx_word' id='word_1_425' title='bbox 572 4001 784 4047; x_wconf 87' lang='lat' dir='ltr'><strong>sanctus</strong></span> <span class='ocrx_word' id='word_1_426' title='bbox 808 3993 1010 4046; x_wconf 85' lang='lat' dir='ltr'><strong>habitat</strong></span> <span class='ocrx_word' id='word_1_427' title='bbox 1030 3994 1085 4048; x_wconf 86' lang='lat' dir='ltr'><strong>in</strong></span> <span class='ocrx_word' id='word_1_428' title='bbox 1112 3994 1252 4050; x_wconf 83' lang='lat' dir='ltr'><strong>vobis</strong></span> <span class='ocrx_word' id='word_1_429' title='bbox 1278 3995 1327 4067; x_wconf 90' lang='grc'><strong>(1</strong></span> <span class='ocrx_word' id='word_1_430' title='bbox 1357 3995 1478 4050; x_wconf 91' lang='lat' dir='ltr'><strong>Cor.</strong></span> <span class='ocrx_word' id='word_1_431' title='bbox 1504 4013 1596 4063; x_wconf 90' lang='grc' dir='ltr'>ιιι;</span> <span class='ocrx_word' id='word_1_432' title='bbox 1626 3998 1690 4053; x_wconf 91' lang='lat' dir='ltr'><strong><em>II</em></strong></span> <span class='ocrx_word' id='word_1_433' title='bbox 1716 3998 1838 4054; x_wconf 87' lang='lat' dir='ltr'><strong>Cor.</strong></span> 
     </span>
    </p>
   </div>
   <div class='ocr_carea' id='block_1_57' title="bbox 244 4076 1844 4157">
    <p class='ocr_par' dir='ltr' id='par_1_57' title="bbox 244 4076 1844 4157">
     <span class='ocr_line' id='line_1_57' title="bbox 244 4076 1844 4157; baseline 0.008 -25"><span class='ocrx_word' id='word_1_434' title='bbox 244 4076 385 4148; x_wconf 79' lang='lat' dir='ltr'><strong>va).</strong></span> <span class='ocrx_word' id='word_1_435' title='bbox 419 4077 654 4147; x_wconf 90' lang='lat' dir='ltr'><strong>Spiritus</strong></span> <span class='ocrx_word' id='word_1_436' title='bbox 694 4090 914 4137; x_wconf 88' lang='lat' dir='ltr'><strong>sanctus</strong></span> <span class='ocrx_word' id='word_1_437' title='bbox 944 4083 1143 4138; x_wconf 91' lang='lat' dir='ltr'><strong>dicitur</strong></span> <span class='ocrx_word' id='word_1_438' title='bbox 1171 4087 1465 4141; x_wconf 91' lang='lat' dir='ltr'><strong>secundum</strong></span> <span class='ocrx_word' id='word_1_439' title='bbox 1494 4088 1548 4142; x_wconf 91' lang='lat' dir='ltr'><strong>id</strong></span> <span class='ocrx_word' id='word_1_440' title='bbox 1575 4090 1720 4157; x_wconf 88' lang='lat' dir='ltr'><strong>quod</strong></span> <span class='ocrx_word' id='word_1_441' title='bbox 1747 4091 1844 4146; x_wconf 72' lang='lat' dir='ltr'><strong>ali~</strong></span> 
     </span>
    </p>
   </div>
   <div class='ocr_carea' id='block_1_58' title="bbox 245 4171 1838 4251">
    <p class='ocr_par' dir='ltr' id='par_1_58' title="bbox 245 4171 1838 4251">
     <span class='ocr_line' id='line_1_58' title="bbox 245 4171 1838 4251; baseline 0.011 -29"><span class='ocrx_word' id='word_1_442' title='bbox 245 4171 378 4238; x_wconf 89' lang='lat' dir='ltr'><strong>quid</strong></span> <span class='ocrx_word' id='word_1_443' title='bbox 404 4171 590 4241; x_wconf 88' lang='lat' dir='ltr'><strong>spirat.</strong></span> <span class='ocrx_word' id='word_1_444' title='bbox 619 4172 743 4228; x_wconf 86' lang='lat' dir='ltr'><strong>Ideo</strong></span> <span class='ocrx_word' id='word_1_445' title='bbox 769 4183 950 4230; x_wconf 89' lang='lat' dir='ltr'><strong>autem</strong></span> <span class='ocrx_word' id='word_1_446' title='bbox 975 4175 1209 4247; x_wconf 91' lang='lat' dir='ltr'><strong>Spiritus</strong></span> <span class='ocrx_word' id='word_1_447' title='bbox 1230 4179 1324 4233; x_wconf 90' lang='lat' dir='ltr'><strong>Dei</strong></span> <span class='ocrx_word' id='word_1_448' title='bbox 1348 4188 1565 4236; x_wconf 89' lang='lat' dir='ltr'><strong>sanctus</strong></span> <span class='ocrx_word' id='word_1_449' title='bbox 1590 4192 1838 4251; x_wconf 89' lang='lat' dir='ltr'><strong>vocatur,</strong></span> 
     </span>
    </p>
   </div>
   <div class='ocr_carea' id='block_1_59' title="bbox 245 4264 1843 4334">
    <p class='ocr_par' dir='ltr' id='par_1_59' title="bbox 245 4264 1843 4334">
     <span class='ocr_line' id='line_1_59' title="bbox 245 4264 1843 4334; baseline 0.012 -18"><span class='ocrx_word' id='word_1_450' title='bbox 245 4264 374 4334; x_wconf 90' lang='lat' dir='ltr'><strong>quia</strong></span> <span class='ocrx_word' id='word_1_451' title='bbox 393 4264 571 4322; x_wconf 88' lang='lat' dir='ltr'><strong>Patris</strong></span> <span class='ocrx_word' id='word_1_452' title='bbox 587 4276 641 4324; x_wconf 91' lang='lat' dir='ltr'><strong>et</strong></span> <span class='ocrx_word' id='word_1_453' title='bbox 656 4268 777 4324; x_wconf 87' lang='lat' dir='ltr'><strong>Filii</strong></span> <span class='ocrx_word' id='word_1_454' title='bbox 795 4272 1056 4327; x_wconf 86' lang='lat' dir='ltr'><strong>sanctitas</strong></span> <span class='ocrx_word' id='word_1_455' title='bbox 1070 4281 1172 4328; x_wconf 87' lang='lat' dir='ltr'><strong>est.</strong></span> <span class='ocrx_word' id='word_1_456' title='bbox 1202 4271 1339 4328; x_wconf 82' lang='lat' dir='ltr'><strong>Nam</strong></span> <span class='ocrx_word' id='word_1_457' title='bbox 1357 4289 1480 4328; x_wconf 90' lang='lat' dir='ltr'><strong>eum</strong></span> <span class='ocrx_word' id='word_1_458' title='bbox 1511 4275 1581 4330; x_wconf 89' lang='lat' dir='ltr'><strong>sit</strong></span> <span class='ocrx_word' id='word_1_459' title='bbox 1601 4285 1655 4332; x_wconf 91' lang='lat' dir='ltr'><strong>et</strong></span> <span class='ocrx_word' id='word_1_460' title='bbox 1681 4277 1843 4334; x_wconf 86' lang='lat' dir='ltr'><strong>Pater</strong></span> 
     </span>
    </p>
   </div>
   <div class='ocr_carea' id='block_1_60' title="bbox 245 4357 1839 4433">
    <p class='ocr_par' dir='ltr' id='par_1_60' title="bbox 245 4357 1839 4433">
     <span class='ocr_line' id='line_1_60' title="bbox 245 4357 1839 4433; baseline 0.009 -22"><span class='ocrx_word' id='word_1_461' title='bbox 245 4357 493 4426; x_wconf 87' lang='lat' dir='ltr'><strong>spiritus,</strong></span> <span class='ocrx_word' id='word_1_462' title='bbox 517 4369 571 4415; x_wconf 89' lang='lat' dir='ltr'><strong>et</strong></span> <span class='ocrx_word' id='word_1_463' title='bbox 596 4359 766 4417; x_wconf 89' lang='lat' dir='ltr'><strong>Filius</strong></span> <span class='ocrx_word' id='word_1_464' title='bbox 787 4363 1027 4433; x_wconf 90' lang='lat' dir='ltr'><strong>spiritus,</strong></span> <span class='ocrx_word' id='word_1_465' title='bbox 1059 4372 1115 4419; x_wconf 89' lang='lat' dir='ltr'><strong>et</strong></span> <span class='ocrx_word' id='word_1_466' title='bbox 1138 4363 1304 4420; x_wconf 87' lang='lat' dir='ltr'><strong>Pater</strong></span> <span class='ocrx_word' id='word_1_467' title='bbox 1325 4375 1564 4432; x_wconf 88' lang='lat' dir='ltr'><strong>sanctus,</strong></span> <span class='ocrx_word' id='word_1_468' title='bbox 1593 4377 1647 4424; x_wconf 91' lang='lat' dir='ltr'><strong>et</strong></span> <span class='ocrx_word' id='word_1_469' title='bbox 1671 4368 1839 4426; x_wconf 84' lang='lat' dir='ltr'><strong>Filius</strong></span> 
     </span>
    </p>
   </div>
   <div class='ocr_carea' id='block_1_61' title="bbox 246 4453 1836 4530">
    <p class='ocr_par' dir='ltr' id='par_1_61' title="bbox 246 4453 1836 4530">
     <span class='ocr_line' id='line_1_61' title="bbox 246 4453 1836 4530; baseline 0.009 -26"><span class='ocrx_word' id='word_1_470' title='bbox 246 4459 486 4515; x_wconf 87' lang='lat' dir='ltr'><strong>sanctus,</strong></span> <span class='ocrx_word' id='word_1_471' title='bbox 515 4453 733 4522; x_wconf 88' lang='lat' dir='ltr'><strong>proprie</strong></span> <span class='ocrx_word' id='word_1_472' title='bbox 757 4461 936 4509; x_wconf 89' lang='lat' dir='ltr'><strong>tamen</strong></span> <span class='ocrx_word' id='word_1_473' title='bbox 957 4455 1073 4526; x_wconf 89' lang='lat' dir='ltr'><strong>ipse</strong></span> <span class='ocrx_word' id='word_1_474' title='bbox 1091 4465 1315 4512; x_wconf 90' lang='lat' dir='ltr'><strong>vocatur</strong></span> <span class='ocrx_word' id='word_1_475' title='bbox 1338 4457 1576 4528; x_wconf 90' lang='lat' dir='ltr'><strong>Spiritus</strong></span> <span class='ocrx_word' id='word_1_476' title='bbox 1596 4471 1836 4530; x_wconf 91' lang='lat' dir='ltr'><strong>sanctus,</strong></span> 
     </span>
    </p>
   </div>
   <div class='ocr_carea' id='block_1_62' title="bbox 245 4547 1835 4614">
    <p class='ocr_par' dir='ltr' id='par_1_62' title="bbox 245 4547 1835 4614">
     <span class='ocr_line' id='line_1_62' title="bbox 245 4547 1835 4614; baseline 0.008 -16"><span class='ocrx_word' id='word_1_477' title='bbox 245 4551 505 4614; x_wconf 88' lang='lat' dir='ltr'><strong>tanquam</strong></span> <span class='ocrx_word' id='word_1_478' title='bbox 572 4547 830 4603; x_wconf 90' lang='lat' dir='ltr'><strong>sanctitas</strong></span> <span class='ocrx_word' id='word_1_479' title='bbox 878 4556 934 4603; x_wconf 88' lang='lat' dir='ltr'><strong>et</strong></span> <span class='ocrx_word' id='word_1_480' title='bbox 987 4551 1466 4609; x_wconf 77' lang='lat' dir='ltr'><strong>consubstantialis</strong></span> <span class='ocrx_word' id='word_1_481' title='bbox 1529 4556 1835 4612; x_wconf 90' lang='lat' dir='ltr'><strong>amborum.</strong></span> 
     </span>
    </p>
   </div>
   <div class='ocr_carea' id='block_1_63' title="bbox 246 4633 1918 4728">
    <p class='ocr_par' dir='ltr' id='par_1_63' title="bbox 246 4633 1918 4728">
     <span class='ocr_line' id='line_1_63' title="bbox 246 4633 1918 4728; baseline 0.008 -39"><span class='ocrx_word' id='word_1_482' title='bbox 246 4633 491 4690; x_wconf 87' lang='lat' dir='ltr'><strong>Ecclesia</strong></span> <span class='ocrx_word' id='word_1_483' title='bbox 515 4634 762 4692; x_wconf 65' lang='lat' dir='ltr'><strong>Graecum</strong></span> <span class='ocrx_word' id='word_1_484' title='bbox 792 4645 894 4702; x_wconf 88' lang='lat' dir='ltr'><strong>est,</strong></span> <span class='ocrx_word' id='word_1_485' title='bbox 919 4641 1062 4710; x_wconf 93' lang='lat' dir='ltr'><strong>quod</strong></span> <span class='ocrx_word' id='word_1_486' title='bbox 1091 4641 1145 4696; x_wconf 92' lang='lat' dir='ltr'><strong>in</strong></span> <span class='ocrx_word' id='word_1_487' title='bbox 1170 4641 1423 4696; x_wconf 90' lang='lat' dir='ltr'><strong>Latinum</strong></span> <span class='ocrx_word' id='word_1_488' title='bbox 1452 4645 1684 4699; x_wconf 88' lang='lat' dir='ltr'><strong>vertitur</strong></span> <span class='ocrx_word' id='word_1_489' title='bbox 1709 4663 1840 4702; x_wconf 88' lang='lat' dir='ltr'><strong>con-</strong></span> <span class='ocrx_word' id='word_1_490' title='bbox 1862 4667 1918 4728; x_wconf 81' lang='lat' dir='ltr'><strong>D</strong></span> 
     </span>
    </p>
   </div>
   <div class='ocr_carea' id='block_1_64' title="bbox 243 4729 1836 4803">
    <p class='ocr_par' dir='ltr' id='par_1_64' title="bbox 243 4729 1836 4803">
     <span class='ocr_line' id='line_1_64' title="bbox 243 4729 1836 4803; baseline 0.007 -22"><span class='ocrx_word' id='word_1_491' title='bbox 243 4729 483 4795; x_wconf 87' lang='lat' dir='ltr'><strong>vocatio,</strong></span> <span class='ocrx_word' id='word_1_492' title='bbox 505 4739 788 4802; x_wconf 86' lang='lat' dir='ltr'><strong>propterea</strong></span> <span class='ocrx_word' id='word_1_493' title='bbox 812 4733 953 4802; x_wconf 91' lang='lat' dir='ltr'><strong>quod</strong></span> <span class='ocrx_word' id='word_1_494' title='bbox 978 4747 1165 4788; x_wconf 91' lang='lat' dir='ltr'><strong>omnes</strong></span> <span class='ocrx_word' id='word_1_495' title='bbox 1189 4734 1255 4789; x_wconf 88' lang='lat' dir='ltr'><strong>ad</strong></span> <span class='ocrx_word' id='word_1_496' title='bbox 1279 4751 1337 4790; x_wconf 92' lang='lat' dir='ltr'><strong>se</strong></span> <span class='ocrx_word' id='word_1_497' title='bbox 1361 4743 1533 4801; x_wconf 82' lang='lat' dir='ltr'><strong>vocet.</strong></span> <span class='ocrx_word' id='word_1_498' title='bbox 1559 4736 1689 4803; x_wconf 63' lang='lat' dir='ltr'><strong>Qum</strong></span> <span class='ocrx_word' id='word_1_499' title='bbox 1712 4753 1836 4792; x_wconf 85' lang='lat' dir='ltr'><strong>cum</strong></span> 
     </span>
    </p>
   </div>
   <div class='ocr_carea' id='block_1_65' title="bbox 244 4822 1836 4892">
    <p class='ocr_par' dir='ltr' id='par_1_65' title="bbox 244 4822 1836 4892">
     <span class='ocr_line' id='line_1_65' title="bbox 244 4822 1836 4892; baseline 0.006 -17"><span class='ocrx_word' id='word_1_500' title='bbox 244 4836 353 4875; x_wconf 87' lang='lat' dir='ltr'><strong>una</strong></span> <span class='ocrx_word' id='word_1_501' title='bbox 404 4822 494 4888; x_wconf 90' lang='lat' dir='ltr'><strong>sit,</strong></span> <span class='ocrx_word' id='word_1_502' title='bbox 532 4824 876 4889; x_wconf 89' lang='lat' dir='ltr'><strong>universalis,</strong></span> <span class='ocrx_word' id='word_1_503' title='bbox 924 4826 977 4881; x_wconf 93' lang='lat' dir='ltr'><strong>id</strong></span> <span class='ocrx_word' id='word_1_504' title='bbox 1019 4835 1102 4882; x_wconf 89' lang='lat' dir='ltr'><strong>est</strong></span> <span class='ocrx_word' id='word_1_505' title='bbox 1136 4827 1420 4892; x_wconf 89' lang='lat' dir='ltr'><strong>catholica,</strong></span> <span class='ocrx_word' id='word_1_506' title='bbox 1455 4844 1485 4883; x_wconf 90' lang='lat' dir='ltr'><strong>a</strong></span> <span class='ocrx_word' id='word_1_507' title='bbox 1525 4827 1734 4885; x_wconf 87' lang='lat' dir='ltr'><strong>Joanne</strong></span> <span class='ocrx_word' id='word_1_508' title='bbox 1780 4830 1836 4885; x_wconf 91' lang='lat' dir='ltr'><strong>in</strong></span> 
     </span>
    </p>
   </div>
   <div class='ocr_carea' id='block_1_66' title="bbox 245 4913 1837 4992">
    <p class='ocr_par' dir='ltr' id='par_1_66' title="bbox 245 4913 1837 4992">
     <span class='ocr_line' id='line_1_66' title="bbox 245 4913 1837 4992; baseline 0.005 -23"><span class='ocrx_word' id='word_1_509' title='bbox 245 4913 570 4986; x_wconf 76' lang='lat' dir='ltr'><strong>Apocalypsi</strong></span> <span class='ocrx_word' id='word_1_510' title='bbox 598 4915 751 4990; x_wconf 90' lang='lat' dir='ltr'><strong>(Cap.</strong></span> <span class='ocrx_word' id='word_1_511' title='bbox 783 4917 823 4990; x_wconf 94' lang='lat' dir='ltr'><strong>I)</strong></span> <span class='ocrx_word' id='word_1_512' title='bbox 855 4928 1060 4988; x_wconf 85' lang='lat' dir='ltr'><strong>septem</strong></span> <span class='ocrx_word' id='word_1_513' title='bbox 1099 4919 1410 4975; x_wconf 89' lang='lat' dir='ltr'><strong>scribuntur</strong></span> <span class='ocrx_word' id='word_1_514' title='bbox 1437 4920 1693 4976; x_wconf 65' lang='lat' dir='ltr'><strong>Ecclesia:</strong></span> <span class='ocrx_word' id='word_1_515' title='bbox 1713 4937 1837 4992; x_wconf 90' lang='lat' dir='ltr'><strong>pro-</strong></span> 
     </span>
    </p>
   </div>
   <div class='ocr_carea' id='block_1_67' title="bbox 244 5006 1834 5085">
    <p class='ocr_par' dir='ltr' id='par_1_67' title="bbox 244 5006 1834 5085">
     <span class='ocr_line' id='line_1_67' title="bbox 244 5006 1834 5085; baseline 0.005 -24"><span class='ocrx_word' id='word_1_516' title='bbox 244 5015 369 5076; x_wconf 88' lang='lat' dir='ltr'><strong>pter</strong></span> <span class='ocrx_word' id='word_1_517' title='bbox 392 5006 716 5064; x_wconf 82' lang='lat' dir='ltr'><strong>uniformem</strong></span> <span class='ocrx_word' id='word_1_518' title='bbox 737 5009 958 5080; x_wconf 90' lang='lat' dir='ltr'><strong>spiritus</strong></span> <span class='ocrx_word' id='word_1_519' title='bbox 978 5011 1385 5081; x_wconf 86' lang='lat' dir='ltr'><strong>plenitudinem,</strong></span> <span class='ocrx_word' id='word_1_520' title='bbox 1412 5012 1465 5068; x_wconf 92' lang='lat' dir='ltr'><strong>id</strong></span> <span class='ocrx_word' id='word_1_521' title='bbox 1488 5022 1572 5069; x_wconf 89' lang='lat' dir='ltr'><strong>est</strong></span> <span class='ocrx_word' id='word_1_522' title='bbox 1590 5014 1834 5085; x_wconf 80' lang='lat' dir='ltr'><strong>Spiritus,</strong></span> 
     </span>
    </p>
   </div>
   <div class='ocr_carea' id='block_1_68' title="bbox 249 5103 1838 5173">
    <p class='ocr_par' dir='ltr' id='par_1_68' title="bbox 249 5103 1838 5173">
     <span class='ocr_line' id='line_1_68' title="bbox 249 5103 1838 5173; baseline 0.001 -15"><span class='ocrx_word' id='word_1_523' title='bbox 249 5103 528 5173; x_wconf 70' lang='lat' dir='ltr'><strong>sapientia:</strong></span> <span class='ocrx_word' id='word_1_524' title='bbox 549 5111 604 5158; x_wconf 93' lang='lat' dir='ltr'><strong>et</strong></span> <span class='ocrx_word' id='word_1_525' title='bbox 628 5103 952 5171; x_wconf 88' lang='lat' dir='ltr'><strong>intellectus,</strong></span> <span class='ocrx_word' id='word_1_526' title='bbox 974 5104 1184 5160; x_wconf 90' lang='lat' dir='ltr'><strong>consilii</strong></span> <span class='ocrx_word' id='word_1_527' title='bbox 1207 5115 1260 5160; x_wconf 87' lang='lat' dir='ltr'><strong>et</strong></span> <span class='ocrx_word' id='word_1_528' title='bbox 1282 5103 1635 5173; x_wconf 88' lang='lat' dir='ltr'><strong>fortitudinis,</strong></span> <span class='ocrx_word' id='word_1_529' title='bbox 1659 5107 1838 5162; x_wconf 90' lang='lat' dir='ltr'><strong>scien-</strong></span> 
     </span>
    </p>
   </div>
   <div class='ocr_carea' id='block_1_69' title="bbox 248 5195 1270 5266">
    <p class='ocr_par' dir='ltr' id='par_1_69' title="bbox 248 5195 1270 5266">
     <span class='ocr_line' id='line_1_69' title="bbox 248 5195 1270 5266; baseline 0.004 -18"><span class='ocrx_word' id='word_1_530' title='bbox 248 5195 340 5249; x_wconf 75' lang='lat' dir='ltr'><strong>tia:</strong></span> <span class='ocrx_word' id='word_1_531' title='bbox 373 5203 429 5250; x_wconf 90' lang='lat' dir='ltr'><strong>et</strong></span> <span class='ocrx_word' id='word_1_532' title='bbox 451 5196 690 5266; x_wconf 88' lang='lat' dir='ltr'><strong>pietatis,</strong></span> <span class='ocrx_word' id='word_1_533' title='bbox 715 5205 770 5252; x_wconf 92' lang='lat' dir='ltr'><strong>et</strong></span> <span class='ocrx_word' id='word_1_534' title='bbox 795 5197 1008 5253; x_wconf 89' lang='lat' dir='ltr'><strong>timoris</strong></span> <span class='ocrx_word' id='word_1_535' title='bbox 1038 5199 1270 5254; x_wconf 92' lang='lat' dir='ltr'><strong>Domini.</strong></span> 
     </span>
    </p>
   </div>
   <div class='ocr_carea' id='block_1_70' title="bbox 321 5285 1838 5362">
    <p class='ocr_par' dir='ltr' id='par_1_70' title="bbox 321 5285 1838 5362">
     <span class='ocr_line' id='line_1_70' title="bbox 321 5285 1838 5362; baseline 0.005 -22"><span class='ocrx_word' id='word_1_536' title='bbox 321 5285 390 5340; x_wconf 82' lang='lat' dir='ltr'><strong>Et</strong></span> <span class='ocrx_word' id='word_1_537' title='bbox 417 5287 542 5357; x_wconf 80' lang='lat' dir='ltr'><strong>quid</strong></span> <span class='ocrx_word' id='word_1_538' title='bbox 563 5288 732 5342; x_wconf 82' lang='lat' dir='ltr'><strong>dicit?</strong></span> <span class='ocrx_word' id='word_1_539' title='bbox 764 5287 960 5354; x_wconf 83' lang='lat' dir='ltr'><strong>Venite,</strong></span> <span class='ocrx_word' id='word_1_540' title='bbox 988 5289 1106 5357; x_wconf 76' lang='lat' dir='ltr'><strong>filii,</strong></span> <span class='ocrx_word' id='word_1_541' title='bbox 1129 5291 1309 5345; x_wconf 90' lang='lat' dir='ltr'><strong>audite</strong></span> <span class='ocrx_word' id='word_1_542' title='bbox 1323 5307 1423 5344; x_wconf 89' lang='lat' dir='ltr'><strong>me.</strong></span> <span class='ocrx_word' id='word_1_543' title='bbox 1450 5290 1639 5362; x_wconf 87' lang='lat' dir='ltr'><strong>Magna</strong></span> <span class='ocrx_word' id='word_1_544' title='bbox 1662 5292 1838 5362; x_wconf 89' lang='lat' dir='ltr'><strong>pietas</strong></span> 
     </span>
    </p>
   </div>
   <div class='ocr_carea' id='block_1_71' title="bbox 251 5378 1836 5452">
    <p class='ocr_par' dir='ltr' id='par_1_71' title="bbox 251 5378 1836 5452">
     <span class='ocr_line' id='line_1_71' title="bbox 251 5378 1836 5452; baseline 0.004 -18"><span class='ocrx_word' id='word_1_545' title='bbox 251 5385 306 5434; x_wconf 88' lang='lat' dir='ltr'><strong>et</strong></span> <span class='ocrx_word' id='word_1_546' title='bbox 325 5379 694 5435; x_wconf 89' lang='lat' dir='ltr'><strong>misericordia</strong></span> <span class='ocrx_word' id='word_1_547' title='bbox 709 5378 965 5450; x_wconf 90' lang='lat' dir='ltr'><strong>Spiritus,</strong></span> <span class='ocrx_word' id='word_1_548' title='bbox 990 5382 1184 5447; x_wconf 91' lang='lat' dir='ltr'><strong>sancti,</strong></span> <span class='ocrx_word' id='word_1_549' title='bbox 1209 5382 1300 5452; x_wconf 89' lang='lat' dir='ltr'><strong>qui</strong></span> <span class='ocrx_word' id='word_1_550' title='bbox 1325 5390 1451 5436; x_wconf 89' lang='lat' dir='ltr'><strong>ante</strong></span> <span class='ocrx_word' id='word_1_551' title='bbox 1467 5383 1836 5440; x_wconf 86' lang='lat' dir='ltr'><strong>conversionis</strong></span> 
     </span>
    </p>
   </div>
   <div class='ocr_carea' id='block_1_72' title="bbox 250 5471 1838 5544">
    <p class='ocr_par' dir='ltr' id='par_1_72' title="bbox 250 5471 1838 5544">
     <span class='ocr_line' id='line_1_72' title="bbox 250 5471 1838 5544; baseline 0.002 -15"><span class='ocrx_word' id='word_1_552' title='bbox 250 5471 496 5529; x_wconf 80' lang='lat' dir='ltr'><strong>habitum</strong></span> <span class='ocrx_word' id='word_1_553' title='bbox 524 5490 960 5544; x_wconf 87' lang='lat' dir='ltr'><strong>unumquemque</strong></span> <span class='ocrx_word' id='word_1_554' title='bbox 985 5477 1054 5530; x_wconf 91' lang='lat' dir='ltr'><strong>ad</strong></span> <span class='ocrx_word' id='word_1_555' title='bbox 1077 5491 1134 5531; x_wconf 92' lang='lat' dir='ltr'><strong>se</strong></span> <span class='ocrx_word' id='word_1_556' title='bbox 1164 5477 1489 5530; x_wconf 88' lang='lat' dir='ltr'><strong>audiendum</strong></span> <span class='ocrx_word' id='word_1_557' title='bbox 1522 5477 1733 5531; x_wconf 87' lang='lat' dir='ltr'><strong>invitat.</strong></span> <span class='ocrx_word' id='word_1_558' title='bbox 1767 5477 1838 5532; x_wconf 90' lang='lat' dir='ltr'><strong>Et</strong></span> 
     </span>
    </p>
   </div>
   <div class='ocr_carea' id='block_1_73' title="bbox 249 5568 1830 5641">
    <p class='ocr_par' dir='ltr' id='par_1_73' title="bbox 249 5568 1830 5641">
     <span class='ocr_line' id='line_1_73' title="bbox 249 5568 1830 5641; baseline 0.002 -19"><span class='ocrx_word' id='word_1_559' title='bbox 249 5581 391 5641; x_wconf 90' lang='lat' dir='ltr'><strong>quos</strong></span> <span class='ocrx_word' id='word_1_560' title='bbox 424 5569 491 5623; x_wconf 90' lang='lat' dir='ltr'><strong>ad</strong></span> <span class='ocrx_word' id='word_1_561' title='bbox 535 5568 906 5624; x_wconf 88' lang='lat' dir='ltr'><strong>conversionis</strong></span> <span class='ocrx_word' id='word_1_562' title='bbox 947 5569 1176 5640; x_wconf 84' lang='lat' dir='ltr'><strong>gratiam</strong></span> <span class='ocrx_word' id='word_1_563' title='bbox 1225 5569 1434 5634; x_wconf 90' lang='lat' dir='ltr'><strong>invitat,</strong></span> <span class='ocrx_word' id='word_1_564' title='bbox 1469 5569 1610 5624; x_wconf 89' lang='lat' dir='ltr'><strong>filios</strong></span> <span class='ocrx_word' id='word_1_565' title='bbox 1653 5578 1830 5626; x_wconf 89' lang='lat' dir='ltr'><strong>vocat.</strong></span> 
     </span>
    </p>
   </div>
   <div class='ocr_carea' id='block_1_74' title="bbox 248 5658 1835 5735">
    <p class='ocr_par' dir='ltr' id='par_1_74' title="bbox 248 5658 1835 5735">
     <span class='ocr_line' id='line_1_74' title="bbox 248 5658 1835 5735; baseline 0.001 -19"><span class='ocrx_word' id='word_1_566' title='bbox 248 5658 372 5735; x_wconf 80' lang='lat' dir='ltr'><strong>Ipse</strong></span> <span class='ocrx_word' id='word_1_567' title='bbox 392 5670 474 5717; x_wconf 87' lang='lat' dir='ltr'><strong>est</strong></span> <span class='ocrx_word' id='word_1_568' title='bbox 498 5663 643 5718; x_wconf 89' lang='lat' dir='ltr'><strong>enim</strong></span> <span class='ocrx_word' id='word_1_569' title='bbox 672 5661 761 5732; x_wconf 93' lang='lat' dir='ltr'><strong>qui</strong></span> <span class='ocrx_word' id='word_1_570' title='bbox 785 5676 882 5731; x_wconf 90' lang='lat' dir='ltr'><strong>per</strong></span> <span class='ocrx_word' id='word_1_571' title='bbox 906 5661 1223 5732; x_wconf 89' lang='lat' dir='ltr'><strong>prophetam</strong></span> <span class='ocrx_word' id='word_1_572' title='bbox 1247 5661 1322 5715; x_wconf 90' lang='lat' dir='ltr'><strong>ait</strong></span> <span class='ocrx_word' id='word_1_573' title='bbox 1348 5681 1360 5715; x_wconf 89' lang='lat'><strong>:</strong></span> <span class='ocrx_word' id='word_1_574' title='bbox 1388 5659 1602 5716; x_wconf 89' lang='lat' dir='ltr'><strong>Patrem</strong></span> <span class='ocrx_word' id='word_1_575' title='bbox 1629 5662 1835 5718; x_wconf 85' lang='lat' dir='ltr'><strong>invoca-</strong></span> 
     </span>
    </p>
   </div>
   <div class='ocr_carea' id='block_1_75' title="bbox 252 5751 1834 5826">
    <p class='ocr_par' dir='ltr' id='par_1_75' title="bbox 252 5751 1834 5826">
     <span class='ocr_line' id='line_1_75' title="bbox 252 5751 1834 5826; baseline -0.001 -15"><span class='ocrx_word' id='word_1_576' title='bbox 252 5754 333 5811; x_wconf 85' lang='lat' dir='ltr'><strong>bis</strong></span> <span class='ocrx_word' id='word_1_577' title='bbox 362 5772 467 5822; x_wconf 86' lang='lat' dir='ltr'><strong>me,</strong></span> <span class='ocrx_word' id='word_1_578' title='bbox 503 5765 550 5810; x_wconf 90' lang='lat' dir='ltr'><strong>et</strong></span> <span class='ocrx_word' id='word_1_579' title='bbox 575 5763 686 5826; x_wconf 87' lang='lat' dir='ltr'><strong>post</strong></span> <span class='ocrx_word' id='word_1_580' title='bbox 717 5771 797 5808; x_wconf 89' lang='lat' dir='ltr'><strong>me</strong></span> <span class='ocrx_word' id='word_1_581' title='bbox 823 5754 1026 5825; x_wconf 84' lang='lat' dir='ltr'><strong>ingredi</strong></span> <span class='ocrx_word' id='word_1_582' title='bbox 1057 5771 1160 5807; x_wconf 89' lang='lat' dir='ltr'><strong>non</strong></span> <span class='ocrx_word' id='word_1_583' title='bbox 1198 5751 1421 5808; x_wconf 87' lang='lat' dir='ltr'><strong>cessabis</strong></span> <span class='ocrx_word' id='word_1_584' title='bbox 1449 5752 1678 5822; x_wconf 85' lang='lat' dir='ltr'><strong>(Jerem.</strong></span> <span class='ocrx_word' id='word_1_585' title='bbox 1712 5755 1834 5824; x_wconf 85' lang='grc' dir='ltr'>ιιι).</span> 
     </span>
    </p>
   </div>
   <div class='ocr_carea' id='block_1_76' title="bbox 330 5843 1838 5925">
    <p class='ocr_par' dir='ltr' id='par_1_76' title="bbox 330 5843 1838 5925">
     <span class='ocr_line' id='line_1_76' title="bbox 330 5843 1838 5925; baseline 0.001 -25"><span class='ocrx_word' id='word_1_586' title='bbox 330 5846 590 5902; x_wconf 86' lang='lat' dir='ltr'><strong>Timorem</strong></span> <span class='ocrx_word' id='word_1_587' title='bbox 622 5847 832 5902; x_wconf 89' lang='lat' dir='ltr'><strong>Domini</strong></span> <span class='ocrx_word' id='word_1_588' title='bbox 858 5845 1048 5901; x_wconf 89' lang='lat' dir='ltr'><strong>docebo</strong></span> <span class='ocrx_word' id='word_1_589' title='bbox 1073 5863 1158 5901; x_wconf 76' lang='lat' dir='ltr'><strong>vos</strong></span> <span class='ocrx_word' id='word_1_590' title='bbox 1186 5843 1358 5918; x_wconf 85' lang='lat' dir='ltr'><strong>(Psal.</strong></span> <span class='ocrx_word' id='word_1_591' title='bbox 1391 5843 1606 5925; x_wconf 81' lang='lat' dir='ltr'><strong>XXXIII).</strong></span> <span class='ocrx_word' id='word_1_592' title='bbox 1637 5843 1715 5900; x_wconf 89' lang='lat' dir='ltr'><strong>De</strong></span> <span class='ocrx_word' id='word_1_593' title='bbox 1733 5845 1838 5902; x_wconf 90' lang='lat' dir='ltr'><strong>hoc</strong></span> 
     </span>
    </p>
   </div>
   <div class='ocr_carea' id='block_1_77' title="bbox 255 5939 1834 6002">
    <p class='ocr_par' dir='ltr' id='par_1_77' title="bbox 255 5939 1834 6002">
     <span class='ocr_line' id='line_1_77' title="bbox 255 5939 1834 6002; baseline -0.001 -2"><span class='ocrx_word' id='word_1_594' title='bbox 255 5944 452 6002; x_wconf 80' lang='lat' dir='ltr'><strong>timore</strong></span> <span class='ocrx_word' id='word_1_595' title='bbox 475 5951 531 6000; x_wconf 76' lang='lat' dir='ltr'><strong>et</strong></span> <span class='ocrx_word' id='word_1_596' title='bbox 557 5940 686 6002; x_wconf 83' lang='lat' dir='ltr'><strong>alibi</strong></span> <span class='ocrx_word' id='word_1_597' title='bbox 707 5941 995 6002; x_wconf 86' lang='lat' dir='ltr'><strong>Psalmista</strong></span> <span class='ocrx_word' id='word_1_598' title='bbox 1031 5941 1106 5999; x_wconf 88' lang='lat' dir='ltr'><strong>ait</strong></span> <span class='ocrx_word' id='word_1_599' title='bbox 1137 5959 1148 5999; x_wconf 87' lang='lat'>:</span> <span class='ocrx_word' id='word_1_600' title='bbox 1183 5941 1359 5999; x_wconf 86' lang='lat' dir='ltr'><strong>Timor</strong></span> <span class='ocrx_word' id='word_1_601' title='bbox 1382 5939 1593 5997; x_wconf 86' lang='lat' dir='ltr'><strong>Domini</strong></span> <span class='ocrx_word' id='word_1_602' title='bbox 1621 5949 1834 6000; x_wconf 80' lang='lat' dir='ltr'><strong>sanctus</strong></span> 
     </span>
    </p>
   </div>
   <div class='ocr_carea' id='block_1_78' title="bbox 1946 2043 3542 2118">
    <p class='ocr_par' dir='ltr' id='par_1_78' title="bbox 1946 2043 3542 2118">
     <span class='ocr_line' id='line_1_78' title="bbox 1946 2043 3542 2118; baseline 0.008 -22"><span class='ocrx_word' id='word_1_603' title='bbox 1946 2043 2067 2098; x_wconf 89' lang='lat' dir='ltr'><strong>luce</strong></span> <span class='ocrx_word' id='word_1_604' title='bbox 2117 2045 2398 2112; x_wconf 84' lang='lat' dir='ltr'><strong>refertum,</strong></span> <span class='ocrx_word' id='word_1_605' title='bbox 2451 2047 2692 2117; x_wconf 85' lang='lat' dir='ltr'><strong>angelico</strong></span> <span class='ocrx_word' id='word_1_606' title='bbox 2737 2049 2998 2103; x_wconf 88' lang='lat' dir='ltr'><strong>comitatu</strong></span> <span class='ocrx_word' id='word_1_607' title='bbox 3051 2049 3349 2118; x_wconf 75' lang='lat' dir='ltr'><strong>suffultum,</strong></span> <span class='ocrx_word' id='word_1_608' title='bbox 3399 2053 3542 2108; x_wconf 91' lang='lat' dir='ltr'><strong>diem</strong></span> 
     </span>
    </p>
   </div>
   <div class='ocr_carea' id='block_1_79' title="bbox 1945 2140 3539 2211">
    <p class='ocr_par' dir='ltr' id='par_1_79' title="bbox 1945 2140 3539 2211">
     <span class='ocr_line' id='line_1_79' title="bbox 1945 2140 3539 2211; baseline 0.006 -21"><span class='ocrx_word' id='word_1_609' title='bbox 1945 2152 2108 2206; x_wconf 88' lang='lat' dir='ltr'><strong>quem</strong></span> <span class='ocrx_word' id='word_1_610' title='bbox 2150 2153 2255 2193; x_wconf 77' lang='lat' dir='ltr'><strong>nox</strong></span> <span class='ocrx_word' id='word_1_611' title='bbox 2300 2155 2408 2194; x_wconf 92' lang='lat' dir='ltr'><strong>non</strong></span> <span class='ocrx_word' id='word_1_612' title='bbox 2454 2140 2781 2210; x_wconf 90' lang='lat' dir='ltr'><strong>interpellat,</strong></span> <span class='ocrx_word' id='word_1_613' title='bbox 2808 2144 3047 2197; x_wconf 63' lang='lat' dir='ltr'><strong>tenebrae</strong></span> <span class='ocrx_word' id='word_1_614' title='bbox 3081 2159 3188 2198; x_wconf 91' lang='lat' dir='ltr'><strong>non</strong></span> <span class='ocrx_word' id='word_1_615' title='bbox 3220 2146 3539 2211; x_wconf 88' lang='lat' dir='ltr'><strong>obscurant,</strong></span> 
     </span>
    </p>
   </div>
   <div class='ocr_carea' id='block_1_80' title="bbox 1947 2226 3542 2301">
    <p class='ocr_par' dir='ltr' id='par_1_80' title="bbox 1947 2226 3542 2301">
     <span class='ocr_line' id='line_1_80' title="bbox 1947 2226 3542 2301; baseline 0.007 -22"><span class='ocrx_word' id='word_1_616' title='bbox 1947 2226 2189 2282; x_wconf 90' lang='lat' dir='ltr'><strong>nubilum</strong></span> <span class='ocrx_word' id='word_1_617' title='bbox 2219 2243 2325 2282; x_wconf 90' lang='lat' dir='ltr'><strong>non</strong></span> <span class='ocrx_word' id='word_1_618' title='bbox 2355 2227 2618 2295; x_wconf 88' lang='lat' dir='ltr'><strong>obfuscat,</strong></span> <span class='ocrx_word' id='word_1_619' title='bbox 2648 2245 2809 2299; x_wconf 86' lang='lat' dir='ltr'><strong>quem</strong></span> <span class='ocrx_word' id='word_1_620' title='bbox 2849 2231 3251 2301; x_wconf 88' lang='lat' dir='ltr'><strong>importabilem</strong></span> <span class='ocrx_word' id='word_1_621' title='bbox 3282 2252 3390 2290; x_wconf 93' lang='lat' dir='ltr'><strong>non</strong></span> <span class='ocrx_word' id='word_1_622' title='bbox 3435 2235 3542 2291; x_wconf 87' lang='lat' dir='ltr'><strong>elli-</strong></span> 
     </span>
    </p>
   </div>
   <div class='ocr_carea' id='block_1_81' title="bbox 1947 2311 3535 2398">
    <p class='ocr_par' dir='ltr' id='par_1_81' title="bbox 1947 2311 3535 2398">
     <span class='ocr_line' id='line_1_81' title="bbox 1947 2311 3535 2398; baseline 0.008 -26"><span class='ocrx_word' id='word_1_623' title='bbox 1947 2319 2021 2372; x_wconf 88' lang='lat' dir='ltr'><strong>cit</strong></span> <span class='ocrx_word' id='word_1_624' title='bbox 2057 2319 2205 2374; x_wconf 89' lang='lat' dir='ltr'><strong>calor</strong></span> <span class='ocrx_word' id='word_1_625' title='bbox 2244 2321 2469 2388; x_wconf 63' lang='lat' dir='ltr'><strong>aestatis,</strong></span> <span class='ocrx_word' id='word_1_626' title='bbox 2513 2322 2728 2394; x_wconf 88' lang='lat' dir='ltr'><strong>pigrum</strong></span> <span class='ocrx_word' id='word_1_627' title='bbox 2760 2339 2867 2378; x_wconf 91' lang='lat' dir='ltr'><strong>non</strong></span> <span class='ocrx_word' id='word_1_628' title='bbox 2903 2311 3083 2380; x_wconf 84' lang='lat' dir='ltr'><strong>reddit</strong></span> <span class='ocrx_word' id='word_1_629' title='bbox 3112 2325 3280 2398; x_wconf 84' lang='lat' dir='ltr'><strong>frigus</strong></span> <span class='ocrx_word' id='word_1_630' title='bbox 3305 2329 3535 2397; x_wconf 88' lang='lat' dir='ltr'><strong>hiemis;</strong></span> 
     </span>
    </p>
   </div>
   <div class='ocr_carea' id='block_1_82' title="bbox 1947 2411 3542 2485">
    <p class='ocr_par' dir='ltr' id='par_1_82' title="bbox 1947 2411 3542 2485">
     <span class='ocr_line' id='line_1_82' title="bbox 1947 2411 3542 2485; baseline 0.008 -20"><span class='ocrx_word' id='word_1_631' title='bbox 1947 2411 2064 2466; x_wconf 91' lang='lat' dir='ltr'><strong>dies</strong></span> <span class='ocrx_word' id='word_1_632' title='bbox 2097 2412 2188 2481; x_wconf 90' lang='lat' dir='ltr'><strong>qui</strong></span> <span class='ocrx_word' id='word_1_633' title='bbox 2239 2413 2451 2468; x_wconf 89' lang='lat' dir='ltr'><strong>tibimet</strong></span> <span class='ocrx_word' id='word_1_634' title='bbox 2481 2430 2620 2468; x_wconf 91' lang='lat' dir='ltr'><strong>unus</strong></span> <span class='ocrx_word' id='word_1_635' title='bbox 2652 2415 2757 2470; x_wconf 89' lang='lat' dir='ltr'><strong>erit</strong></span> <span class='ocrx_word' id='word_1_636' title='bbox 2797 2432 2919 2470; x_wconf 92' lang='lat' dir='ltr'><strong>cum</strong></span> <span class='ocrx_word' id='word_1_637' title='bbox 2962 2419 3186 2485; x_wconf 90' lang='lat' dir='ltr'><strong>sanctis,</strong></span> <span class='ocrx_word' id='word_1_638' title='bbox 3239 2422 3542 2477; x_wconf 90' lang='lat' dir='ltr'><strong>communis</strong></span> 
     </span>
    </p>
   </div>
   <div class='ocr_carea' id='block_1_83' title="bbox 1947 2501 3539 2578">
    <p class='ocr_par' dir='ltr' id='par_1_83' title="bbox 1947 2501 3539 2578">
     <span class='ocr_line' id='line_1_83' title="bbox 1947 2501 3539 2578; baseline 0.007 -23"><span class='ocrx_word' id='word_1_639' title='bbox 1947 2517 2070 2556; x_wconf 90' lang='lat' dir='ltr'><strong>cqu</strong></span> <span class='ocrx_word' id='word_1_640' title='bbox 2115 2501 2340 2572; x_wconf 81' lang='lat' dir='ltr'><strong>angelis,</strong></span> <span class='ocrx_word' id='word_1_641' title='bbox 2388 2513 2623 2558; x_wconf 85' lang='lat' dir='ltr'><strong>aeternus</strong></span> <span class='ocrx_word' id='word_1_642' title='bbox 2671 2518 2795 2558; x_wconf 91' lang='lat' dir='ltr'><strong>cum</strong></span> <span class='ocrx_word' id='word_1_643' title='bbox 2845 2506 3117 2575; x_wconf 87' lang='lat' dir='ltr'><strong>utrisque,</strong></span> <span class='ocrx_word' id='word_1_644' title='bbox 3154 2508 3246 2578; x_wconf 93' lang='lat' dir='ltr'><strong>qui</strong></span> <span class='ocrx_word' id='word_1_645' title='bbox 3290 2511 3386 2563; x_wconf 88' lang='lat' dir='ltr'><strong>tibi</strong></span> <span class='ocrx_word' id='word_1_646' title='bbox 3417 2527 3539 2566; x_wconf 92' lang='lat' dir='ltr'><strong>cum</strong></span> 
     </span>
    </p>
   </div>
   <div class='ocr_carea' id='block_1_84' title="bbox 1947 2591 3541 2667">
    <p class='ocr_par' dir='ltr' id='par_1_84' title="bbox 1947 2591 3541 2667">
     <span class='ocr_line' id='line_1_84' title="bbox 1947 2591 3541 2667; baseline 0.008 -21"><span class='ocrx_word' id='word_1_647' title='bbox 1947 2591 2090 2648; x_wconf 86' lang='lat' dir='ltr'><strong>felici</strong></span> <span class='ocrx_word' id='word_1_648' title='bbox 2111 2593 2307 2665; x_wconf 88' lang='lat' dir='ltr'><strong>gaudio</strong></span> <span class='ocrx_word' id='word_1_649' title='bbox 2328 2595 2662 2650; x_wconf 91' lang='lat' dir='ltr'><strong>consortium</strong></span> <span class='ocrx_word' id='word_1_650' title='bbox 2681 2597 2881 2651; x_wconf 88' lang='lat' dir='ltr'><strong>tribuat</strong></span> <span class='ocrx_word' id='word_1_651' title='bbox 2899 2597 3234 2667; x_wconf 86' lang='lat' dir='ltr'><strong>angelorum,</strong></span> <span class='ocrx_word' id='word_1_652' title='bbox 3258 2608 3312 2654; x_wconf 88' lang='lat' dir='ltr'><strong>et</strong></span> <span class='ocrx_word' id='word_1_653' title='bbox 3334 2602 3541 2658; x_wconf 90' lang='lat' dir='ltr'><strong>socium</strong></span> 
     </span>
    </p>
   </div>
   <div class='ocr_carea' id='block_1_85' title="bbox 1947 2686 3542 2766">
    <p class='ocr_par' dir='ltr' id='par_1_85' title="bbox 1947 2686 3542 2766">
     <span class='ocr_line' id='line_1_85' title="bbox 1947 2686 3542 2766; baseline 0.008 -26"><span class='ocrx_word' id='word_1_654' title='bbox 1947 2686 2111 2742; x_wconf 87' lang='lat' dir='ltr'><strong>faciat</strong></span> <span class='ocrx_word' id='word_1_655' title='bbox 2137 2688 2590 2757; x_wconf 89' lang='lat' dir='ltr'><strong>patriarcharum,</strong></span> <span class='ocrx_word' id='word_1_656' title='bbox 2616 2690 2672 2744; x_wconf 89' lang='lat' dir='ltr'><strong>in</strong></span> <span class='ocrx_word' id='word_1_657' title='bbox 2705 2707 2932 2747; x_wconf 90' lang='lat' dir='ltr'><strong>numero</strong></span> <span class='ocrx_word' id='word_1_658' title='bbox 2961 2701 3235 2763; x_wconf 89' lang='lat' dir='ltr'><strong>computet</strong></span> <span class='ocrx_word' id='word_1_659' title='bbox 3255 2695 3542 2766; x_wconf 87' lang='lat' dir='ltr'><strong>pr0pheta-</strong></span> 
     </span>
    </p>
   </div>
   <div class='ocr_carea' id='block_1_86' title="bbox 1947 2780 3540 2855">
    <p class='ocr_par' dir='ltr' id='par_1_86' title="bbox 1947 2780 3540 2855">
     <span class='ocr_line' id='line_1_86' title="bbox 1947 2780 3540 2855; baseline 0.007 -23"><span class='ocrx_word' id='word_1_660' title='bbox 1947 2795 2087 2845; x_wconf 92' lang='lat' dir='ltr'><strong>rum,</strong></span> <span class='ocrx_word' id='word_1_661' title='bbox 2113 2780 2167 2833; x_wconf 90' lang='lat' dir='ltr'><strong>in</strong></span> <span class='ocrx_word' id='word_1_662' title='bbox 2187 2780 2545 2836; x_wconf 83' lang='lat' dir='ltr'><strong>exsultatione</strong></span> <span class='ocrx_word' id='word_1_663' title='bbox 2571 2783 2777 2838; x_wconf 89' lang='lat' dir='ltr'><strong>socium</strong></span> <span class='ocrx_word' id='word_1_664' title='bbox 2795 2783 2959 2839; x_wconf 89' lang='lat' dir='ltr'><strong>faciat</strong></span> <span class='ocrx_word' id='word_1_665' title='bbox 2973 2785 3360 2855; x_wconf 88' lang='lat' dir='ltr'><strong>apostolorum.</strong></span> <span class='ocrx_word' id='word_1_666' title='bbox 3392 2786 3540 2844; x_wconf 91' lang='lat' dir='ltr'><strong>Scri-</strong></span> 
     </span>
    </p>
   </div>
   <div class='ocr_carea' id='block_1_87' title="bbox 1944 2873 3541 2949">
    <p class='ocr_par' dir='ltr' id='par_1_87' title="bbox 1944 2873 3541 2949">
     <span class='ocr_line' id='line_1_87' title="bbox 1944 2873 3541 2949; baseline 0.006 -23"><span class='ocrx_word' id='word_1_667' title='bbox 1944 2881 2095 2943; x_wconf 90' lang='lat' dir='ltr'><strong>ptum</strong></span> <span class='ocrx_word' id='word_1_668' title='bbox 2125 2883 2210 2928; x_wconf 89' lang='lat' dir='ltr'><strong>est</strong></span> <span class='ocrx_word' id='word_1_669' title='bbox 2233 2875 2377 2929; x_wconf 91' lang='lat' dir='ltr'><strong>enim</strong></span> <span class='ocrx_word' id='word_1_670' title='bbox 2410 2891 2423 2929; x_wconf 87' lang='lat'>:</span> <span class='ocrx_word' id='word_1_671' title='bbox 2460 2873 2565 2940; x_wconf 91' lang='lat' dir='ltr'><strong>Qui</strong></span> <span class='ocrx_word' id='word_1_672' title='bbox 2599 2878 2780 2930; x_wconf 90' lang='lat' dir='ltr'><strong>timent</strong></span> <span class='ocrx_word' id='word_1_673' title='bbox 2808 2875 3094 2932; x_wconf 89' lang='lat' dir='ltr'><strong>Dominum</strong></span> <span class='ocrx_word' id='word_1_674' title='bbox 3119 2889 3458 2949; x_wconf 82' lang='lat' dir='ltr'><strong>speraverant</strong></span> <span class='ocrx_word' id='word_1_675' title='bbox 3487 2881 3541 2935; x_wconf 89' lang='lat' dir='ltr'><strong>in</strong></span> 
     </span>
    </p>
   </div>
   <div class='ocr_carea' id='block_1_88' title="bbox 1943 2964 3537 3044">
    <p class='ocr_par' dir='ltr' id='par_1_88' title="bbox 1943 2964 3537 3044">
     <span class='ocr_line' id='line_1_88' title="bbox 1943 2964 3537 3044; baseline 0.005 -26"><span class='ocrx_word' id='word_1_676' title='bbox 1943 2964 2195 3030; x_wconf 88' lang='lat' dir='ltr'><strong>Domino,</strong></span> <span class='ocrx_word' id='word_1_677' title='bbox 2225 2965 2443 3036; x_wconf 86' lang='lat' dir='ltr'><strong>adjutor</strong></span> <span class='ocrx_word' id='word_1_678' title='bbox 2469 2983 2668 3031; x_wconf 90' lang='lat' dir='ltr'><strong>eorum,</strong></span> <span class='ocrx_word' id='word_1_679' title='bbox 2713 2977 2760 3022; x_wconf 92' lang='lat' dir='ltr'><strong>et</strong></span> <span class='ocrx_word' id='word_1_680' title='bbox 2789 2977 3053 3038; x_wconf 87' lang='lat' dir='ltr'><strong>protector</strong></span> <span class='ocrx_word' id='word_1_681' title='bbox 3081 2987 3261 3024; x_wconf 86' lang='lat' dir='ltr'><strong>eorum</strong></span> <span class='ocrx_word' id='word_1_682' title='bbox 3301 2981 3377 3025; x_wconf 90' lang='lat' dir='ltr'><strong>est</strong></span> <span class='ocrx_word' id='word_1_683' title='bbox 3419 2969 3537 3044; x_wconf 84' lang='lat' dir='ltr'><strong>(Ps.</strong></span> 
     </span>
    </p>
   </div>
   <div class='ocr_carea' id='block_1_89' title="bbox 1943 3057 3539 3132">
    <p class='ocr_par' dir='ltr' id='par_1_89' title="bbox 1943 3057 3539 3132">
     <span class='ocr_line' id='line_1_89' title="bbox 1943 3057 3539 3132; baseline 0.004 -20"><span class='ocrx_word' id='word_1_684' title='bbox 1943 3057 2121 3129; x_wconf 81' lang='lat' dir='ltr'><strong>CXIII).</strong></span> <span class='ocrx_word' id='word_1_685' title='bbox 2154 3059 2222 3113; x_wconf 89' lang='lat' dir='ltr'><strong>Et.</strong></span> <span class='ocrx_word' id='word_1_686' title='bbox 2265 3059 2392 3113; x_wconf 91' lang='lat' dir='ltr'><strong>alibi</strong></span> <span class='ocrx_word' id='word_1_687' title='bbox 2426 3073 2440 3112; x_wconf 94' lang='lat'><strong>:</strong></span> <span class='ocrx_word' id='word_1_688' title='bbox 2470 3058 2755 3114; x_wconf 89' lang='lat' dir='ltr'><strong>Plenitudo</strong></span> <span class='ocrx_word' id='word_1_689' title='bbox 2793 3061 3066 3132; x_wconf 76' lang='lat' dir='ltr'><strong>sapientia:</strong></span> <span class='ocrx_word' id='word_1_690' title='bbox 3111 3064 3294 3117; x_wconf 89' lang='lat' dir='ltr'><strong>timere</strong></span> <span class='ocrx_word' id='word_1_691' title='bbox 3337 3063 3539 3129; x_wconf 88' lang='lat' dir='ltr'><strong>Deum;</strong></span> 
     </span>
    </p>
   </div>
   <div class='ocr_carea' id='block_1_90' title="bbox 1944 3155 3540 3229">
    <p class='ocr_par' dir='ltr' id='par_1_90' title="bbox 1944 3155 3540 3229">
     <span class='ocr_line' id='line_1_90' title="bbox 1944 3155 3540 3229; baseline 0.004 -22"><span class='ocrx_word' id='word_1_692' title='bbox 1944 3164 1992 3208; x_wconf 90' lang='lat' dir='ltr'><strong>et</strong></span> <span class='ocrx_word' id='word_1_693' title='bbox 2042 3171 2234 3208; x_wconf 89' lang='lat' dir='ltr'><strong>corona</strong></span> <span class='ocrx_word' id='word_1_694' title='bbox 2277 3155 2548 3225; x_wconf 68' lang='lat' dir='ltr'><strong>sapientia:</strong></span> <span class='ocrx_word' id='word_1_695' title='bbox 2592 3155 2748 3210; x_wconf 90' lang='lat' dir='ltr'><strong>timor</strong></span> <span class='ocrx_word' id='word_1_696' title='bbox 2794 3156 3006 3211; x_wconf 87' lang='lat' dir='ltr'><strong>Domini</strong></span> <span class='ocrx_word' id='word_1_697' title='bbox 3049 3157 3251 3228; x_wconf 84' lang='lat' dir='ltr'><strong>replens</strong></span> <span class='ocrx_word' id='word_1_698' title='bbox 3300 3175 3449 3229; x_wconf 85' lang='lat' dir='ltr'><strong>pace,</strong></span> <span class='ocrx_word' id='word_1_699' title='bbox 3491 3171 3540 3214; x_wconf 90' lang='lat' dir='ltr'><strong>et</strong></span> 
     </span>
    </p>
   </div>
   <div class='ocr_carea' id='block_1_91' title="bbox 1944 3243 3539 3317">
    <p class='ocr_par' dir='ltr' id='par_1_91' title="bbox 1944 3243 3539 3317">
     <span class='ocr_line' id='line_1_91' title="bbox 1944 3243 3539 3317; baseline 0.004 -19"><span class='ocrx_word' id='word_1_700' title='bbox 1944 3243 2132 3300; x_wconf 87' lang='lat' dir='ltr'><strong>salutis</strong></span> <span class='ocrx_word' id='word_1_701' title='bbox 2178 3245 2355 3314; x_wconf 77' lang='lat' dir='ltr'><strong>fructu</strong></span> <span class='ocrx_word' id='word_1_702' title='bbox 2401 3245 2590 3317; x_wconf 89' lang='lat' dir='ltr'><strong>(Eccli.</strong></span> <span class='ocrx_word' id='word_1_703' title='bbox 2624 3247 2686 3316; x_wconf 94' lang='grc' dir='ltr'><strong>ι).</strong></span> <span class='ocrx_word' id='word_1_704' title='bbox 2724 3247 2835 3301; x_wconf 86' lang='lat' dir='ltr'><strong>Et:</strong></span> <span class='ocrx_word' id='word_1_705' title='bbox 2867 3248 2971 3313; x_wconf 92' lang='lat' dir='ltr'><strong>Qui</strong></span> <span class='ocrx_word' id='word_1_706' title='bbox 3013 3249 3207 3303; x_wconf 85' lang='lat' dir='ltr'><strong>timetis</strong></span> <span class='ocrx_word' id='word_1_707' title='bbox 3252 3249 3539 3305; x_wconf 89' lang='lat' dir='ltr'><strong>Dominum</strong></span> 
     </span>
    </p>
   </div>
   <div class='ocr_carea' id='block_1_92' title="bbox 1946 3335 3539 3405">
    <p class='ocr_par' dir='ltr' id='par_1_92' title="bbox 1946 3335 3539 3405">
     <span class='ocr_line' id='line_1_92' title="bbox 1946 3335 3539 3405; baseline 0.006 -16"><span class='ocrx_word' id='word_1_708' title='bbox 1946 3337 2140 3389; x_wconf 88' lang='lat' dir='ltr'><strong>credite</strong></span> <span class='ocrx_word' id='word_1_709' title='bbox 2164 3335 2263 3399; x_wconf 89' lang='lat' dir='ltr'><strong>illi,</strong></span> <span class='ocrx_word' id='word_1_710' title='bbox 2279 3345 2326 3390; x_wconf 92' lang='lat' dir='ltr'><strong>et</strong></span> <span class='ocrx_word' id='word_1_711' title='bbox 2353 3354 2456 3391; x_wconf 88' lang='lat' dir='ltr'><strong>non</strong></span> <span class='ocrx_word' id='word_1_712' title='bbox 2473 3337 2813 3391; x_wconf 88' lang='lat' dir='ltr'><strong>evacuabitur</strong></span> <span class='ocrx_word' id='word_1_713' title='bbox 2834 3355 3028 3392; x_wconf 88' lang='lat' dir='ltr'><strong>merces</strong></span> <span class='ocrx_word' id='word_1_714' title='bbox 3043 3349 3234 3394; x_wconf 86' lang='lat' dir='ltr'><strong>vestra.</strong></span> <span class='ocrx_word' id='word_1_715' title='bbox 3265 3340 3370 3405; x_wconf 88' lang='lat' dir='ltr'><strong>Qui</strong></span> <span class='ocrx_word' id='word_1_716' title='bbox 3388 3342 3539 3398; x_wconf 88' lang='lat' dir='ltr'><strong>time-</strong></span> 
     </span>
    </p>
   </div>
   <div class='ocr_carea' id='block_1_93' title="bbox 1944 3427 3535 3498">
    <p class='ocr_par' dir='ltr' id='par_1_93' title="bbox 1944 3427 3535 3498">
     <span class='ocr_line' id='line_1_93' title="bbox 1944 3427 3535 3498; baseline 0.002 -17"><span class='ocrx_word' id='word_1_717' title='bbox 1944 3429 2012 3482; x_wconf 89' lang='lat' dir='ltr'><strong>tis</strong></span> <span class='ocrx_word' id='word_1_718' title='bbox 2036 3427 2339 3491; x_wconf 90' lang='lat' dir='ltr'><strong>Dominum,</strong></span> <span class='ocrx_word' id='word_1_719' title='bbox 2379 3427 2578 3498; x_wconf 88' lang='lat' dir='ltr'><strong>diligite</strong></span> <span class='ocrx_word' id='word_1_720' title='bbox 2611 3427 2782 3491; x_wconf 87' lang='lat' dir='ltr'><strong>illum,</strong></span> <span class='ocrx_word' id='word_1_721' title='bbox 2812 3438 2860 3481; x_wconf 90' lang='lat' dir='ltr'><strong>et</strong></span> <span class='ocrx_word' id='word_1_722' title='bbox 2891 3427 3332 3483; x_wconf 87' lang='lat' dir='ltr'><strong>illuminabuntur</strong></span> <span class='ocrx_word' id='word_1_723' title='bbox 3372 3432 3535 3484; x_wconf 88' lang='lat' dir='ltr'><strong>corda</strong></span> 
     </span>
    </p>
   </div>
   <div class='ocr_carea' id='block_1_94' title="bbox 1944 3517 3540 3593">
    <p class='ocr_par' dir='ltr' id='par_1_94' title="bbox 1944 3517 3540 3593">
     <span class='ocr_line' id='line_1_94' title="bbox 1944 3517 3540 3593; baseline 0.002 -19"><span class='ocrx_word' id='word_1_724' title='bbox 1944 3530 2110 3574; x_wconf 80' lang='lat' dir='ltr'><strong>vestra</strong></span> <span class='ocrx_word' id='word_1_725' title='bbox 2127 3517 2316 3590; x_wconf 73' lang='lat' dir='ltr'><strong>(Eccli.</strong></span> <span class='ocrx_word' id='word_1_726' title='bbox 2337 3519 2420 3590; x_wconf 94' lang='lat' dir='ltr'><strong>II).</strong></span> <span class='ocrx_word' id='word_1_727' title='bbox 2445 3517 2532 3583; x_wconf 88' lang='lat' dir='ltr'><strong>Et,</strong></span> <span class='ocrx_word' id='word_1_728' title='bbox 2556 3536 2714 3589; x_wconf 85' lang='lat' dir='ltr'><strong>quam</strong></span> <span class='ocrx_word' id='word_1_729' title='bbox 2734 3536 2977 3588; x_wconf 85' lang='lat' dir='ltr'><strong>magnus,</strong></span> <span class='ocrx_word' id='word_1_730' title='bbox 3001 3520 3093 3590; x_wconf 87' lang='lat' dir='ltr'><strong>qui</strong></span> <span class='ocrx_word' id='word_1_731' title='bbox 3113 3521 3306 3575; x_wconf 84' lang='lat' dir='ltr'><strong>invenit</strong></span> <span class='ocrx_word' id='word_1_732' title='bbox 3327 3523 3540 3593; x_wconf 87' lang='lat' dir='ltr'><strong>sapien-</strong></span> 
     </span>
    </p>
   </div>
   <div class='ocr_carea' id='block_1_95' title="bbox 1944 3613 3532 3688">
    <p class='ocr_par' dir='ltr' id='par_1_95' title="bbox 1944 3613 3532 3688">
     <span class='ocr_line' id='line_1_95' title="bbox 1944 3613 3532 3688; baseline 0.002 -20"><span class='ocrx_word' id='word_1_733' title='bbox 1944 3615 2114 3668; x_wconf 88' lang='lat' dir='ltr'><strong>tiam?</strong></span> <span class='ocrx_word' id='word_1_734' title='bbox 2131 3614 2222 3668; x_wconf 87' lang='lat' dir='ltr'><strong>sed</strong></span> <span class='ocrx_word' id='word_1_735' title='bbox 2242 3629 2344 3667; x_wconf 89' lang='lat' dir='ltr'><strong>non</strong></span> <span class='ocrx_word' id='word_1_736' title='bbox 2365 3623 2441 3667; x_wconf 87' lang='lat' dir='ltr'><strong>est</strong></span> <span class='ocrx_word' id='word_1_737' title='bbox 2475 3630 2630 3682; x_wconf 87' lang='lat' dir='ltr'><strong>super</strong></span> <span class='ocrx_word' id='word_1_738' title='bbox 2654 3614 2948 3668; x_wconf 90' lang='lat' dir='ltr'><strong>timentium</strong></span> <span class='ocrx_word' id='word_1_739' title='bbox 2968 3614 3136 3668; x_wconf 88' lang='lat' dir='ltr'><strong>Deum</strong></span> <span class='ocrx_word' id='word_1_740' title='bbox 3158 3613 3352 3684; x_wconf 88' lang='lat' dir='ltr'><strong>(Eccli.</strong></span> <span class='ocrx_word' id='word_1_741' title='bbox 3383 3616 3532 3688; x_wconf 74' lang='lat' dir='ltr'><strong>xxv).</strong></span> 
     </span>
    </p>
   </div>
   <div class='ocr_carea' id='block_1_96' title="bbox 1943 3703 3536 3770">
    <p class='ocr_par' dir='ltr' id='par_1_96' title="bbox 1943 3703 3536 3770">
     <span class='ocr_line' id='line_1_96' title="bbox 1943 3703 3536 3770; baseline 0.001 -10"><span class='ocrx_word' id='word_1_742' title='bbox 1943 3706 2142 3761; x_wconf 88' lang='lat' dir='ltr'><strong>Beatus</strong></span> <span class='ocrx_word' id='word_1_743' title='bbox 2167 3705 2251 3760; x_wconf 92' lang='lat' dir='ltr'><strong>cui</strong></span> <span class='ocrx_word' id='word_1_744' title='bbox 2274 3705 2456 3760; x_wconf 91' lang='lat' dir='ltr'><strong>datum</strong></span> <span class='ocrx_word' id='word_1_745' title='bbox 2481 3712 2565 3758; x_wconf 88' lang='lat' dir='ltr'><strong>est</strong></span> <span class='ocrx_word' id='word_1_746' title='bbox 2589 3703 2792 3760; x_wconf 88' lang='lat' dir='ltr'><strong>habere</strong></span> <span class='ocrx_word' id='word_1_747' title='bbox 2816 3706 3064 3760; x_wconf 91' lang='lat' dir='ltr'><strong>timorem</strong></span> <span class='ocrx_word' id='word_1_748' title='bbox 3090 3705 3204 3770; x_wconf 89' lang='lat' dir='ltr'><strong>Dei,</strong></span> <span class='ocrx_word' id='word_1_749' title='bbox 3241 3705 3421 3761; x_wconf 87' lang='lat' dir='ltr'><strong>Timor</strong></span> <span class='ocrx_word' id='word_1_750' title='bbox 3439 3724 3536 3761; x_wconf 86' lang='lat' dir='ltr'><strong>au-</strong></span> 
     </span>
    </p>
   </div>
   <div class='ocr_carea' id='block_1_97' title="bbox 1946 3797 3531 3872">
    <p class='ocr_par' dir='ltr' id='par_1_97' title="bbox 1946 3797 3531 3872">
     <span class='ocr_line' id='line_1_97' title="bbox 1946 3797 3531 3872; baseline 0 -16"><span class='ocrx_word' id='word_1_751' title='bbox 1946 3813 2048 3856; x_wconf 90' lang='lat' dir='ltr'><strong>tem</strong></span> <span class='ocrx_word' id='word_1_752' title='bbox 2078 3801 2288 3854; x_wconf 90' lang='lat' dir='ltr'><strong>Domini</strong></span> <span class='ocrx_word' id='word_1_753' title='bbox 2310 3800 2443 3853; x_wconf 89' lang='lat' dir='ltr'><strong>sicut</strong></span> <span class='ocrx_word' id='word_1_754' title='bbox 2469 3798 2749 3869; x_wconf 85' lang='lat' dir='ltr'><strong>paradisus</strong></span> <span class='ocrx_word' id='word_1_755' title='bbox 2775 3799 3146 3853; x_wconf 84' lang='lat' dir='ltr'><strong>benedictionis</strong></span> <span class='ocrx_word' id='word_1_756' title='bbox 3192 3797 3383 3870; x_wconf 87' lang='lat' dir='ltr'><strong>(Eccli.</strong></span> <span class='ocrx_word' id='word_1_757' title='bbox 3417 3798 3531 3872; x_wconf 79' lang='lat' dir='ltr'><strong>XL),</strong></span> 
     </span>
    </p>
   </div>
   <div class='ocr_carea' id='block_1_98' title="bbox 1944 3890 3534 3965">
    <p class='ocr_par' dir='ltr' id='par_1_98' title="bbox 1944 3890 3534 3965">
     <span class='ocr_line' id='line_1_98' title="bbox 1944 3890 3534 3965; baseline 0.001 -17"><span class='ocrx_word' id='word_1_758' title='bbox 1944 3895 2069 3965; x_wconf 90' lang='lat' dir='ltr'><strong>quia</strong></span> <span class='ocrx_word' id='word_1_759' title='bbox 2097 3894 2150 3948; x_wconf 93' lang='lat' dir='ltr'><strong>in</strong></span> <span class='ocrx_word' id='word_1_760' title='bbox 2174 3893 2262 3948; x_wconf 91' lang='lat' dir='ltr'><strong>illa</strong></span> <span class='ocrx_word' id='word_1_761' title='bbox 2287 3899 2372 3948; x_wconf 90' lang='lat' dir='ltr'><strong>est</strong></span> <span class='ocrx_word' id='word_1_762' title='bbox 2397 3892 2590 3946; x_wconf 83' lang='lat' dir='ltr'><strong>fiducia</strong></span> <span class='ocrx_word' id='word_1_763' title='bbox 2620 3890 2984 3956; x_wconf 85' lang='lat' dir='ltr'><strong>fortitudinis;</strong></span> <span class='ocrx_word' id='word_1_764' title='bbox 3013 3906 3112 3960; x_wconf 88' lang='lat' dir='ltr'><strong>per</strong></span> <span class='ocrx_word' id='word_1_765' title='bbox 3139 3891 3290 3946; x_wconf 91' lang='lat' dir='ltr'><strong>illum</strong></span> <span class='ocrx_word' id='word_1_766' title='bbox 3322 3891 3534 3948; x_wconf 83' lang='lat' dir='ltr'><strong>fructus</strong></span> 
     </span>
    </p>
   </div>
   <div class='ocr_carea' id='block_1_99' title="bbox 1943 3985 3535 4056">
    <p class='ocr_par' dir='ltr' id='par_1_99' title="bbox 1943 3985 3535 4056">
     <span class='ocr_line' id='line_1_99' title="bbox 1943 3985 3535 4056; baseline 0 -15"><span class='ocrx_word' id='word_1_767' title='bbox 1943 3986 2171 4056; x_wconf 88' lang='lat' dir='ltr'><strong>pullulat</strong></span> <span class='ocrx_word' id='word_1_768' title='bbox 2194 3986 2385 4042; x_wconf 90' lang='lat' dir='ltr'><strong>salutis</strong></span> <span class='ocrx_word' id='word_1_769' title='bbox 2425 3995 2479 4042; x_wconf 93' lang='lat' dir='ltr'><strong>et</strong></span> <span class='ocrx_word' id='word_1_770' title='bbox 2506 3985 2675 4055; x_wconf 88' lang='lat' dir='ltr'><strong>pacis.</strong></span> <span class='ocrx_word' id='word_1_771' title='bbox 2704 3985 2843 4040; x_wconf 82' lang='lat' dir='ltr'><strong>Audi</strong></span> <span class='ocrx_word' id='word_1_772' title='bbox 2867 3985 3042 4040; x_wconf 92' lang='lat' dir='ltr'><strong>adhuc</strong></span> <span class='ocrx_word' id='word_1_773' title='bbox 3065 3993 3120 4040; x_wconf 90' lang='lat' dir='ltr'><strong>et</strong></span> <span class='ocrx_word' id='word_1_774' title='bbox 3143 3985 3432 4056; x_wconf 84' lang='lat' dir='ltr'><strong>diligenter</strong></span> <span class='ocrx_word' id='word_1_775' title='bbox 3452 3994 3535 4041; x_wconf 89' lang='lat' dir='ltr'><strong>at—</strong></span> 
     </span>
    </p>
   </div>
   <div class='ocr_carea' id='block_1_100' title="bbox 1945 4075 3534 4146">
    <p class='ocr_par' dir='ltr' id='par_1_100' title="bbox 1945 4075 3534 4146">
     <span class='ocr_line' id='line_1_100' title="bbox 1945 4075 3534 4146; baseline -0.003 -12"><span class='ocrx_word' id='word_1_776' title='bbox 1945 4080 2124 4143; x_wconf 88' lang='lat' dir='ltr'><strong>tende,</strong></span> <span class='ocrx_word' id='word_1_777' title='bbox 2171 4094 2206 4134; x_wconf 94' lang='lat' dir='ltr'><strong>o</strong></span> <span class='ocrx_word' id='word_1_778' title='bbox 2258 4077 2553 4134; x_wconf 87' lang='lat' dir='ltr'><strong>monache!</strong></span> <span class='ocrx_word' id='word_1_779' title='bbox 2593 4077 2723 4146; x_wconf 92' lang='lat' dir='ltr'><strong>quid</strong></span> <span class='ocrx_word' id='word_1_780' title='bbox 2756 4075 3016 4130; x_wconf 92' lang='lat' dir='ltr'><strong>Dominus</strong></span> <span class='ocrx_word' id='word_1_781' title='bbox 3069 4090 3168 4144; x_wconf 88' lang='lat' dir='ltr'><strong>per</strong></span> <span class='ocrx_word' id='word_1_782' title='bbox 3215 4076 3534 4145; x_wconf 87' lang='lat' dir='ltr'><strong>prophetam</strong></span> 
     </span>
    </p>
   </div>
   <div class='ocr_carea' id='block_1_101' title="bbox 1941 4166 3533 4240">
    <p class='ocr_par' dir='ltr' id='par_1_101' title="bbox 1941 4166 3533 4240">
     <span class='ocr_line' id='line_1_101' title="bbox 1941 4166 3533 4240; baseline -0.004 -11"><span class='ocrx_word' id='word_1_783' title='bbox 1941 4173 2262 4229; x_wconf 85' lang='lat' dir='ltr'><strong>timentibus</strong></span> <span class='ocrx_word' id='word_1_784' title='bbox 2295 4187 2354 4226; x_wconf 91' lang='lat' dir='ltr'><strong>se</strong></span> <span class='ocrx_word' id='word_1_785' title='bbox 2403 4170 2682 4240; x_wconf 88' lang='lat' dir='ltr'><strong>promittat</strong></span> <span class='ocrx_word' id='word_1_786' title='bbox 2714 4183 2729 4221; x_wconf 90' lang='lat'><strong>:</strong></span> <span class='ocrx_word' id='word_1_787' title='bbox 2763 4166 3001 4233; x_wconf 88' lang='lat' dir='ltr'><strong>Orietur,</strong></span> <span class='ocrx_word' id='word_1_788' title='bbox 3047 4167 3238 4236; x_wconf 87' lang='lat' dir='ltr'><strong>inquit,</strong></span> <span class='ocrx_word' id='word_1_789' title='bbox 3275 4169 3415 4222; x_wconf 82' lang='lat' dir='ltr'><strong>vobis</strong></span> <span class='ocrx_word' id='word_1_790' title='bbox 3465 4169 3533 4222; x_wconf 89' lang='lat' dir='ltr'><strong>ti-</strong></span> 
     </span>
    </p>
   </div>
   <div class='ocr_carea' id='block_1_102' title="bbox 1944 4259 3532 4330">
    <p class='ocr_par' dir='ltr' id='par_1_102' title="bbox 1944 4259 3532 4330">
     <span class='ocr_line' id='line_1_102' title="bbox 1944 4259 3532 4330; baseline -0.003 -12"><span class='ocrx_word' id='word_1_791' title='bbox 1944 4264 2200 4319; x_wconf 89' lang='lat' dir='ltr'><strong>mentibus</strong></span> <span class='ocrx_word' id='word_1_792' title='bbox 2231 4279 2415 4318; x_wconf 90' lang='lat' dir='ltr'><strong>nomen</strong></span> <span class='ocrx_word' id='word_1_793' title='bbox 2447 4278 2618 4315; x_wconf 89' lang='lat' dir='ltr'><strong>meum</strong></span> <span class='ocrx_word' id='word_1_794' title='bbox 2643 4259 2722 4314; x_wconf 90' lang='lat' dir='ltr'><strong>sol</strong></span> <span class='ocrx_word' id='word_1_795' title='bbox 2735 4259 2980 4330; x_wconf 75' lang='lat' dir='ltr'><strong>justitiw,</strong></span> <span class='ocrx_word' id='word_1_796' title='bbox 3021 4266 3070 4312; x_wconf 91' lang='lat' dir='ltr'><strong>et</strong></span> <span class='ocrx_word' id='word_1_797' title='bbox 3098 4259 3297 4314; x_wconf 84' lang='lat' dir='ltr'><strong>sanitas</strong></span> <span class='ocrx_word' id='word_1_798' title='bbox 3326 4259 3380 4314; x_wconf 88' lang='lat' dir='ltr'><strong>in</strong></span> <span class='ocrx_word' id='word_1_799' title='bbox 3402 4277 3532 4330; x_wconf 87' lang='lat' dir='ltr'><strong>pen-</strong></span> 
     </span>
    </p>
   </div>
   <div class='ocr_carea' id='block_1_103' title="bbox 1944 4350 3530 4426">
    <p class='ocr_par' dir='ltr' id='par_1_103' title="bbox 1944 4350 3530 4426">
     <span class='ocr_line' id='line_1_103' title="bbox 1944 4350 3530 4426; baseline -0.003 -14"><span class='ocrx_word' id='word_1_800' title='bbox 1944 4357 2024 4412; x_wconf 88' lang='lat' dir='ltr'><strong>nis</strong></span> <span class='ocrx_word' id='word_1_801' title='bbox 2063 4356 2198 4426; x_wconf 84' lang='lat' dir='ltr'><strong>ejus,</strong></span> <span class='ocrx_word' id='word_1_802' title='bbox 2239 4365 2286 4409; x_wconf 91' lang='lat' dir='ltr'><strong>et</strong></span> <span class='ocrx_word' id='word_1_803' title='bbox 2325 4352 2660 4425; x_wconf 88' lang='lat' dir='ltr'><strong>egrediemini</strong></span> <span class='ocrx_word' id='word_1_804' title='bbox 2702 4362 2750 4406; x_wconf 93' lang='lat' dir='ltr'><strong>et</strong></span> <span class='ocrx_word' id='word_1_805' title='bbox 2779 4350 2978 4406; x_wconf 81' lang='lat' dir='ltr'><strong>salietis</strong></span> <span class='ocrx_word' id='word_1_806' title='bbox 3014 4351 3147 4406; x_wconf 85' lang='lat' dir='ltr'><strong>sicut</strong></span> <span class='ocrx_word' id='word_1_807' title='bbox 3173 4352 3320 4407; x_wconf 85' lang='lat' dir='ltr'><strong>vituli</strong></span> <span class='ocrx_word' id='word_1_808' title='bbox 3349 4354 3413 4408; x_wconf 88' lang='lat' dir='ltr'><strong>de</strong></span> <span class='ocrx_word' id='word_1_809' title='bbox 3439 4371 3530 4408; x_wconf 90' lang='lat' dir='ltr'><strong>ar-</strong></span> 
     </span>
    </p>
   </div>
   <div class='ocr_carea' id='block_1_104' title="bbox 1944 4441 3532 4516">
    <p class='ocr_par' dir='ltr' id='par_1_104' title="bbox 1944 4441 3532 4516">
     <span class='ocr_line' id='line_1_104' title="bbox 1944 4441 3532 4516; baseline -0.001 -16"><span class='ocrx_word' id='word_1_810' title='bbox 1944 4455 2140 4511; x_wconf 84' lang='lat' dir='ltr'><strong>mento,</strong></span> <span class='ocrx_word' id='word_1_811' title='bbox 2163 4453 2269 4500; x_wconf 88' lang='lat' dir='ltr'><strong>etc.</strong></span> <span class='ocrx_word' id='word_1_812' title='bbox 2301 4443 2558 4516; x_wconf 77' lang='lat' dir='ltr'><strong>(Malach.</strong></span> <span class='ocrx_word' id='word_1_813' title='bbox 2593 4441 2690 4515; x_wconf 91' lang='lat' dir='ltr'><strong>Iv).</strong></span> <span class='ocrx_word' id='word_1_814' title='bbox 2719 4443 2785 4497; x_wconf 90' lang='lat' dir='ltr'><strong>Et</strong></span> <span class='ocrx_word' id='word_1_815' title='bbox 2816 4442 2932 4507; x_wconf 90' lang='lat' dir='ltr'><strong>tibi,</strong></span> <span class='ocrx_word' id='word_1_816' title='bbox 2965 4458 2999 4497; x_wconf 89' lang='grc' dir='ltr'>ο</span> <span class='ocrx_word' id='word_1_817' title='bbox 3025 4443 3308 4508; x_wconf 87' lang='lat' dir='ltr'><strong>monache,</strong></span> <span class='ocrx_word' id='word_1_818' title='bbox 3336 4444 3532 4500; x_wconf 88' lang='lat' dir='ltr'><strong>timen-</strong></span> 
     </span>
    </p>
   </div>
   <div class='ocr_carea' id='block_1_105' title="bbox 1944 4533 3529 4605">
    <p class='ocr_par' dir='ltr' id='par_1_105' title="bbox 1944 4533 3529 4605">
     <span class='ocr_line' id='line_1_105' title="bbox 1944 4533 3529 4605; baseline 0 -13"><span class='ocrx_word' id='word_1_819' title='bbox 1944 4537 2069 4592; x_wconf 92' lang='lat' dir='ltr'><strong>dum</strong></span> <span class='ocrx_word' id='word_1_820' title='bbox 2106 4545 2189 4592; x_wconf 90' lang='lat' dir='ltr'><strong>est</strong></span> <span class='ocrx_word' id='word_1_821' title='bbox 2214 4550 2407 4591; x_wconf 88' lang='lat' dir='ltr'><strong>nomen</strong></span> <span class='ocrx_word' id='word_1_822' title='bbox 2449 4533 2682 4600; x_wconf 89' lang='lat' dir='ltr'><strong>Domini,</strong></span> <span class='ocrx_word' id='word_1_823' title='bbox 2722 4541 2783 4588; x_wconf 89' lang='lat' dir='ltr'><strong>ut</strong></span> <span class='ocrx_word' id='word_1_824' title='bbox 2827 4533 2907 4589; x_wconf 88' lang='lat' dir='ltr'><strong>sol</strong></span> <span class='ocrx_word' id='word_1_825' title='bbox 2931 4534 3158 4605; x_wconf 72' lang='lat' dir='ltr'><strong>iustitiae</strong></span> <span class='ocrx_word' id='word_1_826' title='bbox 3196 4534 3292 4590; x_wconf 89' lang='lat' dir='ltr'><strong>tibi</strong></span> <span class='ocrx_word' id='word_1_827' title='bbox 3320 4537 3529 4592; x_wconf 90' lang='lat' dir='ltr'><strong>oriatur</strong></span> 
     </span>
    </p>
   </div>
   <div class='ocr_carea' id='block_1_106' title="bbox 1942 4627 3531 4702">
    <p class='ocr_par' dir='ltr' id='par_1_106' title="bbox 1942 4627 3531 4702">
     <span class='ocr_line' id='line_1_106' title="bbox 1942 4627 3531 4702; baseline -0.002 -14"><span class='ocrx_word' id='word_1_828' title='bbox 1942 4632 2209 4699; x_wconf 90' lang='lat' dir='ltr'><strong>Christus,</strong></span> <span class='ocrx_word' id='word_1_829' title='bbox 2245 4632 2336 4702; x_wconf 91' lang='lat' dir='ltr'><strong>qui</strong></span> <span class='ocrx_word' id='word_1_830' title='bbox 2382 4631 2579 4687; x_wconf 87' lang='lat' dir='ltr'><strong>mentis</strong></span> <span class='ocrx_word' id='word_1_831' title='bbox 2624 4636 2730 4684; x_wconf 76' lang='lat' dir='ltr'><strong>tua:</strong></span> <span class='ocrx_word' id='word_1_832' title='bbox 2767 4627 3018 4682; x_wconf 91' lang='lat' dir='ltr'><strong>tenebras</strong></span> <span class='ocrx_word' id='word_1_833' title='bbox 3071 4627 3321 4698; x_wconf 84' lang='lat' dir='ltr'><strong>expellat,</strong></span> <span class='ocrx_word' id='word_1_834' title='bbox 3373 4629 3531 4699; x_wconf 83' lang='lat' dir='ltr'><strong>igno-</strong></span> 
     </span>
    </p>
   </div>
   <div class='ocr_carea' id='block_1_107' title="bbox 1943 4719 3529 4791">
    <p class='ocr_par' dir='ltr' id='par_1_107' title="bbox 1943 4719 3529 4791">
     <span class='ocr_line' id='line_1_107' title="bbox 1943 4719 3529 4791; baseline -0.005 -9"><span class='ocrx_word' id='word_1_835' title='bbox 1943 4727 2176 4782; x_wconf 83' lang='lat' dir='ltr'><strong>rantiam</strong></span> <span class='ocrx_word' id='word_1_836' title='bbox 2208 4724 2388 4779; x_wconf 90' lang='lat' dir='ltr'><strong>cordis</strong></span> <span class='ocrx_word' id='word_1_837' title='bbox 2411 4721 2643 4787; x_wconf 88' lang='lat' dir='ltr'><strong>auferat,</strong></span> <span class='ocrx_word' id='word_1_838' title='bbox 2675 4729 2729 4776; x_wconf 92' lang='lat' dir='ltr'><strong>et</strong></span> <span class='ocrx_word' id='word_1_839' title='bbox 2758 4720 2932 4776; x_wconf 92' lang='lat' dir='ltr'><strong>lucem</strong></span> <span class='ocrx_word' id='word_1_840' title='bbox 2956 4719 3323 4791; x_wconf 69' lang='lat' dir='ltr'><strong>intelligentia:</strong></span> <span class='ocrx_word' id='word_1_841' title='bbox 3350 4719 3529 4776; x_wconf 86' lang='lat' dir='ltr'><strong>infun-</strong></span> 
     </span>
    </p>
   </div>
   <div class='ocr_carea' id='block_1_108' title="bbox 1943 4812 3528 4887">
    <p class='ocr_par' dir='ltr' id='par_1_108' title="bbox 1943 4812 3528 4887">
     <span class='ocr_line' id='line_1_108' title="bbox 1943 4812 3528 4887; baseline -0.005 -13"><span class='ocrx_word' id='word_1_842' title='bbox 1943 4820 2053 4874; x_wconf 90' lang='lat' dir='ltr'><strong>dat.</strong></span> <span class='ocrx_word' id='word_1_843' title='bbox 2086 4817 2184 4872; x_wconf 79' lang='lat' dir='ltr'><strong>llic</strong></span> <span class='ocrx_word' id='word_1_844' title='bbox 2221 4817 2368 4887; x_wconf 87' lang='lat' dir='ltr'><strong>juste</strong></span> <span class='ocrx_word' id='word_1_845' title='bbox 2411 4816 2594 4870; x_wconf 90' lang='lat' dir='ltr'><strong>vivere</strong></span> <span class='ocrx_word' id='word_1_846' title='bbox 2620 4814 2848 4880; x_wconf 84' lang='lat' dir='ltr'><strong>tribuat,</strong></span> <span class='ocrx_word' id='word_1_847' title='bbox 2880 4820 2934 4868; x_wconf 84' lang='lat' dir='ltr'><strong>et</strong></span> <span class='ocrx_word' id='word_1_848' title='bbox 2959 4821 3082 4883; x_wconf 87' lang='lat' dir='ltr'><strong>post</strong></span> <span class='ocrx_word' id='word_1_849' title='bbox 3105 4819 3332 4867; x_wconf 90' lang='lat' dir='ltr'><strong>mortem</strong></span> <span class='ocrx_word' id='word_1_850' title='bbox 3363 4812 3528 4867; x_wconf 88' lang='lat' dir='ltr'><strong>vitam</strong></span> 
     </span>
    </p>
   </div>
   <div class='ocr_carea' id='block_1_109' title="bbox 1940 4907 2514 4965">
    <p class='ocr_par' dir='ltr' id='par_1_109' title="bbox 1940 4907 2514 4965">
     <span class='ocr_line' id='line_1_109' title="bbox 1940 4907 2514 4965; baseline -0.009 0"><span class='ocrx_word' id='word_1_851' title='bbox 1940 4918 2199 4965; x_wconf 61' lang='lat' dir='ltr'><strong>aternam</strong></span> <span class='ocrx_word' id='word_1_852' title='bbox 2231 4907 2514 4964; x_wconf 84' lang='lat' dir='ltr'><strong>concedat.</strong></span> 
     </span>
    </p>
   </div>
   <div class='ocr_carea' id='block_1_110' title="bbox 2015 4995 3525 5061">
    <p class='ocr_par' dir='ltr' id='par_1_110' title="bbox 2015 4995 3525 5061">
     <span class='ocr_line' id='line_1_110' title="bbox 2015 4995 3525 5061; baseline -0.007 -1"><span class='ocrx_word' id='word_1_853' title='bbox 2015 5004 2222 5061; x_wconf 84' lang='lat' dir='ltr'><strong>Currite</strong></span> <span class='ocrx_word' id='word_1_854' title='bbox 2246 5004 2373 5057; x_wconf 90' lang='lat' dir='ltr'><strong>dum</strong></span> <span class='ocrx_word' id='word_1_855' title='bbox 2413 5002 2588 5056; x_wconf 90' lang='lat' dir='ltr'><strong>lumen</strong></span> <span class='ocrx_word' id='word_1_856' title='bbox 2629 5002 2747 5056; x_wconf 76' lang='lat' dir='ltr'><strong>vita:</strong></span> <span class='ocrx_word' id='word_1_857' title='bbox 2783 4999 3004 5054; x_wconf 83' lang='lat' dir='ltr'><strong>habetis.</strong></span> <span class='ocrx_word' id='word_1_858' title='bbox 3034 4996 3151 5052; x_wconf 89' lang='lat' dir='ltr'><strong>Non</strong></span> <span class='ocrx_word' id='word_1_859' title='bbox 3182 4995 3271 5050; x_wconf 91' lang='lat' dir='ltr'><strong>hic</strong></span> <span class='ocrx_word' id='word_1_860' title='bbox 3305 5011 3525 5051; x_wconf 91' lang='lat' dir='ltr'><strong>cursum</strong></span> 
     </span>
    </p>
   </div>
   <div class='ocr_carea' id='block_1_111' title="bbox 1941 5086 3529 5168">
    <p class='ocr_par' dir='ltr' id='par_1_111' title="bbox 1941 5086 3529 5168">
     <span class='ocr_line' id='line_1_111' title="bbox 1941 5086 3529 5168; baseline -0.008 -14"><span class='ocrx_word' id='word_1_861' title='bbox 1941 5097 2216 5168; x_wconf 88' lang='lat' dir='ltr'><strong>corporis,</strong></span> <span class='ocrx_word' id='word_1_862' title='bbox 2269 5095 2363 5151; x_wconf 91' lang='lat' dir='ltr'><strong>sed</strong></span> <span class='ocrx_word' id='word_1_863' title='bbox 2412 5092 2713 5165; x_wconf 85' lang='lat' dir='ltr'><strong>profectum</strong></span> <span class='ocrx_word' id='word_1_864' title='bbox 2762 5091 2958 5163; x_wconf 66' lang='lat' dir='ltr'><strong>quaerit</strong></span> <span class='ocrx_word' id='word_1_865' title='bbox 3004 5088 3327 5144; x_wconf 88' lang='lat' dir='ltr'><strong>animarum.</strong></span> <span class='ocrx_word' id='word_1_866' title='bbox 3377 5086 3529 5143; x_wconf 89' lang='lat' dir='ltr'><strong>Unde</strong></span> 
     </span>
    </p>
   </div>
   <div class='ocr_carea' id='block_1_112' title="bbox 1939 5178 3531 5248">
    <p class='ocr_par' dir='ltr' id='par_1_112' title="bbox 1939 5178 3531 5248">
     <span class='ocr_line' id='line_1_112' title="bbox 1939 5178 3531 5248; baseline -0.009 -1"><span class='ocrx_word' id='word_1_867' title='bbox 1939 5190 2227 5247; x_wconf 86' lang='lat' dir='ltr'><strong>Psalmista</strong></span> <span class='ocrx_word' id='word_1_868' title='bbox 2252 5189 2328 5243; x_wconf 89' lang='lat' dir='ltr'><strong>ait</strong></span> <span class='ocrx_word' id='word_1_869' title='bbox 2359 5205 2372 5241; x_wconf 88' lang='lat'>:</span> <span class='ocrx_word' id='word_1_870' title='bbox 2403 5186 2562 5242; x_wconf 87' lang='lat' dir='ltr'><strong>Ibunt</strong></span> <span class='ocrx_word' id='word_1_871' title='bbox 2594 5186 2658 5240; x_wconf 88' lang='lat' dir='ltr'><strong>de</strong></span> <span class='ocrx_word' id='word_1_872' title='bbox 2682 5186 2870 5241; x_wconf 82' lang='lat' dir='ltr'><strong>virtute</strong></span> <span class='ocrx_word' id='word_1_873' title='bbox 2893 5185 2950 5238; x_wconf 89' lang='lat' dir='ltr'><strong>in</strong></span> <span class='ocrx_word' id='word_1_874' title='bbox 2974 5181 3236 5248; x_wconf 76' lang='lat' dir='ltr'><strong>virtutem,</strong></span> <span class='ocrx_word' id='word_1_875' title='bbox 3266 5190 3313 5234; x_wconf 87' lang='lat' dir='ltr'><strong>et</strong></span> <span class='ocrx_word' id='word_1_876' title='bbox 3337 5178 3531 5234; x_wconf 76' lang='lat' dir='ltr'><strong>videbi-</strong></span> 
     </span>
    </p>
   </div>
   <div class='ocr_carea' id='block_1_113' title="bbox 1940 5271 3598 5352">
    <p class='ocr_par' dir='ltr' id='par_1_113' title="bbox 1940 5271 3598 5352">
     <span class='ocr_line' id='line_1_113' title="bbox 1940 5271 3598 5352; baseline -0.008 -12"><span class='ocrx_word' id='word_1_877' title='bbox 1940 5296 2027 5340; x_wconf 89' lang='lat' dir='ltr'><strong>tur</strong></span> <span class='ocrx_word' id='word_1_878' title='bbox 2068 5285 2208 5339; x_wconf 87' lang='lat' dir='ltr'><strong>Deus</strong></span> <span class='ocrx_word' id='word_1_879' title='bbox 2248 5284 2463 5338; x_wconf 86' lang='lat' dir='ltr'><strong>dcorum</strong></span> <span class='ocrx_word' id='word_1_880' title='bbox 2505 5283 2559 5336; x_wconf 90' lang='lat' dir='ltr'><strong>in</strong></span> <span class='ocrx_word' id='word_1_881' title='bbox 2605 5280 2734 5337; x_wconf 88' lang='lat' dir='ltr'><strong>Sion</strong></span> <span class='ocrx_word' id='word_1_882' title='bbox 2757 5277 2931 5352; x_wconf 88' lang='lat' dir='ltr'><strong>(Psal.</strong></span> <span class='ocrx_word' id='word_1_883' title='bbox 2960 5275 3210 5346; x_wconf 77' lang='lat' dir='ltr'><strong>LXXXIII).</strong></span> <span class='ocrx_word' id='word_1_884' title='bbox 3251 5273 3317 5327; x_wconf 90' lang='lat' dir='ltr'><strong>Et</strong></span> <span class='ocrx_word' id='word_1_885' title='bbox 3351 5271 3524 5326; x_wconf 85' lang='lat' dir='ltr'><strong>alibi:</strong></span> <span class='ocrx_word' id='word_1_886' title='bbox 3593 5329 3598 5334; x_wconf 64' lang='grc'><strong><em>,</em></strong></span> 
     </span>
    </p>
   </div>
   <div class='ocr_carea' id='block_1_114' title="bbox 1950 5367 3526 5435">
    <p class='ocr_par' dir='ltr' id='par_1_114' title="bbox 1950 5367 3526 5435">
     <span class='ocr_line' id='line_1_114' title="bbox 1950 5367 3526 5435; baseline -0.008 -6"><span class='ocrx_word' id='word_1_887' title='bbox 1950 5375 2102 5431; x_wconf 85' lang='lat' dir='ltr'><strong>Viam</strong></span> <span class='ocrx_word' id='word_1_888' title='bbox 2128 5375 2499 5430; x_wconf 83' lang='lat' dir='ltr'><strong>mandatorum</strong></span> <span class='ocrx_word' id='word_1_889' title='bbox 2529 5373 2757 5435; x_wconf 90' lang='lat' dir='ltr'><strong>cucurri,</strong></span> <span class='ocrx_word' id='word_1_890' title='bbox 2787 5371 2911 5424; x_wconf 89' lang='lat' dir='ltr'><strong>dum</strong></span> <span class='ocrx_word' id='word_1_891' title='bbox 2943 5367 3194 5422; x_wconf 89' lang='lat' dir='ltr'><strong>dilatares</strong></span> <span class='ocrx_word' id='word_1_892' title='bbox 3221 5380 3313 5418; x_wconf 91' lang='lat' dir='ltr'><strong>cor</strong></span> <span class='ocrx_word' id='word_1_893' title='bbox 3351 5379 3526 5418; x_wconf 83' lang='lat' dir='ltr'><strong>meum</strong></span> 
     </span>
    </p>
   </div>
   <div class='ocr_carea' id='block_1_115' title="bbox 1942 5460 3526 5543">
    <p class='ocr_par' dir='ltr' id='par_1_115' title="bbox 1942 5460 3526 5543">
     <span class='ocr_line' id='line_1_115' title="bbox 1942 5460 3526 5543; baseline -0.007 -19"><span class='ocrx_word' id='word_1_894' title='bbox 1942 5469 2114 5543; x_wconf 89' lang='lat' dir='ltr'><strong>(Psal.</strong></span> <span class='ocrx_word' id='word_1_895' title='bbox 2173 5469 2382 5543; x_wconf 85' lang='lat' dir='ltr'><strong>cvaII).</strong></span> <span class='ocrx_word' id='word_1_896' title='bbox 2426 5468 2559 5524; x_wconf 88' lang='lat' dir='ltr'><strong>Nam</strong></span> <span class='ocrx_word' id='word_1_897' title='bbox 2603 5477 2659 5525; x_wconf 91' lang='lat' dir='ltr'><strong>et</strong></span> <span class='ocrx_word' id='word_1_898' title='bbox 2702 5468 2790 5522; x_wconf 93' lang='lat' dir='ltr'><strong>hic</strong></span> <span class='ocrx_word' id='word_1_899' title='bbox 2849 5479 3043 5522; x_wconf 86' lang='lat' dir='ltr'><strong>cursus</strong></span> <span class='ocrx_word' id='word_1_900' title='bbox 3089 5460 3526 5517; x_wconf 88' lang='lat' dir='ltr'><strong>observationem</strong></span> 
     </span>
    </p>
   </div>
   <div class='ocr_carea' id='block_1_116' title="bbox 1944 5549 3526 5656">
    <p class='ocr_par' dir='ltr' id='par_1_116' title="bbox 1944 5549 3526 5656">
     <span class='ocr_line' id='line_1_116' title="bbox 1944 5549 3526 5656; baseline -0.009 -37"><span class='ocrx_word' id='word_1_901' title='bbox 1944 5563 2320 5619; x_wconf 89' lang='lat' dir='ltr'><strong>mandatorum</strong></span> <span class='ocrx_word' id='word_1_902' title='bbox 2345 5569 2399 5616; x_wconf 91' lang='lat' dir='ltr'><strong>et</strong></span> <span class='ocrx_word' id='word_1_903' title='bbox 2420 5561 2720 5632; x_wconf 88' lang='lat' dir='ltr'><strong>profectum</strong></span> <span class='ocrx_word' id='word_1_904' title='bbox 2744 5555 3013 5629; x_wconf 86' lang='lat' dir='ltr'><strong>significat</strong></span> <span class='ocrx_word' id='word_1_905' title='bbox 3031 5553 3353 5656; x_wconf 51' lang='lat' dir='ltr'><strong>agimarum.</strong></span> <span class='ocrx_word' id='word_1_906' title='bbox 3385 5549 3526 5656; x_wconf 78' lang='lat' dir='ltr'><strong>Dum</strong></span> 
     </span>
    </p>
   </div>
   <div class='ocr_carea' id='block_1_117' title="bbox 1944 5644 3526 5722">
    <p class='ocr_par' dir='ltr' id='par_1_117' title="bbox 1944 5644 3526 5722">
     <span class='ocr_line' id='line_1_117' title="bbox 1944 5644 3526 5722; baseline -0.006 -13"><span class='ocrx_word' id='word_1_907' title='bbox 1944 5655 2119 5711; x_wconf 84' lang='lat' dir='ltr'><strong>lumen</strong></span> <span class='ocrx_word' id='word_1_908' title='bbox 2165 5657 2282 5711; x_wconf 69' lang='lat' dir='ltr'><strong>vitm</strong></span> <span class='ocrx_word' id='word_1_909' title='bbox 2311 5655 2531 5720; x_wconf 90' lang='lat' dir='ltr'><strong>habetis,</strong></span> <span class='ocrx_word' id='word_1_910' title='bbox 2571 5651 2767 5722; x_wconf 91' lang='lat' dir='ltr'><strong>inquit,</strong></span> <span class='ocrx_word' id='word_1_911' title='bbox 2798 5649 2852 5704; x_wconf 88' lang='lat' dir='ltr'><strong>id</strong></span> <span class='ocrx_word' id='word_1_912' title='bbox 2879 5655 2980 5714; x_wconf 88' lang='lat' dir='ltr'><strong>est,</strong></span> <span class='ocrx_word' id='word_1_913' title='bbox 3013 5644 3139 5702; x_wconf 64' lang='lat' dir='ltr'><strong>du&#39;m</strong></span> <span class='ocrx_word' id='word_1_914' title='bbox 3166 5645 3366 5710; x_wconf 90' lang='lat' dir='ltr'><strong>vivitis,</strong></span> <span class='ocrx_word' id='word_1_915' title='bbox 3397 5644 3526 5700; x_wconf 88' lang='lat' dir='ltr'><strong>dum</strong></span> 
     </span>
    </p>
   </div>
   <div class='ocr_carea' id='block_1_118' title="bbox 1941 5735 3527 5819">
    <p class='ocr_par' dir='ltr' id='par_1_118' title="bbox 1941 5735 3527 5819">
     <span class='ocr_line' id='line_1_118' title="bbox 1941 5735 3527 5819; baseline -0.009 -13"><span class='ocrx_word' id='word_1_916' title='bbox 1941 5749 2096 5806; x_wconf 90' lang='lat' dir='ltr'><strong>vobis</strong></span> <span class='ocrx_word' id='word_1_917' title='bbox 2118 5751 2241 5803; x_wconf 67' lang='lat' dir='ltr'><strong>vitae</strong></span> <span class='ocrx_word' id='word_1_918' title='bbox 2267 5746 2425 5817; x_wconf 91' lang='lat' dir='ltr'><strong>hujus</strong></span> <span class='ocrx_word' id='word_1_919' title='bbox 2447 5745 2677 5819; x_wconf 91' lang='lat' dir='ltr'><strong>spatium</strong></span> <span class='ocrx_word' id='word_1_920' title='bbox 2701 5741 2972 5796; x_wconf 86' lang='lat' dir='ltr'><strong>tribuitur.</strong></span> <span class='ocrx_word' id='word_1_921' title='bbox 3004 5739 3139 5795; x_wconf 87' lang='lat' dir='ltr'><strong>Nam</strong></span> <span class='ocrx_word' id='word_1_922' title='bbox 3161 5747 3216 5794; x_wconf 90' lang='lat' dir='ltr'><strong>et</strong></span> <span class='ocrx_word' id='word_1_923' title='bbox 3234 5737 3322 5793; x_wconf 88' lang='lat' dir='ltr'><strong>ille</strong></span> <span class='ocrx_word' id='word_1_924' title='bbox 3343 5735 3527 5792; x_wconf 87' lang='lat' dir='ltr'><strong>lumen</strong></span> 
     </span>
    </p>
   </div>
   <div class='ocr_carea' id='block_1_119' title="bbox 1942 5829 3528 5908">
    <p class='ocr_par' dir='ltr' id='par_1_119' title="bbox 1942 5829 3528 5908">
     <span class='ocr_line' id='line_1_119' title="bbox 1942 5829 3528 5908; baseline -0.008 -10"><span class='ocrx_word' id='word_1_925' title='bbox 1942 5845 2067 5900; x_wconf 78' lang='lat' dir='ltr'><strong>vitae</strong></span> <span class='ocrx_word' id='word_1_926' title='bbox 2096 5846 2152 5898; x_wconf 93' lang='lat' dir='ltr'><strong>in</strong></span> <span class='ocrx_word' id='word_1_927' title='bbox 2183 5857 2240 5898; x_wconf 91' lang='lat' dir='ltr'><strong>se</strong></span> <span class='ocrx_word' id='word_1_928' title='bbox 2268 5841 2433 5897; x_wconf 88' lang='lat' dir='ltr'><strong>habet</strong></span> <span class='ocrx_word' id='word_1_929' title='bbox 2475 5837 2584 5908; x_wconf 91' lang='lat' dir='ltr'><strong>qui,</strong></span> <span class='ocrx_word' id='word_1_930' title='bbox 2636 5835 2822 5891; x_wconf 87' lang='lat' dir='ltr'><strong>relicto</strong></span> <span class='ocrx_word' id='word_1_931' title='bbox 2865 5833 3061 5907; x_wconf 91' lang='lat' dir='ltr'><strong>prioris</strong></span> <span class='ocrx_word' id='word_1_932' title='bbox 3097 5829 3528 5890; x_wconf 81' lang='lat' dir='ltr'><strong>conversattonis</strong></span> 
     </span>
    </p>
   </div>
   <div class='ocr_carea' id='block_1_120' title="bbox 1944 5923 3526 6006">
    <p class='ocr_par' dir='ltr' id='par_1_120' title="bbox 1944 5923 3526 6006">
     <span class='ocr_line' id='line_1_120' title="bbox 1944 5923 3526 6006; baseline -0.012 -10"><span class='ocrx_word' id='word_1_933' title='bbox 1944 5953 2152 6006; x_wconf 81' lang='lat' dir='ltr'><strong>errore,</strong></span> <span class='ocrx_word' id='word_1_934' title='bbox 2199 5937 2267 5993; x_wconf 88' lang='lat' dir='ltr'><strong>ad</strong></span> <span class='ocrx_word' id='word_1_935' title='bbox 2301 5931 2551 5991; x_wconf 87' lang='lat' dir='ltr'><strong>meliores</strong></span> <span class='ocrx_word' id='word_1_936' title='bbox 2595 5929 2714 5988; x_wconf 87' lang='lat' dir='ltr'><strong>vias</strong></span> <span class='ocrx_word' id='word_1_937' title='bbox 2755 5928 3087 5989; x_wconf 87' lang='lat' dir='ltr'><strong>convertitur</strong></span> <span class='ocrx_word' id='word_1_938' title='bbox 3133 5925 3280 5993; x_wconf 73' lang='lat' dir='ltr'><strong>vitae,</strong></span> <span class='ocrx_word' id='word_1_939' title='bbox 3311 5923 3526 5982; x_wconf 80' lang='lat' dir='ltr'><strong>dicente</strong></span> 
     </span>
    </p>
   </div>
  </div>
