4020 6502
503 434 600 507 τοθ
1776 421 2131 489 ΒΙΔΒΔΕΒΙ
2162 420 2455 484 ΑΒΕΔΤΙΒ
3680 412 3794 481 Μ

497 557 753 631 Apostolo
768 554 1007 615 Muris
1029 549 1316 622 aliquando
1340 547 1589 613 tenet-ra,
1618 561 1759 602 nunc
1779 540 1961 599 cateia
1986 558 2078 603 ius
2103 545 2157 607 Α
2180 554 2321 631 atus.
2358 539 2536 631 Dones
2560 540 2742 631 autem
2772 533 2893 595 dies
2924 546 3034 594 non
3058 532 3197 595 istos
3225 531 3358 631 dicit
3375 530 3438 631 in
3696 547 3797 595 ea.

494 622 562 705 ἧκ’
596 648 819 706 Domino
857 644 1016 716 (Eph.
1051 641 1128 714 v).
1169 640 1275 697 Sed
1306 648 1361 696 et
1400 638 1489 694 ille
1534 639 1715 693 lumen
1765 637 1888 692 vitae
1925 636 1980 690 in
2019 650 2078 690 se
2179 630 2330 689 ducis
2360 625 2805 684 delectationibus
2850 640 3199 695 occupamur,
3247 624 3342 683 sed
3373 622 3499 687 illos
3534 623 3637 695 qui
3665 638 3799 716 vero

494 739 795 810 babet,qui
822 713 969 792 illum
992 734 1154 790 habet
1169 734 1261 804 qui
1280 733 1415 789 dixit
1439 750 1452 786 :
1476 731 1591 802 Ego
1610 746 1728 785 sum
1748 729 1842 783 tuo
1862 728 2077 793 mundi;
2178 723 2306 781 boni
2355 729 2484 777 sunt
2522 728 2576 774 et
2624 719 2681 777 iu
2731 716 3259 810 summa‘sauctitale
3285 725 3603 810 versantur.
3653 713 3791 781 Quis

496 835 589 908 qui
612 807 843 904 sequitur
868 844 970 892 me,
995 842 1100 881 non
1133 822 1366 879 ambulat
1397 822 1692 878 intenebris
1725 819 1906 893 (Joan.
1934 821 2077 890 vui).
2178 821 2255 869 est
2282 812 2454 875 homo,
2490 810 2638 908 dicit,
2665 809 2754 880 qui
2782 807 2889 908 vlt-ii
2918 807 3099 908 vitam,
3130 807 3185 864 id
3210 814 3316 874 est,
3344 807 3521 908 vitam

501 899 654 982 ilude
676 899 732 978 et
759 920 850 978 hic
877 927 1063 988 aperte
1085 915 1335 986 sequitur
1359 932 1371 949 ι
2180 912 2519 975 perpetuam,
2580 899 2970 969 immortalem,
3018 900 3140 967 sine
3162 908 3376 974 morte,
3434 899 3558 957 sine
3590 899 3714 964 line
3741 905 3803 958 α

571 1015 655 1071 No
705 1013 929 1069 tenebrae
976 1011 1159 1065 mortis
1208 1025 1295 1063 vos
1349 1005 1808 1078 comprehendant.
1866 1002 1981 1059 Hoc
2028 1002 2082 1056 in
2183 995 2302 1050 sine
2328 994 2536 1058 labore,
2568 993 2695 1062 quia
2739 992 2796 1047 in
2832 992 2933 1049 bac
2960 991 3072 1048 vita
3100 991 3264 1047 homo
3315 992 3383 1049 ad
3410 990 3669 1047 laborem
3702 1004 3799 1048 Isa-

498 1100 620 1168 loco
661 1105 888 1162 tenebrae
929 1118 1077 1160 mors
1123 1101 1240 1158 sive
1290 1100 1537 1157 diabolus
1572 1098 1910 1170 intelligitur.
1954 1094 2085 1150 Pos-
2150 1088 2373 1145 ‘scitur.
2412 1086 2494 1145 Ad
2524 1086 2690 1150 illam,
2722 1093 2784 1141 ut
2808 1087 2925 1143 sine
2954 1084 3164 1153 labore,
3191 1093 3264 1151 et,
3308 1093 3371 1143 ut
3410 1085 3465 1145 in
3513 1093 3795 1145 aeternum

501 1216 690 1259 sumus
740 1208 797 1255 et
847 1198 968 1253 illas
1015 1197 1105 1252 bic
1159 1210 1266 1250 non
1317 1193 1761 1249 inconvenienter
1815 1190 2084 1262 intellige-
2184 1182 2354 1247 vivat,
2401 1180 2671 1250 pervenit.
2710 1178 2806 1235 Illa
2849 1187 2934 1237 est
2960 1180 3109 1239 enim
3154 1178 3269 1235 vita
3300 1179 3462 1235 beata
3515 1178 3588 1239 ad
3619 1192 3799 1247 quam

498 1304 560 1348 re
605 1291 862 1346 tenebras
908 1303 1049 1360 quas
1091 1288 1145 1342 in
1208 1285 1499 1357 Evangelio
1545 1284 1805 1339 Dominus
1854 1282 2087 1338 exterio-

498 1397 590 1439 res
636 1380 889 1451 appellat.
971 1379 1073 1447 Qui
1134 1392 1282 1441 vero,
1346 1378 1475 1433 dum
1526 1377 1737 1443 vivunt,
1784 1391 1814 1429 a
1848 1375 1996 1430 vitiis
2030 1389 2088 1429 se

498 1488 754 1545 separare
776 1488 884 1529 non
909 1479 1184 1543 satagunt,
1209 1479 1265 1527 et
1288 1470 1578 1525 virtutibus
1600 1482 1851 1524 crescere
1879 1467 2083 1530 nolunt,

499 1565 697 1622 merito
736 1579 769 1619 a
821 1565 1012 1619 mortis
1060 1563 1299 1619 tenebris
1345 1560 1723 1633 comprehensi
1772 1561 1828 1614 in
1876 1559 2090 1614 interno

499 1655 685 1729 lugent
713 1656 973 1713 damnati.
1004 1655 1296 1712 interiores
1326 1654 1526 1726 quippe
1573 1652 1822 1709 tenebras
1862 1651 2092 1706 dicimus

506 1749 806 1804 caecitatem
832 1748 1012 1803 cordis
1029 1787 1044 1813 ,
1074 1747 1376 1807 exteriores
1399 1760 1530 1800 vero
1556 1744 1808 1800 tenebras
1832 1750 2093 1797 aeternam

2185 1277 2279 1350 qui
2328 1292 2451 1335 cum
2504 1277 2768 1333 bonorum
2807 1289 3032 1345 cperum
3083 1272 3558 1331 consummatione
3593 1286 3797 1343 perve-

2186 1371 2390 1435 nerint,
2445 1369 2620 1426 beatis
2654 1368 2864 1439 angelis
2908 1367 3114 1425 similes
3148 1374 3330 1432 erunt,
3365 1373 3424 1421 et
3452 1365 3625 1425 simul
3654 1380 3789 1421 cum

2187 1460 2300 1519 Deo
2334 1474 2435 1515 suo
2464 1460 2580 1516 sine
2603 1458 2710 1515 ﬁne
2740 1459 3061 1529 regnabant.
3102 1457 3257 1525 Quod
3281 1456 3371 1515 hic
3401 1456 3791 1522 crediderant,

2190 1554 2264 1611 ibi
2292 1553 2550 1611 videbunt
2584 1553 2667 1610 sui
2696 1552 2962 1611 creatoris
3009 1549 3371 1609 substantiam
3402 1550 3633 1607 mundis
3669 1564 3796 1604 cor-

2191 1646 2376 1705 dibus'
2410 1645 2859 1716 contemplantes,
2911 1650 3116 1699 azterua
3168 1642 3539 1699 exsultatione
3594 1641 3798 1712 gaude-

2191 1739 2328 1795 bunt
2354 1738 2549 1795 divinae
2583 1736 2887 1799 dilectionis
2916 1744 2970 1793 et
2998 1743 3185 1795 mutua
3211 1736 3507 1793 dilectione
3539 1736 3786 1805 possessi

497 1851 713 1903 noctem
744 1840 1125 1896 damnationis.
1161 1839 1314 1895 Tune
1356 1853 1486 1910 ergo
1531 1838 1819 1893 damnatus
1864 1835 2096 1905 quisque
2197 1831 2252 1887 in
2288 1840 2574 1896 asternum,
2604 1838 2662 1885 et
2709 1829 2941 1887 invicem
2969 1826 3073 1883 sibi
3122 1826 3353 1889 feliciter
3406 1827 3794 1887 adhmrebunt.

498 1948 607 1988 non
633 1932 688 1987 in
710 1931 1018 1997 interiores,
1040 1930 1136 1986 sed
1156 1930 1210 1984 in
1230 1930 1532 1993 exteriores
1553 1926 2086 1991 tenebras‘mittitur,
2116 1913 2165 1974 Β
2194 1924 2446 1993 Beccptis
2505 1938 2630 1978 cum
2682 1921 3086 1991 incorruptione
3147 1929 3309 1991 atque
3366 1920 3796 1983 immortalitate

499 2023 627 2093 quia
673 2022 784 2083 illic
831 2022 1027 2077 invitus
1075 2020 1357 2092 projicitur
1402 2020 1459 2076 in
1503 2028 1660 2076 nocte
1703 2018 2083 2083 damnationis,

496 2114 593 2186 qui
620 2113 712 2169 hic
746 2121 938 2184 sponte
966 2113 1160 2169 cecidit
1203 2113 1259 2171 in
1288 2113 1582 2169 excitatam
1622 2111 1821 2168 cordis.
1859 2110 1961 2167 Ubi
1995 2111 2089 2167 lle-

498 2212 588 2260 tus
613 2212 669 2260 et
691 2203 893 2260 stridor
910 2204 1150 2263 dentium
1173 2218 1296 2258 esse
1316 2204 1653 2274 perhibetur,
1681 2211 1741 2258 ut
1762 2203 1873 2258 illic
1896 2202 2088 2259 dentes

498 2295 764 2352 strideant
799 2296 893 2369 qui
943 2296 1036 2351 hic
1085 2296 1352 2353 edacitate
1400 2295 1741 2367 gaudebant;
1790 2294 1900 2350 illic
1942 2295 2086 2350 oculi

497 2385 733 2444 deﬂeant
759 2388 850 2459 qui
878 2381 968 2443 hic
1006 2401 1106 2457 per
1135 2387 1349 2442 illicitas
1386 2387 1857 2457 concupiscentias
1895 2400 2083 2442 versa-

506 2478 708 2535 bantur
737 2493 752 2533 :
778 2486 1045 2550 quatenus
1066 2493 1293 2548 quaeque
1317 2477 1528 2550 singula
1551 2478 1795 2534 membra
1824 2479 2088 2549 supplicio

499 2568 838 2640 subiaceant,
881 2586 1002 2642 quae
1026 2571 1117 2629 hic
1142 2571 1367 2643 singulis
1404 2572 1708 2641 quibusque
1738 2570 1886 2626 vitiis
1911 2570 2090 2642 subje-

500 2669 589 2719 cta
617 2663 947 2721 serviebant.
982 2661 1044 2717 In
1065 2661 1194 2718 ﬂetu
1221 2658 1438 2732 quoque
1467 2661 1748 2717 oculorum
1771 2669 1830 2716 et
1851 2661 2090 2717 stridore

502 2753 745 2810 dentium
770 2768 870 2823 per
910 2753 1283 2823 metaphoram
1306 2752 1675 2810 membrorum
1700 2751 2087 2821 corporalium,

502 2842 817 2913 magnitudo
843 2842 1148 2901 ostenditur
1181 2849 1592 2901 tormentorum.
1621 2841 1883 2901 Tenebrae
1909 2850 2091 2901 autem

503 2932 760 2992 dicuntur
783 2948 850 2991 eo
874 2934 1020 3003 quod
1039 2941 1258 2993 teneant
1291 2934 1531 2995 umbras.
1578 2933 1694 2992 Non
1719 2933 1926 3003 aliquid
1967 2940 2094 2991 sunt

502 3026 761 3093 tenebras,
789 3027 884 3083 sed
916 3027 1007 3085 ubi
1036 3027 1127 3084 lux
1156 3036 1261 3093 est,
1290 3028 1524 3083 tenebrat
1547 3026 1698 3083 ﬁunt.
1751 3026 1904 3085 Sicut
1946 3028 2093 3086 enim

505 3118 748 3177 tenebrae
775 3118 909 3179 nihil
934 3128 1059 3177 sunt
1084 3120 1190 3181 nisi
1216 3121 1461 3181 absentia
1490 3120 1643 3183 lucis.
1682 3121 1759 3179 ita
1786 3135 1936 3177 mors
1959 3121 2095 3181 nihil

499 3215 591 3271 est
620 3209 727 3271 nisi
750 3210 984 3280 privatio
1006 3212 1153 3273 vitae.
1212 3211 1358 3271 Mors
1380 3213 1523 3271 dicta
1546 3212 1630 3271 vel
1658 3227 1691 3271 a
1720 3226 1904 3273 morsu
1934 3253 1949 3278 ,
2007 3212 2094 3268 vel

502 3303 629 3375 quia
653 3318 839 3367 amara
865 3313 967 3363 est.

573 3394 644 3453 Et
662 3410 901 3468 quarm
919 3395 1179 3453 Dominus
1202 3391 1613 3457 iit-multitudine
1636 3396 1835 3469 populi,
1871 3398 1958 3457 eui
1978 3398 2090 3455 haec

500 3487 714 3555 domat,
742 3488 1037 3560 operarium
1061 3507 1237 3556 suum,
1264 3491 1454 3547 iterum
1473 3492 1621 3547 dicit.
1660 3491 1718 3548 lu
1745 3491 2091 3549 multitudine

501 3582 649 3647 enim
695 3582 957 3643 Dominus
989 3600 1192 3653 paucos
1225 3588 1505 3658 operarios
1531 3588 1752 3658 quierit,
1781 3590 1907 3658 quia
1937 3588 2091 3646 mstiti

501 3684 625 3730 sunt
636 3677 824 3742 uocati,
846 3676 1002 3746 pauci
1024 3687 1200 3732 autem
1222 3676 1367 3732 electi
1392 3678 1604 3747 (Matth.
1626 3680 1742 3750 xx).
1763 3680 1970 3747 Qumrit
1991 3681 2094 3737 uti-

505 3778 614 3836 que
647 3765 930 3836 operarios
956 3766 1117 3823 modo
1154 3769 1413 3838 praesenti
1438 3768 1495 3825 in
1520 3769 1652 3834 vita,
1682 3770 1880 3840 quibus
1905 3780 2092 3841 postea

504 3855 929 3914 misericorditer
978 3857 1222 3919 clamans
1260 3859 1449 3916 dicat:
1488 3858 1673 3918 Venite
1713 3861 1782 3920 ad
1808 3878 1894 3919 me
1914 3878 2092 3921 omnes

505 3948 594 4021 qui
648 3945 924 4016 laboratis,
965 3959 1013 4009 et
1062 3952 1265 4006 onerati
1299 3953 1444 4017 estis,
1490 3961 1541 4009 et
1587 3969 1681 4025 ego
1726 3955 1960 4024 reﬁciam
1982 3973 2089 4024 nos,

507 4041 642 4098 dicit
666 4040 927 4103 Dominus
958 4041 1176 4114 (Matth.
1217 4041 1316 4115 XI).
1344 4042 1620 4115 Scriptum
1654 4054 1738 4107 est
1763 4047 1906 4107 enim
1940 4065 1953 4103 :
1988 4047 2093 4113 Qui

506 4143 751 4205 operatur
776 4142 971 4191 torrent
1005 4149 1159 4193 suam
1205 4136 1533 4197 saturabitur
1577 4137 1824 4208 panibus.
1860 4136 1965 4204 Qui
1996 4156 2095 4201 an-

506 4231 609 4281 tem
650 4232 882 4285 uelatur
911 4224 1099 4293 otium,
1139 4225 1196 4285 in
1239 4236 1463 4297 egestate
1487 4229 1583 4291 erit
1627 4227 1810 4300 (Prov.
1844 4230 1968 4301 xu).
2001 4230 2094 4289 ille

507 4327 711 4376 terram
757 4336 913 4377 suam
962 4328 1184 4379 strenue
1220 4332 1500 4394 operatur,
1549 4325 1644 4394 qui
1683 4340 1884 4385 arcana
1914 4327 2095 4387 cordis

509 4413 591 4468 sui
615 4426 713 4481 per
733 4414 1047 4483 quotidiana
1071 4414 1352 4481 exercitia,
1379 4431 1478 4486 per
1504 4416 1641 4488 legis
1666 4418 2088 4483 meditationem,

509 4518 608 4574 per
642 4504 976 4575 vigilantiam
1029 4507 1247 4572 mentis,
1281 4508 1431 4563 velut
1465 4523 1561 4578 per
1590 4509 1979 4579 agriculturam
2012 4511 2096 4566 in-

511 4602 721 4651 stanter
770 4596 970 4662 erudit,
999 4604 1164 4666 atque
1203 4598 1535 4667 spiritalibus
1559 4599 1717 4664 cibis,
1772 4600 1917 4657 velut
1943 4601 2097 4671 pani-

510 4685 633 4751 bus,
697 4702 768 4742 ne
816 4688 958 4747 fame
1022 4691 1340 4762 ignorantiae
1400 4691 1755 4761 periclitetur,
1818 4694 2094 4758 interioris

510 4777 747 4834 hominis
770 4780 854 4834 sui
883 4795 1100 4843 sensum
1143 4783 1398 4841 invisibili
1428 4784 1687 4842 alimento
1733 4785 1959 4844 reticere
1985 4804 2092 4846 non

511 4867 742 4925 desistit.
777 4869 893 4937 ille,
923 4870 1163 4941 inquam,
1194 4875 1285 4944 qui
1319 4875 1374 4929 in
1403 4882 1545 4932 terra
1582 4878 1829 4948 corporis
1853 4879 1939 4936 sui
1965 4895 2094 4951 ope-

510 4960 680 5015 rando
703 4967 996 5020 nocturnas
1019 4972 1237 5025 exercet
1265 4965 1475 5037 vigilias
1520 4968 1824 5038 uberesque
1846 4985 1946 5039 pro
1966 4985 2093 5042 pec-

510 5050 651 5110 catis
674 5049 901 5113 eil'uudit
925 5053 1220 5129 lacrymas,
1267 5073 1462 5129 corpus
1486 5074 1644 5121 suum
1670 5060 1916 5123 servituti
1947 5062 2093 5125 redi-

510 5154 645 5212 getts
672 5143 919 5214 castigat,
960 5160 1179 5205 carnem
1209 5162 1363 5205 suam
1405 5147 1610 5219 jejunio
1648 5160 1891 5209 macerat
1924 5159 1979 5207 et
2000 5168 2097 5208 va-

513 5233 611 5296 riis
661 5231 1039 5300 aﬂlictionibus
1083 5239 1315 5305 cruciat,
1352 5239 1442 5295 ille
1491 5243 1723 5312 panibus
1762 5244 2016 5315 supernis
2043 5253 2100 5303 et

510 5327 751 5397 praemiis
782 5330 1115 5393 saturabitur
1146 5333 1382 5391 aeternis.

586 5416 717 5483 Quis
755 5430 832 5481 est
864 5422 1019 5481 homo
1043 5421 1133 5493 qui
1176 5421 1281 5485 vult
1316 5423 1495 5497 vitam,
1528 5433 1578 5487 et
1598 5427 1739 5501 cupit
1776 5426 1949 5487 videre
1985 5427 2099 5489 dies

513 5506 676 5569 bonos
724 5510 894 5581 (Pent.
926 5512 1126 5585 sunt)
1153 5512 1177 5568 'i
1209 5513 1356 5571 Talis
1405 5516 1758 5590 interrogatio
1784 5520 1963 5591 posita
1986 5528 2091 5586 est,

514 5610 680 5671 quam
730 5602 970 5657 omnium
1019 5605 1263 5676 sequitur
1309 5622 1584 5669 assensus.
1651 5609 1784 5680 Quis
1829 5618 1912 5669 est
1947 5611 2095 5673 enim

514 5689 611 5764 qui
661 5692 833 5762 possit
885 5691 1087 5765 dicere,
1126 5704 1220 5755 aut
1264 5699 1434 5757 vitam
1480 5700 1628 5768 nolo,
1661 5709 1756 5757 aut
1781 5702 1899 5759 dies
1921 5703 2096 5761 bonos

514 5781 700 5847 videre
725 5802 833 5851 non
864 5789 1067 5861 cupio?
1104 5790 1211 5857 Sed
1243 5794 1449 5859 utinam
1475 5796 1555 5855 sic
1583 5797 1748 5853 vitam
1777 5806 2093 5872 perpetuam

516 5886 900 5947 numeramus,
960 5881 1097 5939 sicut
1150 5885 1207 5947 in
1244 5886 1348 5943 ista
1389 5888 1669 5959 temporali
1700 5890 1865 5951 corda
1909 5890 2095 5969 deligi-

2174 2010 2512 2090 'corporibus
2556 2018 2950 2088 municipatum
2985 2018 3179 2087 patrias
3223 2018 3470 2075 caelestis
3497 2018 3794 2087 accipient,

2188 2120 2355 2181 atque
2382 2110 2503 2181 ejus
2546 2110 2603 2171 in
2638 2118 2899 2171 aeternum
2946 2111 3095 2166 cives
3124 2110 3300 2168 eli'ecti
3353 2111 3638 2182 promissa
3661 2125 3797 2180 pra»

2189 2204 2300 2259 mia
2340 2201 2717 2273 reportabunt.
2751 2201 2828 2258 lbi
2889 2202 2971 2260 eis
3023 2203 3341 2261 esuberabit
3388 2210 3547 2261 tanta
3582 2201 3789 2266 limitis,

2186 2300 2336 2354 tanta
2362 2294 2666 2353 cmlestium
2697 2294 2873 2369 gratia
2898 2295 3243 2366 gaudiorum,
3290 2301 3353 2353 ut
3382 2294 3793 2355 remuneratori

2187 2402 2287 2443 suo
2309 2387 2403 2469 pio
2430 2402 2528 2457 pro
2570 2386 2740 2445 tantis
2779 2387 3096 2447 muneribus
3127 2386 3334 2459 gratias
3362 2395 3557 2457 agant,
3598 2395 3658 2442 et
3682 2383 3795 2440 nni-

2188 2479 2300 2535 lum
2326 2478 2605 2537 fastidium
2651 2494 2719 2535 ex
2751 2479 2868 2549 ipsa
2918 2476 3260 2541 afﬂuentiam
3306 2480 3590 2539 bonorum
3630 2475 3796 2548 peric.

2192 2572 2375 2635 ctione
2400 2570 2726 2629 sustineant.

2264 2660 2420 2729 Quod
2449 2661 2495 2715 si
2527 2669 2584 2714 tu
2632 2659 2879 2726 audiens,
2908 2658 3267 2732 respondeas:
3322 2657 3462 2729 Ego,
3511 2659 3649 2711 uicit
3707 2654 3796 2713 tibi

2199 2750 2363 2809 Deus.
2406 2751 2547 2820 Quid
2575 2753 2646 2811 sit
2693 2751 2868 2809 Deus?
2906 2752 3050 2807 Deus
3100 2753 3204 2809 hoc
3227 2758 3313 2807 est
3356 2748 3511 2821 quod
3541 2749 3696 2807 nulla
3724 2756 3799 2805 at-

2192 2844 2366 2915 tingit
2386 2843 2590 2914 Opinio.
2632 2842 2760 2899 Plus
2784 2852 2870 2901 est
2907 2844 3052 2901 enim
3088 2858 3254 2913 quam
3306 2841 3455 2912 quod
3477 2840 3593 2903 dici
3622 2847 3801 2911 Ροιεει

2194 2944 2290 2993 aut
2334 2935 2581 3007 cogitari.
2622 2935 2758 2991 Nam
2802 2951 3139 3008 unaquaeque
3192 2943 3391 2993 natura
3425 2950 3537 3007 pro
3585 2933 3797 3005 capaci-

2195 3032 2305 3081 tate
2335 3040 2433 3081 sua
2460 3012 2774 3097 suSpicatur
2799 3025 2865 3083 de
2899 3025 3028 3081 Deo.
3070 3025 3138 3083 Et
3162 3034 3426 3099 quantum
3479 3034 3687 3081 natura
3716 3024 3797 3079 di-

2195 3124 2306 3181 stat
2337 3132 2370 3171 a
2398 3123 2614 3184 natura,
2664 3126 2878 3174 tantum
2927 3117 3197 3177 sententia
3246 3118 3467 3178 distata
3496 3116 3797 3177 sententia.

2197 3210 2335 3279 Quia
2361 3212 2509 3266 enim
2540 3226 2705 3284 super
2739 3210 2923 3271 omnia
2949 3219 3052 3283 est,
3086 3225 3311 3271 necesse
3348 3218 3434 3274 est
3458 3218 3525 3279 ut
3546 3210 3798 3269 omnium

2121 3289 2166 3353 C
2196 3312 2408 3363 mentes
2464 3304 2709 3367 excedat.
2751 3302 3011 3365 Homines
3058 3305 3206 3363 enim
3256 3312 3527 3378 quantum
3563 3312 3801 3385 possunt

2193 3394 2367 3449 aciem
2394 3394 2596 3449 mentis
2644 3394 2960 3459 extendere,
3027 3394 3300 3465 aspiciunt
3352 3396 3486 3473 quid
3519 3396 3679 3453 Deus
3702 3397 3793 3458 sit,

2193 3486 2471 3559 Opinione,
2504 3502 2614 3543 non
2668 3486 3005 3545 deﬁnitione.
3042 3488 3235 3560 Angeli
3279 3496 3479 3554 autem,
3515 3489 3612 3559 qui
3638 3503 3799 3559 supe-

2194 3582 2367 3641 riores
2427 3580 2736 3641 hominibus
2784 3588 2930 3653 sunt,
2982 3582 3110 3655 quia
3159 3580 3284 3651 plus
3319 3581 3531 3651 aliquid
3586 3582 3799 3641 dest

2193 3677 2436 3735 sentiunt
2462 3693 2569 3733 non
2616 3684 2702 3733 est
2754 3676 2997 3732 dubium.
3040 3676 3368 3749 Arcltangeli
3419 3692 3559 3735 vero
3585 3692 3659 3732 eo
3686 3676 3799 3749 ipso

2193 3769 2443 3840 amplius.
2484 3767 2777 3824 Cberubim
2825 3777 3009 3833 autem
3060 3776 3118 3825 et
3151 3769 3448 3841 serspbim,
3483 3770 3585 3840 qui
3615 3770 3801 3841 prosi-

2194 3879 2282 3921 me
2303 3864 2458 3935 juxta
2487 3862 2660 3923 Deum
2691 3878 2814 3919 esse
2861 3863 3136 3929 dicuntur,
3181 3864 3390 3935 majora
3428 3864 3496 3921 de
3524 3866 3647 3921 Deo
3678 3881 3799 3921 sena

2196 3961 2379 4017 tiunt:
2446 3976 2554 4025 non
2612 3969 2796 4019 tamen
2847 3960 3324 4031 comprehendunt
3381 3961 3610 4031 penitus
3667 3961 3799 4031 quid

2194 4053 2340 4113 Deus
2366 4055 2459 4120 sit,
2489 4055 2613 4125 quia
2652 4070 2813 4112 nemo
2849 4055 3004 4113 novit
3047 4056 3265 4113 Patrem
3311 4053 3415 4113 nisi
3466 4053 3670 4120 Filius,
3701 4069 3799 4110 nec

2194 4148 2392 4209 Filium
2420 4148 2544 4218 quis
2590 4148 2746 4204 novit
2783 4147 2887 4205 nisi
2917 4146 3098 4207 Pater.
3138 4146 3308 4217 Igitur
3333 4153 3421 4200 est
3450 4144 3623 4208 Deus,
3657 4147 3801 4201 sicut

2196 4243 2509 4299 hominibus
2568 4243 2803 4308 videtur,
2856 4244 3105 4314 spiritus,
3166 4250 3361 4303 natura
3398 4241 3661 4313 simplex,
3710 4242 3797 4297 lux

2196 4333 2610 4399 inaccessibilis,
2672 4334 2982 4401 invisibilis,
3037 4332 3457 4399 inaestimabilis,
3522 4333 3793 4398 inﬁnitus,

2193 4426 2486 4500 perfectus,
2519 4426 2719 4483 nullius
2742 4440 2927 4496 egens,
2959 4437 3224 4494 aeternus,
3262 4426 3597 4489 immortalis
3623 4429 3795 4485 omni-

2197 4518 2379 4583 modo,
2415 4534 2445 4574 a
2496 4534 2605 4589 quo
2644 4518 2859 4577 initium
2895 4520 3077 4581 omnia
3126 4528 3421 4579 consecuta
3450 4530 3609 4586 sunt,
3637 4536 3797 4576 vene-

2198 4611 2401 4671 randus
2429 4610 2795 4681 diligentibus,
2848 4612 3193 4677 metuendus,
3253 4619 3406 4673 extra
3460 4628 3632 4683 quem
3662 4612 3795 4668 nihil

2201 4710 2305 4771 est,
2339 4704 2449 4759 imo
2477 4705 2532 4760 in
2557 4719 2663 4774 quo
2690 4711 2817 4760 sunt
2850 4706 3055 4771 omnia,
3083 4722 3310 4777 quaeque
3361 4714 3493 4767 sunt
3543 4723 3785 4772 sursum,

2202 4792 2475 4861 deorsum,
2530 4810 2740 4851 summa
2789 4803 2846 4857 et
2886 4796 3033 4861 ima;
3074 4796 3441 4868 omnipotens.
3490 4798 3681 4857 omnia
3722 4806 3795 4853 te-

2200 4899 2357 4951 nens,
2410 4901 2539 4947 vere
2595 4887 2649 4942 in
2674 4887 2928 4945 omnibus
2991 4888 3162 4955 dives,
3196 4889 3323 4958 quia
3370 4888 3512 4953 nihil
3538 4900 3631 4945 est
3656 4889 3794 4959 quod

2201 4992 2312 5039 non
2335 4975 2451 5047 ejus
2478 4978 2588 5044 sit;
2629 4979 2825 5045 bonus,
2876 4978 3077 5047 justus,
3111 4980 3446 5041 misericors.
3492 4980 3595 5041 Est
3631 4991 3689 5037 et
3713 4997 3794 5039 ss-

2200 5085 2388 5143 verus,
2433 5079 2495 5133 ut
2549 5078 2780 5138 terrore,
2842 5088 2962 5143 quas
3008 5074 3079 5128 ab
3112 5088 3178 5137 eo
3205 5074 3341 5129 bene
3389 5074 3615 5133 condita
3648 5083 3791 5138 sunt.

2203 5174 2612 5231 conserventur,
2666 5180 2733 5219 ne
2759 5165 3085 5238 negligentia
3136 5175 3353 5237 pareret
3389 5168 3518 5225 vita:
3542 5169 3795 5240 praecipi-

2200 5257 2357 5317 tium.
2401 5256 2490 5324 Et,
2540 5272 2610 5311 ne
2663 5257 2809 5326 quod
2863 5258 3165 5323 mirabilius
3218 5267 3304 5321 est
3346 5260 3790 5328 prmtermittam,

2200 5354 2352 5417 tanta
2379 5355 2464 5402 est
2492 5346 2778 5407 clementia
2803 5346 2942 5418 ejus.
2989 5357 3049 5405 ut
3078 5349 3435 5409 contumelias
3488 5366 3689 5421 passus
3723 5349 3790 5405 ab

2202 5437 2291 5497 bis
2317 5454 2457 5509 quos
2488 5437 2635 5503 fecit,
2663 5438 2888 5495 sull‘erat
2915 5448 2970 5497 et
2994 5441 3145 5512 prior
3169 5448 3327 5496 vocet
3349 5456 3443 5497 eos
3471 5441 3544 5496 ad
3571 5456 3786 5511 pacem.

2277 5528 2340 5589 Si
2363 5530 2437 5591 vis
2464 5530 2652 5589 habere
2674 5548 2849 5587 verum
2880 5540 2929 5587 et
2946 5541 3246 5606 perpetuom
3270 5534 3449 5591 vitam.
3491 5533 3618 5589 Vita
3648 5535 3788 5599 dicta

2200 5631 2422 5696 propter
2456 5624 2719 5695 vigorem,
2747 5624 2834 5682 vel
2863 5626 3006 5697 quod
3057 5632 3238 5687 teneat
3273 5626 3385 5681 vim
3411 5626 3677 5689 nascendi
3699 5636 3787 5685 at-

2201 5728 2308 5787 que
2353 5715 2652 5771 crescendi.
2695 5715 2828 5784 Quae
2871 5733 3003 5774 vera
3051 5726 3106 5779 et
3131 5725 3391 5793 perpetua
3426 5718 3649 5784 dicitur,
3702 5715 3788 5777 vel

2200 5820 2301 5881 pro
2321 5805 2562 5875 Christo,
2598 5808 2692 5878 qui
2708 5809 2844 5865 dixit
2875 5828 2889 5864 :
2923 5808 3036 5881 Ego
3063 5825 3178 5867 sum
3202 5812 3308 5875 uia,
3340 5810 3551 5875 levitas.
3589 5817 3643 5869 ot
3682 5810 3786 5863 cite

2204 5894 2387 5982 ({oan.
2417 5898 2527 5973 xw)
2552 5915 2567 5965 ;
2602 5899 2686 5957 vel
2712 5909 2932 5973 propter
2964 5902 3342 5977 aeternitatem,
3369 5917 3475 5982 qua
3505 5901 3707 5965 vivitur
3730 5901 3783 5957 in
