4020 6462
240 408 345 470 mo

1278 412 1632 480 conuulsa.
1674 412 1743 481 tu
1782 410 1942 485 tuis.
1980 413 2040 475 ε.
2083 409 2462 501 morari.

3396 402 3506 473 πο

239 544 323 587 ea.
386 524 482 585 isti
525 526 672 587 enim
706 526 833 587 vitae
884 542 1034 589 more
1091 529 1356 594 succedit.
1393 528 1471 595 illi
1517 543 1815 599 nunquam.
1845 526 2083 605 Minius
2112 535 2441 599 audientem.
2472 532 2533 581 ut
2561 524 2704 597 quod
2742 523 2987 589 creditur
3038 522 3107 589 ad
3134 523 3395 587 auxilium
3427 525 3510 582 in-

239 621 536 689 Propterea
576 619 678 681 ista
710 618 888 682 fallas.
948 619 1037 683 illa
1066 636 1197 683 vero
1231 628 1460 681 vocatur
1486 635 1675 681 verax.
1713 618 1822 685 Ista

239 711 479 773 breviter
502 714 817 778 terminata.
844 713 932 773 illa
958 723 1186 777 vocatur
1222 720 1505 784 perpetua.
1545 711 1655 777 Ista
1683 728 1824 777 mor-

242 804 387 869 talis,
415 804 505 868 illa
536 813 762 865 vocatur
818 815 1038 867 aeterna.
1078 806 1188 865 Ista
1234 808 1458 874 misera,
1513 806 1603 871 illa
1638 813 1824 869 autem

238 906 326 955 est
376 898 630 969 gloriosa.
668 898 776 957 lata
799 899 1079 960 doloribus
1129 909 1185 956 et
1214 899 1492 963 laboribus
1519 900 1701 970 plena,
1734 899 1825 961 illa

239 990 476 1049 sanitate
511 998 565 1049 et
594 991 777 1061 quiete
827 1000 1014 1051 manet
1051 990 1310 1062 jucunda.
1351 992 1457 1051 Ista
1487 992 1628 1053 odiis
1651 999 1706 1047 et
1732 991 1827 1055 de-

238 1078 471 1145 fectibus
520 1079 794 1151 languida,
823 1081 914 1147 illa
968 1082 1235 1147 charitate
1268 1089 1323 1137 et
1362 1082 1654 1145 virtutibus
1680 1081 1827 1139 heta-

241 1178 333 1225 tur
362 1168 591 1225 fecunda
640 1185 873 1241 semper.
927 1171 1001 1225 De
1035 1171 1121 1225 his
1166 1171 1357 1227 beatus
1409 1170 1741 1242 Augustinus
1772 1169 1827 1227 in

240 1261 595 1330 Expositione
631 1261 908 1335 Evangelii
966 1263 1085 1321 ait:
1143 1263 1288 1327 Duas
1338 1263 1521 1335 itaque
1552 1262 1690 1333 vitas
1725 1260 1827 1315 sibi

242 1354 504 1431 divinitus
534 1354 822 1425 praedictas
855 1354 1006 1417 novit
1035 1354 1303 1417 Ecclesia.
1344 1355 1585 1429 Quarum
1615 1370 1720 1413 ulla
1746 1359 1829 1407 est

243 1446 302 1511 in
333 1446 460 1511 (ide,
487 1446 663 1509 altera
694 1448 747 1511 in
778 1448 979 1519 specie.
1023 1448 1141 1523 Una
1189 1449 1243 1507 in
1269 1449 1727 1522 peregrinatione,
1758 1446 1832 1505 al-

246 1542 364 1599 tera
388 1537 443 1599 in
477 1538 799 1607 aeternitate.
846 1538 962 1595 Una
996 1538 1286 1603 inlabere,
1319 1538 1489 1595 altera
1523 1538 1577 1601 in
1618 1536 1826 1611 requie.

243 1626 363 1693 Una
392 1627 447 1685 in
474 1628 585 1695 via,
613 1628 784 1692 altera
810 1630 867 1689 in
891 1630 1084 1701 patria.
1112 1630 1232 1691 Una
1262 1646 1385 1687 cum
1415 1631 1570 1689 hoste
1602 1638 1829 1707 pugnat,

1923 620 2068 683 ferre
2105 619 2354 683 videatur
2384 618 2845 691 impedimentum.
2886 617 3038 686 Quod
3094 618 3290 681 merito
3325 617 3531 691 probi-g

1920 708 2100 776 betur,
2164 709 2293 785 quia
2327 724 2479 789 purae
2540 710 2884 775 conscientiae
2913 716 3129 777 constat
3164 724 3377 785 semper
3414 709 3510 766 ad-

1923 818 2159 868 versum.

1995 894 2202 955 Diverte
2244 912 2277 953 a
2302 894 2442 956 male
2468 903 2518 951 et
2555 893 2641 969 [ac
2664 894 2855 953 bonum
2891 893 3063 967 (Psal.
3105 891 3326 967 usui).
3357 892 3510 959 Multi

1924 984 2307 1057 enimfaciunt
2341 986 2569 1055 bonum,
2619 988 2711 1043 sed
2740 1001 2848 1042 non
2882 987 3152 1047 declinant
3178 1004 3209 1045 a
3246 987 3408 1047 malo.
3448 985 3509 1051 In

1924 1076 2011 1131 die
2077 1076 2353 1137 celebrant
2416 1076 2703 1153 jejunium,
2760 1085 2817 1132 et
2837 1078 2918 1149 ain
2959 1087 3116 1139 nocte
3168 1079 3515 1145 committunt

1927 1168 2273 1231 adulterium.
2329 1169 2666 1241 Pauperibus
2710 1170 2955 1233 tribuunt
3008 1172 3431 1247 elceuiosyuam.
3460 1179 3518 1253 et

1930 1275 1961 1314 a
1987 1260 2320 1337 pauperibus
2351 1262 2623 1337 accipiunt
2665 1262 2924 1335 praedam.
2965 1261 3199 1337 Pauperi
3227 1263 3519 1339 porrigunt

1932 1350 2176 1419 calicem,
2242 1360 2296 1408 et
2320 1352 2513 1411 bibunt
2552 1353 2627 1409 illi
2682 1367 2855 1432 usque
2888 1354 2957 1415 ad
3015 1353 3357 1421 ebrietatem.
3397 1352 3521 1411 Tri-

1929 1441 2102 1501 buunt
2150 1443 2409 1503 esurienti
2456 1444 2776 1512 bucceltam,
2805 1453 2859 1501 et
2907 1445 3199 1507 comedunt
3244 1460 3417 1517 usque
3445 1444 3520 1509 ad

1932 1534 2228 1611 crapulam.
2270 1536 2338 1597 Et
2363 1547 2423 1597 ut
2474 1539 2715 1601 breviter
2743 1538 2940 1605 dicam,
2980 1539 3033 1601 in
3084 1538 3302 1617 publico
3331 1538 3436 1603 fas,
3464 1543 3521 1595 et

1934 1627 1990 1680 in
2029 1626 2244 1683 occulto
2280 1644 2388 1687 non
2418 1637 2636 1687 cessant
2665 1644 2825 1698 agere
2856 1628 3029 1693 nefas.
3055 1629 3122 1691 Et
3151 1628 3335 1691 taliter
3356 1642 3521 1699 agen-

242 1719 416 1783 altera
470 1719 587 1777 sine
626 1719 783 1787 hoste
831 1732 1041 1795 regnat.
1085 1722 1230 1794 Ergo
1268 1738 1375 1781 una
1404 1723 1547 1781 bona
1599 1729 1700 1786 est,
1736 1722 1834 1777 sed
1934 1726 2018 1774 tes
2056 1734 2087 1773 a
2117 1719 2308 1775 dextra
2336 1721 2529 1779 nolunt
2556 1737 2846 1794 segregare
2877 1723 3172 1785 sinistram.
3201 1720 3362 1787 Aliud
3387 1736 3520 1783 vero

244 1815 422 1873 adhuc
484 1816 706 1882 misera,
763 1817 931 1879 altera
970 1817 1187 1883 melior,
1245 1827 1299 1874 et
1326 1820 1503 1877 beata.
1544 1818 1628 1879 Ad
1665 1834 1830 1890 quam
1936 1822 2108 1879 εθηιιε
2138 1807 2418 1867 hominum
2446 1818 2501 1867 et
2526 1811 2678 1873 Valde
2699 1814 3093 1875 monachorum
3120 1820 3225 1889 est,
3264 1812 3409 1885 quod
3436 1813 3520 1879 di-

241 1908 337 1981 qui
378 1908 503 1967 felix
540 1911 769 1978 venerit,
809 1912 951 1975 felici
1004 1913 1201 1985 gaudio
1253 1922 1462 1975 aeterno
1515 1915 1829 1989 perfruetur
1857 1904 1905 1964 Β
1932 1900 2099 1955 Venit
2124 1914 2157 1953 ³
2183 1900 2327 1955 malo
2354 1910 2410 1961 ει
2434 1912 2692 1973 operatur
2716 1904 2937 1979 minime
2984 1905 3205 1967 δοηυῖη·
3247 1903 3523 1965 Tenen“

243 2018 301 2061 tn
324 2018 512 2074 regno.

318 2091 543 2157 Prohibe
566 2095 801 2167 linguam
832 2107 979 2154 tuam
1006 2118 1038 2155 a
1070 2100 1210 2157 malo
1236 2101 1411 2174 (Psal.
1438 2104 1660 2173 χχχιιι).
1696 2101 1836 2160 Pro-

243 2184 380 2251 Itibe,
410 2186 564 2254 dicit,
613 2189 846 2255 abstine,
877 2191 1095 2258 cohibe,
1154 2208 1367 2259 coerce,
1400 2194 1485 2249 vel
1516 2195 1832 2266 comprime.

244 2274 292 2330 Δ
344 2276 509 2343 mala,
552 2278 873 2339 subauditur
931 2283 1103 2347 omni,
1140 2284 1397 2345 videlicet
1458 2285 1835 2353 detractionis,

243 2366 666 2434 maledictionis,
693 2372 1160 2438 murmuratiouis,
1203 2374 1498 2440 irrisionis,
1558 2375 1840 2445 vitupera-

244 2454 432 2522 tionis,
496 2458 707 2529 injustae
746 2460 1158 2535 increpationis,
1204 2480 1234 2521 a
1266 2466 1447 2525 verbis
1489 2466 1840 2527 mendacibus

244 2554 306 2609 et
333 2551 676 2615 sermonibus
696 2553 909 2621 otiosis,
935 2564 990 2610 et
1014 2556 1228 2613 similia.
1256 2556 1531 2635 Scriptum
1548 2567 1632 2621 est
1651 2558 1794 2619 enim
1821 2575 1833 2610 :

244 2635 625 2699 Detrahentem
685 2654 882 2698 secreto
938 2646 1178 2717 proximo
1228 2664 1326 2707 suo
1371 2646 1509 2705 hunc
1555 2665 1840 2723 persequar

248 2727 424 2804 (Pset.
462 2730 535 2804 ε).
568 2734 657 2800 Et,
688 2735 870 2808 Neque
917 2738 1161 2795 maledici
1209 2758 1421 2812 regnum
1470 2741 1567 2796 Dei
1600 2742 1838 2811 posside-

249 2822 376 2891 bunt
412 2823 463 2897 tl
481 2824 604 2897 Cor,
634 2828 731 2899 vr).
766 2830 851 2896 Et,
888 2829 991 2899 Qui
1021 2844 1497 2899 murmurarerunt,
1527 2854 1559 2895 α
1589 2836 1840 2907 serpenti-

250 2914 347 2979 bus
374 2918 638 2989 perierunt
666 2920 716 2992 (I
742 2918 865 2977 Cor.
894 2923 974 2991 ιι).
1005 2924 1091 2989 Ει,
1134 2922 1206 2981 Os
1238 2926 1379 2997 quod
1410 2928 1681 2994 mentitur,
1708 2929 1841 2985 occi-

250 3008 331 3071 dit
352 3012 586 3071 animum
611 3012 763 3085 (δίῳ.
795 3016 855 3085 ι).
888 3016 974 3082 Et,
1005 3017 1202 3079 Perdes
1266 3036 1443 3075 omnes
1498 3021 1588 3089 qui
1615 3023 1840 3093 loquun-

249 3109 341 3163 tur
393 3103 724 3171 mendacium
758 3106 931 3180 (Psal.
974 3110 1053 3180 v),
1080 3119 1136 3166 et
1162 3111 1247 3167 his
1278 3113 1501 3175 similia.
1543 3113 1702 3178 Ecce,
1726 3131 1841 3175 mo.

251 3193 467 3257 nache!
507 3211 609 3255 cur
646 3198 843 3263 dicitur
893 3201 1109 3273 prohibe
1155 3201 1388 3274 linguam
1436 3214 1582 3261 tuam
1607 3223 1640 3260 a
1667 3206 1832 3262 malo.

1934 1990 1988 2046 in
2015 1990 2213 2049 saeculo
2241 1990 2496 2067 relinquit
2524 1994 2757 2061 labores,
2811 2002 2868 2057 et
2893 1996 2948 2058 in
2979 1993 3315 2069 monasterio
3352 2002 3522 2050 secta-

1935 2092 2022 2139 tur
2056 2084 2382 2141 otiositates.
2424 2087 2500 2145 De
2546 2087 2743 2147 talibus
2792 2089 2938 2149 enim
2974 2088 3236 2151 Domitius
3274 2088 3391 2153 ait:
3423 2087 3525 2151 Ατ-

1936 2174 2030 2231 bor
2049 2190 2166 2249 ᾳαιι»
2189 2190 2293 2237 non
2350 2176 2479 2249 facit
2516 2178 2746 2249 fructum
2808 2180 3019 2247 bonum,
3078 2178 3371 2251 excidatur,
3396 2186 3442 2239 et
3467 2178 3523 2237 is

1934 2269 2105 2343 ignem
2136 2273 2369 2329 mittetur
2390 2270 2607 2344 (Matth.
2634 2289 2735 2339 vu;
2768 2270 2895 2335 Luc.
2921 2270 3028 2343 ut).
3055 2272 3123 2335 Et
3150 2272 3207 2331 in
3235 2270 3507 2344 Apocaly-

1936 2362 2017 2430 psi
2052 2379 2065 2419 :
2095 2361 2233 2428 Quia
2273 2380 2363 2419 nec
2401 2363 2646 2437 frigidus,
2672 2380 2763 2419 nec
2799 2363 3026 2430 calidus,
3073 2363 3162 2427 sed
3209 2363 3416 2435 tepidus
3441 2378 3519 2439 es,

1937 2466 1986 2513 et
2060 2474 2313 2519 nauseam
2369 2457 2523 2531 facis,
2546 2457 2794 2527 incipiam
2830 2465 2878 2513 te
2903 2473 3134 2515 euomere
3188 2455 3255 2517 de
3297 2471 3387 2521 ore
3409 2469 3525 2517 meo

1942 2549 2126 2621 (Apoc.
2155 2550 2265 2623 ιιι),
2305 2551 2437 2613 dicit
2468 2549 2748 2611 Dominus.
2810 2549 2963 2613 Unde
2992 2558 3048 2606 et
3075 2549 3323 2613 otiosius
3345 2546 3529 2617 inimi-

1941 2659 2006 2703 ca
2035 2658 2155 2698 esse
2195 2641 2523 2705 describitur
2556 2641 2770 2697 animae.
2812 2626 2955 2712 Ergo
3008 2640 3279 2703 divertere
3303 2653 3335 2701 tt
3359 2636 3527 2709 male,

1939 2739 1995 2787 et
2024 2731 2204 2789 facere
2232 2733 2436 2795 bonum
2472 2730 2838 2804 singulariter,
2865 2739 2920 2787 et
2958 2730 3177 2802 proprie
3212 2738 3299 2793 est
3321 2728 3527 2787 electo-

1940 2840 2082 2891 rum.
2124 2821 2242 2883 Non
2271 2823 2416 2883 enim
2466 2837 2627 2894 super
2686 2822 2894 2894 spinas,
2940 2821 3174 2881 tribulos
3210 2820 3293 2885 vel
3325 2820 3530 2883 urticas

1940 2915 2176 2991 agricola
2206 2914 2290 2981 vel
2315 2914 2581 2975 horticola
2619 2914 2833 2987 frugum
2866 2929 3089 2977 suarum
3119 2914 3256 2975 serit
3297 2912 3529 2979 semina,

1940 3007 2035 3065 sed
2071 3009 2224 3083 prius
2269 3010 2339 3065 ab
2387 3009 2471 3069 his
2511 3016 2708 3081 purgat
2739 3023 2946 3079 agrum,
2996 3017 3051 3064 et
3081 3008 3161 3073 sic
3188 3006 3363 3081 iactat
3402 3021 3533 3069 con—

1928 3100 2185 3173 gruentis
2228 3099 2453 3163 seminis
2488 3115 2736 3169 granum.
2778 3098 2856 3157 Ita
2885 3106 2941 3153 et
2969 3097 3263 3163 electorum
3301 3097 3533 3177 quisque

1948 3192 2099 3263 prius
2121 3192 2298 3253 cordis
2330 3199 2385 3247 et
2412 3192 2663 3263 corporis
2706 3189 2789 3251 sui
2843 3206 3031 3261 agrum
3078 3206 3108 3257 a
3139 3190 3286 3253 vitiis
3314 3194 3531 3263 purgat,

253 3284 315 3343 Si
340 3288 486 3351 enim
510 3290 882 3359 ἀειταιιεηιειη
929 3295 1191 3359 pommus
1238 3273 1610 3368 persequitur,
1646 3308 1701 3355 ρι
1732 3317 1843 3356 ma-
1868 3273 1915 3336 G
1947 3290 2003 3345 et
2032 3290 2221 3357 postea
2272 3284 2534 3345 virtutum
2560 3283 2765 3343 semina
2785 3283 2994 3357 jactat:
3028 3292 3085 3341 et
3128 3284 3233 3347 hoc
3255 3282 3417 3347 modo
3448 3282 3532 3343 div

251 3374 413 3445 ledici
442 3393 665 3453 regnum
696 3383 791 3445 Dei
823 3402 931 3447 non
983 3387 1280 3458 possident,
1313 3398 1370 3445 et
1411 3403 1845 3453 murmuratores

252 3483 289 3545 tt
318 3473 684 3547 serpentibus,
734 3476 787 3531 id
842 3486 927 3534 est
980 3496 1011 3533 a
1056 3481 1407 3548 daemonibus,
1462 3486 1760 3555 perierunt,
1791 3495 1849 3543 et

251 3564 445 3639 ικηιει
476 3566 620 3631 Deus
646 3583 837 3631 omnes
865 3572 959 3641 qui
990 3571 1285 3642 loquuntur
1326 3577 1691 3644 mendacium,
1722 3594 1846 3635 cum

252 3655 404 3715 omni
425 3656 702 3727 vigilantia
727 3662 1018 3729 prohibere
1051 3664 1311 3721 debemus
1332 3665 1572 3739 linguam
1603 3676 1847 3727 nostram

253 3761 289 3802 a
317 3747 480 3823 malo,
534 3766 603 3813 ne
634 3767 758 3815 cum
787 3753 873 3813 his
914 3757 1269 3825 pereuntibus
1326 3767 1385 3823 et
1415 3775 1514 3815 nos
1561 3775 1848 3832 pereamus

252 3838 316 3897 in
342 3850 628 3903 aeternum.
670 3844 738 3903 Et
789 3846 967 3909 adhuc
1014 3848 1080 3905 de
1128 3848 1271 3905 malo
1318 3849 1514 3922 lingua:
1564 3851 1848 3907 audiamus

252 3933 389 4005 quid
443 3933 678 4001 «iaCOhus
732 3941 1012 4012 apostolus
1066 3941 1234 4008 dicat,
1289 3944 1365 3999 ait
1393 3944 1584 4003 enim:
1644 3943 1848 4016 Lingua

1946 3376 2111 3439 vertit
2134 3390 2167 3435 a
2194 3374 2359 3440 malo,
2382 3382 2436 3437 et
2464 3373 2595 3451 facit
2615 3374 2815 3439 bonum
2844 3375 3025 3439 omnis
3052 3374 3236 3439 homo.

2019 3489 2235 3561 Inquire
2292 3505 2495 3561 pacem,
2545 3499 2592 3547 et
2649 3505 2862 3561 sequere
2912 3504 3030 3549 eum
3095 3486 3269 3560 (Paul.
3309 3485 3532 3558 una).

1950 3581 2141 3637 Sciens
2183 3589 2363 3637 autem
2408 3579 2681 3649 Propheta
2708 3578 2762 3639 in
2814 3582 2915 3639 hoc
2946 3593 3121 3650 agone
3162 3577 3348 3643 seculi
3397 3592 3529 3641 eum

1948 3689 2178 3745 corpore
2234 3689 2423 3745 pacem
2473 3670 2820 3739 ﬁdelissimos
2874 3687 2987 3731 non
3040 3671 3264 3737 habere.
3315 3677 3373 3728 et
3402 3683 3527 3735 cum

1948 3768 2064 3823 ειιὶε
2092 3767 2240 3822 vitiis
2273 3766 2363 3822 hic
2400 3765 2507 3823 illis
2536 3764 2854 3825 continuum
2902 3777 3025 3822 esse
3074 3772 3378 3827 certamen,
3414 3760 3535 3832 pul-

1948 3859 2224 3921 cherrime
2256 3858 2409 3925 dicit,
2438 3857 2644 3929 inquire
2677 3872 2859 3927 pacem
2881 3873 2900 3924 ς
2939 3864 3001 3917 ιιι
3023 3855 3272 3925 quamvis
3301 3870 3424 3917 eam
3447 3854 3539 3915 hic

1949 3963 2060 4011 non
2108 3948 2369 4014 habeant,
2418 3956 2601 4007 tamen
2642 3960 2859 4018 semper
2904 3948 2974 4005 ab
3020 3946 3100 4009 eis
3138 3946 3538 4013 studiosissime

253 4027 400 4099 ignis
430 4038 527 4097 est,
566 4040 615 4086 et
639 4031 951 4091 universitas
1002 4035 1296 4105 iniquitatis
1324 4034 1466 4107 (Jac.
1500 4034 1603 4106 ιιι).
1640 4035 1850 4107 Lingua
1948 4042 2336 4113 perquiratur;
2367 4040 2456 4095 hic
2483 4040 2733 4110 imperat,
2760 4055 2973 4111 sequere
2992 4055 3131 4103 cant,
3159 4038 3315 4109 quasi
3340 4053 3540 4108 prince-

255 4120 611 4185 oonstituitur
640 4124 694 4180 in
727 4125 983 4185 membris
1014 4128 1235 4193 nostris,
1262 4143 1384 4197 quae
1415 4128 1653 4185 maculat
1679 4136 1850 4184 totum
1952 4134 2190 4197 dentem.
2229 4133 2548 4200 Quaeramus
2579 4146 2708 4203 ergo
2731 4129 2927 4195 seduli.
2963 4143 3259 4203 sequamur
3310 4128 3526 4195 intenti.

257 4228 484 4286 corpus,
538 4225 594 4272 et
622 4216 917 4277 inﬂammat
948 4228 1120 4279 rotam
1177 4222 1476 4283 nativitatis
1519 4230 1742 4288 nostrae,
1772 4221 1853 4277 in-
1953 4225 2083 4295 quia
2110 4224 2221 4285 illic
2248 4239 2369 4285 eam
2416 4222 2662 4283 invenire
2683 4236 2791 4277 non
2830 4233 3136 4291 possumus,
3170 4218 3273 4285 nisi
3304 4218 3393 4277 hic
3418 4218 3539 4277 dili-

257 4304 536 4369 ﬂammata
564 4310 874 4381 agebcnna.
915 4309 1104 4373 Omnis
1131 4312 1276 4367 enim
1305 4321 1499 4369 natura
1524 4312 1846 4378 bestiarum,
1952 4318 2169 4391 gemina
2223 4317 2583 4387 inquiramus.
2624 4312 2755 4383 Quae
2785 4321 2916 4371 tunc
2952 4310 3341 4382 comprehendi
3386 4309 3537 4367 dabi-

257 4399 644 4467 etvolucrum,
697 4410 752 4456 et
777 4403 1129 4472 serpentium,
1185 4402 1350 4459 etiam
1396 4412 1714 4463 caeterorum
1754 4405 1851 4461 do-
1954 4418 2064 4475 tur,
2115 4409 2331 4481 quando
2382 4408 2559 4477 ipsum
2610 4404 3011 4477 conspiciemus
3039 4402 3190 4473 pacis
3227 4409 3532 4458 auctorem.

260 4500 485 4551 mantnt
508 4501 562 4548 et
586 4492 805 4551 domata
836 4504 962 4555 sunt
986 4510 1015 4553 ιι
1047 4504 1241 4557 natura
1291 4495 1553 4561 humana,
1606 4495 1848 4567 linguam
1954 4502 2068 4559 Pax
2097 4508 2182 4557 est
2209 4500 2478 4561 serenitas
2522 4498 2742 4564 mentis,
2776 4494 3140 4567 tranquillitas
3193 4492 3380 4558 animi,
3408 4492 3540 4573 sitn-

260 4592 451 4639 autem
479 4583 656 4647 nullus
710 4584 988 4645 hominum
1037 4586 1258 4645 domare
1292 4595 1469 4657 potest
1503 4606 1514 4641 :
1548 4587 1849 4659 inquietum
1875 4637 1931 4669 η
1955 4598 2177 4669 plicitas
2198 4596 2398 4659 cordis,
2429 4592 2631 4655 amoris
2654 4590 2953 4654 vinculum,
2994 4590 3325 4649 consortium
3356 4589 3536 4651 chari-

263 4676 468 4741 malum
502 4719 517 4745 ,
571 4678 728 4749 plena
783 4694 992 4733 veneno
1049 4678 1334 4741 mortifero
1364 4697 1377 4745 ;
1422 4680 1476 4735 in
1532 4680 1645 4749 ipsa
1688 4681 1853 4739 bene-
1874 4637 1931 4707 Β
1957 4637 2105 4749 tatis.
2134 4689 2263 4753 Haec
2284 4696 2370 4747 est
2390 4703 2510 4757 quae
2535 4686 2839 4745 simultates
2858 4683 3016 4747 tollit,
3047 4683 3185 4743 bella
3215 4683 3535 4755 compescit,

264 4770 500 4829 dicimus
525 4769 693 4827 Deum
725 4780 780 4833 et
812 4768 1049 4836 Patrem,
1107 4779 1163 4829 et
1211 4770 1265 4829 in
1310 4771 1427 4841 ipsa
1481 4771 1856 4831 maledicimus
1960 4782 2276 4851 comprimit
2309 4782 2442 4845 iras,
2496 4779 2757 4849 superbos
2817 4775 3013 4845 calcat,
3074 4776 3305 4839 humiles
3367 4785 3535 4844 amat,

264 4860 539 4927 homines,
589 4861 681 4931 qui
732 4862 800 4921 ad
833 4862 1242 4925 similitudinem
1276 4863 1372 4923 Dei
1428 4862 1553 4919 facti
1586 4872 1752 4921 sunt:
1787 4879 1855 4919 ex
1958 4876 2239 4933 discordes
2284 4874 2461 4939 sedat,
2511 4872 2761 4933 inimicos
2822 4871 3155 4935 concordat;
3194 4869 3404 4927 cunctis
3456 4875 3540 4924 est

264 4954 387 5025 ipso
440 4969 537 5010 ore
589 4954 837 5025 proccdit
893 4955 1201 5015 benedictio
1255 4965 1311 5013 et
1358 4956 1686 5024 maledictio,
1744 4972 1854 5015 non
1956 4967 2189 5039 placida.
2216 4982 2322 5022 non
2355 4963 2550 5035 quaerit
2584 4962 2782 5029 aliena,
2812 4962 2946 5019 nihil
2986 4963 3207 5032 deputat
3235 4974 3414 5027 suum,

264 5056 480 5120 οροτιθι
505 5048 619 5107 Ιιωε
644 5047 719 5107 ita
750 5047 885 5112 ﬁeri.
915 5056 1020 5104 θιεο
1957 5070 2046 5119 cet
2070 5072 2260 5119 amare
2285 5075 2406 5130 quae
2429 5058 2610 5117 odisse
2643 5073 2749 5115 non
2777 5056 2949 5123 novit,
3003 5055 3180 5113 nescit
3205 5054 3412 5119 extolli,
3444 5068 3541 5109 ne-

341 5139 409 5195 Et
435 5142 574 5205 labia
604 5152 695 5199 tua
734 5159 797 5205 ne
820 5142 1104 5214 loquantur
1137 5142 1340 5221 dolum.
1383 5143 1628 5205 Imitetur
1652 5143 1848 5210 bonus,
1962 5156 2068 5213 scit
2097 5153 2289 5213 inﬂari.
2330 5152 2480 5211 llauc
2516 5167 2645 5222 ergo
2672 5150 2766 5220 qui
2800 5149 3011 5220 accepit
3063 5157 3261 5212 teneat,
3294 5147 3385 5217 qui
3416 5162 3540 5217 per-

263 5243 532 5306 quantum
590 5242 790 5303 potest,
846 5237 1144 5297 monachus
1192 5237 1503 5304 Dominum,
1546 5246 1599 5295 et
1654 5238 1756 5295 nec
1796 5238 1851 5293 in

262 5327 435 5389 corde
468 5334 673 5394 teneat,
733 5342 834 5389 nec
860 5327 914 5387 in
958 5328 1117 5391 labiis
1164 5329 1421 5400 loquatur
1475 5330 1675 5389 dolum.
1714 5329 1852 5397 Quia

263 5415 528 5481 Dominus
557 5419 756 5483 malum
799 5437 903 5477 non
935 5420 1083 5491 fecit,
1110 5438 1202 5477 nec
1242 5420 1396 5481 dolus
1430 5423 1665 5479 inventus
1692 5432 1767 5477 est
1797 5424 1852 5479 in

264 5524 362 5573 ore
389 5509 507 5585 ejus
534 5510 709 5584 (Psal.
742 5527 797 5577 ιι
827 5528 844 5579 ;
883 5510 913 5566 Ι
944 5509 1093 5575 Petri
1120 5511 1203 5583 ιι).
1229 5512 1513 5583 Disperdet
1539 5514 1686 5575 enim
1710 5514 1853 5570 Deus

262 5601 414 5673 labia
447 5603 653 5671 dolosa,
691 5619 879 5665 eorum
920 5605 1172 5669 videlth
1238 5606 1332 5675 qui
1387 5607 1440 5663 in
1503 5608 1666 5667 corde
1705 5610 1854 5667 etde

263 5696 436 5773 corde
462 5695 629 5757 locuti
647 5708 773 5765 sunt
796 5696 958 5755 mala.
993 5696 1158 5753 Dolus
1193 5705 1373 5755 autem
1390 5707 1616 5759 vocatur
1639 5699 1851 5755 occulta

266 5787 479 5847 malitia
507 5788 722 5861 blandis
773 5790 1115 5855 sermonibus
1143 5790 1430 5858 adornata,
1464 5807 1584 5862 quae
1635 5794 1853 5863 proprie

267 5879 447 5951 (tam.
475 5882 686 5951 insidiae
714 5897 809 5951 seu
852 5883 1066 5955 fallacia
1100 5892 1487 5956 nuncupatur;
1529 5887 1747 5956 quando
1760 5886 1858 5947 fal-

1956 5246 2095 5306 iiidit
2130 5252 2363 5315 repetat,
2399 5244 2492 5313 qui
2527 5243 2711 5299 amisit
2753 5242 3035 5312 requirat;
3073 5241 3329 5310 quoniam
3356 5238 3449 5309 qui
3480 5239 3535 5295 in

1954 5341 2145 5397 eadem
2181 5354 2239 5395 re
2276 5354 2386 5395 non
2416 5337 2518 5393 fuit
2553 5338 2827 5401 inventus,
2860 5336 3141 5393 abdicatur
3164 5348 3197 5390 a
3224 5332 3406 5398 Patre,
3437 5346 3537 5390 ex-

1958 5431 2329 5488 bzrredatura
2388 5429 2540 5492 Filio,
2612 5427 2966 5485 nihilominus
3019 5441 3053 5487 a
3081 5423 3289 5495 Spiritu
3348 5430 3541 5487 sancto

1959 5522 2171 5580 alienus
2194 5520 2447 5579 efﬁcitur.

2031 5612 2101 5669 Et
2127 5628 2247 5669 cum
2276 5612 2388 5670 lace
2409 5611 2655 5684 feceritis.
2694 5608 2753 5665 ld
2770 5615 2874 5675 est,
2902 5608 3235 5679 supradicta.

2033 5702 2189 5761 Oculi
2212 5706 2316 5761 mei
2354 5721 2510 5775 super
2553 5719 2659 5757 ros.
2719 5700 2849 5758 Haec
2883 5716 2987 5758 vox
3022 5700 3235 5759 Domini
3278 5711 3395 5769 est,
3434 5716 3540 5759 vox

1959 5799 2363 5864 misericordiae,
2405 5812 2509 5854 vox
2564 5794 2803 5865 pietatis,
2831 5794 2925 5867 qui
2976 5803 3038 5850 ut
3061 5795 3175 5853 bac
3228 5796 3299 5853 ab
3322 5795 3540 5857 btmine

1960 5890 2097 5949 ﬁant
2121 5887 2550 5949 misericorditer
2577 5892 2824 5958 prastat,
2872 5884 3003 5957 quia
3024 5884 3164 5944 nihil
3208 5893 3390 5960 potest
3431 5886 3535 5968 bu-_-
