4020 6474
495 441 594 496 7H

1775 412 2129 476 SMARAGDI
2159 413 2450 474 ABBATIS

3666 392 3786 453 ἠε

492 567 652 614 mana
696 547 960 619 fragilitas
987 543 1092 600 nisi
1127 543 1270 614 quod
1315 554 1478 613 posse
1515 537 1725 596 dederit
1751 537 1932 592 divina
1951 549 2070 590 ma—
2098 533 2154 596 Α
2175 531 2309 587 mini
2371 529 2574 586 sanctis
2609 523 2892 619 monachis
2942 527 3062 619 est,
3104 520 3230 590 quia
3257 533 3352 576 eos
3381 519 3451 574 ad
3477 528 3780 619 eam‘ma-

485 645 677 714 jestas.
716 614 932 695 Et'cum
984 638 1094 690 haec
1128 635 1378 705 feceritis,
1413 632 1560 691 dicit.
1590 631 1642 685 id
1670 636 1771 695 est,
1801 643 1924 684 cum
1945 641 2072 698 pro-
2174 641 2335 698 gnam
2366 621 2765 714 multitudinem
2797 616 3096 714 dulcedinis
3121 630 3460 714 sumi-quam;
3476 614 3784 714 abscondit

489 735 775 793 hibueritis
816 735 1056 804 linguam
1083 738 1322 784 vestram
1364 743 1395 782 a
1422 727 1584 792 malo,
1624 734 1680 780 et
1705 724 1847 778 labia
1886 729 2069 778 vestra

491 843 598 883 non
623 826 821 882 fuerint
863 825 1042 879 locuta
1078 822 1259 878 dolum
1290 838 1303 886 ;
1343 835 1463 875 eum
1495 816 1823 873 diverteritis
1849 831 1880 870 a
1901 814 2070 880 malo,

489 927 544 974 et
574 917 816 973 feceritis
844 917 1077 980 bonum;
1111 929 1234 968 cum
1258 910 1615 983 inquisieritis
1658 925 1868 979 pacem,
1899 915 1954 963 et
1980 923 2069 962 se—

489 1009 599 1064 cuti
662 1007 875 1062 fueritis
940 1020 1082 1070 eam,
1134 1013 1264 1058 tunc
1323 1001 1460 1056 oculi
1494 1002 1598 1055 mei
1630 1017 1785 1070 super
1824 1016 1930 1054 vos.
1971 997 2070 1053 Hic

490 1097 628 1152 oculi
661 1095 871 1151 Domini
921 1094 1186 1163 respectio
1229 1093 1412 1146 divina
1466 1099 1713 1156 vocatur,
1764 1104 1884 1160 quae
1911 1103 2073 1158 super

481 1190 661 1258 justos
712 1185 1138 1242 misericorditer
1175 1183 1436 1255 aperitur.
1477 1181 1735 1250 Respexit
1783 1180 1929 1234 enim
1967 1177 2071 1232 Do-

487 1279 667 1334 minus
695 1277 941 1342 Petrum,
967 1284 1022 1331 et
1044 1276 1132 1330 ille
1188 1276 1338 1331 verbi
1368 1275 1585 1329 Domini
1643 1273 1960 1328 recordatus
1987 1279 2070 1327 est

486 1369 650 1433 illico,
691 1377 748 1422 et
777 1382 959 1422 amare
1010 1365 1156 1421 ﬂevit
1211 1365 1362 1437 (Luc.
1423 1365 1582 1436 xx"),
1622 1365 1748 1434 quia
1776 1372 1858 1419 ter
1888 1363 2068 1419 Domi-

485 1475 614 1515 num
675 1458 906 1528 negavit.
945 1458 1087 1529 Ergo
1116 1457 1256 1512 oculi
1314 1457 1552 1522 Domini,
1587 1457 1638 1511 id
1688 1465 1773 1512 est
1801 1456 2069 1525 respectio

485 1550 688 1615 divina,
721 1559 774 1605 et
807 1551 1122 1605 memoriam
1145 1550 1309 1621 justis
1331 1549 1526 1604 tribuit
1555 1557 1609 1604 et
1632 1549 2065 1617 intelligentiam,

484 1649 542 1698 et
571 1659 601 1696 a
624 1651 798 1698 morte
822 1657 915 1698 eos
948 1653 1150 1698 aeterna
1181 1652 1237 1697 et
1263 1658 1295 1696 a
1326 1641 1466 1697 fame
1489 1643 1685 1696 liberat
1715 1643 2064 1710 sempiterna.

486 1729 579 1788 Sic
607 1735 753 1787 enim
774 1741 828 1788 et
851 1735 904 1788 in
931 1733 1035 1787 alio
1081 1734 1340 1788 scribitur
1374 1733 1625 1803 psalmo:
1669 1731 1822 1786 Oculi
1857 1733 2069 1786 Domini

482 1841 641 1896 super
675 1836 958 1880 metuentes
998 1842 1136 1891 eum,
1163 1836 1219 1878 ut
1268 1835 1418 1879 eruat
1449 1843 1480 1879 a
1523 1836 1685 1879 morte
1746 1827 1952 1879 animas
1978 1842 2068 1878 eo-

483 1933 624 1982 rum,
662 1927 709 1971 et
741 1917 849 1971 alat
876 1935 962 1971 eos
993 1918 1048 1970 in
1085 1917 1225 1986 fame
1256 1915 1429 1987 (Psal.
1465 1916 1690 1987 χχχιιι).

554 2008 814 2064 Addidit:
867 2009 935 2063 Et
977 2026 1132 2063 aures
1167 2025 1294 2062 mea:
1343 2008 1412 2061 ad
1456 2025 1632 2078 preces
1682 2017 1877 2062 vestras
1930 2007 2066 2079 (Isa.

482 2102 631 2173 va).
657 2085 1182 2158 AuresDominihoc
1213 2102 1266 2154 in
1293 2101 1412 2155 loco
1442 2101 1718 2155 exauditio
1749 2101 2072 2172 intelligitur

484 2194 688 2260 divina,
735 2211 898 2266 quam
942 2195 1230 2250 Psalmista
1259 2195 1387 2248 totis
1416 2194 1624 2248 viribus
1653 2194 1964 2264 postulabat
1992 2195 2072 2248 di-

483 2302 650 2343 cens:
697 2287 904 2342 Inclina
937 2287 1074 2342 Deus
1101 2305 1246 2341 meus
1297 2303 1479 2340 aurem
1537 2296 1704 2351 tuam,
1739 2297 1786 2340 et
1833 2287 1959 2340 audi
1991 2305 2072 2340 me

486 2376 662 2448 (Psal.
692 2394 818 2433 xuv
839 2388 886 2432 et
917 2377 1136 2448 Lxxxv).
1171 2378 1259 2443 Et,
1291 2377 1544 2440 Auribus,
1566 2379 1789 2447 percipe,
1828 2377 2069 2445 Domine,

488 2464 781 2524 oratiohem
805 2487 973 2524 meam
1011 2467 1186 2542 (Psal.
1216 2474 1423 2541 cxxrx).
1459 2469 1547 2534 Et,
1580 2467 1743 2522 Fiant
1778 2486 1933 2523 aures
1967 2478 2072 2523 tute

481 2564 804 2620 intendentes
867 2565 936 2618 ad
985 2565 1272 2619 orationem
1309 2566 1444 2619 servi
1506 2563 1584 2617 tui
1647 2560 1819 2632 (Psal.
1849 2563 1982 2630 va),
2017 2570 2072 2616 et

487 2656 634 2712 mille
690 2656 838 2711 talia.
883 2656 988 2712 Sed
1018 2664 1072 2711 et
1124 2656 1380 2712 Salomon
1426 2658 1794 2726 utrumquein
1827 2659 2072 2712 oratione

486 2763 604 2814 sua,
669 2749 722 2802 id
758 2757 843 2803 est
882 2748 1068 2803 oculos
1129 2758 1183 2804 et
1221 2764 1383 2803 aures
1431 2748 1648 2802 Domini
1698 2749 1860 2803 simul
1926 2765 2074 2804 com-

485 2840 774 2911 prehendit
828 2841 1063 2898 dicens:
1109 2839 1177 2896 Ut
1208 2842 1310 2896 sint
1350 2841 1488 2895 oculi
1541 2841 1618 2894 tui
1668 2842 1835 2912 aperti
1889 2850 1938 2895 et
1977 2859 2074 2895 au-

495 2948 578 2986 res
621 2941 725 2985 tua:
763 2933 978 2986 intenta:
1039 2933 1108 2985 ad
1173 2933 1435 2987 orationes
1504 2949 1769 2986 servorum
1841 2941 2069 2986 tuorum.

489 3023 597 3079 Sed
639 3025 766 3079 licet
813 3023 1130 3093 frequenter
1181 3024 1441 3080 Dominus
1505 3025 1688 3079 audiat
1735 3033 2070 3094 peccatores,

483 3117 644 3190 justis
677 3126 860 3173 tamen
910 3117 1078 3173 multo
1131 3119 1364 3190 amplius
1427 3120 1702 3175 exauditio
1729 3127 1784 3174 et
1842 3120 2073 3174 celerius

485 3210 844 3282 promittitur,
887 3210 1104 3281 quando
1138 3210 1192 3265 in
1221 3225 1410 3281 preces
1441 3226 1628 3267 eorum
1656 3220 1875 3281 paratas
1911 3227 2071 3266 aures

483 3298 686 3358 habere
737 3310 1091 3358 monstratur.
1155 3302 1273 3358 Noli
1301 3319 1428 3373 ergo
1477 3304 1696 3369 timere,
1723 3320 1756 3357 ο
1779 3305 1926 3374 juste
1957 3319 2073 3360 mo-

487 3395 682 3461 nache,
735 3395 1015 3451 hominum
1071 3396 1483 3465 persecutiones
1513 3397 1806 3467 smculique
1834 3397 2069 3454 labores.

395 3487 405 3493 ’
488 3484 640 3542 Oculi
694 3489 840 3544 enim
869 3489 1082 3544 Domini
1123 3505 1288 3559 super
1330 3499 1384 3546 te
1433 3497 1575 3553 sunt,
1633 3499 1693 3545 ut
1731 3490 1962 3548 liberent
2001 3501 2071 3560 te,

493 3587 552 3635 et
586 3594 745 3634 aures
783 3580 919 3648 ejus,
968 3590 1030 3635 ut
1069 3583 1291 3637 audiant
1338 3588 1412 3637 te.
1455 3583 1536 3638 Tu
1568 3591 1746 3638 autem
1782 3593 1906 3640 tene
1955 3586 2075 3640 vias

491 3667 630 3738 ejus,
659 3680 714 3724 et
764 3687 922 3741 spera
979 3673 1034 3726 in
1063 3688 1211 3741 eum,
1277 3682 1334 3729 et
1361 3674 1446 3730 dic
1492 3691 1614 3731 cum
1662 3677 1921 3747 Apostolo
1967 3677 2074 3733 :Si

495 3759 643 3816 Deus
676 3779 770 3832 pro
801 3763 969 3829 nobis,
1000 3767 1116 3836 quis
1161 3775 1344 3820 contra
1396 3784 1489 3822 nos
1520 3767 1695 3840 (Rom.
1727 3769 1891 3836 vm)?
1931 3771 2073 3825 Deus

489 3868 590 3924 pro
614 3855 792 3921 nobis,
820 3863 880 3910 ut
933 3856 1074 3912 oculi
1112 3856 1228 3926 ejus
1282 3860 1616 3929 respicerent
1646 3876 1762 3915 nos.
1805 3860 1948 3916 Deus
1976 3878 2075 3932 pro

494 3951 749 4018 nobis,ut
774 3968 936 4008 aures
961 3953 1077 4024 ejus
1105 3953 1354 4008 audirent
1381 3968 1498 4007 nos.
1529 3952 1672 4007 Deus
1698 3968 1796 4023 pro
1813 3953 1990 4018 nobis,
2016 3962 2078 4009 ut

495 4044 906 4112 praedestinaret
931 4060 1048 4099 nos.
1091 4045 1233 4100 Deus
1283 4059 1383 4115 pro
1413 4044 1592 4111 nobis,
1619 4052 1681 4099 ut
1703 4055 1922 4102 vocaret
1950 4062 2071 4102 nos.

493 4132 635 4188 Deus
670 4149 770 4204 pro
791 4133 968 4200 nobis,
1000 4143 1061 4189 ut
1081 4134 1410 4204 jnstillcaret
1437 4152 1556 4192 nos.
1600 4135 1744 4191 Deus
1772 4153 1871 4208 pro
1894 4139 2071 4204 nobis,

491 4233 552 4280 ut
581 4226 910 4294 glorificaret
957 4244 1075 4284 nos.
1112 4228 1169 4284 Si
1201 4229 1344 4284 Deus
1371 4246 1471 4301 pro
1500 4231 1680 4296 nobis,
1732 4233 1854 4302 quis
1882 4242 2073 4289 contra

493 4318 638 4371 nos?
689 4317 1115 4385 Praedestinavit,
1158 4330 1446 4392 antequam
1503 4339 1790 4390 essemus;
1828 4325 2070 4391 vocavit,

495 4421 618 4462 cum
675 4410 848 4464 aversi
915 4425 1196 4479 essemus;
1231 4414 1567 4483 justificavit,
1599 4433 1721 4472 cum
1753 4428 2075 4488 peccatores

497 4510 782 4562 essemus;
843 4498 1182 4568 glorificavit,
1235 4518 1357 4558 cum
1417 4507 1673 4562 mortales
1711 4522 1973 4563 essemus.
2015 4508 2073 4562 Si

497 4585 642 4645 Deus
668 4603 767 4657 pro
821 4591 996 4654 nobis,
1034 4592 1155 4662 quis
1175 4603 1363 4648 contra
1411 4597 1554 4651 nos?
1590 4597 2014 4666 praedestinatis,
2041 4616 2072 4655 a

500 4678 611 4733 Deo
663 4682 888 4746 vocatis,
936 4684 1267 4754 justifieatis,
1322 4687 1808 4758 gloriﬁcatis?Qui
1838 4693 1953 4748 vult
1981 4695 2076 4750 ad-

500 4773 730 4837 versari,
757 4781 914 4844 paret
934 4790 1010 4839 se,
1039 4776 1085 4831 si
1113 4785 1290 4848 potest
1339 4779 1536 4834 bellare
1591 4783 1850 4838 adversus
1882 4785 2076 4840 Deum.

504 4861 604 4918 Ubi
627 4864 768 4920 enim
793 4866 1129 4923 audivimus:
1164 4868 1219 4924 Si
1247 4869 1388 4926 Deus
1410 4886 1508 4940 pro
1533 4873 1712 4938 nobis,
1741 4876 1862 4946 quis
1885 4885 2078 4932 contra

502 4957 646 5012 nos?
676 4959 778 5014 nisi
807 4960 930 5029 quis
957 4959 1125 5015 Deum
1152 4962 1334 5026 vincit,
1369 4979 1474 5019 non
1502 4964 1646 5020 ltedit
1676 4982 1793 5022 nos.

579 5047 643 5100 Et
671 5058 949 5119 antequam
983 5067 1063 5104 me
1116 5051 1359 5108 invocetis
1385 5054 1558 5109 dicam
1617 5056 1755 5112 vobis
1780 5074 1798 5112 :
1827 5057 1962 5113 Ecce
1985 5059 2080 5114 ad-

506 5157 643 5194 sum.
678 5138 722 5196 Ο
752 5157 932 5197 sermo
963 5144 1375 5200 mansuetudine
1411 5159 1468 5202 et
1500 5148 1834 5218 benignitate
1863 5151 2074 5220 plenus.

511 5231 629 5287 Non
659 5243 941 5305 exspectat
969 5238 1329 5292 consummari
1359 5240 1680 5305 orationem,
1718 5241 1812 5296 sed
1839 5252 1966 5298 ante
1995 5244 2090 5298 tri-

503 5324 622 5379 buit
670 5328 1004 5396 petitionem.
1063 5327 1223 5384 Novit
1275 5330 1419 5384 enim
1473 5331 1758 5399 Dominus,
1795 5343 2086 5405 antequam

508 5425 755 5486 petamus
817 5435 964 5484 eum,
1029 5420 1156 5488 quid
1191 5435 1326 5490 Opus
1366 5422 1439 5476 sit
1490 5423 1662 5478 nobis.
1705 5425 1771 5479 Et
1803 5428 1904 5482 hoc
1941 5427 2086 5494 idco,

509 5507 634 5576 quia
668 5508 920 5578 templum
948 5507 1042 5562 Dei
1071 5526 1279 5576 sumus,
1333 5520 1388 5566 et
1421 5514 1644 5583 spiritus
1683 5516 1899 5573 Domini
1932 5519 2088 5574 habi-

513 5605 591 5650 tat
625 5597 678 5650 in
714 5599 882 5654 nobis.
925 5599 1279 5656 Velocissime
1334 5603 1478 5658 enim
1505 5604 1872 5662 habitaculum
1926 5624 2083 5665 suum

513 5687 785 5745 habitator
810 5693 1028 5746 exaudit
1057 5691 1220 5749 Deus.

584 5781 723 5847 Quid
744 5781 949 5838 dulcius
972 5784 1117 5840 nobis
1138 5787 1237 5840 hac
1264 5803 1382 5843 voce
1423 5787 1636 5844 Domini
1670 5791 1942 5848 invitantis
1967 5810 2082 5861 nos,

517 5872 707 5938 fratres
756 5873 1096 5932 charissimi?
1131 5878 1271 5938 Vere
1305 5880 1450 5938 enim
1489 5880 1662 5941 dulcis
1701 5883 1817 5941 hac
1851 5901 1955 5944 vox
1982 5886 2087 5944 Do-

2098 1890 2146 1949 B

2100 4639 2154 4699 D

2173 716 2493 771 timentibus
2523 729 2605 779 se,
2642 711 2856 767 invitat.
2893 709 3093 764 Factus
3127 719 3214 764 eSt
3241 707 3346 761 illis
3373 707 3681 769 habitator,
3719 714 3784 760 ut

2174 819 2268 862 eos
2296 807 2460 861 etiam
2512 819 2624 858 non
2676 803 2958 857 invocatus
3000 800 3273 854 exaudiat.
3338 797 3542 854 Factus
3592 798 3693 852 via
3727 807 3783 854 et

2171 899 2371 971 patria,
2400 905 2462 952 ut
2514 911 2612 967 per
2638 894 2786 950 illum
2844 893 2912 948 ad
2939 891 3088 946 illum
3152 890 3388 944 veniant.
3442 888 3786 959 Factuspa-

2174 1006 2305 1060 stor,
2339 1004 2396 1051 et
2425 994 2625 1049 ostium
2655 999 2720 1058 _et
2743 1006 2966 1061 pascua,
3001 997 3062 1044 ut
3115 989 3184 1044 ab
3212 989 3304 1044 illo
3352 988 3649 1060 gubernati
3681 1002 3788 1060 pa

2174 1104 2297 1143 eum
2358 1088 2582 1152 intrent,
2633 1093 2689 1140 et
2748 1083 3145 1154 ingrediantur,
3204 1088 3262 1136 et
3305 1081 3691 1152 egrediantur,
3724 1086 3787 1137 et

2171 1195 2372 1250 pascua
2405 1177 2702 1232 inveniant.

2246 1272 2382 1326 Ecce
2407 1272 2594 1341 pietate
2618 1287 2716 1324 sua
2761 1269 3086 1324 demonstrat
3116 1267 3264 1320 nobis
3317 1265 3581 1320 Dominus
3630 1265 3779 1318 viam

2173 1365 2308 1419 vitta.
2347 1363 2466 1432 lpse
2521 1377 2652 1432 ergo
2680 1361 2962 1426 Dominus,
2994 1368 3053 1413 ut
3079 1358 3397 1430 praedictum
3451 1365 3561 1420 est,
3594 1354 3784 1412 factus

2173 1465 2258 1511 est
2312 1455 2467 1510 nobis
2514 1455 2625 1517 via,
2655 1455 2884 1520 veritas,
2934 1461 2989 1507 et
3017 1452 3151 1506 vita.
3193 1451 3293 1506 Via
3330 1449 3546 1504 scilicet
3595 1450 3778 1520 regia,

2173 1555 2234 1602 ut
2260 1564 2358 1619 per
2383 1563 2508 1602 eum
2560 1547 2888 1616 gradientes,
2931 1560 3039 1600 non
3095 1541 3433 1598 declinemus
3483 1541 3555 1595 ad
3588 1539 3783 1594 dexte-

2173 1659 2310 1706 ram,
2337 1654 2428 1697 aut
2458 1643 2524 1698 ad
2555 1642 2851 1707 sinistram,
2913 1641 3010 1696 sed
3040 1641 3108 1694 ad
3135 1639 3328 1704 vitam,
3357 1655 3478 1709 qua:
3508 1638 3634 1708 ipse
3663 1645 3780 1702 est,

2170 1737 2548 1808 perveniamus
2597 1745 2893 1790 mternam:
2935 1734 3027 1788 ubi
3077 1749 3186 1788 non
3210 1733 3368 1789 ﬂetus
3414 1731 3561 1786 ullus
3588 1741 3777 1801 potest

2173 1845 2314 1891 esse,
2373 1843 2474 1883 nec
2525 1829 2799 1897 gemitus;
2859 1828 2949 1881 ubi
3015 1827 3289 1881 habebunt
3344 1839 3540 1880 omnes
3600 1823 3779 1878 sancti

2175 1935 2415 1974 amorem
2465 1919 2782 1989 perfectum,
2851 1918 3101 1973 timorem
3161 1917 3366 1972 nullum
3418 1925 3477 1972 et
3513 1917 3778 1986 gaudium

2173 2013 2582 2083 sempiternum.
2624 2012 2702 2067 lbi
2732 2013 2876 2066 enim
2906 2013 3012 2066 erit
3037 2012 3118 2067 eis
3168 2011 3417 2066 voluntas
3468 2018 3649 2073 certa,
3677 2025 3768 2064 cu-

2169 2105 2370 2175 piditas
2404 2105 2570 2170 nulla,
2614 2105 2866 2174 quoniam
2923 2103 3155 2160 fruendo
3209 2104 3529 2160 caelestibus
3582 2103 3765 2167 bonis,

2171 2199 2236 2250 ad
2267 2214 2387 2268 quae
2438 2199 2723 2268 pervenire
2786 2197 3097 2266 cupiebant,
3142 2197 3274 2250 nihil
3301 2197 3382 2251 eis
3433 2196 3620 2250 deerit
3643 2193 3774 2264 quid

2171 2289 2399 2344 ulterius
2464 2289 2876 2354 concupiscant,
2905 2296 2959 2342 et
3015 2289 3070 2342 in
3108 2287 3195 2341 illa
3225 2287 3448 2359 regione
3497 2295 3781 2356 perpetua

2173 2373 2482 2435 securitatis
2513 2396 2577 2434 ac
2602 2380 2752 2450 pacis
2819 2377 3060 2449 perfecte
3088 2378 3255 2445 beati,
3292 2393 3395 2433 nec
3425 2379 3648 2432 timoris
3676 2377 3777 2433 sti-

2171 2475 2346 2530 mulos
2370 2474 2584 2543 passuri
2614 2481 2739 2527 sunt
2767 2488 2867 2528 nec
2891 2472 3115 2527 doloris.

2245 2565 2539 2622 Succmctis
2558 2581 2679 2634 ergo
2707 2563 2810 2632 ﬁde
2825 2562 2900 2617 vel
2924 2563 3252 2618 observantia
3276 2561 3538 2614 bonarum
3559 2572 3778 2614 actuum

2173 2659 2362 2714 lumbis
2418 2659 2608 2713 nostris
2650 2656 2809 2729 (Eph.
2870 2656 2966 2726 v1).
3007 2655 3426 2726 Elegantissime
3492 2653 3675 2717 enim,
3725 2663 3780 2708 et

2172 2765 2326 2805 more
2348 2749 2663 2820 prophetico
2692 2747 2886 2802 beatus
2923 2746 3086 2800 Pater
3142 2745 3472 2802 Benedictus
3500 2746 3776 2816 duplicem

2174 2843 2263 2900 hic
2295 2841 2687 2896 monachorum
2717 2839 2898 2910 posuit
2949 2838 3248 2909 cingulum.
3291 2837 3566 2910 Cognovit
3593 2849 3779 2892 autem

2174 2934 2300 3005 quia
2331 2933 2465 2988 ﬁdes
2513 2933 2630 2987 sine
2658 2932 2917 3002 operibus
2968 2942 3184 2986 mortua
3225 2941 3331 2996 est,
3357 2942 3414 2987 et
3450 2948 3627 3003 opera
3660 2934 3781 2988 sine

2176 3025 2281 3080 ﬁde
2305 3040 2497 3080 vacua.
2545 3025 2614 3079 Et
2661 3025 2781 3079 ideo
2829 3039 2939 3078 non
2990 3024 3241 3094 simplum
3297 3025 3390 3080 sed
3420 3041 3487 3080 ex
3543 3034 3781 3096 utroque

2178 3125 2381 3172 textum
2413 3116 2803 3170 monachorum
2819 3115 2986 3169 voluit
3005 3131 3129 3170 esse
3151 3115 3446 3187 cingulum.
3479 3115 3661 3171 Isaias
3691 3133 3784 3171 au-

2177 3220 2282 3266 tem
2311 3212 2413 3266 hoc
2442 3212 2618 3281 ipsum
2650 3210 2936 3281 dupliciter
2960 3209 3012 3264 in
3043 3209 3274 3264 Domino
3300 3210 3506 3280 posuit,
3536 3210 3736 3265 dicens
3765 3229 3778 3264 :

2176 3305 2244 3359 Et
2275 3306 2372 3358 erit
2390 3304 2605 3374 justitia
2633 3301 2898 3373 cingulum
2945 3301 3263 3366 lumborum,
3316 3312 3362 3357 et
3389 3302 3524 3370 ﬁdes
3567 3303 3780 3356 cincto-

2178 3400 2316 3453 rium
2353 3415 2535 3452 renum
2567 3398 2683 3468 ejus
2708 3396 2843 3468 (Isa.
2902 3396 3002 3470 xl).
3047 3396 3117 3452 Ut
3167 3397 3312 3450 enim
3346 3395 3434 3451 ille
3496 3397 3690 3460 ﬁdem,
3727 3407 3780 3452 et

2177 3492 2279 3548 iste
2315 3491 2496 3560 posuit
2519 3490 2698 3546 ﬁdem.
2739 3489 2811 3545 Ut
2838 3489 2928 3546 ille
2970 3487 3260 3557 justitiam,
3287 3496 3342 3542 et
3367 3488 3468 3542 iste
3492 3488 3773 3544 bonorum

2177 3594 2393 3641 actuum
2465 3582 2886 3638 observantiam.
2976 3580 3166 3636 Omnis
3243 3590 3427 3635 autem
3493 3582 3771 3636 honorum

2178 3687 2400 3733 actuum
2427 3675 2779 3732 observantia
2804 3689 2912 3728 non
2943 3673 3242 3746 incongrue
3278 3682 3510 3729 vocatur
3535 3675 3778 3745 justitia,

2177 3771 2319 3825 sicut
2347 3769 2606 3839 scriptum
2629 3776 2712 3822 est
2737 3785 2750 3819 :
2781 3767 2954 3832 Iuste,
2985 3766 3127 3837 quod
3163 3767 3370 3836 justum
3400 3776 3499 3832 est,
3529 3785 3781 3839 exseque-

2179 3863 2250 3916 ris
2303 3861 2480 3933 (Deut.
2536 3858 2672 3931 χιιι).
2703 3859 2835 3915 Fide
2901 3859 3047 3914 enim
3093 3858 3308 3913 lumbos
3337 3859 3539 3914 mentis
3574 3871 3780 3914 nostra:

2178 3953 2563 4022 succingimus,
2596 3951 2642 4006 si
2671 3952 2735 4006 de
2762 3959 2950 4006 sancta
2978 3951 3248 4005 Trinitate
3302 3960 3453 4007 recte
3481 3955 3780 4022 sentimus,

2179 4051 2234 4099 et
2257 4059 2378 4098 eam
2409 4042 2644 4098 fideliter
2678 4043 2971 4097 credimus.
3015 4042 3286 4096 Bonorum
3341 4051 3560 4097 actuum
3593 4044 3784 4101 obser-

2177 4135 2357 4189 vantia
2395 4133 2606 4189 lumbos
2655 4134 3045 4205 succingimus,
3076 4134 3120 4190 si
3176 4150 3276 4189 nos
3328 4135 3380 4189 in
3411 4135 3573 4191 bonis
3599 4135 3782 4205 operi-

2177 4228 2282 4283 bus
2316 4225 2488 4281 seduli
2545 4240 2883 4291 exercemus,
2921 4226 3064 4280 sicut
3120 4225 3411 4297 Apostolus
3462 4228 3584 4282 ait:
3626 4228 3783 4285 State

2178 4337 2300 4391 ergo
2329 4319 2531 4374 lumbos
2557 4319 2742 4372 mentis
2767 4329 2948 4373 vestrm
2975 4319 3228 4372 succincti
3257 4319 3419 4389 (Eph.
3453 4320 3553 4392 vi),
3586 4322 3640 4376 id
3670 4333 3774 4389 est,

2180 4413 2235 4466 in
2259 4411 2407 4467 omni
2475 4411 2662 4482 prmlio
2699 4409 2928 4463 viriliter
2976 4410 3288 4479 praeparati,
3324 4419 3380 4465 et
3417 4412 3486 4466 ab
3515 4414 3777 4470 omnibus

2179 4504 2326 4558 curis
2359 4501 2537 4558 swculi
2565 4501 2822 4572 expediti.
2870 4500 2937 4554 Et
2963 4500 3030 4554 ad
3079 4500 3181 4555 Job
3223 4501 3484 4558 Dominus
3514 4503 3637 4558 ait:
3670 4507 3777 4560 Ac-

2179 4597 2325 4666 cinge
2363 4596 2500 4649 sicut
2560 4594 2640 4647 vir
2693 4591 2895 4646 lumbos
2946 4602 3062 4647 tuos
3124 4591 3247 4664 (Job
3295 4597 3555 4667 xxxvtn).
3626 4597 3778 4654 Scri-

2180 4699 2341 4760 ptura
2381 4687 2526 4742 enim
2575 4700 2732 4741 sacra
2761 4685 2882 4741 illos
2919 4687 3066 4741 viros
3123 4695 3280 4742 vocat
3308 4689 3400 4758 qui
3442 4690 3529 4744 via
3565 4691 3780 4748 Domini

2183 4775 2416 4833 fortibus
2445 4785 2499 4832 et
2527 4791 2636 4831 non
2662 4776 2938 4832 dissolutis
2967 4777 3239 4849 gressibus
3268 4779 3574 4836 ambulant.
3616 4783 3780 4838 Lum-

2181 4872 2280 4927 bos
2305 4884 2437 4924 vero
2467 4869 2698 4924 viriliter
2731 4870 3017 4941 accingere
3044 4879 3148 4937 est,
3180 4872 3264 4926 vel
3295 4873 3350 4927 in
3406 4889 3580 4944 opere
3610 4879 3695 4932 vel
3724 4880 3776 4932 in

2182 4961 2510 5032 cogitatione
2535 4962 2718 5016 carnis
2744 4963 3011 5017 etmentis
3040 4962 3312 5017 luxuriam
3335 4967 3641 5022 refrenare.
3675 4970 3778 5024 Sed

2183 5069 2281 5109 cur
2305 5053 2466 5108 beato
2495 5051 2596 5107 Job
2633 5054 2874 5109 dicitur?
2901 5054 3124 5125 Accinge
3150 5055 3349 5111 lumbos
3369 5067 3489 5112 tuos
3510 5062 3651 5114 sicut
3681 5065 3776 5126 rir,

2186 5146 2294 5200 nisi
2333 5145 2459 5215 quia
2497 5145 2605 5199 alia
2648 5153 2732 5199 est
2785 5145 2966 5200 carnis
3022 5145 3256 5212 luxuria,
3298 5163 3405 5216 qua
3459 5153 3777 5206 castitatem

2187 5236 2604 5307 corrumpimus,
2659 5237 2762 5291 alia
2793 5252 2924 5293 vero
2967 5237 3179 5292 luxuria
3217 5239 3398 5296 cordis
3425 5251 3533 5308 est,
3563 5259 3675 5314 qua
3705 5246 3772 5300 de

2189 5330 2441 5386 castitate
2493 5328 2811 5400 gloriamur.
2855 5331 3062 5386 Dicitur
3096 5345 3226 5404 ergo
3261 5333 3312 5388 ei
3343 5348 3358 5386 :
3409 5335 3644 5407 Accinge
3668 5339 3774 5392 sic-

2188 5431 2247 5476 ut
2293 5423 2372 5476 vir
2404 5421 2604 5476 lumbos
2634 5433 2771 5488 tuos,
2825 5430 2884 5476 ut
2921 5424 3012 5492 qui
3053 5424 3204 5494 prius
3260 5425 3528 5482 luxuriam
3584 5447 3776 5485 corruo

2189 5515 2388 5585 ptionis
2417 5514 2642 5580 vicerat,
2671 5530 2814 5570 nunc
2833 5515 3102 5572 luxuriam
3131 5520 3360 5591 stringat
3391 5520 3667 5589 elationis,
3704 5543 3778 5581 ne

2193 5606 2260 5662 de
2293 5608 2551 5678 patientia
2598 5608 2684 5663 vel
2739 5609 2805 5664 de
2860 5611 3108 5668 castitate
3144 5614 3438 5684 superbiat.
3498 5615 3558 5671 In
3588 5619 3777 5673 Veteri

2192 5701 2540 5758 Testamento
2572 5719 2707 5759 zona
2733 5704 2958 5774 pellicea
3005 5706 3231 5778 legimus
3278 5707 3426 5764 circa
3454 5708 3686 5776 lumbos,
3716 5714 3778 5768 in

2194 5792 2346 5849 Novo
2383 5801 2562 5849 autem
2594 5811 2728 5851 zona
2751 5812 2918 5853 aurea
2941 5799 3086 5854 circa
3111 5807 3316 5870 pectus.
3351 5801 3423 5857 Ut
3448 5805 3592 5858 enim
3621 5806 3777 5859 adul-

2194 5886 2392 5945 terium
2443 5901 2552 5945 non
2601 5889 2990 5963 committatur,
3029 5906 3166 5951 zona
3201 5893 3424 5966 pellicea
3463 5895 3778 5956 adhibenda
