4020 6480
220 384 312 444 ’113

1228 381 1585 443 COMMENT.
1622 381 1693 438 ΓΝ
1729 382 1888 441 REG.
1926 383 1986 441 S.
2028 383 2411 445 BENEDICTI.

3339 388 3444 447 7M

214 507 291 559 est
311 498 451 557 circa
498 497 732 569 lumbos,
771 509 832 557 ut
890 515 998 558 non
1024 500 1275 558 videatur
1307 499 1504 555 mulier
1550 500 1617 555 ad
1645 515 1776 556 con-
1801 511 1854 572 Α
1877 507 2111 570 spiritus,
2133 510 2267 554 sicut
2299 510 2347 555 et
2369 500 2536 555 vocati
2561 502 2683 556 estis
2710 503 2765 556 in
2794 516 2898 556 una
2934 516 3023 571 spe
3048 499 3331 556 vocationis
3362 520 3448 558 ve-

212 593 582 666 cupiscendum
609 609 624 649 :
658 610 791 650 zona
820 611 985 652 aurea
1010 597 1156 651 circa
1186 602 1396 666 pectus,
1414 602 1473 649 ut
1498 610 1590 665 per
1610 594 1778 647 duca-

213 695 313 742 tum
336 684 608 757 Evangelii
634 703 908 757 pergamus
932 688 1125 741 itinera
1153 687 1288 757 ejus.
1318 686 1581 741 Ducatum
1609 685 1782 740 Evan-

212 776 344 847 gelii,
375 776 428 831 id
450 786 554 841 cst,
585 776 840 831 ducatum
868 777 1074 834 Christi
1100 795 1113 843 ;
1146 791 1322 848 neque
1347 778 1491 833 enim
1521 777 1780 832 aliorsum

208 866 462 934 Christus,
478 867 734 923 aliorsum
758 868 905 924 ducit
918 868 1267 940 Evangelium
1284 887 1298 936 ;
1324 870 1418 925 sed
1432 870 1546 941 ipsa
1564 869 1779 925 Domini

205 970 367 1032 gesta,
394 958 481 1014 vel
535 959 879 1016 sanctissima
917 961 1101 1029 verba,
1151 970 1417 1019 vocantur
1463 962 1777 1032 Evangelia,

206 1065 316 1120 qua:
329 1057 614 1120 sequentes
628 1066 725 1121 per
746 1051 943 1107 itinera
957 1059 1102 1107 recta
1121 1054 1425 1123 perducunt
1439 1054 1507 1108 ad
1532 1053 1778 1109 coelestia

205 1156 378 1214 regna.
398 1140 520 1198 Sed
554 1140 843 1214 diligenter
864 1143 1020 1199 nobis
1061 1152 1145 1199 est
1170 1144 1487 1200 intuendum
1510 1143 1602 1216 qui
1629 1152 1776 1210 sunt,

204 1242 292 1290 aut
323 1235 413 1305 qui
443 1244 763 1307 sequuntur,
816 1236 902 1291 vel
931 1252 1038 1309 quo
1087 1238 1317 1294 tendunt
1344 1238 1400 1293 hi
1436 1237 1526 1308 qui
1556 1251 1657 1309 per
1680 1237 1780 1293 du-

205 1334 377 1381 catum
400 1324 677 1398 Evangelii
702 1332 954 1398 pergunt.
988 1326 1056 1382 Hi
1086 1336 1213 1383 sunt
1233 1328 1419 1401 utique
1447 1329 1644 1398 quibus
1670 1328 1778 1384 Do-

203 1421 374 1478 minus
401 1420 480 1475 ait
508 1437 522 1474 :
554 1419 723 1475 Amen
770 1420 889 1475 dico
917 1421 1081 1488 vobis,
1112 1422 1240 1492 quia
1288 1438 1396 1487 vos,
1429 1422 1519 1492 qui
1560 1420 1776 1493 reliqui-

199 1513 289 1569 stis
313 1512 488 1568 omnia
524 1519 581 1565 et'
619 1512 781 1566 secuti
816 1512 937 1567 estis
962 1528 1063 1579 me,
1092 1513 1148 1566 in
1196 1512 1601 1584 regeneratione,
1659 1527 1776 1565 cum

198 1605 380 1661 sederit
403 1602 549 1674 ﬁlius
576 1604 804 1658 hominis
830 1605 886 1659 in
915 1603 1036 1659 sede
1056 1604 1349 1675 majestatis
1403 1620 1534 1669 suat,
1569 1602 1774 1657 sedebi-

196 1697 262 1753 tis
292 1704 337 1751 et
358 1711 446 1750 vos
469 1710 625 1766 super
670 1694 947 1749 duodecim
973 1695 1140 1760 sedes,
1164 1695 1470 1766 judicantes
1501 1692 1778 1746 duodecim

196 1788 356 1842 tribus
380 1785 552 1841 Israel
594 1784 811 1859 (Matth.
863 1786 1001 1858 ιιι).
1035 1786 1104 1842 Et
1129 1787 1239 1855 ille,
1264 1788 1351 1842 cui
1384 1786 1516 1841 dicit
1548 1806 1561 1841 :
1603 1784 1771 1852 Vade,

1879 601 2003 646 stra:
2032 591 2244 663 (Ephes.
2271 591 2366 659 1v).
2415 590 2515 647 Hic
2559 602 2738 648 autem
2781 594 2871 664 qui
2910 609 3002 647 nos
3038 592 3230 645 vocavit
3259 593 3449 649 beatus

1878 684 2204 739 Benedictus
2230 685 2381 750 dicit,
2410 694 2465 739 et
2490 686 2812 742 subauditur
2836 687 2917 744 vel
2948 687 3013 741 ad
3041 685 3273 757 gratiam
3323 686 3447 744 ﬁdei

1879 777 2133 847 primum,
2179 776 2265 831 vel
2310 778 2376 832 ad
2422 776 2698 850 religionis
2743 787 2928 849 postea
2983 787 3038 835 ct
3079 777 3451 835 conversionis

1880 867 2148 922 habitum.
2786 876 2792 882 '
3288 880 3291 881 '
3332 878 3335 883 '

1949 957 2019 1013 In
2066 959 2218 1029 cujus
2258 960 2399 1031 regni
2441 959 2774 1015 tabernaculo
2815 962 2861 1016 si
2904 966 3139 1017 volumus
3191 962 3453 1031 habitare,

1880 1051 1983 1104 nisi
2019 1049 2145 1105 illuc
2180 1051 2324 1106 bonis
2360 1053 2560 1107 actibus
2602 1058 2861 1107 currendo
2896 1053 3107 1107 minime
3136 1054 3453 1124 pervenitur.

1880 1138 2221 1196 Manifestum
2258 1150 2343 1197 est
2370 1126 2515 1198 enim
2547 1145 2672 1213 quia
2696 1143 3098 1199 benefacicntes
3125 1152 3179 1197 et
3207 1159 3315 1200 non
3341 1159 3456 1199 ma—

1879 1230 2193 1289 lefacientes
2233 1232 2479 1291 caelestis
2507 1236 2662 1308 regni
2700 1235 3045 1291 tabernacula
3086 1236 3454 1306 possidebunt.

1882 1322 1971 1379 Sic
2003 1325 2147 1379 enim
2178 1325 2243 1379 de
2274 1326 2429 1381 malis
2461 1327 2659 1381 Paulus
2684 1327 2959 1399 apostolus
2985 1327 3064 1381 ait
3086 1325 3265 1393 :,Quia
3297 1343 3459 1397 neque

1879 1413 2125 1477 adulteri,
2156 1431 2319 1487 neque
2351 1415 2550 1484 molles,
2582 1434 2747 1489 neque
2783 1422 3135 1472 masculorum
3160 1418 3462 1471 concubito-

1879 1522 1982 1574 res,
2013 1523 2173 1577 neque
2203 1507 2370 1577 fures,
2403 1526 2565 1580 neque
2588 1511 2758 1576 avari,
2792 1528 2953 1582 neque
2989 1509 3256 1577 maledici,
3301 1527 3462 1583 neque

1879 1599 2091 1664 ebriosi,
2110 1617 2270 1673 neque
2298 1606 2532 1672 rapaces,
2549 1619 2764 1674 regnum
2782 1603 2879 1658 Dci
2900 1602 3233 1671 possidebunt
3261 1602 3309 1671 (I
3335 1601 3461 1657 Cor.

1879 1692 1978 1763 vi).
2033 1692 2141 1747 Nos
2190 1700 2370 1748 autem
2413 1693 2458 1748 si
2489 1694 2738 1764 cupimus
2781 1710 3005 1766 regnum
3038 1694 3135 1749 Dei
3166 1693 3464 1765 possidere,

1879 1784 1935 1838 in
1962 1784 2200 1839 omnibus
2245 1784 2580 1840 exhibeamus
2621 1786 2962 1847 nosmetipsos
3001 1785 3134 1841 sicut
3168 1786 3262 1840 Dei
3311 1787 3470 1840 mini-

197 1891 245 1937 et
270 1880 425 1937 vende
458 1881 635 1935 omnia
669 1897 785 1952 qua:
822 1882 1004 1949 habes,
1046 1891 1094 1937 et
1141 1883 1212 1937 da
1247 1882 1583 1954 pauperibus,
1608 1890 1656 1936 ct
1684 1882 1776 1936 ha-
1801 1878 1849 1938 B
1875 1886 2032 1942 stros,
2074 1877 2129 1931 in
2166 1875 2333 1931 multa
2370 1877 2648 1946 patientia,
2691 1878 2749 1932 in
2788 1876 3232 1944 tribulationibus,
3282 1879 3336 1933 in
3378 1896 3439 1933 ne

200 1975 330 2030 bebis
355 1975 626 2029 thesauros
653 1975 709 2028 in
746 1973 909 2041 caelis,
956 1984 1005 2030 et
1027 1976 1165 2040 veni,
1222 1991 1434 2047 sequere
1476 1991 1557 2028 me
1579 1972 1774 2043 (Marc.

197 2066 273 2139 ι).
302 2066 369 2122 Et
397 2084 411 2120 :
445 2065 551 2133 Qui
577 2064 689 2121 vult
709 2075 824 2137 post
848 2083 931 2120 me
948 2067 1143 2133 venire,
1184 2066 1397 2136 abneget
1423 2067 1776 2136 semetipsum,

197 2167 245 2214 et
275 2159 420 2215 tollat
466 2174 675 2213 crucem
703 2175 882 2225 suam,
909 2168 958 2213 et
988 2167 1240 2231 sequatur
1270 2175 1351 2213 me
1399 2157 1613 2231 (Matth.
1641 2159 1779 2229 κη),

196 2258 249 2305 et
277 2249 492 2306 similia.
531 2247 896 2321 Cognovimus
934 2248 1026 2317 qui
1055 2254 1202 2312 sunt,
1249 2246 1457 2303 scilicet
1499 2246 1592 2317 qui
1622 2245 1784 2301 relin-

196 2349 363 2413 quunt
407 2322 613 2406 omnia,
644 2347 701 2395 et
748 2340 841 2410 qui
876 2338 1142 2405 vendunt,
1189 2347 1246 2393 et
1274 2329 1403 2394 dant
1430 2338 1780 2409 pauperibus,

193 2443 249 2490 et
273 2435 364 2505 qui
395 2434 669 2505 abnegant
689 2432 1033 2503 semetipsos,
1062 2440 1119 2488 et
1148 2430 1582 2488 tollunt'crucem
1605 2446 1781 2487 suam.

195 2527 367 2596 Quem
417 2532 718 2596 sequuntur
755 2522 1078 2581 Christum?
1106 2521 1359 2578 videlicet
1381 2522 1475 2593 qui
1500 2522 1633 2577 dicit
1655 2522 1737 2578 eis
1768 2540 1780 2577 :

195 2626 248 2673 et
299 2617 460 2671 secuti
508 2616 632 2670 estis
687 2630 811 2681 me;
848 2622 924 2679 et,
976 2614 1111 2680 veni,
1145 2629 1357 2685 sequere
1381 2630 1480 2667 me.
1510 2611 1789 2681 Quomodo

193 2713 516 2776 sequuntur,
544 2706 843 2761 videamus.
881 2704 1141 2775 Sequitur
1163 2714 1343 2760 autem
1368 2703 1666 2772 Christum,
1696 2706 1788 2776 qui

192 2797 477 2871 prazceptis
505 2797 623 2869 ejus
650 2798 873 2865 insistit,
902 2798 994 2869 qui
1023 2812 1123 2868 per
1151 2798 1456 2871 magisterii
1487 2796 1605 2866 ejus
1626 2798 1792 2854 vesti-

195 2891 283 2963 gia
314 2889 578 2962 graditur,
609 2890 702 2961 qui
725 2889 951 2962 vestigia
979 2888 1097 2960 ejus
1118 2898 1175 2947 et
1198 2889 1398 2946 itinera
1420 2897 1681 2956 sectatur,
1696 2888 1791 2960 qui

196 2982 341 3053 quod
364 2980 616 3038 Christus
640 2980 825 3038 docuit
854 2990 909 3036 et
937 2979 1065 3037 fecit
1108 2980 1378 3049 imitatur,
1428 2980 1569 3037 sicut
1596 2979 1792 3036 Petrus

193 3074 449 3131 hortatur
474 3074 700 3130 dicens:
729 3072 969 3130 Christus
991 3092 1178 3146 passus
1199 3082 1275 3131 est
1311 3091 1405 3146 pro
1435 3073 1609 3140 nobis,
1634 3071 1793 3128 relin-

193 3183 359 3239 quens
396 3167 542 3222 nobis
578 3166 873 3238 exemplum
910 3175 968 3221 ut
1002 3184 1287 3240 sequamur
1323 3168 1539 3239 vestigia
1579 3167 1703 3244 ejus
1741 3165 1793 3235 (Ι

1881 1966 2225 2034 cessitatibus,
2254 1968 2308 2022 in
2331 1970 2607 2037 angustiis,
2647 1969 2703 2022 in
2724 1969 2915 2039 plagis,
2951 1970 3007 2023 in
3044 1970 3364 2034 carceribus,
3412 1971 3466 2023 in

1881 2059 2247 2124 seditionibus,
2289 2059 2341 2112 in
2381 2059 2666 2124 laboribus,
2714 2061 2771 2114 in
2804 2061 3013 2131 vigiliis,
3047 2062 3102 2115 in
3128 2062 3376 2132 jejuniis,
3411 2066 3464 2116 in

1882 2152 2144 2216 castitate,
2186 2151 2240 2203 in
2269 2151 2506 2215 scientia,
2538 2152 2594 2205 in
2635 2151 3055 2221 longanimitate,
3098 2153 3154 2207 in
3194 2154 3469 2217 suavitate,

1882 2244 1940 2297 in
1973 2241 2178 2313 Spiritu
2218 2244 2430 2309 sancto,
2477 2244 2531 2296 in
2573 2244 2827 2298 charitatc
2873 2260 2974 2299 non
3015 2244 3169 2313 ﬁcta,
3216 2247 3272 2299 in
3316 2246 3471 2299 verbo

1883 2338 2134 2403 veritatis,
2171 2339 2226 2391 in
2250 2339 2439 2392 virtute
2458 2338 2576 2393 Dei.
2622 2336 2729 2394 Per
2750 2356 2901 2393 arma
2926 2343 3143 2408 iustitia!
3182 2357 3215 2395 a
3242 2342 3463 2407 dextris,

1886 2442 1933 2487 et
1960 2450 1993 2487 a
2016 2433 2261 2488 sinistris.
2294 2432 2401 2487 Per
2437 2426 2682 2505 gloriam,
2731 2447 2778 2489 et
2816 2437 3213 2506 ignobilitatem.
3261 2438 3368 2493 Per
3388 2439 3471 2493 in-

1887 2524 2127 2595 famiam,
2157 2533 2205 2580 et
2232 2525 2421 2579 bonam
2453 2525 2669 2596 famam.
2717 2524 2783 2579 Ut
2814 2528 3135 2595 sedul-tores,
3170 2537 3217 2582 et
3239 2545 3470 2584 veraces.

1891 2613 2037 2669 Sicut
2074 2617 2163 2687 qui
2197 2617 2383 2687 ignoti,
2416 2625 2465 2671 et
2489 2619 2701 2688 cogniti.
2746 2616 2912 2684 Quasi
2941 2619 3244 2685 morientes,
3275 2629 3325 2674 et
3359 2635 3476 2675 ecce

1890 2707 2105 2763 vivimus
2132 2726 2150 2763 :
2175 2719 2230 2762 ut
2256 2709 2518 2780 castigati,
2543 2718 2591 2763 et
2615 2728 2718 2764 non
2738 2711 3061 2775 mortiﬁcati.
3091 2710 3257 2777 Quasi
3281 2713 3476 2779 tristes,

1890 2815 2091 2869 semper
2112 2808 2288 2854 autem
2319 2800 2604 2871 gaudentes
2627 2794 2802 2858 {sicut
2830 2813 3059 2872 egentes,
3091 2802 3281 2858 multos
3303 2792 3480 2858 autem

1893 2889 2284 2961 locupletantes.
2316 2891 2589 2964 Tanquam
2614 2894 2745 2947 nihil
2780 2894 3048 2961 habentes,
3078 2905 3126 2949 et
3153 2898 3332 2952 omnia
3358 2913 3481 2968 pos-

1895 2983 2122 3038 sidentes
2163 2983 2252 3055 (ΙΙ
2273 2983 2397 3039 Cor.
2433 2984 2531 3058 Vl).
2575 2986 2646 3041 Et
2675 2987 2755 3042 sic
2781 3003 2877 3058 per
2904 2990 3035 3045 istos
3064 3000 3120 3045 ct
3150 2988 3286 3046 alios
3313 2991 3484 3047 bonos

1897 3083 2052 3130 actus
2077 3084 2362 3132 currentes
2390 3078 2726 3134 tabernaculi
2756 3079 2906 3152 regni
2946 3081 3187 3138 cmlestis
3215 3095 3339 3139 esse
3367 3097 3484 3139 me-

1898 3167 2141 3222 rebimur
2169 3169 2524 3227 habitatores.

195 3260 348 3318 Petr.
364 3261 449 3330 u);
464 3260 774 3330 exemplum
788 3258 993 3316 scilicet
1008 3259 1438 3325 tribulationum,
1456 3274 1564 3314 non
1578 3258 1799 3314 delicia-
1824 3251 1870 3315 C
1972 3258 2077 3314 Sed
2099 3262 2483 3332 interrogemus
2496 3279 2616 3318 cum
2632 3263 2896 3333 Priap/tcta
2908 3264 3215 3332 Dominum,
3232 3266 3484 3322 dicentes:

196 3365 324 3408 rum
350 3367 366 3417 ;
398 3350 871 3417 contumeliarum,
902 3366 1010 3407 non
1042 3350 1396 3422 gaudiorum;
1429 3349 1790 3422 ﬂagellorum,

195 3439 473 3509 dolorum,
496 3442 936 3515 opprobriorum,
966 3442 1271 3513 spinarum,
1294 3442 1471 3497 crucis
1498 3449 1553 3496 et
1579 3442 1790 3497 mortis.

195 3536 323 3606 Quo
369 3552 503 3593 vero
552 3536 645 3592 isti
695 3536 923 3591 tendunt
971 3536 1064 3606 qui
1106 3552 1206 3608 per
1226 3534 1505 3607 Evangelii
1539 3531 1794 3591 ducatum

195 3638 455 3696 currunt,
484 3628 679 3685 melius
731 3627 1057 3693 videbimus,
1090 3629 1136 3683 si
1192 3628 1344 3699 prius
1393 3634 1677 3682 vocantem
1703 3642 1796 3683 eos

196 3724 493 3781 Dominum
537 3723 861 3789 audiamus;
891 3722 967 3777 ait
994 3721 1139 3777 enim
1175 3720 1438 3776 Dominus
1468 3740 1480 3774 :
1521 3720 1703 3775 Venite
1727 3720 1796 3774 ad

196 3832 307 3883 me,
366 3832 543 3871 omnes
590 3815 678 3888 qui
705 3813 957 3869 laboratis
982 3823 1031 3866 et
1078 3814 1282 3867 onerati
1313 3813 1458 3878 estis,
1488 3822 1535 3867 et
1557 3830 1651 3883 ego
1678 3813 1800 3882 reﬁ-

198 3910 347 3963 ciam
369 3925 455 3963 vos
492 3907 709 3981 (Matth.
736 3904 836 3978 x1).
894 3905 1096 3960 lterum
1117 3903 1251 3959 dicit
1281 3922 1294 3958 :
1337 3902 1543 3970 Venite,
1594 3902 1801 3958 benedi-

197 4000 276 4055 cti
306 3998 489 4055 Patris
513 4001 637 4064 mei,
668 4000 919 4071 percipite
949 4015 1185 4069 regnum,
1217 3999 1356 4070 quod
1387 3998 1528 4053 vobis
1553 4006 1800 4069 paratum

195 4100 281 4147 est
329 4091 394 4146 ab
439 4092 639 4163 origine
686 4091 870 4146 mundi
919 4088 1137 4162 (Matth.
1169 4088 1323 4161 xxv),
1373 4097 1430 4144 et
1456 4088 1670 4144 similia.
1705 4086 1799 4141 Li-

197 4192 362 4255 quet,
390 4198 539 4251 ecce,
572 4183 667 4238 ubi
694 4184 926 4238 tendunt
952 4182 1045 4253 qui
1090 4197 1190 4253 per
1216 4181 1497 4253 Evangelii
1546 4181 1803 4237 ducatum

195 4292 467 4355 pergunt,
498 4281 754 4338 videlicet
781 4281 849 4337 ad
878 4289 1086 4336 tantam
1120 4280 1366 4353 gloriam,
1416 4286 1476 4333 ut
1503 4293 1627 4334 cum
1655 4279 1807 4334 sede-

199 4376 283 4431 rit
309 4374 456 4429 ﬁlius
489 4374 726 4431 hominis
769 4374 824 4429 in
853 4374 980 4430 sede
1014 4370 1315 4441 majestatis
1345 4386 1476 4439 suae,
1506 4373 1727 4427 sedeant
1753 4377 1808 4425 et

201 4466 293 4524 illi
323 4482 488 4539 super
513 4466 800 4523 duodecim
831 4466 1009 4530 sedes,
1036 4474 1091 4519 et
1114 4463 1358 4534 judicent
1405 4464 1689 4519 duodecim
1711 4462 1808 4516 tri-

198 4558 319 4615 bus
340 4557 509 4615 Israel
535 4575 551 4625 ;
578 4565 632 4613 et
656 4564 716 4611 ut
740 4555 1092 4611 refectionem
1128 4566 1386 4610 aeternam
1414 4555 1721 4625 accipiant;
1753 4560 1809 4609 et

198 4660 272 4710 ut
318 4666 546 4724 regnum
591 4664 623 4704 a
651 4650 1042 4705 constitutione
1090 4649 1275 4703 mundi
1323 4655 1571 4718 paratum
1626 4647 1805 4717 perci-

196 4745 388 4817 piant.
430 4742 588 4800 Unde
612 4749 669 4797 et
697 4748 822 4812 apte
864 4741 1031 4797 verba
1074 4739 1219 4796 beati
1250 4738 1530 4795 Benedicti
1567 4753 1802 4810 sequun-

198 4844 308 4892 tur
336 4836 565 4893 dicentis
593 4853 607 4890 :

288 4924 367 4983 Ut
404 4943 698 4983 mereamur
731 4943 873 4994 eum,
909 4928 998 4999 qui
1038 4942 1129 4981 nos
1167 4925 1389 4992 vocavit,
1432 4927 1487 4980 in
1523 4941 1678 4996 regno
1707 4940 1805 4980 suo

199 5018 417 5076 videre.
452 5017 531 5074 De
554 5016 855 5073 vocationis
888 5017 1060 5089 gratia
1092 5017 1171 5073 sic
1197 5016 1475 5088 apostolus
1501 5015 1700 5071 Paulus
1736 5017 1806 5071 ad

201 5110 444 5168 Galatas
472 5110 549 5165 ait
583 5126 595 5163 :
631 5108 821 5175 Miror,
844 5110 982 5181 quod
1022 5122 1130 5163 tam
1174 5110 1277 5164 cito
1319 5108 1700 5177 transferimini
1740 5107 1806 5161 ab

200 5218 302 5271 eo,
348 5204 437 5275 qui
469 5218 558 5259 vos
592 5202 791 5257 vocavit
821 5201 877 5257 in
916 5203 1142 5273 gratiam
1170 5199 1367 5255 Christi
1416 5198 1615 5271 (Galat.
1648 5198 1712 5271 1).
1742 5197 1811 5252 Et

202 5293 288 5351 de
334 5308 396 5350 se
428 5294 571 5350 idem
605 5294 683 5348 ait
726 5310 739 5345 :
783 5292 888 5358 Qui
926 5309 1006 5346 me
1034 5292 1320 5363 segregavit
1360 5290 1425 5345 de
1452 5300 1599 5345 utero
1625 5290 1809 5344 matris

199 5403 378 5455 metu,
407 5396 454 5442 et
482 5388 677 5444 vocavit
703 5403 797 5459 per
835 5387 1059 5458 gratiam
1087 5402 1240 5439 suam
1270 5384 1483 5457 (Ibid.).
1516 5386 1585 5441 Et
1609 5386 1810 5442 iterum

199 5480 359 5541 alibi
379 5481 539 5537 dicit:
570 5480 796 5535 Obsecro
827 5479 1000 5550 itaque
1022 5495 1128 5546 vos,
1153 5495 1245 5550 ego
1262 5479 1461 5533 vinctus
1484 5479 1541 5533 in
1563 5477 1808 5546 Domino,

197 5583 277 5633 ut
306 5573 469 5645 digne
503 5570 780 5627 ambuletis
832 5568 1101 5623 vocatione
1143 5585 1249 5641 qua
1292 5569 1460 5622 vocati
1502 5568 1645 5633 estis,
1694 5585 1812 5623 cum

201 5667 374 5726 omni
401 5664 694 5721 humilitate
725 5672 772 5718 et
808 5663 1229 5727 mansuetudine,
1263 5679 1381 5717 cum
1408 5662 1661 5733 patientia
1690 5679 1815 5734 sup-

198 5768 495 5834 portantes
522 5757 740 5811 invicem
776 5756 833 5809 in
860 5754 1135 5819 charitate,
1160 5753 1371 5809 solliciti
1405 5770 1611 5810 servare
1642 5754 1820 5838 unita-

198 5861 330 5910 tem
357 5848 575 5921 spiritus
606 5847 664 5902 in
698 5845 904 5900 vinculo
938 5846 1102 5917 pacis.
1137 5843 1311 5903 Unum
1350 5862 1561 5917 corpus,
1587 5855 1638 5905 et
1678 5862 1816 5905 unus

638 5940 915 6007 Panos.
966 5938 1097 6007 Cll.

1832 4609 1887 4670 D

1895 3351 2142 3421 Domine,
2177 3354 2292 3426 quis
2326 3355 2583 3410 habitabit
2612 3355 2668 3409 in
2703 3354 3041 3411 tabernaculo
3081 3358 3213 3411 tuo?
3248 3369 3339 3412 aut
3370 3362 3487 3429 quis

1897 3446 2182 3517 requiescet
2213 3447 2267 3502 in
2288 3457 2463 3502 monte
2489 3455 2672 3502 sancto
2702 3455 2791 3501 tuo
2842 3444 3015 3519 (Psal.
3043 3451 3196 3522 'slv)?
3231 3449 3490 3518 Quamvis

1898 3539 1989 3595 alii
2022 3540 2273 3596 doctores
2308 3542 2411 3597 hoc
2449 3541 2502 3596 in
2532 3540 2653 3597 loco
2692 3540 3102 3597 tabernaculum
3163 3554 3489 3615 praesentem

1897 3630 2197 3702 intelligant
2231 3630 2771 3700 Ecclesiamdbeatus
2802 3640 2984 3688 tamen
3011 3631 3340 3691 Benedictus
3380 3649 3492 3693 non

1899 3724 2080 3778 minus
2122 3722 2359 3792 repletus
2403 3719 2610 3794 Spiritu
2658 3732 2848 3780 sancto
2893 3723 3288 3781 habitationem
3326 3725 3494 3784 cmic-

1901 3822 2063 3880 stem,
2111 3812 2252 3883 quod
2301 3820 2384 3869 est
2425 3829 2652 3885 regnum
2698 3824 2986 3883 aeternum,
3033 3830 3134 3886 per
3174 3815 3280 3873 hoc
3322 3816 3494 3874 voluit

1902 3904 2205 3976 intelligere
2252 3906 2680 3960 tabernaculum.
2752 3905 2907 3963 Unde
2965 3913 3023 3962 et
3061 3906 3324 3965 Dominus
3381 3910 3487 3964 ait:

1903 3994 2090 4050 Facite
2117 3997 2260 4051 vobis
2290 3998 2486 4052 amicos
2512 3996 2576 4052 de
2600 4014 2901 4054 mammona
2934 4000 3247 4072 iniquitatis,
3272 4012 3349 4067 ut,
3374 4018 3495 4057 cum

1904 4086 2220 4156 defeceritis,
2258 4087 2509 4157 recipiant
2536 4104 2626 4142 vos
2655 4089 2712 4141 in
2737 4097 2935 4142 interna
2966 4088 3309 4143 tabernacula
3336 4088 3490 4163 (Luc.

1904 4182 2041 4254 xvi).
2088 4181 2240 4237 Mons
2276 4189 2455 4237 autem
2486 4181 2601 4251 ipse
2638 4181 2900 4238 Dominus
2938 4190 3128 4239 noster
3150 4181 3309 4239 Jesus
3338 4183 3496 4241 Chri-

1906 4283 2022 4331 stus
2068 4274 2403 4347 intelligitur,
2451 4274 2517 4329 de
2550 4290 2658 4346 quo
2703 4274 2870 4332 Isaias
2920 4277 3041 4332 ait:
3083 4276 3153 4331 In
3202 4279 3497 4335 novissimis

1909 4367 2089 4423 diebus
2120 4367 2219 4422 erit
2255 4376 2585 4440 prteparatus
2612 4384 2764 4423 mons
2796 4368 2983 4424 domus
3006 4368 3224 4424 Domini
3253 4371 3310 4425 in
3342 4372 3498 4427 verti-

1910 4474 2018 4511 cem
2058 4459 2313 4512 montium
2361 4457 2506 4530 (Isa.
2553 4458 2649 4531 ιι).
2702 4460 2760 4515 in
2808 4476 2916 4531 quo
2959 4476 3149 4517 omnes
3199 4462 3498 4521 electorum

1913 4549 2104 4604 anima:
2145 4558 2408 4621 perpetuo
2457 4552 2836 4621 requiescunt;
2888 4553 3030 4609 sicut
3076 4552 3219 4609 idem
3248 4553 3353 4610 illis
3394 4555 3499 4611 Do-

1913 4641 2091 4697 minus
2125 4642 2238 4697 ait:
2268 4641 2454 4697 Tollite
2483 4643 2675 4713 jugum
2716 4659 2887 4697 meum
2913 4660 3070 4714 super
3104 4661 3211 4712 vos,
3243 4654 3292 4700 et
3316 4645 3500 4703 discite

1912 4752 1944 4790 a
1980 4751 2063 4789 me
2097 4736 2221 4806 quia
2258 4736 2399 4788 mitis
2439 4751 2556 4789 sum
2594 4745 2641 4790 et
2674 4735 2884 4790 humilis
2916 4736 3114 4791 corde:
3140 4745 3191 4792 et
3226 4738 3498 4795 invenietis

1910 4827 2141 4897 requiem
2176 4825 2450 4879 animabus
2485 4827 2666 4881 vestris
2701 4826 2915 4897 (Matth.
2939 4827 3040 4900 xx).

1989 4923 2115 4981 Post
2147 4925 2281 4979 hanc
2315 4926 2797 4998 interrogationem,
2829 4927 3041 4999 fratres,
3073 4930 3359 4986 audiamus
3389 4929 3501 4987 Do-

1912 5019 2112 5073 minum
2163 5018 2591 5089 respondentem,
2659 5027 2709 5073 et
2765 5022 3117 5079 ostendentem
3167 5021 3314 5078 nobis
3361 5023 3502 5078 viam

1914 5112 2078 5183 ipsius
2116 5111 2464 5178 tabernaculi,
2502 5122 2551 5167 et
2590 5112 2887 5173 dicentem:
2912 5114 3016 5183 Qui
3054 5116 3348 5188 ingreditur
3389 5115 3504 5172 sine

1917 5201 2148 5268 macula,
2182 5212 2229 5257 et
2262 5212 2511 5274 aperatur
2530 5204 2790 5273 iustitiam
2814 5220 2833 5259 :
2853 5208 2944 5278 qui
2983 5207 3215 5280 loquitur
3232 5207 3503 5263 veritatem

1917 5295 1973 5347 in
2007 5294 2163 5349 corde
2192 5311 2308 5361 suo,
2345 5295 2434 5367 qui
2461 5313 2563 5351 non
2597 5298 2698 5368 egit
2729 5297 2908 5352 dolum
2946 5298 3003 5351 in
3032 5297 3211 5369 lingua
3238 5314 3375 5366 sua;
3411 5299 3505 5373 qui

1918 5404 2024 5442 non
2058 5388 2178 5458 fecit
2200 5388 2437 5459 proximo
2463 5398 2559 5443 suo
2588 5388 2807 5456 malum,
2841 5398 2889 5443 et
2920 5388 3254 5459 approbrium
3286 5405 3393 5445 non
3412 5408 3505 5446 ac-

1919 5479 2049 5549 cepit
2085 5477 2333 5533 adversus
2372 5479 2674 5551 proximum
2712 5496 2867 5534 suum
2910 5477 3084 5549 (Psal.
3111 5478 3355 5553 cxxxvs).
3399 5480 3504 5551 Qui

1915 5567 2204 5640 malignum
2240 5568 2509 5624 diabolum
2542 5569 2723 5641 aliqua
2752 5567 3059 5623 suadentem
3086 5568 3209 5635 sibi,
3232 5585 3351 5625 cum
3386 5571 3504 5643 ipsa

1917 5660 2160 5715 suasione
2192 5677 2291 5716 sua
2326 5676 2360 5714 α
2395 5660 2752 5731 conspectibus
2788 5657 2961 5714 cordis
2994 5660 3077 5713 sui
3115 5675 3384 5731 respuens,
3408 5660 3527 5717 ιιι-⁷

1916 5754 2070 5809 duxit
2109 5754 2178 5809 ad
2219 5754 2462 5820 nihilum,
2498 5762 2545 5807 et
2576 5750 2820 5825 parvulos
2863 5754 3123 5826 cogitatus
3160 5754 3276 5825 ejus
3315 5754 3506 5821 tenuit,-

1921 5853 1970 5902 et
2002 5844 2179 5903 allisit,
2207 5845 2277 5901 ad
2314 5841 2599 5903 Christum.
2665 5839 2768 5910 Qui
2810 5843 3047 5900 timentes
3084 5841 3393 5913 Dominum,
3437 5844 3503 5905 ds

2987 5935 3068 6000 23
