4020 6462
514 432 616 488 745

1826 408 2102 472 SMARAG
2112 406 2177 472 Dl
2214 410 2501 470 ABBATIS

3697 406 3807 464 ’116

506 545 640 599 bona
669 539 998 593 obseruantia
1025 549 1125 590 sua
1153 549 1257 589 non
1276 500 1340 588 se
1366 528 1593 585 reddunt
1620 524 1819 592 elatos;
1858 542 1946 580 sea
1972 525 2086 595 ipsa
2116 535 2167 598 Α
2191 534 2309 596 pter
2342 523 2749 595 proximitatem
2777 521 2923 577 enim
2955 518 3251 593 sanguinis,
3281 517 3465 575 omnis
3492 511 3670 577 homo
3693 521 3806 579 ho-

506 634 563 689 in
590 649 645 687 se
671 631 827 695 bona,
856 644 962 682 non
992 644 1024 681 a
1052 642 1107 681 se
1130 642 1306 698 posse,
1332 622 1424 677 sed
1452 639 1485 676 a
1507 620 1733 674 Domino
1758 618 1877 689 fieri
1912 616 2094 671 existi-

506 736 732 791 mantes,
760 731 1057 794 operantem
1096 721 1152 774 in
1186 737 1239 773 se
1265 717 1551 772 Dominum
1572 714 1934 786 magnificam,
1960 709 2094 766 illud

508 835 627 874 cum
651 812 913 886 Propheta
950 813 1175 867 dicentes
1203 828 1220 865 :
1247 808 1373 863 Non
1407 808 1576 873 nobis,
1602 805 1843 869 Domine,
1873 821 1977 858 non
2004 820 2098 857 no-

509 909 608 973 bis,
637 906 725 961 sed
752 903 950 959 nomini
983 911 1073 956 tuo
1100 900 1170 955 da
1198 899 1422 971 gloriam
1452 896 1567 970 (Ps.
1591 893 1771 966 exui).
1806 894 2098 949 Videamus

510 1015 607 1072 per
656 995 887 1067 singula,
944 1001 1000 1048 et
1050 993 1114 1047 de
1147 989 1419 1054 omnibus,
1468 996 1528 1042 ut
1554 987 1813 1041 Dominus
1867 985 2096 1051 dederit,

514 1090 868 1159 disputemus.
902 1084 1006 1151 Qui
1033 1082 1327 1155 ingreditur
1361 1081 1471 1135 sine
1508 1076 1739 1134 macula.
1792 1074 1944 1131 Hanc
1976 1091 2100 1131 sen-

510 1183 736 1237 tentiam
784 1181 974 1234 beatus
1012 1175 1346 1246 Augustinus
1391 1172 1675 1241 Propheta:
1723 1170 2101 1240 interrogatio-

514 1289 673 1340 nem,
720 1270 912 1325 beatus
961 1276 1138 1321 autem
1177 1265 1499 1321 Benedictus
1546 1263 1762 1318 Domini
1800 1277 1920 1317 esse
1963 1262 2102 1316 dixit

512 1366 956 1437 responsionem;
1021 1361 1113 1416 sed
1159 1361 1283 1430 quia‘
1332 1357 1626 1412 secundum
1671 1354 1921 1409 Ezechiel
1970 1360 2101 1409 rota:

513 1457 767 1513 animalia
808 1464 1125 1523 sequuntur,
1165 1459 1393 1520 uterque
1434 1449 1591 1513 bene,
1632 1454 1857 1515 uterque
1910 1444 2103 1499 rectis-

514 1553 651 1607 sime
680 1548 821 1603 hanc
849 1546 1169 1601 sententiam
1206 1541 1491 1597 intellexit.
1556 1536 1923 1609 Interrogatus
1956 1534 2102 1590 enim

514 1641 776 1696 Dominus
805 1637 926 1708 quis
957 1636 1228 1690 habitaret
1255 1634 1309 1688 in
1340 1629 1693 1688 tabernaculo
1722 1645 1841 1695 suo,
1871 1642 2101 1697 respon-

515 1734 634 1789 dit:
671 1730 774 1797 Qui
806 1727 1100 1799 ingreditur
1131 1727 1244 1779 sine
1269 1721 1514 1788 macula;
1546 1736 1609 1776 ac
1640 1720 1686 1775 si
1718 1719 1923 1774 diceret
1949 1734 1962 1769 :
1999 1715 2103 1783 Qui

512 1825 644 1881 vivit
674 1824 790 1878 sine
819 1818 997 1889 culpa,
1029 1826 1084 1872 et
1113 1812 1349 1872 custodit
1375 1827 1433 1868 se
1460 1828 1490 1866 a
1518 1811 1724 1882 peccati
1757 1808 2098 1879 contagione,

2196 619 2330 674 mini
2356 618 2636 688 proximus
2672 623 2921 670 vocatur.
2957 611 3192 683 Sanguis
3220 613 3369 668 enim
3412 613 3708 670 hominum
3738 617 3810 672 ab

2198 710 2427 765 aliorum
2456 715 2772 780 segregatur
2800 706 3063 776 Sanguine
3091 705 3430 759 animalium.
3469 703 3580 772 Qui
3601 723 3810 777 oppro-

2198 801 2369 855 brium
2411 817 2515 855 non
2558 800 2761 869 accepit
2800 798 3052 853 adversus
3088 797 3386 868 proximum
3427 814 3611 853 suum.
3680 797 3813 854 Non

2199 894 2418 965 accepit,
2444 892 2601 958 dixit,
2637 891 2688 945 id
2718 899 2822 957 est,
2854 900 3072 962 gratum
3112 905 3227 946 non
3250 888 3464 957 habuit,
3491 905 3600 946 nec
3628 890 3814 947 liben-

2204 994 2287 1042 ter
2316 985 2540 1039 audivit.
2590 982 2827 1054 Accepta
2876 984 3022 1038 enim
3058 982 3149 1037 illa
3195 982 3449 1049 dicimus,
3484 984 3612 1053 quae
3647 984 3817 1043 nobis

2201 1086 2356 1151 grata
2388 1092 2506 1132 esse
2535 1085 2922 1132 monstramus.
2985 1076 3078 1131 llle
3113 1077 3260 1132 enim
3297 1079 3665 1149 opprobrium
3715 1082 3815 1135 ad-

2200 1186 2392 1225 versus
2440 1170 2747 1239 proximum
2800 1184 2961 1224 suum
3016 1167 3244 1239 accipit,
3301 1171 3395 1240 qui
3455 1172 3814 1229 detrahentis

2201 1264 2365 1318 verba
2400 1261 2586 1317 libenti
2633 1261 2815 1315 animo
2843 1262 3060 1332 accipit.
3113 1261 3181 1316 Et
3210 1261 3315 1316 hoc
3362 1261 3470 1318 illis
3498 1263 3649 1319 solet
3678 1281 3815 1323 con-

2204 1356 2435 1425 tingere,
2467 1355 2559 1424 qui
2589 1354 2894 1424 proximum
2928 1355 3068 1409 sicut
3100 1355 3431 1427 semetipsos
3451 1357 3659 1414 nolunt
3688 1359 3815 1416 dili-

2204 1464 2351 1519 gere.
2400 1448 2476 1502 De
2513 1449 2614 1503 hoc
2645 1448 2790 1502 enim
2838 1446 3023 1503 fomite
3052 1450 3320 1518 procedit,
3362 1459 3425 1504 ut
3462 1451 3816 1509 detrahentis

2203 1542 2369 1595 verba
2414 1539 2649 1596 libenter
2691 1540 2904 1611 possint
2953 1540 3149 1595 audiri.
3200 1541 3297 1598 Ille
3340 1558 3473 1599 vero
3517 1546 3617 1616 qui
3666 1549 3817 1603 sicut

2204 1626 2555 1701 semetipsum
2603 1633 2683 1687 sic
2710 1632 2890 1703 diligit
2935 1643 2991 1689 et
3017 1633 3351 1704 proximum,
3383 1645 3660 1705 quantum
3713 1655 3817 1697 nec

2206 1725 2272 1780 de
2301 1739 2379 1790 se,
2416 1733 2626 1779 tantum
2676 1739 2778 1780 nec
2819 1724 2885 1779 de
2918 1726 3169 1796 proximo
3212 1726 3329 1781 vult
3373 1728 3559 1784 audiri
3610 1747 3817 1801 oppro-

2205 1815 2404 1870 brium.
2453 1814 2608 1883 Quod
2657 1816 2702 1871 si
2734 1816 2857 1886 quis
2885 1817 3050 1873 corde
3082 1818 3333 1890 cogitans
3359 1820 3552 1877 dicat:
3589 1821 3701 1891 Qui
3730 1833 3819 1880 est

514 1918 630 1988 ipse
658 1915 711 1968 in
740 1928 917 1967 meum
949 1902 1173 1964 intrabit
1201 1903 1630 1961 tabernaculum.
1660 1899 1877 1955 Macula
1908 1898 2105 1954 intelli-
2134 1894 2185 1958 B
2212 1914 2373 1968 homo
2402 1914 2495 1984 qui
2536 1914 2614 1968 sic
2659 1896 2801 1968 inter
2839 1912 3090 1968 homines
3131 1913 3250 1969 sine
3288 1914 3499 1969 macula
3540 1916 3721 1984 viva,
3754 1928 3818 1974 ιι

514 2009 660 2080 gitur
686 2015 988 2075 peccatum.
1043 2000 1182 2054 Nam
1208 2006 1262 2053 et
1303 1998 1355 2051 in
1385 1994 1601 2050 Domini
1635 1994 1955 2049 holocausto
1983 1991 2101 2045 ani-

513 2098 623 2153 mal
672 2111 778 2151 non
825 2092 1175 2157 offerebatur,
1213 2089 1317 2144 nisi
1370 2085 1780 2142 immaculatum
1827 2101 1842 2138 :
1886 2082 2101 2138 Domini

513 2187 658 2244 enim
710 2181 1035 2241 sacrificium
1091 2178 1165 2234 nil
1208 2178 1404 2249 recipit
1447 2175 1799 2232 maculatum.
1857 2172 2007 2230 Unde
2049 2181 2105 2229 et

514 2294 748 2351 sponsus
784 2291 1014 2347 sponsae,
1042 2270 1275 2328 Pulchra
1316 2285 1398 2337 es,
1428 2269 1624 2340 inquit,
1655 2267 1830 2324 amica
1868 2282 2011 2335 mea,
2049 2276 2106 2322 et

514 2360 729 2429 macula
766 2370 821 2424 in
858 2376 911 2423 te
952 2383 1059 2423 non
1096 2372 1181 2420 est
1210 2361 1387 2437 (Cant.
1416 2361 1517 2433 IV).
1557 2360 1627 2416 Et
1667 2368 1913 2433 operatur
1941 2359 2106 2431 justi-

514 2466 667 2520 tiam.
718 2458 873 2518 Dicta
920 2466 1103 2514 autem
1135 2456 1367 2529 justitia,
1421 2455 1547 2525 quia
1585 2453 1728 2524 juris
1771 2461 1963 2510 status.
2007 2451 2105 2507 Est

515 2556 659 2613 enim
683 2553 895 2625 justitia
919 2551 1149 2622 aequitas
1168 2547 1255 2604 vel
1288 2546 1576 2604 rectitude.
1608 2542 1716 2601 Sed
1741 2546 1867 2615 quia
1891 2543 2106 2614 justitia

515 2667 585 2707 ex
627 2647 882 2719 operibus
927 2646 1144 2702 constat
1179 2649 1235 2697 et
1278 2638 1406 2709 ﬁde,
1442 2640 1534 2697 ille
1571 2639 1801 2712 pleniter
1835 2638 2104 2709 justitiam

517 2738 776 2810 Operatur
810 2736 904 2806 qui
938 2740 1084 2789 recte
1118 2732 1367 2798 credens,
1399 2739 1573 2787 totum
1615 2746 1675 2786 se
1707 2731 1764 2786 in
1789 2730 1948 2786 bonis
1977 2744 2106 2801 ope-

518 2831 672 2887 ribus
701 2835 940 2885 exercet.
971 2824 1280 2898 lngreditur
1304 2824 1415 2879 sine
1443 2823 1675 2889 macula,
1702 2822 1797 2894 qui
1822 2821 1956 2877 vivit
1988 2822 2108 2877 sine

520 2918 698 2992 culpa.
734 2918 997 2992 Operatur
1020 2915 1325 2988 justitiam,
1364 2915 1459 2986 qui
1486 2914 1705 2970 sedulus
1746 2927 1864 2983 qua:
1898 2928 2107 2986 prteva-

523 3016 597 3070 let
654 3015 765 3086 agit
801 3012 961 3068 bona.
1006 3002 1313 3079 Ingreditur
1355 3006 1467 3062 sine
1502 3005 1733 3075 macula,
1769 3008 1862 3078 qui
1899 3007 2109 3080 plangit

522 3104 829 3169 commissa,
864 3108 919 3157 et
941 3100 1244 3172 plangenda
1266 3098 1495 3155 ulterius
1522 3114 1631 3154 non
1663 3098 1955 3156 committit
1980 3116 2108 3173 pec-

522 3204 662 3252 cata.
703 3194 967 3266 Operatur
986 3192 1276 3263 justitiam,
1311 3191 1403 3260 qui
1435 3189 1723 3261 diligenter
1766 3191 1826 3247 in
1855 3193 2108 3249 omnibus

2203 2020 2305 2061 nec
2332 2005 2581 2076 proximo
2612 2004 2787 2061 faciat
2822 2004 3055 2070 malum,
3092 2020 3197 2060 nec
3224 2004 3383 2061 labiis
3416 2006 3686 2078 loquatur
3716 2010 3816 2067 do-

2203 2095 2315 2151 lum
2337 2112 2461 2152 cum
2493 2096 2754 2167 scriptum
2788 2096 2860 2151 sit
2887 2094 3045 2150 :Non
3067 2105 3143 2151 est
3165 2097 3320 2151 homo
3341 2100 3433 2169 qui
3457 2100 3611 2166 uiuit,
3629 2112 3681 2155 et
3706 2119 3813 2158 non

2202 2194 2375 2258 peccet
2398 2182 2519 2258 (ΙΙΙ
2545 2184 2676 2257 Reg.
2705 2186 2863 2259 vui);
2893 2188 3083 2243 audiat
3112 2189 3219 2243 sibi
3241 2189 3481 2245 Paulum
3498 2193 3814 2261 apostolum

2204 2278 2626 2347 respondentem
2673 2295 2687 2331 :
2735 2275 2805 2333 Et
2844 2277 2957 2334 haec
2994 2280 3205 2351 quidem
3245 2282 3422 2353 fuistis
3445 2323 3462 2346 ,
3501 2283 3603 2337 sed
3642 2285 3815 2340 abluti

2204 2365 2362 2430 estis;
2399 2364 2491 2421 sed
2524 2366 2846 2436 sanctiﬁcati
2881 2369 3028 2436 estis,
3056 2378 3167 2425 etc.
3190 2362 3247 2443 (Ι
3265 2371 3515 2445 σοικνι).
3548 2372 3665 2440 Qui
3694 2394 3811 2430 Ina-

2206 2458 2407 2530 lignum
2425 2457 2716 2515 diabolum.
2764 2460 3024 2518 Diabolus
3046 2462 3311 2520 Hebraice
3334 2464 3601 2527 deorsum
3639 2467 3812 2525 llum

2207 2552 2618 2624 interpretatur,
2669 2568 2735 2609 eo
2782 2556 2935 2626 quod
2974 2556 3244 2628 superbia
3286 2558 3535 2628 pondere
3582 2577 3813 2633 pressus

2208 2643 2465 2699 deorsum
2515 2658 2782 2700 corruens
2829 2646 3049 2702 cecidit.
3095 2645 3283 2703 Graece
3326 2656 3517 2705 unum
3555 2651 3811 2711 diabolus

2208 2736 2528 2792 criminator
2555 2736 2777 2804 dicitur,
2805 2740 2937 2811 quia
2958 2739 3104 2797 sicut
3138 2742 3424 2800 animine
3454 2745 3812 2814 eliminata,

2207 2835 2264 2882 et
2287 2843 2319 2881 a
2345 2829 2597 2898 superbia
2627 2832 2912 2903 superbus,
2940 2832 3001 2888 et
3022 2834 3094 2889 ab
3123 2833 3406 2904 iniquitate
3430 2835 3698 2906 iniquis;
3737 2838 3813 2894 ita

2207 2932 2239 2973 a
2272 2918 2611 2990 malignitate
2649 2920 2919 2994 malignus
2957 2932 3212 2979 vocatur.
3248 2924 3445 2995 Aliqua
3491 2926 3815 2984 nam

2206 3009 2328 3078 sibi,
2370 3011 2425 3067 id
2467 3020 2573 3079 est,
2600 3021 2822 3084 peccata
2850 3024 2907 3071 et
2934 3016 3089 3072 vitia.
3120 3016 3258 3073 Cum
3290 3018 3409 3089 ipsa
3442 3021 3729 3087 suasione,
3757 3020 3813 3077 id

2209 3110 2327 3177 est,
2381 3103 2788 3172 adhortatione,
2838 3107 2925 3162 vel
2976 3107 3314 3164 incitatione.
3354 3110 3400 3163 Α
3440 3112 3815 3182 compa-tibus

2211 3192 2386 3248 cordis
2427 3195 2511 3248 sui
2551 3212 2798 3267 respuens
2837 3196 3056 3253 deduxit
3096 3200 3167 3253 ad
3210 3196 3453 3254 nihilum.
3520 3199 3813 3257 Diabolum

520 3258 1010 3346 Domini-custodit
1036 3258 1347 3357 praecepta:
1375 3282 1482 3351 Qui
1503 3258 1736 3356 loquitur
1759 3286 2027 3341 veritatem
2050 3286 2108 3341 in
2134 3258 2187 3325 α
2211 3285 2356 3339 enim
2395 3285 2576 3357 justus
2624 3258 2855 3357 respuit,
2896 3291 3113 3359 quando
3154 3307 3255 3346 nec
3294 3291 3392 3355 illi,
3419 3307 3525 3348 nec
3561 3295 3813 3349 suasioni

521 3381 677 3437 corlie
699 3397 815 3435 suo.
857 3376 1031 3435 Homo
1060 3377 1207 3433 enim
1245 3376 1427 3448 lingua
1461 3374 1725 3448 loquitur,
1769 3386 1826 3433 et
1857 3393 1976 3446 ore,
2001 3394 2109 3434 non

522 3473 715 3538 corde;
770 3468 868 3527 sed
910 3470 1039 3540 quia
1083 3480 1146 3524 os
1184 3483 1293 3523 non
1344 3467 1604 3537 loquitur,
1646 3468 1754 3525 nisi
1800 3470 1946 3540 quod
1981 3470 2031 3526 ei
2077 3485 2111 3524 a

523 3563 688 3620 corde
714 3560 1079 3627 ministratur,
1111 3568 1263 3615 recte
1288 3559 1377 3614 hic
1406 3559 1625 3625 dicitur,
1656 3560 1747 3631 qui
1772 3558 2006 3632 loquitur
2028 3577 2114 3615 ve-

526 3657 733 3710 ritatem
762 3655 819 3707 in‘
853 3652 1008 3706 corde
1034 3664 1153 3707 suo.
1180 3648 1260 3706 Ac
1287 3644 1333 3706 si
1360 3650 1569 3707 diceret
1593 3666 1609 3705 :
1639 3650 1759 3707 Non
1784 3650 1980 3708 sufﬁcit
2010 3652 2114 3708 lin-

528 3760 648 3820 guae
677 3751 734 3799 ut
762 3750 971 3799 tantum
999 3743 1285 3797 veritatem
1333 3736 1588 3813 loquatur
1624 3757 1740 3811 ore,
1788 3742 1893 3797 nisi
1930 3758 2051 3799 eam
2080 3761 2115 3801 a

529 3838 744 3894 sincero
779 3836 1074 3906 susceperit
1123 3831 1309 3890 corde.
1366 3832 1493 3890 Sive
1540 3835 1687 3891 enim
1730 3834 1956 3901 bonum,
1998 3835 2114 3893 sive

528 3928 733 3986 malum
761 3928 1012 3999 loquatur
1033 3911 1245 4001 lingua,
1277 3926 1400 3983 fons
1437 3927 1581 3984 illius
1609 3930 1712 3984 hoc
1750 3928 1928 3999 ipsum
1962 3914 2119 3986 cordi

530 4020 827 4087 ministrat,
862 4020 1003 4075 sicut
1039 4018 1305 4089 Scriptum
1330 4024 1413 4074 est
1438 4035 1452 4072 :
1477 4014 1563 4073 Ea:
1610 4016 1936 4074 abundantia
1975 4021 2115 4075 enim

530 4115 704 4172 cordis
730 4132 787 4170 os
813 4112 1045 4187 loquitur
1076 4112 1225 4188 (Luc.
1250 4109 1349 4186 γι).
1385 4111 1525 4170 Sunt
1556 4116 1701 4171 enim
1731 4114 1826 4170 alii
1853 4117 1969 4186 qui,
1999 4133 2117 4172 ma-

528 4208 675 4282 ligno
700 4209 892 4280 spiritu
928 4206 1139 4279 repleti,
1169 4204 1317 4263 aliud
1351 4204 1604 4264 simulate
1639 4207 1937 4279 loquuntur
1994 4224 2113 4275 ore,

532 4304 679 4358 aliud
719 4303 1049 4358 meditantur
1081 4303 1136 4357 in
1163 4303 1345 4359 corde.
1381 4300 1459 4359 De
1485 4303 1682 4373 quibus
1718 4301 1976 4361 Salomon
2006 4304 2112 4359 ait:

532 4390 827 4448 Simulator
865 4409 953 4446 ore
993 4392 1185 4463 decipit
1214 4394 1442 4447 amicum
1464 4411 1621 4448 suum
1645 4393 1825 4467 (Prov.
1850 4397 1948 4469 ιι).
1992 4397 2118 4452 ideo

532 4480 794 4536 Dominus
844 4482 961 4535 ait:
997 4480 1099 4547 Qui
1130 4482 1361 4553 loquitur
1400 4484 1667 4538 veritatem
1707 4486 1765 4539 in
1803 4487 1959 4541 corde
1998 4505 2115 4554 suo,

535 4573 625 4628 hic
657 4572 917 4627 habitabit
954 4573 1008 4626 in
1042 4572 1390 4627 tabernaculo
1420 4588 1564 4629 meo.
1605 4573 1708 4640 Qui
1741 4592 1847 4631 non
1882 4578 1985 4648 egit
2022 4576 2119 4633 do-

534 4662 644 4717 lum
689 4663 745 4716 in
786 4662 966 4733 lingua
1002 4679 1122 4718 sua.
1168 4661 1314 4718 Idem
1357 4664 1533 4734 ipsum
1564 4673 1649 4721 est
1678 4667 1822 4721 enim
1853 4667 1906 4722 in
1936 4668 2119 4742 lingua

536 4751 721 4808 dolum
748 4764 856 4805 non
883 4766 1065 4822 agere,
1089 4750 1230 4821 quod
1258 4758 1341 4808 est
1368 4753 1422 4807 in
1445 4754 1609 4811 corde
1632 4754 1779 4827 loqui
1806 4758 2115 4815 veritatem.

534 4843 835 4914 Aliquoties
861 4842 1008 4898 enim
1038 4843 1194 4899 dolus
1220 4845 1498 4914 profertur
1536 4846 1591 4901 in
1628 4846 1831 4918 lingua,
1859 4850 2003 4905 sicut
2030 4851 2121 4906 hic

535 4936 736 4993 dicitur
761 4951 863 5008 per
885 4933 1259 5004 Psalmistam;
1290 4937 1576 5008 aliquoties
1603 4940 1761 4996 labiis
1782 4943 1986 5012 pariter
2006 4958 2121 4998 me-

536 5030 741 5085 ditatur
772 5038 826 5084 et
864 5030 1047 5096 corde,
1084 5029 1226 5085 sicut
1262 5030 1431 5087 habes
1473 5032 1527 5087 in
1582 5030 1907 5091 Salomone:
1939 5034 2119 5092 Labiis

535 5124 672 5190 suis,
700 5121 895 5193 inquit,
928 5119 1243 5192 intelligitur
1278 5121 1545 5190 inimicus,
1587 5138 1707 5180 cum
1736 5125 1792 5180 in
1822 5126 1976 5180 corde
2011 5136 2121 5181 tra-

536 5215 757 5271 ctaverit
782 5212 935 5269 dolos
964 5209 1147 5286 (Prov.
1174 5213 1346 5286 xm).
1379 5214 1437 5268 lu
1467 5215 1650 5288 lingua
1681 5225 1886 5273 tantum
1913 5216 2121 5289 profer-

535 5317 624 5363 tur
645 5307 800 5363 dolus
823 5304 892 5363 ab
915 5304 1151 5374 homine,
1177 5312 1237 5361 ut
1262 5307 1469 5362 amicus
1487 5309 1734 5365 videatur
1761 5310 1816 5366 in
1846 5326 2119 5379 sermone,

538 5400 713 5458 hostis
740 5401 797 5457 in
827 5400 1015 5461 corde.
1063 5400 1123 5456 In
1149 5394 1308 5456 labiis
1334 5401 1540 5472 pariter
1569 5403 1861 5458 meditatur
1886 5403 2042 5461 dolus
2066 5415 2122 5461 et

539 5494 723 5560 corde,
748 5500 822 5551 ut
855 5490 1134 5550 inimicum
1162 5508 1223 5550 se
1252 5504 1372 5549 esse
1399 5494 1562 5549 corde
1599 5493 1759 5549 simul
1789 5493 2123 5551 demonstret

539 5594 597 5642 et
620 5600 735 5642 ore.
770 5583 876 5653 Qui
912 5600 1017 5641 non
1038 5584 1159 5657 fecit
1187 5586 1426 5658 proximo
1457 5600 1555 5639 suo
1583 5583 1800 5639 malum.
1834 5584 2121 5643 Proximus

534 5680 642 5736 hoc
689 5678 746 5734 in
794 5678 913 5735 loco
962 5677 1339 5750 intelligendus
1384 5686 1468 5733 est
1513 5679 1690 5733 omnis
1733 5680 1915 5734 homo.
1971 5680 2125 5737 Unde

542 5774 800 5842 scriptum
830 5780 915 5827 est
945 5788 960 5823 :
985 5770 1111 5826 Non
1154 5768 1476 5827 adulterabis
1520 5789 1637 5826 cum
1688 5788 1852 5827 uxore
1896 5774 2126 5846 proximi

546 5868 622 5919 tui
646 5864 833 5935 (Iuvit.
859 5861 1041 5937 xvni),
1088 5863 1144 5922 id
1170 5872 1275 5932 est,
1307 5879 1433 5923 cum
1467 5867 1669 5926 nullius
1694 5868 1953 5928 hominis.
1987 5869 2127 5929 Pro-

2211 3376 2330 3447 ejus
2383 3378 2674 3433 consentit.
2729 3379 2813 3435 Ad
2856 3381 3089 3437 nihilum
3140 3397 3264 3438 eum
3304 3383 3545 3452 deducit,
3585 3386 3812 3455 quando

2211 3486 2314 3527 nec
2348 3471 2542 3541 recipit
2582 3473 2957 3544 suggestiones
2998 3475 3137 3546 ejus,
3166 3490 3268 3530 nec
3297 3478 3487 3531 nutrit.
3519 3477 3815 3535 Anuihila-

2214 3566 2292 3621 tio
2329 3579 2460 3637 ergo
2488 3564 2687 3621 diaboli
2717 3565 2979 3635 perfectio
3030 3576 3123 3623 est
3146 3569 3414 3624 monachi.
3479 3569 3643 3627 Tunc
3662 3574 3813 3628 enim

2214 3657 2271 3714 in
2295 3658 2587 3730 semetipso
2624 3657 2782 3715 fortis
2811 3675 2932 3716 esse
2961 3660 3209 3717 diabolus
3233 3662 3563 3729 aestimatur,
3586 3665 3816 3736 quando

2214 3749 2283 3805 ab
2314 3748 2405 3806 illo
2443 3751 2612 3806 miser
2643 3753 2943 3809 monachus
2975 3753 3229 3810 vincitur.
3280 3753 3431 3810 Tunc
3466 3770 3601 3811 vero
3649 3759 3812 3814 anni-

2215 3842 2442 3909 hilatur,
2470 3840 2686 3913 quando
2710 3860 2743 3900 a
2769 3844 3009 3915 perfecto
3036 3848 3306 3902 monacho
3336 3856 3399 3903 ut
3421 3847 3661 3905 inermis
3693 3851 3812 3905 vin-

2217 3932 2359 3990 citur
2386 3940 2442 3988 et
2470 3936 2762 4004 respuitur.
2802 3936 2874 3992 Et
2903 3937 3153 4009 parvulos
3176 3941 3437 4011 cogitatus
3465 3941 3588 4012 ejus
3617 3945 3817 4011 tenuit,

2216 4036 2264 4080 et
2286 4024 2453 4081 allisit
2483 4027 2552 4081 ad
2573 4026 2858 4084 Christum.
2896 4027 3116 4085 Parvuli
3145 4032 3413 4099 cogitatus
3440 4030 3586 4101 ejus,
3613 4034 3681 4090 id
3706 4045 3815 4102 est,

2219 4119 2462 4175 diaboli:
2494 4119 2637 4174 mala
2682 4129 2810 4175 sunt
2853 4119 2972 4190 ejus
3016 4123 3173 4178 initia
3223 4125 3817 4198 suggestionum,qu3

2216 4208 2358 4266 bene
2386 4219 2514 4265 sunt
2539 4211 2787 4276 tenenda,
2821 4227 2889 4267 ne
2916 4213 3057 4296 male
3085 4222 3357 4282 crescant,
3386 4225 3447 4272 et
3473 4217 3546 4272 ad
3572 4228 3817 4290 petram,

2219 4300 2275 4356 id
2311 4308 2397 4355 est
2435 4300 2507 4355 ad
2531 4299 2833 4369 Christum,
2886 4312 3015 4359 sunt
3043 4304 3316 4375 elidenda,
3344 4314 3409 4361 ut
3452 4319 3719 4378 pereant,
3750 4324 3817 4365 ne

2219 4390 2362 4450 forte
2399 4395 2565 4449 robur
2601 4395 2937 4453 fortitudinis
2976 4398 3199 4467 faciant,
3239 4410 3297 4456 et
3331 4412 3529 4458 contra
3574 4421 3685 4461 nos
3724 4422 3819 4463 no-

2221 4490 2341 4545 civa
2387 4488 2526 4545 bella
2572 4492 2936 4547 committant.
2985 4494 3090 4561 Qui
3132 4495 3370 4551 timentes
3412 4496 3715 4555 Domina.
3756 4499 3819 4554 de

2223 4581 2358 4636 bona
2400 4574 2728 4639 observantia
2771 4602 2875 4639 non
2915 4603 2970 4642 se
3002 4588 3229 4643 reddunt
3267 4588 3457 4658 elatos,
3487 4591 3547 4647 id
3572 4604 3687 4661 est,
3716 4610 3821 4650 non

2226 4688 2286 4737 se
2316 4682 2523 4744 ponunt
2563 4675 2679 4731 sive
2714 4676 3031 4735 existimant
3062 4680 3260 4749 elatos,
3295 4683 3423 4753 quia
3459 4686 3689 4743 viribus
3710 4688 3821 4743 suis

2225 4762 2432 4833 aliquid
2466 4764 2594 4818 boni
2621 4780 2783 4836 agere
2809 4768 3037 4837 possint,
3065 4774 3371 4842 praesertim
3401 4790 3531 4831 cum
3557 4777 3823 4834 Dominus

2227 4854 2484 4924 apostolis
2510 4855 2747 4912 dixerit:
2774 4857 2900 4919 Sine
2928 4878 3008 4916 me
3032 4862 3164 4917 nihil
3188 4868 3404 4935 potestis
3426 4867 3614 4938 facere
3636 4868 3815 4939 (loco.

2225 4945 2338 5019 xv).
2370 4946 2509 5003 Nam
2538 4950 2676 5007 velle
2715 4951 2918 5009 bonum
2967 4962 3023 5010 et
3066 4971 3225 5025 posse
3272 4974 3305 5012 a
3332 4958 3577 5016 Domino
3625 4964 3823 5034 accipit

2227 5037 2411 5096 homo.
2459 5041 2648 5099 Elatus
2696 5045 2844 5100 enim
2890 5046 3092 5102 dicitur
3128 5063 3230 5119 pro
3271 5065 3341 5107 eo
3374 5053 3526 5123 quod
3576 5056 3822 5126 seipse:-

2228 5149 2394 5205 super
2442 5151 2753 5192 mensuram
2807 5153 2963 5194 suam
3012 5139 3209 5210 elevet,
3254 5142 3383 5198 dum
3431 5160 3677 5212 magnus
3722 5145 3823 5201 sibi

2229 5225 2442 5282 videtur
2480 5228 2547 5283 de
2581 5228 2667 5284 his
2705 5244 2826 5298 qua:
2870 5231 2983 5301 agit
3016 5234 3296 5302 operibus.
3361 5233 3473 5290 Sed
3517 5237 3639 5307 ipsa
3680 5237 3741 5291 in
3772 5252 3824 5291 se

2230 5314 2366 5371 bona
2396 5334 2501 5371 non
2528 5335 2561 5370 a
2588 5335 2643 5373 se
2667 5335 2838 5389 posse,
2858 5320 2950 5374 sed
2983 5338 3017 5375 a
3038 5321 3265 5378 Domino
3285 5323 3405 5394 ﬁeri
3431 5326 3823 5381 existimantes.

2232 5405 2463 5479 Superbi
2496 5411 2722 5481 cupiunt
2757 5411 2813 5467 in
2847 5429 2908 5469 se
2931 5416 3077 5486 quod
3117 5432 3225 5473 non
3259 5416 3472 5474 faciunt
3504 5420 3825 5490 praedicari.

2229 5499 2474 5558 Humiles
2521 5501 2797 5577 refugiunt
2838 5508 3100 5580 quidquid
3141 5509 3272 5566 boni
3302 5521 3609 5582 operantur
3656 5531 3831 5587 agno-

2232 5594 2331 5649 sci.
2370 5593 2448 5649 llli
2481 5596 2610 5651 vitia
2650 5614 2748 5653 sua
2785 5615 2817 5654 a
2844 5616 2903 5657 se
2932 5602 3076 5659 facta
3110 5618 3232 5659 esse
3270 5614 3555 5671 recusant,
3590 5616 3648 5662 et
3678 5608 3830 5663 bona

2233 5688 2348 5743 suis
2386 5688 2596 5746 viribus
2638 5690 2779 5747 facta
2820 5696 3051 5766 turpiter
3088 5696 3317 5766 jactant.
3372 5698 3639 5765 llumiles,
3693 5702 3831 5771 quia

2232 5790 2454 5851 peccata
2493 5785 2867 5842 commiserint
2910 5791 3216 5847 voluntarie
3260 5792 3572 5849 confitendo
3621 5804 3833 5850 serue»

2233 5873 2381 5946 ipsos
2415 5889 2700 5945 accusant;
2741 5893 2797 5939 et
2832 5885 3013 5942 omnia
3044 5887 3187 5945 bona
3226 5903 3327 5944 sua
3352 5902 3460 5944 non
3500 5902 3533 5943 a
3573 5902 3638 5945 se
3670 5886 3830 5948 facta
