4020 6462
241 394 340 461 7η

1262 416 1619 475 COMMENT.
1660 417 1729 475 ΙΝ
1767 416 1927 478 REG.
1970 418 2029 477 S.
2067 417 2447 478 BENEDICTI.

3388 429 3493 490 718

231 548 375 607 esse,
398 538 497 598 sed
523 536 706 596 divino
732 546 960 594 munere
988 532 1287 607 deputant:
1315 542 1371 592 et
1412 551 1517 591 non
1549 551 1580 591 a
1604 549 1679 601 se,
1715 533 1813 591 sed
1838 537 1888 601 Α
1914 534 2138 606 flumina
2162 576 2177 603 ,
2215 536 2476 607 ﬂaverant
2511 536 2690 605 venti,
2734 544 2785 594 et
2821 538 3146 610 impegerunt
3180 540 3237 596 in
3278 538 3499 601 domum

235 631 517 690 aDomino
551 633 604 687 in
648 646 706 688 se
752 629 896 688 facta
936 645 1057 687 esse
1103 629 1453 688 conﬁrmant.
1498 630 1814 703 Operantem

232 722 293 781 its
335 739 395 779 se
432 722 717 778 Dominum
773 721 1118 793 magniﬁcam
1179 720 1331 778 illum
1391 738 1510 777 cum
1548 718 1816 793 Propheta

232 814 501 875 dicentes:
526 815 648 870 Non
683 812 852 879 nobis,
876 810 1119 880 Domine,
1154 830 1259 869 non
1295 815 1465 881 nobis,
1500 814 1592 870 sed
1618 814 1818 870 nomini

231 914 323 964 tuo
367 906 439 961 da
480 903 701 977 gloriam
743 902 920 977 (Psal.
964 906 1140 978 cxnt).
1195 906 1290 963 Ille
1334 908 1392 964 in
1430 923 1491 964 se
1526 907 1816 963 Dominum

230 1007 546 1074 operantem
587 997 926 1071 magniﬁcat,
973 1000 1067 1070 qui
1113 999 1182 1056 de
1233 999 1392 1057 bonis
1440 1002 1556 1057 suis
1605 1001 1821 1058 actibus

233 1108 339 1150 non
371 1091 499 1157 sibi,
535 1091 628 1146 sed
661 1090 894 1147 Domino
944 1092 1171 1163 gloriam
1220 1092 1431 1150 tribuit.
1486 1093 1818 1166 Operantem

232 1185 286 1239 in
318 1199 378 1239 se
423 1183 713 1238 Dominum
768 1178 1120 1255 magniﬁcare
1178 1186 1366 1250 debet,
1415 1187 1505 1258 qui
1561 1189 1678 1244 sine
1725 1188 1819 1243 illo

232 1275 367 1330 nihil
422 1274 549 1329 boni
602 1288 765 1343 agere
818 1274 980 1329 valet.
1037 1274 1302 1347 Cognovit
1352 1277 1500 1332 enim
1544 1276 1817 1349 Pr0pheta

231 1367 360 1438 quia
401 1381 508 1420 non
549 1373 633 1419 est
670 1364 907 1420 hominis
946 1366 1181 1436 dirigere
1223 1368 1342 1423 vias
1385 1386 1532 1436 suas,
1587 1373 1684 1426 sed
1727 1371 1819 1426 illo

236 1460 557 1529 disponente
583 1456 798 1511 Domini
843 1466 927 1513 est
968 1459 1204 1531 dirigere
1253 1477 1474 1531 gressus
1524 1462 1660 1532 ejus.
1693 1462 1819 1519 Ideo

234 1552 310 1608 illi
362 1550 555 1605 tribuit
599 1551 859 1620 gloriam,
909 1567 940 1605 a
982 1568 1091 1622 quo
1138 1569 1197 1608 se
1242 1557 1497 1624 cognovit
1542 1557 1819 1627 accepisse

233 1644 417 1700 omnia
448 1644 620 1705 bona;
657 1643 732 1696 ait
758 1643 901 1697 enim
924 1641 1216 1713 Apostolus
1240 1662 1253 1697 :
1282 1643 1475 1700 Omnia
1495 1664 1820 1719 quwcunque

230 1734 428 1806 facitis,
466 1733 521 1787 in
563 1733 774 1787 nomine
802 1733 1015 1788 Domini
1051 1734 1210 1805 facite
1254 1733 1478 1810 (Coloss.
1521 1737 1624 1809 ιιι).
1679 1739 1820 1812 Ergo

231 1835 406 1883 totum
451 1826 656 1882 nomini
700 1826 775 1881 illi
810 1827 1013 1882 tribuat
1041 1828 1304 1891 Ec'clesia,
1330 1846 1359 1884 a
1389 1846 1497 1901 quo
1531 1840 1586 1886 et
1624 1832 1678 1886 in
1708 1847 1818 1901 quo

1917 628 2091 697 illam,
2125 638 2301 685 etnon
2329 630 2534 697 cecidit,
2556 630 2779 703 fundata
2811 634 2949 689 enim
2973 642 3087 690 erat
3114 650 3276 706 supra
3294 645 3502 708 petram

1919 716 2135 795 (Matth.
2160 720 2278 794 vn).
2333 719 2563 793 Sapiens
2598 725 2743 780 enim
2778 726 2864 781 vir
2904 742 3012 783 non
3052 741 3217 798 super
3252 742 3498 801 arenam,

1918 813 1974 869 id
2002 822 2085 869 est
2120 826 2285 885 super
2318 815 2695 886 semetipsum,
2732 817 2858 887 quia
2890 818 3070 889 pulvis
3109 828 3194 878 est
3226 830 3283 878 et
3315 839 3503 882 rever-

1918 911 2064 961 tetur
2090 906 2144 961 in
2170 904 2469 977 pulverem,
2506 908 2603 964 sed
2647 923 2811 979 super
2843 918 3081 981 petram,
3123 913 3272 970 illam
3305 916 3501 973 videli-

1919 1006 2007 1055 cct
2047 1001 2113 1057 de
2141 1016 2249 1071 qua
2272 999 2562 1073 Apostolus
2601 1001 2680 1057 ait
2706 1021 2719 1056 :
2745 1000 2909 1058 Petra
2964 1016 3139 1061 autem
3188 1018 3301 1063 erat
3349 1008 3505 1066 Chri-

1918 1101 2030 1147 stus
2063 1089 2115 1162 (Ι
2146 1090 2269 1148 Cor.
2306 1092 2387 1165 ιι),
2419 1094 2637 1149 domum
2676 1109 2831 1150 suam
2871 1096 3126 1164 aediﬁcat,
3166 1098 3221 1154 id
3254 1108 3357 1167 est,
3400 1101 3505 1159 ini-

1919 1184 2056 1238 tium
2106 1184 2295 1255 primae
2343 1186 2809 1251 conversationis,
2866 1187 3020 1257 quasi
3088 1186 3503 1249 fundamentum

1922 1277 2116 1332 domus
2164 1294 2303 1340 sum,
2353 1286 2409 1333 et
2456 1279 2803 1334 medietatem
2846 1280 3003 1336 bonae
3046 1283 3296 1351 actionis,
3345 1286 3506 1358 quasi

1922 1370 2161 1425 medium
2205 1371 2428 1441 parietis
2463 1372 2576 1439 sui;
2623 1376 2681 1427 et
2717 1375 3179 1444 perseverantiam
3218 1379 3508 1448 perlectio-

1922 1461 2028 1525 nis,
2061 1462 2217 1532 quasi
2244 1465 2727 1519 consummationis
2756 1467 3174 1537 perseverantiae
3204 1483 3314 1523 suae
3345 1485 3510 1542 super

1922 1550 2333 1607 fundamentum
2383 1554 2513 1609 illud
2559 1557 2759 1626 ponit:
2795 1557 2862 1612 de
2909 1574 3015 1628 quo
3062 1558 3191 1615 alibi
3217 1558 3510 1631 Apostolus

1923 1644 2002 1698 ait
2027 1663 2038 1697 :
2068 1642 2500 1700 Fundamentum
2534 1647 2682 1702 aliud
2714 1666 2863 1703 nemo
2891 1659 3057 1720 potest
3085 1668 3298 1723 ponere,
3318 1661 3512 1725 printer

1921 1735 1977 1789 id
1996 1734 2136 1807 quod
2157 1735 2383 1806 positum
2402 1744 2503 1803 est,
2524 1740 2614 1810 qui
2636 1749 2711 1793 est
2734 1739 2973 1795 Christus
2993 1741 3149 1798 Jesus
3174 1741 3225 1815 (1
3251 1743 3373 1799 Cor.
3400 1744 3509 1818 ιιι).

1924 1828 2007 1883 Ab
2034 1828 2135 1882 hoc
2164 1828 2308 1883 cnim
2330 1827 2683 1886 fundamento
2711 1833 2910 1903 accipit
2933 1834 3098 1903 vires,
3128 1843 3187 1890 ut
3215 1835 3513 1892 :ediﬁcetur

231 1919 454 1975 nomine
490 1920 748 1975 virtutem
791 1921 992 1992 accipit
1025 1923 1289 1993 operandi
1318 1933 1489 1992 recta,
1516 1934 1571 1981 et
1598 1926 1819 1981 humili-

1927 1922 2139 1987 domus,
2170 1921 2223 1975 id
2251 1930 2336 1977 est
2366 1937 2526 1978 omne
2557 1926 2807 1981 monachi
2834 1941 2999 1997 opus;
3032 1935 3086 1981 et
3112 1926 3509 1994 fortitudinem,

232 2020 317 2067 ter
354 2012 735 2081 veraciterque
774 2011 918 2067 dicat
961 2029 1084 2068 cum
1130 2013 1398 2085 Propheta
1437 2034 1451 2068 :
1488 2014 1613 2071 Non
1650 2018 1818 2086 nobis,

231 2096 478 2167 Domine,
506 2120 611 2157 non
642 2102 810 2167 nobis,
832 2103 923 2157 sed
950 2105 1148 2158 nomini
1179 2116 1268 2159 tuo
1289 2106 1358 2159 da
1379 2106 1626 2176 gloriam.

304 2188 452 2248 Sicut
480 2210 572 2247 nec
599 2192 801 2247 Paulus
827 2193 1096 2264 apostolus
1123 2196 1187 2249 de
1207 2197 1581 2267 prwdicatione
1601 2216 1699 2254 sua
1722 2201 1827 2255 sibi

230 2281 434 2356 aliquid
477 2284 792 2357 imputabat,
829 2285 1049 2341 dicens:
1084 2284 1273 2343 Gratia
1306 2287 1406 2343 Dei
1444 2306 1562 2344 sum
1603 2291 1659 2345 id
1684 2292 1824 2363 quod

229 2390 353 2432 sum
385 2375 439 2449 (Ι
464 2376 588 2432 Cor.
617 2377 731 2447 xv).
782 2375 983 2433 Fuerat
1018 2378 1164 2433 enim
1197 2388 1358 2435 antea
1387 2381 1741 2452 blasphemus
1770 2393 1825 2439 et

232 2474 558 2540 persecutor
582 2466 837 2522 Ecclesiae
861 2466 1081 2533 Paulus,
1116 2469 1213 2524 sed
1246 2471 1423 2541 gratia
1453 2470 1549 2529 Dei
1579 2481 1822 2540 vocatus,

234 2566 293 2615 et
342 2575 374 2614 a
405 2558 704 2631 Synagogaa
751 2565 904 2614 utero
949 2572 1287 2632 segregatus,
1336 2562 1449 2634 jam
1498 2564 1826 2635 praedicator

232 2646 414 2704 factus
448 2657 567 2704 erat
604 2649 660 2703 in
684 2648 927 2703 Ecclesia
967 2647 1143 2706 ﬁdelis
1180 2659 1236 2705 et
1274 2660 1490 2719 rectus;
1532 2652 1654 2709 ideo
1680 2654 1828 2712 dice-

234 2739 366 2796 bat.
391 2737 579 2795 Gratia
600 2740 699 2795 Dei
734 2740 929 2795 sumid
953 2742 1095 2815 quod
1132 2760 1272 2811 sum,
1315 2743 1370 2800 id
1414 2753 1519 2811 est,
1565 2759 1664 2815 per
1708 2760 1825 2802 me-

235 2831 531 2903 metipsum
581 2828 658 2888 fui
700 2846 929 2902 pravus,
956 2834 1133 2905 gratia
1156 2833 1256 2890 Dei
1303 2850 1424 2891 sum
1468 2843 1668 2893 rectus.
1723 2835 1829 2892 Per

236 2924 620 2995 memetipsum
661 2933 998 2994 persecutor,
1046 2940 1147 2996 per
1186 2927 1415 2997 gratiam
1442 2927 1658 2984 Domini
1706 2944 1828 2987 sum

237 3015 401 3071 modo
422 3014 684 3070 Ecclesiae
713 3013 985 3070 defensor.
1018 3014 1125 3071 Per
1161 3019 1546 3088 memetipsum
1572 3019 1828 3090 blasphe-

237 3124 363 3164 mus
403 3117 463 3165 ει
500 3108 717 3179 impius,
760 3124 860 3179 per
890 3108 1104 3163 Domini
1151 3110 1386 3180 gratiam
1428 3109 1605 3168 ﬁdelis
1650 3112 1829 3170 factus

237 3214 362 3256 sum
389 3207 445 3255 et
471 3201 613 3272 pius.
645 3200 714 3255 Et
737 3202 842 3258 hoc
868 3211 953 3258 est
984 3203 1157 3274 gratia
1180 3203 1277 3258 Dei
1304 3221 1421 3259 sum
1445 3206 1501 3259 id
1522 3206 1661 3278 quod
1685 3224 1825 3275 sum,

236 3291 296 3347 id
324 3302 431 3357 est,
460 3308 569 3348 non
599 3296 811 3350 meritis
849 3296 1006 3361 meis,
1035 3297 1131 3352 sed
1162 3298 1338 3369 gratia
1362 3298 1459 3355 Dei
1491 3297 1667 3356 factus
1702 3316 1823 3356 sum
1853 3282 1900 3347 (ἶ

234 3384 304 3441 de
345 3382 549 3442 inﬁdeli
583 3387 758 3443 ﬁdelis
790 3396 846 3443 et
886 3390 952 3444 de
986 3389 1111 3461 lupo
1143 3399 1351 3461 pastor,
1383 3391 1450 3448 de
1476 3405 1827 3463 persecutore

234 3474 494 3532 defensor
522 3486 577 3534 et
603 3478 670 3533 de
696 3494 863 3549 pravo
898 3488 1099 3548 rectus,
1127 3493 1184 3536 et
1213 3483 1280 3537 de
1306 3483 1472 3554 impio
1500 3484 1641 3553 pius,
1670 3484 1828 3541 Chri-

236 3569 454 3625 stianus
482 3568 548 3624 de
569 3565 754 3625 Iudaeo
788 3579 845 3626 et
880 3572 1158 3642 apostolus
1197 3570 1266 3629 de
1298 3575 1603 3642 Pharisaio;
1640 3587 1697 3632 et
1722 3577 1830 3633 hoc

233 3668 343 3728 est,
374 3661 545 3733 gratia
567 3658 666 3717 Dei
691 3679 809 3717 sum
845 3664 901 3718 id
932 3664 1072 3737 quod
1102 3683 1257 3735 sum;
1296 3667 1353 3724 id
1394 3677 1496 3735 est,
1547 3685 1656 3727 non
1705 3686 1827 3728 sum

232 3752 454 3824 qualem
500 3754 699 3810 dudum
752 3772 839 3813 me
880 3755 1009 3813 fecit
1051 3760 1281 3830 malitia,
1330 3764 1427 3819 sed
1472 3763 1689 3836 qualem
1738 3780 1827 3822 me

232 3845 403 3903 modo
430 3844 644 3904 Domini
675 3849 843 3911 voluit
867 3866 989 3908 esse
1016 3856 1215 3925 gratia.

309 3937 382 3994 Et
429 3941 620 3996 iterum
674 3943 783 4013 ipse
822 3943 951 3999 dicit
981 3962 999 4001 :
1027 3945 1134 4014 Qui
1170 3947 1454 4019 gloriatur,
1500 3949 1558 4005 in
1598 3949 1826 4008 Domino

233 4029 492 4102 glorietur
533 4032 585 4107 (Ι
609 4032 734 4090 Cor.
763 4038 824 4108 i).
877 4037 1021 4093 Nihil
1066 4040 1232 4107 enim,
1264 4050 1325 4097 ut
1366 4045 1688 4114 praedictum
1720 4055 1822 4113 est,

235 4122 405 4177 homo
456 4124 620 4181 habet
656 4128 860 4199 aliquid
899 4131 1047 4196 boui,
1086 4132 1190 4187 nisi
1232 4136 1378 4204 quod
1422 4136 1621 4206 accipit
1665 4152 1696 4191 a
1723 4137 1829 4193 Do-

233 4211 407 4267 mino.
462 4211 518 4268 Si
564 4231 695 4287 ergo
738 4218 970 4288 accipit,
1018 4235 1127 4274 non
1175 4220 1466 4291 glorietur,
1516 4226 1672 4296 quasi
1718 4243 1833 4283 non

236 4305 537 4374 acceperit,
573 4321 643 4362 ne
686 4305 829 4364 forte
869 4311 1153 4366 subtrahat
1194 4315 1339 4384 quod
1381 4315 1531 4373 dedit
1574 4319 1825 4392 largitor,

233 4402 304 4450 ut
330 4406 609 4453 remaneat
654 4416 858 4458 vacuus
905 4405 997 4475 qui
1040 4405 1378 4477 gloriabatur
1416 4412 1483 4467 de
1530 4412 1726 4471 alieno.
1760 4416 1829 4473 Et

234 4489 367 4545 alibi
394 4490 682 4561 Apostolus
719 4511 733 4550 :
763 4493 887 4550 Non
908 4513 973 4551 ea:
994 4498 1163 4565 nobis,
1186 4500 1285 4557 Dei
1310 4505 1448 4558 enim
1479 4505 1678 4562 donum
1716 4519 1825 4577 est;

233 4598 344 4638 non
386 4599 451 4638 ea:
490 4584 748 4655 operibus,
794 4603 858 4641 ne
897 4589 1015 4659 quis
1058 4589 1314 4661 glorietur
1355 4593 1516 4668 (Eph.
1564 4597 1649 4671 ιι).
1707 4599 1828 4658 Νοιι

232 4690 368 4747 ergo
397 4652 576 4743 nobis,
603 4678 697 4732 sed
726 4652 931 4734 nomini
954 4652 1168 4738 Domini
1197 4652 1564 4746 totis
1595 4652 1828 4763 gloriam
1852 4652 1907 4713 Β

233 4764 431 4822 demus
456 4784 470 4820 :
495 4782 603 4838 quo
633 4769 854 4826 nomine
901 4771 1092 4829 salvati
1136 4790 1346 4845 sumus,
1375 4787 1431 4836 et
1474 4782 1532 4838 in
1559 4793 1824 4844 aeternum

232 4856 443 4914 salvari
474 4859 709 4917 ﬁdeliter
748 4877 1050 4934 speramus.
1087 4866 1208 4925 Non
1246 4872 1393 4928 enim
1421 4883 1506 4932 est
1540 4877 1688 4935 aliud
1723 4895 1826 4937 no-

233 4966 365 5008 men
411 4953 468 5008 in
509 4962 622 5011 toto
666 4955 893 5026 mundo,
939 4960 996 5015 in
1044 4975 1156 5031 quo
1201 4964 1385 5023 salvus
1430 4967 1528 5024 ﬁat
1572 4974 1820 5042 populus.

237 5043 396 5102 Unde
454 5054 509 5101 et
548 5046 839 5119 Apostolus
899 5050 977 5106 ait
1020 5069 1036 5110 :
1075 5052 1190 5127 Ipsi
1258 5057 1427 5129 gloria
1482 5061 1540 5117 in
1584 5063 1829 5123 Ecclesia

235 5145 291 5194 et
329 5133 538 5195 Christo
573 5139 738 5209 Iesu,
796 5144 855 5198 in
896 5146 1136 5203 omnibus
1178 5154 1604 5222 generationibus
1644 5159 1830 5217 saeculi

237 5229 584 5320 saeculorum,
607 5250 760 5289 amen
803 5234 967 5308 (Eph.
996 5238 1103 5311 tn).
1145 5240 1297 5299 Istud
1321 5254 1407 5302 est
1450 5262 1582 5320 ergo
1626 5266 1829 5309 nomen

236 5316 331 5374 cui
376 5320 557 5375 omnia
606 5336 747 5393 genu
791 5323 1038 5394 ﬂectunt,
1089 5333 1431 5405 cmlestium,
1486 5316 1829 5403 terrestrium

236 5413 300 5465 et
340 5408 677 5467 infernarum
723 5432 738 5468 :
786 5415 898 5483 Et,
939 5420 1106 5476 omnis
1143 5421 1325 5495 lingua
1366 5430 1667 5500 conﬁtetur,
1704 5436 1837 5507 quia

236 5502 343 5559 hoc
363 5520 571 5575 nomen,
601 5506 656 5563 id
679 5517 783 5575 est,
812 5510 1071 5570 Dominus
1097 5513 1256 5574 Jesus
1282 5518 1554 5591 Christus,
1580 5525 1635 5580 in
1656 5502 1833 5598 gloria

237 5606 322 5654 est
342 5597 436 5655 Dei
458 5596 638 5658 Patris
669 5600 836 5675 (Phil.
864 5604 949 5679 ιι).

318 5687 468 5748 Unde
498 5702 547 5749 et
570 5693 826 5752 Dominus
854 5698 910 5754 in
930 5697 1217 5772 Evangelia
1236 5705 1310 5759 ait
1334 5723 1352 5760 :
1377 5707 1481 5775 Qui
1500 5713 1652 5768 audit
1669 5717 1831 5772 verba

239 5800 360 5838 mea
402 5785 543 5851 Iuro,
601 5796 649 5842 et
690 5788 817 5858 facit
857 5807 941 5857 ea,
980 5793 1219 5850 similabo
1258 5814 1377 5853 eum
1414 5802 1526 5857 viro
1569 5808 1823 5877 sapienti,

1923 2028 1992 2067 ne
2013 2011 2227 2082 pulsata
2254 2016 2689 2083 tempestatibus,
2728 2017 2781 2071 id
2813 2026 2898 2073 est
2927 2017 3363 2076 tribulationibus
3394 2028 3514 2076 ten-

1923 2103 2215 2168 tationum,
2247 2103 2581 2159 destruatur.
2635 2106 2843 2164 Stultus
2870 2119 3052 2164 autem
3081 2110 3314 2167 aediﬁcat
3349 2127 3514 2185 super

1926 2210 2171 2261 arenam,
2199 2196 2327 2266 quia
2358 2196 2427 2252 de
2454 2212 2619 2267 opere
2650 2214 2748 2255 suo
2777 2208 2885 2256 non
2908 2202 3038 2269 Deo,
3068 2203 3163 2260 sed
3188 2203 3289 2259 sibi
3324 2205 3516 2260 tribuit

1926 2284 2177 2357 gloriam.
2210 2285 2439 2357 Sapiens
2468 2298 2649 2345 autem
2677 2290 2909 2348 aediﬁcat
2934 2310 3096 2364 super
3121 2300 3352 2366 petram,
3383 2297 3515 2368 quia

1926 2378 1995 2433 de
2023 2379 2277 2436 omnibus
2300 2382 2556 2452 operibus
2587 2384 2743 2441 bouis
2766 2387 2881 2443 suis
2916 2404 3021 2463 non
3055 2388 3157 2445 sibi
3190 2389 3379 2447 laudes
3411 2392 3514 2449 tri-

1924 2468 2060 2534 buit,
2088 2470 2187 2526 sed
2208 2471 2321 2527 Deo
2347 2475 2550 2541 gratias
2579 2475 2718 2548 agit;
2749 2485 2806 2533 et
2830 2478 3075 2550 largitori
3105 2498 3205 2539 suo
3233 2484 3518 2544 humiliter

1928 2573 2124 2620 cuncta
2156 2565 2367 2633 tribuit,
2394 2568 2523 2639 quia
2552 2570 2621 2625 ab
2648 2569 2740 2626 illo
2776 2588 2835 2629 se
2860 2575 3136 2645 accepisse
3185 2585 3384 2635 cuncta
3423 2595 3517 2638 co-

1926 2657 2159 2728 gnoscit.
2203 2656 2326 2713 Alio
2363 2660 2507 2715 enim
2543 2676 2703 2717 sensu
2740 2664 2857 2721 haec
2893 2667 3150 2738 parabole
3180 2671 3417 2728 maxime
3446 2672 3517 2731 ad

1927 2747 2304 2806 inobedientes
2339 2751 2579 2822 respicit.
2624 2752 2715 2810 Sic
2735 2757 2879 2810 enim
2911 2757 3141 2828 legimus
3172 2759 3405 2818 :‘0mnis
3424 2766 3517 2837 qui

1927 2838 2078 2893 audit
2109 2840 2266 2895 verba
2298 2858 2434 2909 mea,
2470 2853 2521 2899 et
2553 2861 2659 2900 non
2695 2846 2823 2917 facit
2856 2865 2939 2915 ea,
2978 2850 3220 2907 similabo
3254 2870 3375 2910 eum
3405 2857 3516 2913 viro

1926 2928 2088 2984 stulto
2119 2932 2210 3002 qui
2242 2932 2523 3004 a’diﬁcavit
2558 2935 2775 2991 domum
2807 2955 2960 2994 suam
3000 2958 3156 3012 super
3192 2961 3431 3014 arenam,
3462 2956 3520 3005 et

1927 3021 2139 3092 reliqua
2170 3022 2389 3096 (Matth.
2419 3026 2519 3100 vn)
2545 3045 2558 3080 :
2588 3028 2644 3085 id
2670 3038 2776 3097 est,
2809 3047 2933 3087 cum
2963 3034 3280 3092 iulluxerint
3307 3040 3521 3098 stillici-

1927 3112 2017 3169 dia
2052 3116 2389 3185 passionum,
2431 3135 2557 3174 cum
2588 3121 2907 3178 advenerint
2937 3124 3181 3195 ﬂumina,
3218 3137 3274 3184 et
3305 3139 3519 3188 torren-

1931 3214 2037 3272 tes,
2084 3200 2257 3277 atque‘
2298 3209 2531 3280 impetus
2578 3213 2990 3270 tribulationum
3046 3233 3115 3273 ex
3170 3220 3520 3303 multitudine

1928 3301 2379 3373 negligentiarum
2403 3319 2416 3356 :
2441 3320 2561 3358 cum
2600 3306 2843 3374 ﬂaverint
2884 3312 3046 3376 venti,
3087 3309 3164 3366 illi
3208 3313 3396 3384 utique
3424 3301 3521 3385 qui

1929 3408 2029 3465 per
2065 3392 2230 3447 istum
2269 3408 2447 3449 aerem
2479 3394 2729 3463 volitant,
2770 3400 2951 3469 parati
2994 3402 3064 3456 ad
3092 3402 3297 3459 Christi
3334 3420 3521 3463 aream

1932 3482 2326 3549 ventilandum,
2353 3483 2529 3539 sicubi
2569 3486 2850 3542 inveniant
2885 3488 3070 3560 paleas
3096 3508 3234 3563 quas
3273 3494 3343 3550 ad
3379 3496 3521 3554 ludi-

1931 3573 2113 3628 brium
2144 3587 2302 3628 suum
2347 3575 2562 3647 rapiant
2589 3585 2753 3655 atque
2781 3580 3113 3654 dispergant,
3149 3594 3278 3644 tunc
3306 3587 3523 3646 irruent

1931 3663 1991 3718 in
2026 3665 2243 3720 domum
2284 3665 2430 3721 illam
2476 3685 2599 3741 quae
2635 3672 2754 3727 sine
2795 3674 3117 3734 obedientiae
3161 3676 3521 3741 fundamento

1929 3756 2199 3812 aediﬁcata
2226 3767 2331 3827 est,
2369 3768 2424 3815 et
2450 3760 2546 3818 ﬁet
2589 3765 2746 3821 ruina
2790 3765 2937 3824 illius
2978 3783 3197 3842 magna.
3239 3771 3361 3830 Non
3387 3789 3522 3849 ergo

1928 3849 2111 3920 pluvia
2166 3866 2341 3923 neque
2394 3851 2617 3912 ﬁumina
2662 3873 2787 3913 cum
2840 3860 3047 3932 impetu
3097 3864 3519 3939 descendentia;

1926 3962 2107 4018 neque
2124 3949 2273 4004 venti
2298 3950 2617 4007 validissimi
2646 3969 2991 4032 commovere
3016 3968 3273 4028 poterunt
3296 3964 3521 4022 domum

1930 4055 2095 4110 super
2139 4051 2351 4112 petram
2395 4043 2697 4113 fundatam,
2739 4056 2801 4102 ut
2835 4064 2903 4104 ex
2931 4051 3036 4106 hoc
3075 4052 3346 4127 intelligas
3388 4056 3520 4127 quia

1931 4133 2024 4202 qui
2070 4134 2309 4204 seipsum
2354 4150 2465 4190 non
2513 4139 2845 4208 prodiderit,
2896 4159 2998 4199 nec
3049 4160 3084 4199 a
3126 4147 3306 4218 seipso
3351 4148 3523 4207 fuerit

1932 4236 2114 4281 motus
2139 4266 2154 4292 ,
2213 4226 2360 4283 nulla
2403 4232 2792 4299 superveniens
2838 4237 3067 4293 tentatio
3109 4240 3345 4312 dejicere
3391 4259 3520 4303 eum

1931 4317 2134 4388 poterit
2159 4327 2254 4373 aut
2282 4334 2522 4376 movere.
2554 4320 2692 4379 Illud
2712 4340 2842 4382 vero
2867 4328 3014 4383 aliud
3044 4331 3334 4390 aediﬁcium
3358 4335 3523 4396 facile

1932 4410 2288 4478 subvertitur,
2316 4427 2424 4467 non
2451 4428 2566 4484 prae
2614 4418 2911 4476 tentatione
2939 4420 3234 4495 violentiae,
3276 4428 3522 4502 alioquin

1932 4508 1989 4556 et
2013 4499 2144 4557 illud
2168 4501 2457 4559 aedilicium
2477 4506 2780 4578 deiecisset,
2802 4512 2897 4567 sed
2912 4524 3134 4586 propter
3155 4499 3519 4592 fundamenti,

1933 4594 1988 4649 id
2013 4600 2095 4651 est
2121 4596 2408 4666 propositi,
2436 4597 2826 4658 inﬁrmitatem.
2866 4604 3046 4662 Arena
3071 4617 3159 4665 est
3182 4627 3277 4670 res
3300 4616 3522 4675 mobilis

1931 4696 1987 4743 et
2011 4686 2368 4756 infructuosa,
2408 4704 2532 4759 quae
2564 4692 2683 4749 sine
2710 4693 2875 4752 dubio
2915 4698 3327 4762 instabilitatem
3356 4717 3524 4781 atque

1933 4778 2356 4835 inconstantiam
2378 4780 2625 4854 designat
2648 4786 2973 4845 animarum.
3394 4821 3403 4830 -

2002 4877 2136 4934 Haec
2175 4880 2437 4953 complens
2457 4882 2739 4956 Dominus,
2773 4904 3039 4964 exspectat
3060 4914 3153 4955 nos
3175 4902 3411 4972 quotidie
3434 4906 3519 4963 his

1931 4974 2042 5029 suis
2085 4976 2286 5031 sanctis
2338 4976 2553 5035 monitis
2600 4980 2758 5051 factis
2807 5001 2902 5043 nos
2950 4992 3261 5061 respondere
3307 4995 3514 5054 debere.

1932 5062 2092 5158 Quod
2134 5074 2319 5158 autem
2359 5068 2471 5124 hac
2510 5072 2772 5145 complens
2807 5076 3089 5151 Dominus,
3125 5085 3199 5141 ad
3233 5090 3517 5158 superiora

1929 5153 2093 5252 bona,
2122 5172 2242 5252 qua:
2363 5160 2670 5221 habitatore
2706 5168 3046 5229 tabernaculi
3073 5153 3317 5245 dixerat,
3336 5183 3518 5252 respi-

1931 5247 2038 5314 cis;
2068 5248 2315 5321 implevit
2341 5254 2491 5311 enim
2505 5252 2757 5318 Christus
2775 5261 3038 5322 Dominus
3064 5271 3317 5340 superius
3333 5247 3517 5341 dicta;

1931 5355 2183 5440 sermone
2218 5343 2462 5418 implevit
2486 5358 2544 5406 et
2575 5364 2761 5424 apere.
2803 5356 3128 5415 Pradicavit
3149 5364 3339 5433 verbo,
3367 5370 3515 5440 quod

1932 5434 2176 5531 implevit
2200 5446 2261 5495 et
2283 5448 2428 5497 actu.
2457 5442 2578 5514 Ipse
2604 5449 2751 5504 enim
2780 5450 2843 5505 iis
2864 5466 2927 5506 se
2949 5454 3210 5526 inplevit,
3239 5434 3515 5531 quod—im-

1930 5527 2081 5627 plere
2110 5532 2453 5591 tabernaculi
2496 5539 2863 5599 habitatorem
2888 5557 3167 5621 praecepit.
3216 5527 3337 5627 Ipse
3363 5562 3517 5620 enim

1931 5621 2050 5725 sine
2092 5628 2302 5694 peccati
2348 5632 2571 5727 macula.
2606 5634 2884 5706 ingressus
2927 5650 3017 5697 est
3053 5621 3358 5709 mundum:
3398 5656 3515 5728 ipse

1928 5714 2053 5771 sine
2095 5731 2325 5789 peccato
2363 5724 2501 5779 visit
2543 5716 2601 5781 in
2642 5731 2864 5799 mdo,
2911 5742 2969 5790 et
3019 5739 3139 5798 sine
3186 5714 3512 5822 contagione

1883 5888 1887 5893 ο
1925 5814 2135 5882 peccati
2164 5819 2407 5875 ascendit
2435 5820 2491 5874 in
2520 5821 2737 5881 οωιιιω.
2768 5825 3028 5904 Princeps
3053 5836 3203 5893 enim
3227 5814 3415 5900 mundi
3441 5845 3511 5901 ad

235 5877 337 5954 qui
370 5877 649 5950 (edi/ienuit
677 5881 890 5940 domum
919 5902 1073 5941 suam
1108 5905 1269 5959 supra
1302 5903 1545 5964 petram:
1580 5912 1825 5958 venerunt
1883 5888 1887 5893 ’
1926 5877 2052 5962 eum
2075 5908 2245 5976 venit,
2270 5910 2365 5966 sed
2392 5910 2449 5968 in
2473 5926 2541 5971 eo
2574 5916 2653 5976 nil
2690 5921 2834 5995 quod
2861 5877 3249 5992 σοηὲξᾶὦῖ

3274 5934 3507 6001 invenit.
