4020 6470
503 372 607 432 719

1782 366 1917 425 SMA
1924 365 2059 423 ΒΑΕ
2068 365 2134 423 DI
2170 365 2460 422 ABBATIS

3681 371 3793 431 7%

499 498 619 566 Ipse
665 446 913 566 quamvis
953 488 1132 561 justus
1176 486 1437 542 Dominus
1478 484 1744 556 justitiam
1790 485 1980 555 diligat
2028 490 2083 537 et
2109 486 2162 545 Α
2187 482 2396 537 Lassati
2422 496 2602 536 sumus
2630 481 2687 536 in
2717 481 2798 566 vila
2829 478 3098 547 vanitatis,
3139 486 3191 535 et
3226 479 3559 552 perditionis,
3589 493 3640 538 et
3669 503 3790 541 am-

498 601 714 659 semper
734 586 932 656 ubique
946 584 1211 657 justitiam
1236 590 1514 651 operetur,
1530 589 1709 636 tamen
1736 578 2079 648 potissimum

488 682 765 754 justitiam
795 686 1047 750 operatus
1070 685 1176 743 est,
1210 677 1425 748 quando
1455 676 1747 755 superbum
1777 673 2085 753 fortemque

497 768 771 832 diabolum
814 771 1005 837 vinxit,
1053 779 1109 825 et
1154 770 1372 825 domum
1424 767 1544 839 ejus
1593 766 1903 838 ingrediens
1949 779 2081 820 vasa

496 867 664 933 illius,
694 880 812 936 quae
840 861 1038 932 injuste
1069 863 1309 926 tenebat,
1340 860 1583 916 abstulit.
1615 860 1683 914 Et
1711 858 1813 913 sibi
1843 872 1907 912 ea
1934 856 2082 912 fonte

492 940 838 1028 baptismatis
877 955 984 1011 lota
1019 954 1073 1009 in
1105 960 1368 1026 perpetua
1409 952 1627 1009 servitia
1668 949 1924 1006 sacravit.
1962 947 2082 1018 Ipse

494 1050 643 1105 enim
686 1048 924 1118 loquitur
962 1046 1251 1102 veritatem
1298 1045 1350 1100 in
1374 1044 1557 1107 corde,
1587 1043 1712 1112 quia
1739 1040 1940 1094 veritas
1965 1045 2076 1103 est;

496 1150 552 1198 et
577 1139 723 1213 quod
748 1155 843 1195 ore
870 1139 1089 1210 promit,
1120 1153 1284 1209 opere
1331 1119 1585 1206 complet.
1626 1133 1745 1204 Ipse
1775 1131 1922 1186 enim
1969 1130 2075 1185 ait:

493 1230 609 1301 Ego
630 1247 747 1286 sum
767 1232 873 1295 via,
897 1228 1111 1292 veritas,
1131 1237 1178 1282 et
1199 1228 1301 1283 vita
1324 1225 1505 1298 (Joan.
1532 1225 1662 1297 χιι).
1680 1224 1801 1294 Ipse
1834 1237 1939 1276 non
1971 1222 2083 1291 egit

495 1321 676 1377 dolum
707 1322 763 1376 in
787 1322 969 1392 lingua
998 1334 1118 1385 sua,
1148 1319 1272 1388 quia
1312 1325 1597 1387 peccatum
1630 1332 1734 1371 non
1784 1313 1932 1377 fecit,
1978 1328 2079 1368 nec

493 1413 652 1469 dolus
698 1412 951 1467 inventus
993 1417 1077 1465 est
1125 1409 1179 1463 in
1226 1423 1320 1463 ore
1366 1408 1500 1477 ejus.
1551 1408 1667 1478 Ipse
1693 1409 1942 1478 proximo
1980 1423 2079 1464 suo

494 1524 603 1563 non
654 1506 785 1563 fecit
827 1506 1053 1569 malum,
1102 1504 1196 1559 sed
1233 1519 1263 1558 e
1293 1501 1569 1558 contrario
1615 1501 1745 1557 fecit
1772 1503 1821 1557 ei
1851 1503 2075 1568 bonum,

492 1590 713 1671 quando
756 1612 902 1661 eum,
951 1597 1004 1653 id
1049 1604 1135 1651 est
1185 1610 1355 1666 genus
1398 1596 1733 1659 humanum,
1780 1595 1936 1664 cujus
1981 1609 2079 1665 per

494 1704 717 1745 carnem
765 1688 941 1744 factus
980 1685 1176 1752 aﬁinis,
1211 1694 1266 1740 et
1310 1685 1615 1756 proximus,
1646 1684 1981 1740 descendens
2008 1684 2076 1740 de

491 1777 791 1836 Jerusalem
832 1781 889 1833 in
917 1776 1114 1843 Jerico,
1160 1777 1215 1831 id
1259 1787 1364 1841 est,
1415 1789 1480 1831 oe
1520 1774 1657 1830 ctelo
1702 1776 1756 1829 in
1787 1789 2068 1830 mundum.

2185 578 2474 632 bulavimus
2503 578 2614 631 vias
2644 553 2911 648 difficiles;
2944 576 3079 631 viam
3108 585 3283 630 autem
3313 576 3531 631 Domini
3571 580 3794 650 ignora-

2182 663 2368 717 vimus.
2404 662 2544 729 Quid
2573 661 2718 717 nobis
2748 662 2948 733 profuit
2976 662 3266 733 superbia?
3295 672 3387 716 aut
3415 664 3547 734 quid
3574 665 3794 722 divitia-

2183 770 2299 809 rum
2315 754 2580 825 jactantia
2608 753 2827 809 contulit
2856 753 3002 808 nobis
3026 753 3051 806 ἵ
3091 751 3436 807 Transierunt
3465 756 3649 808 omnia
3693 755 3791 812 illa

2181 853 2432 917 tanquam
2467 845 2690 912 umbra,
2745 854 2794 899 et
2838 860 2932 899 nos
2970 844 3025 897 in
3062 843 3392 915 malignitate
3427 855 3615 900 nostra
3653 863 3789 901 con-

2181 937 2377 1008 sumpti
2413 954 2597 992 sumus
2626 935 2777 1009 (Sap.
2800 920 2880 1009 v).
2932 934 3054 992 Non
3082 935 3230 991 enim
3265 935 3529 992 Dominus
3563 937 3792 992 laetatur

2180 1030 2235 1085 in
2266 1029 2568 1101 perditione
2593 1029 2863 1095 vivorum,
2892 1027 2989 1083 sed
3016 1026 3189 1098 magis
3217 1026 3332 1081 vult
3358 1027 3574 1082 salvare
3606 1029 3795 1099 pumi-

2180 1130 2387 1188 tentes,
2426 1136 2587 1192 quam
2627 1121 2858 1191 perdere
2888 1119 3286 1189 delinquentes.
3327 1116 3483 1174 Sicut
3522 1120 3647 1190 ipse
3684 1133 3792 1191 per

2178 1213 2498 1287 prophetam
2529 1212 2625 1266 ait.

2252 1303 2395 1359 Nam
2422 1305 2537 1376 pius
2564 1304 2819 1359 Dominus
2848 1302 3011 1357 dicit:
3045 1301 3188 1357 Nolo
3214 1312 3433 1358 mortem
3458 1305 3786 1375 peccatoris,

2176 1396 2269 1451 sed
2292 1405 2345 1449 ut
2370 1406 2718 1460 convertatur,
2744 1405 2791 1451 et
2814 1396 2970 1452 vivat.
3004 1394 3136 1451 Cum
3156 1413 3277 1467 ergo
3297 1396 3785 1466 interrogassemus

2176 1488 2491 1552 Dominum,
2536 1488 2748 1558 fratres,
2798 1487 2863 1542 de
2909 1486 3205 1541 habitatore
3253 1487 3593 1541 tabernaculi
3638 1490 3781 1559 ejus,

2178 1579 2474 1634 audivimus
2508 1578 2783 1634 habitandi
2818 1588 3134 1651 praceptum
3161 1591 3180 1630 :
3218 1578 3309 1633 sed
3335 1579 3382 1634 si
3412 1578 3787 1649 compleamus

2175 1669 2489 1723 habitatoris
2535 1669 2755 1739 ofﬁcium
2802 1669 2998 1723 erimus
3046 1669 3278 1723 lueredes
3326 1671 3475 1740 regni
3522 1669 3783 1724 calorum

2179 1758 2398 1830 (Ezech.
2428 1776 2582 1825 XVIII,
2615 1758 2833 1832 χχχιιι).
2869 1760 2969 1817 Hic
3000 1760 3190 1815 audire
3218 1760 3415 1816 beatus
3442 1758 3782 1816 Benedictus

490 1869 702 1926 Invenit
729 1885 854 1925 eum
894 1884 927 1924 a
952 1868 1271 1933 latronibus,
1304 1867 1357 1922 id
1384 1874 1468 1922 est
1508 1866 1843 1921 daemonibus
1887 1866 2073 1923 multis
2100 1846 2149 1907 Β
2176 1867 2275 1924 Ι)Γο
2303 1855 2563 1909 exaudire
2590 1853 2789 1924 Ροευίῑ·
2838 1853 2917 1908 Ᾱο
2946 1852 2993 1908 εί
3023 1853 3265 1929 dicere,“
3299 1861 3429 1907 “me
3456 1868 3593 1908 "91'9-
3623 1854 3784 1908 ³υῶ-

488 1968 839 2031 peccatorum
872 1959 1046 2031 plagis
1086 1958 1460 2023 vulneratum;
1515 1956 1747 2013 infundit
1782 1957 1989 2023 vinum,
2019 1966 2077 2014 et

488 2053 690 2119 oleum,
727 2051 783 2115 id
810 2059 895 2107 est
922 2050 1294 2107 austeritatem
1327 2049 1678 2121 poenitentim,
1714 2058 1768 2103 et
1803 2049 2075 2106 refocilla-

487 2147 692 2208 tionem
726 2149 899 2206 venite
930 2146 1220 2217 imposuit;
1255 2145 1307 2200 in
1337 2143 1639 2212 iumentum
1670 2160 1850 2210 suum,
1879 2144 1937 2200 id
1962 2152 2071 2212 est,

485 2240 702 2312 corpori
750 2255 851 2296 suo
892 2239 1180 2300 sociatum,
1211 2235 1364 2291 duxit
1412 2235 1477 2290 ad
1520 2235 1809 2299 stabulum,
1862 2235 1916 2290 id
1962 2244 2069 2301 est,

484 2333 700 2390 ﬁdelem
724 2329 1077 2403 eum‘faciens
1106 2328 1320 2399 corpori
1343 2327 1615 2382 Ecclesiae.
1653 2327 1721 2382 Et
1748 2327 2068 2394 stabulario,

485 2429 542 2484 id
580 2434 695 2493 est,
744 2423 1093 2498 gubernatori
1143 2421 1401 2494 praecepit
1446 2408 1731 2488 Ecclesiae,
1779 2424 1840 2476 ιιι
1884 2436 2070 2477 curam

463 2494 627 2577 ‘illius
675 2494 916 2585 haberet,
958 2526 1013 2573 et
1061 2518 1127 2573 de
1170 2515 1341 2579 Novo,
1374 2523 1428 2571 et
1472 2514 1651 2569 Veteri
1696 2513 2065 2578 Testamento,

481 2611 638 2682 quasi
667 2611 733 2666 de
770 2610 979 2665 duobus
1016 2606 1259 2663 denariis
1295 2621 1418 2661 eum
1458 2605 1757 2676 prtedicans
1798 2606 2070 2676 guberna-

482 2707 585 2755 ret.
613 2699 754 2754 Ecce
774 2699 1043 2767 quomodo
1065 2695 1324 2749 Dominus
1345 2693 1503 2749 Jesus
1525 2694 1775 2749 Christus
1804 2710 1913 2750 non
1941 2694 2071 2749 fecit

480 2790 730 2861 proximo
759 2797 857 2845 suo
885 2788 1108 2853 malum,
1135 2787 1231 2841 sed
1260 2786 1692 2841 misericordiam
1724 2787 1778 2841 in
1806 2786 1952 2841 illam
1981 2786 2067 2841 fa-

481 2881 632 2936 ciens
675 2880 929 2952 prcestitit
957 2879 1008 2935 ei
1052 2881 1272 2935 bonum.
1323 2879 1440 2948 Ipse
1480 2880 1626 2934 enim
1656 2879 1872 2949 sapiens
1900 2898 1913 2933 :
1939 2879 2067 2949 quia

481 2974 597 3041 ipse
624 2980 707 3026 est
732 2970 993 3041 sapientia
1024 2970 1211 3040 patris.
1263 2969 1438 3038 Super
1483 2978 1694 3039 petram
1741 2986 1895 3025 suam
1940 2969 2065 3024 luu-

480 3061 629 3116 davit
675 3060 917 3126 domum,
946 3060 1073 3130 quia
1108 3076 1271 3130 super
1302 3061 1650 3130 semetipsum
1697 3060 1938 3115 fundavit
1965 3061 2066 3116 Ec-

476 3151 719 3207 clesiam.
752 3151 816 3206 Et
848 3152 950 3207 hoc
974 3160 1075 3217 est,
1106 3153 1250 3222 quod
1282 3153 1358 3206 ait
1386 3169 1397 3203 :
1437 3150 1567 3205 Hcce
1598 3151 1860 3223 complens
1882 3151 2064 3206 Domi-

479 3258 577 3296 nus
601 3260 618 3299 :
642 3241 697 3296 id
725 3250 832 3307 est,
858 3241 1108 3298 universa
1142 3243 1390 3311 superius
1417 3242 1829 3312 comprehensa,
1861 3254 1916 3297 et
1938 3258 2063 3298 ver-

474 3330 561 3386 bis
610 3331 978 3401 prazdicando,
1028 3340 1085 3387 et
1126 3332 1381 3401 operibus
1431 3332 1672 3402 implevit
1718 3332 2058 3404 complendo.

475 3419 757 3494 Exspectat
789 3439 882 3478 nos
915 3422 1148 3494 quotidie
1178 3424 1259 3477 his
1294 3424 1403 3478 suis
1436 3424 1636 3478 sanctis
1670 3425 1881 3478 monitis
1905 3424 2062 3495 factis

473 3528 567 3568 nos
599 3513 909 3584 respondere
942 3514 1145 3569 debere.
1172 3514 1522 3585 Respondere
1551 3515 1774 3571 cuilibet
1804 3515 2059 3582 dicimus,

471 3618 599 3660 cum
618 3605 699 3660 eis
719 3603 883 3677 [ejus]
906 3604 1061 3660 factis
1086 3621 1324 3677 congrua
1347 3606 1415 3661 ad
1437 3607 1668 3661 invicem
1689 3623 1854 3677 Opera
1884 3608 2062 3663 reddi-

472 3706 615 3748 mus.
646 3694 759 3748 Deo
788 3708 918 3765 ergo
938 3696 1264 3765 respondere
1291 3704 1395 3760 est,
1429 3695 1585 3750 donis
1613 3696 1729 3765 ejus
1751 3697 2061 3767 praeceden-

471 3781 619 3840 tibus
644 3792 828 3839 nostra
850 3785 1108 3857 obsequia
1149 3786 1395 3842 reddere.
1431 3787 1583 3842 Tunc
1608 3787 1720 3844 Deo
1747 3804 1877 3843 vera
1902 3790 2060 3845 obse-

471 3876 599 3945 quia
631 3876 927 3942 reddimus,
968 3891 1090 3932 cum
1130 3892 1253 3932 eum
1297 3887 1520 3949 propter
1545 3858 1765 3935 iunioris
1805 3880 2057 3936 fiduciam

466 3982 580 4023 non
618 3967 895 4025 timemus.

540 4060 672 4117 Ideo
713 4062 860 4118 nobis
900 4071 1111 4135 propter
1133 4058 1547 4121 emendationem
1592 4067 1851 4121 malorum
1892 4052 2055 4137 hujus

469 4153 587 4209 vitae
616 4154 731 4210 dies
768 4155 837 4209 ad
874 4155 1115 4212 inducias
1146 4156 1474 4224 relaxantur,
1521 4159 1724 4214 dicente
1763 4159 2011 4230 Apostolo
2034 4173 2056 4212 :

466 4248 550 4303 An
581 4251 771 4316 nescis,
810 4251 935 4323 quia
976 4252 1229 4322 patientia
1259 4251 1359 4305 Dei
1390 4253 1459 4305 ad
1493 4254 1849 4323 prenitentiam
1880 4263 1929 4306 te
1959 4253 2057 4306 ad-

467 4338 610 4393 ducit
635 4340 809 4412 (Rom.
833 4341 933 4412 II)?
958 4339 1093 4395 Nam
1118 4352 1173 4396 et
1199 4341 1393 4397 Petrus
1420 4344 1696 4412 apostolus
1720 4344 1785 4398 de
1810 4345 1911 4399 bac
1938 4344 2054 4414 ipsa

466 4446 525 4485 rc
565 4431 645 4487 sic
685 4433 796 4487 ait:
834 4432 955 4487 Non
992 4434 1166 4487 tardat
1197 4433 1452 4489 Dominus
1491 4436 1918 4506 promissionem,
1963 4436 2054 4491 sed

2174 1947 2388 2012 vimus,
2441 1947 2487 2002 si
2529 1946 2848 2001 habitatoris
2887 1945 3125 2001 ofﬁcium
3166 1946 3584 2017 compleamus;
3638 1947 3781 2001 sicut

2173 2036 2435 2093 Dominus
2466 2037 2520 2091 in
2550 2037 2842 2109 Evangelio
2868 2038 2985 2092 ait:
3026 2036 3158 2092 Oves
3201 2054 3331 2093 mea:
3373 2055 3556 2093 vocem
3607 2055 3777 2092 meum

2174 2127 2397 2181 audiunt
2422 2126 2603 2200 (Joan.
2624 2127 2705 2199 ιι),
2729 2127 2785 2181 id
2805 2136 2888 2182 est
2910 2126 3225 2182 exaudiunt.
3261 2127 3318 2182 Si
3340 2135 3527 2183 autem
3553 2128 3773 2183 habita-

2172 2219 2309 2274 toris
2351 2217 2586 2274 olIicium
2628 2234 2736 2274 non
2768 2218 3168 2290 compleamus,
3214 2219 3438 2275 minime
3485 2220 3773 2275 habitandi

2171 2320 2501 2383 praeceptum
2524 2311 2863 2367 audivimus:
2890 2311 3032 2366 sicut
3049 2319 3103 2366 et
3125 2311 3263 2365 idem
3283 2311 3551 2366 Dominus
3569 2310 3776 2367 ludatis

2172 2401 2303 2457 dicit
2330 2420 2343 2455 :
2382 2400 2487 2468 Qui
2515 2410 2590 2456 est
2613 2417 2678 2455 e1:
2702 2401 2814 2455 Deo
2844 2399 2997 2455 verba
3024 2399 3122 2454 Dei
3150 2399 3335 2466 audit;
3369 2410 3657 2472 propterea
3685 2418 3774 2455 vos

2171 2508 2274 2548 non
2302 2493 2522 2560 auditis,
2560 2494 2684 2565 quia
2721 2510 2786 2548 ea:
2823 2492 2934 2547 Deo
2963 2509 3067 2547 non
3092 2493 3215 2546 estis
3243 2492 3428 2561 (Joan.
3460 2493 3563 2562 Ix).
3625 2492 3777 2548 Unde

2169 2593 2226 2641 et
2270 2585 2398 2641 alibi
2443 2602 2603 2642 aures
2646 2586 2828 2642 cordis
2873 2585 3161 2656 requirens
3204 2585 3424 2641 aiebat:
3469 2586 3576 2652 Qui
3617 2587 3775 2639 habes

2168 2694 2324 2733 aures
2369 2678 2621 2733 audiendi
2664 2678 2850 2733 audiat
2893 2677 3110 2749 (Matth.
3147 2692 3237 2743 ιι,
3278 2694 3415 2744 xm;
3460 2677 3599 2731 Luc.
3626 2678 3771 2750 VIII).

2168 2768 2311 2842 Ergo
2347 2786 2455 2826 non
2493 2771 2643 2826 audit
2675 2786 2867 2826 vocem
2894 2770 3140 2835 Domini,
3173 2770 3265 2841 qui
3296 2771 3464 2826 corde
3492 2785 3607 2824 non
3641 2771 3773 2824 reti-

2169 2870 2284 2927 net,
2314 2871 2370 2917 et
2401 2876 2566 2933 opere
2595 2877 2703 2917 non
2735 2861 2924 2933 implet
2951 2861 3096 2932 quod
3123 2861 3291 2916 audit.
3331 2860 3430 2916 Sin
3458 2869 3651 2917 autem
3677 2860 3775 2915 ali-

2168 2953 2292 3024 quis
2326 2954 2417 3009 hic
2449 2953 2551 3009 sub
2585 2952 2919 3008 auditionem
2954 2953 3206 3008 maluerit
3241 2953 3553 3025 intelligere
3590 2956 3773 3010 taliter

2166 3045 2422 3115 ponenda
2456 3045 2582 3100 erit.
2637 3043 2747 3101 Sed
2784 3045 2831 3099 si
2872 3045 3243 3117 compleamus
3280 3046 3620 3103 habitatoris
3660 3046 3773 3101 oni-

2169 3138 2340 3204 cium,
2371 3144 2426 3193 et
2451 3153 2552 3193 nos
2577 3134 2821 3206 ejusdem
2849 3138 3146 3209 supradicti
3174 3139 3524 3196 tabernaculi
3555 3141 3771 3196 habita-

2168 3239 2313 3288 tores
2339 3232 2564 3288 erimus.

2234 3325 2378 3396 Ergo
2419 3326 2773 3398 prwparanda
2818 3335 2941 3381 sunt
2986 3326 3180 3393 corda,
3229 3334 3279 3380 et
3324 3341 3557 3397 corpora
3591 3327 3771 3382 nost'ra

2163 3434 2358 3478 sancta:
2383 3433 2763 3496 praceptorum
2791 3422 3099 3477 obedientite
3120 3421 3439 3477 militatura.
3481 3421 3771 3486 Ouomodo

2164 3522 2291 3569 sunt
2342 3523 2533 3569 nostra
2586 3515 2654 3569 ad
2700 3502 3047 3569 militandum
3101 3512 3460 3584 praeparanda
3513 3528 3763 3584 corpora.

2160 3606 2300 3661 Audi
2328 3621 2427 3660 nos
2451 3606 2829 3661 obsecrantem
2850 3603 3190 3675 Apostolum,
3219 3604 3296 3657 ait
3319 3604 3468 3659 enim
3492 3620 3509 3657 :
3537 3602 3765 3659 Obsecro

2161 3697 2338 3768 itaque
2367 3714 2477 3762 vos,
2506 3697 2723 3767 fratres,
2772 3711 2864 3766 per
2890 3695 3307 3749 misericordiam
3336 3695 3474 3761 Dei,
3522 3706 3583 3749 ut
3615 3697 3764 3751 exhi-

2162 3789 2325 3844 beatis
2353 3805 2575 3860 corpora
2606 3798 2777 3843 vestra
2803 3788 3029 3843 hostiam
3060 3788 3333 3852 viventem,
3358 3797 3629 3851 sanctam,
3656 3788 3764 3843 Dee

2157 3882 2479 3952 placentem,
2522 3879 2835 3935 rationabile
2866 3881 3170 3951 obsequium
3195 3888 3446 3935 vestrum.
3498 3879 3576 3935 Et
3604 3884 3762 3936 nolite

2084 3972 2089 3977 ’
2161 3974 2482 4043 conformari
2518 3974 2638 4027 huic
2672 3971 2887 4039 swculo,
2914 3973 3004 4027 sed
3041 3972 3405 4041 reformamini
3439 3973 3497 4027 in
3532 3976 3763 4029 novitate

2158 4084 2343 4121 sensus
2374 4068 2563 4128 vestri:
2597 4075 2651 4120 ut
2680 4066 2906 4137 probetis
2933 4082 3051 4136 quia
3080 4066 3147 4119 sit
3175 4064 3421 4119 voluntas
3471 4064 3573 4120 Dei
3601 4068 3757 4131 bona,

2156 4170 2203 4213 et
2228 4160 2353 4215 bene
2375 4159 2608 4231 placens,
2631 4170 2677 4213 et
2700 4159 2934 4231 perfecta
2958 4157 3136 4230 (Rom.
3164 4158 3285 4229 xu).
3321 4157 3389 4211 Et
3418 4157 3557 4212 alibi
3590 4160 3757 4213 dicit:

2160 4250 2284 4305 Non
2324 4260 2497 4322 regnet
2536 4262 2807 4323 peccatum
2845 4251 2899 4305 in
2937 4259 3109 4304 vestro
3145 4248 3359 4304 mortali
3395 4267 3656 4321 corpore,
3704 4261 3757 4304 ut

2157 4345 2410 4399 obediatis
2451 4344 2884 4416 concupiscentiis
2927 4343 3076 4413 ejus;
3123 4343 3213 4396 sed
3258 4359 3424 4412 neque
3464 4345 3757 4399 exhibeatis

2156 4438 2388 4507 membra
2419 4448 2586 4491 vestra
2617 4453 2767 4491 arma
2796 4436 3089 4507 iniquitatis
3113 4430 3345 4505 peccato,
3385 4435 3479 4489 sed
3516 4438 3758 4491 exhibete

465 4524 726 4593 patienter
751 4525 859 4594 agit
892 4533 1102 4595 propter
1126 4542 1237 4588 vos,
1271 4526 1449 4580 nolens
1480 4525 1705 4596 aliquem
1741 4528 1931 4596 perire,
1962 4529 2051 4582 sed
2077 4550 2131 4610 D
2157 4545 2243 4581 vos
2291 4504 2398 4581 Deo
2448 4538 2700 4598 tanquam
2743 4542 2808 4580 ea:
2852 4529 3073 4580 mortuis
3118 4526 3374 4591 viventes,
3424 4537 3473 4579 et
3519 4529 3756 4582 membra

467 4631 645 4674 omnes
674 4618 744 4673 ad
776 4621 1127 4691 paenitentiam
1159 4622 1342 4675 reverti
1371 4619 1457 4695 (II
1485 4619 1627 4675 Petr.
1654 4621 1760 4693 ιιι).
1802 4623 1919 4693 Ipse
1949 4625 2052 4680 ite-

465 4719 587 4765 rum
611 4708 746 4765 dicit
770 4728 783 4764 :
819 4709 1044 4781 Propter
1071 4711 1232 4783 quod,
1266 4712 1584 4778 charissimi,
1613 4711 1724 4767 haec
1752 4723 2056 4784 exspectan-

465 4809 564 4867 tes,
594 4800 725 4855 satis
752 4802 893 4872 agite
919 4801 1275 4866 immaculati,
1317 4812 1365 4857 et
1395 4801 1634 4856 inviolati
1659 4802 1880 4857 inveniri
1915 4805 1963 4856 ei
1998 4804 2054 4857 in

463 4908 623 4961 pace;
646 4899 693 4946 et
715 4890 931 4959 Domini
962 4893 1125 4947 nostri
1156 4892 1629 4963 longanimitatem,
1660 4892 1881 4947 salutem
1912 4892 2053 4946 arbi-

465 4985 682 5037 tramini
707 4983 757 5055 (1
764 4982 919 5055 bid.).
956 4983 1074 5039 Non
1102 4999 1231 5055 ergo
1256 4985 1415 5039 nobis
1446 5000 1476 5039 a
1505 4983 1737 5040 Domino
1764 4997 2059 5048 concessas.

462 5087 562 5143 per
588 5074 832 5143 corporis
857 5074 1239 5147 negligentiam
1269 5076 1481 5130 dierum
1512 5083 1821 5129 nostrorum
1858 5074 2053 5143 perda-

463 5179 587 5219 mus
620 5164 900 5231 inducias,
945 5166 1041 5221 sed
1083 5165 1377 5221 emendare
1412 5165 1667 5220 celeriter
1694 5163 2048 5233 festinemus,

461 5256 608 5324 quod
647 5255 818 5312 multo
859 5263 1099 5327 tempore
1140 5256 1477 5327 negligenter
1516 5256 1747 5327 egimus,
1795 5271 1864 5312 ne
1909 5256 2051 5312 forte

459 5359 587 5419 post
612 5352 796 5419 carnis
828 5353 991 5424 hujus
1033 5351 1427 5409 resolutionem
1461 5368 1585 5410 cum
1630 5351 1738 5408 illis
1781 5354 2047 5423 reprobis,

460 5440 558 5508 qui
588 5440 644 5497 in
670 5442 809 5499 libro
833 5442 1124 5515 Sapientiae
1150 5443 1483 5509 scribuntur,
1517 5443 1906 5504 infructuosam
1933 5458 2075 5516 μυί

461 5528 763 5611 ιιὶιθιιιίδιιιγ
782 5541 1022 5609 agentes,
1054 5542 1111 5590 et
1136 5549 1249 5605 prae
1288 5535 1509 5590 tristitia
1535 5535 1715 5590 cordis
1754 5536 1924 5592 nostri
1954 5550 2049 5606 ge-

461 5628 677 5678 mentes
715 5622 1118 5696 nobismetipsis
1147 5633 1464 5697 reputantes
1492 5625 1740 5682 dicamus
1768 5645 1781 5680 :
1820 5626 1933 5680 Nos
1962 5626 2048 5681 in-
2073 5655 2077 5659 ~

464 5712 664 5767 sensati
699 5714 989 5771 erravimus
1026 5731 1061 5769 a
1095 5716 1181 5771 via
1218 5716 1486 5781 veritatis,
1529 5724 1579 5771 et
1614 5715 1839 5785 iustitia
1875 5714 2051 5775 lumen

469 5803 728 5865 nostrisa
749 5805 920 5876 nobis,
938 5816 991 5867 et
1013 5805 1094 5866 sol
1115 5806 1474 5875 intelligentia:
1496 5824 1601 5864 non
1618 5816 1694 5864 est
1713 5816 1860 5863 ortus
1880 5807 2046 5865 nobis.

2156 4627 2325 4672 vestra
2352 4633 2502 4672 arma
2524 4617 2753 4687 justitia:
2778 4617 2910 4671 Deo.
2955 4614 3239 4671 Peccatum
3271 4618 3411 4672 vobis
3444 4635 3553 4673 non
3583 4619 3743 4673 dorsi.

2157 4719 2310 4763 netur
2336 4708 2509 4778 (Rom.
2537 4707 2635 4780 vI).
2663 4707 2941 4776 Quomodo
2967 4707 3125 4764 n'obis
3143 4708 3341 4762 iterum
3365 4709 3537 4764 corda
3561 4719 3752 4765 nostra

2156 4800 2266 4854 sint
2289 4800 2666 4869 prmparanda,
2696 4799 2839 4853 idem
2868 4797 3159 4867 Apostolus
3187 4799 3300 4868 ipse
3326 4798 3403 4853 ait
3428 4815 3443 4851 :
3483 4798 3624 4854 Dico
3654 4817 3752 4853 as-

2155 4899 2279 4954 tem,
2302 4890 2490 4960 spiritu
2513 4888 2777 4944 ambulate
2798 4899 2847 4944 et
2867 4890 3126 4945 desideria
3149 4891 3324 4943 carnis
3347 4906 3408 4944 ne
3432 4890 3747 4960 perﬁciatis.

2152 4981 2287 5036 Item
2318 4980 2467 5051 ipse:
2505 4978 2565 5035 Si
2597 4981 2785 5053 spiritu
2814 4982 3057 5047 vivimus,
3093 4980 3282 5051 spiritu
3312 4990 3360 5034 et
3391 4981 3749 5037 ambulemus.

2158 5070 2283 5126 Non
2311 5071 2598 5142 efﬁciamur
2622 5071 2796 5126 inanis
2824 5070 3009 5141 gloria:
3042 5072 3248 5143 cupidi,
3293 5072 3515 5126 invicem
3552 5089 3722 5142 proco

2154 5171 2350 5229 cantes,
2374 5163 2591 5218 invicem
2612 5163 2893 5219 invidentes
2908 5159 3107 5236 (Galat.
3124 5165 3199 5235 v).
3230 5164 3383 5218 Tunc
3403 5165 3553 5219 enim
3577 5166 3747 5222 corda

2153 5262 2370 5319 nostra,
2416 5263 2473 5310 et
2498 5270 2727 5327 corpora
2765 5255 2819 5310 in
2854 5256 3069 5310 Domini
3098 5265 3477 5326 praeparantur
3508 5258 3743 5314 militia.

2155 5346 2200 5401 si
2229 5347 2547 5418 abjiciamus
2575 5363 2605 5402 a
2632 5348 2790 5402 nobis
2815 5362 2981 5418 opera
3008 5357 3222 5403 mortua
3239 5391 3255 5416 ,
3287 5350 3341 5405 id
3368 5358 3452 5405 est
3477 5361 3742 5421 peccata,

2149 5455 2318 5512 opera
2348 5444 2716 5507 tenebrarum,
2744 5456 2911 5512 opera
2944 5444 3151 5509 carnis,
3178 5454 3234 5499 et
3262 5445 3649 5511 tenebrarum,
3684 5451 3747 5498 et

2153 5533 2443 5588 induamur
2470 5548 2620 5587 arma
2652 5532 2816 5597 lucis,
2858 5541 2912 5587 et
2946 5532 3155 5589 fructus
3189 5535 3439 5605 spiritus,
3479 5536 3744 5606 quisth

2151 5624 2381 5680 virtutes
2414 5625 2736 5679 animarum.
2773 5621 2947 5694 Opera
2976 5636 3150 5681 autem
3173 5628 3351 5681 carnis
3378 5636 3503 5681 sunt
3530 5626 3743 5681 adulte-

2152 5715 2256 5780 ria,
2293 5713 2688 5784 fornicationes,
2719 5714 3076 5784 immunditia,
3105 5718 3456 5789 impudicitia,
3496 5718 3741 5785 luxuria,

2150 5808 2410 5867 idolorum
2443 5810 2685 5879 servitus,
2716 5810 2984 5884 veneﬁcia,
3012 5812 3322 5886 inimicitiae,
3353 5816 3740 5883 contentiones,
