4020 6458
250 404 348 466 721

1297 414 1652 477 COMMENT.
1693 418 1763 476 ΙΝ
1799 418 1959 479 REG.
1999 420 2060 477 S.
2100 422 2483 482 BENEDICTI.

3330 454 3335 460 ·
3413 435 3522 495 722

245 526 632 597 mutationes,
662 530 1068 602 indignationes,
1099 538 1516 605 provocationes,
1548 539 1833 595 dissensio-
1858 541 1911 601 Α
1937 538 1991 593 in
2020 542 2272 608 praesenti
2300 542 2412 598 vita
2441 545 2833 605 seminaverint
2860 550 2915 606 in
2944 552 3219 633 lacrymis,
3250 555 3303 609 in
3332 553 3517 613 futuro

244 634 357 685 nes,
394 630 568 687 secter,
607 623 848 689 hwreses,
888 625 1122 692 invidiw,
1161 627 1470 694 irw,.rixa:,
1513 630 1826 697 homicidia,

241 711 534 778 ebrietates,
566 717 984 785 comessationes,
1021 728 1071 773 et
1097 720 1179 774 his
1205 721 1424 788 similia,
1454 740 1572 793 qua:
1598 725 1827 794 pra’dico

239 801 407 868 vobis,»
440 804 573 858 sicut
601 816 651 859 et
679 808 932 877 prcedixi,
973 812 1223 881 quoniam
1259 814 1351 885 qui
1387 815 1519 869 talia
1548 826 1710 887 agunt
1741 834 1827 872 re-

236 907 399 963 gnum
424 894 524 948 Dei
561 913 667 951 non
698 911 1097 970 consequentur.
1142 902 1376 960 Fructus
1403 915 1578 962 autem
1605 908 1827 979 spiritus

236 993 315 1038 est
348 985 602 1053 charitas,
641 989 916 1059 gaudium,
952 1009 1079 1063 pax,
1118 996 1395 1064 patientia,
1427 996 1822 1069 longanimitas,

237 1075 471 1142 bonitas,
515 1077 829 1149 benignitas,
867 1082 1031 1151 fides,
1071 1086 1356 1154 modestia,
1397 1086 1619 1155 lenitas,
1658 1092 1825 1146 conti-

235 1167 435 1233 nentia,
457 1177 694 1225 castitas.
732 1173 996 1231 Adversus
1018 1175 1326 1247 hujusmodi
1350 1195 1456 1234 non
1480 1189 1557 1234 est
1580 1180 1685 1235 lex.
1718 1180 1823 1248 Qui

231 1266 411 1312 autem
438 1270 561 1314 sunt
586 1260 816 1330 Christi,
859 1283 1071 1322 carnem
1106 1286 1259 1324 suam
1294 1271 1673 1341 cruci/inerunt
1701 1289 1822 1329 cum

1929 630 2127 686 saeculo
2152 631 2205 686 in
2232 633 2425 703 gaudio
2451 645 2675 693 metent.
2709 637 3046 697 Currendum
3064 630 3155 699 est
3179 660 3310 717 ergo
3333 648 3513 718 nobis,

1929 741 2035 780 non
2066 726 2311 795 pedibus,
2339 728 2434 784 sed
2460 730 2594 797 vita,
2625 741 2681 786 et
2709 735 2971 803 moribus,
3001 748 3063 793 ut
3088 738 3220 795 illud
3243 744 3516 813 possimus

1927 815 1982 869 in
2014 816 2116 871 hac
2145 819 2257 874 vita
2282 821 2639 892 conquirere,
2679 828 2823 895 quod
2854 830 3011 886 nobis
3046 832 3099 886 in
3130 842 3395 891 aetemum
3423 853 3516 893 co-

1925 908 2238 975 gnoscimus
2268 913 2555 982 expedire,
2596 915 2647 971 id
2676 927 2790 986 est,
2829 920 2946 977 illas
2974 926 3313 994 supradictas
3338 929 3515 987 virtu-

1924 1003 2030 1064 tes,
2050 999 2372 1061 charitatem
2388 1004 2659 1073 videlicet,
2683 1012 2958 1080 gaudium,
2979 1030 3188 1086 pacem,
3210 1028 3266 1075 et
3287 1030 3515 1081 caeteras

1923 1101 2114 1145 omnes
2135 1091 2336 1149 habere
2355 1087 2410 1151 in
2431 1101 2687 1168 praesenti
2713 1100 2934 1171 saeculo,
2959 1115 3158 1164 etcum
3183 1110 3313 1180 illis,
3337 1120 3393 1170 et
3410 1128 3517 1189 pro

1923 1179 2031 1238 illis
2053 1183 2240 1241 vivere
2266 1188 2537 1256 possimus
2565 1193 2621 1248 in
2649 1192 2852 1252 futuro.
3060 1190 3061 1195 “
3450 1188 3474 1217 γ’

1995 1270 2371 1335 Constituenda
2392 1291 2468 1338 est
2492 1300 2616 1357 ergo
2639 1287 2786 1344 nobis
2809 1288 3071 1349 Dominici
3090 1299 3267 1355 schola
3289 1306 3511 1364 servitii.

230 1349 371 1405 vitiis
398 1361 447 1405 et
477 1355 907 1426 concupiscentiis
963 1359 1175 1435 (lbid.).
1229 1362 1298 1418 Et
1326 1364 1395 1419 ad
1419 1357 1729 1423 Corinthios
1755 1369 1822 1424 de
1921 1362 2122 1464 Schola
2149 1368 2342 1429 Graeco
2371 1349 2634 1435 vocabulo
2660 1381 2862 1439 dicitur
2888 1384 3071 1456 locus,
3222 1409 3331 1464 quo
3376 1349 3513 1455 add:

229 1443 412 1498 cordis
439 1445 668 1515 pariter,
708 1456 762 1504 et
798 1452 1043 1520 corporis
1069 1456 1464 1524 praeparatione
1492 1458 1572 1513 sic
1598 1459 1713 1514 ait:
1751 1459 1820 1516 In
1919 1455 2189 1517 lescentes
2216 1463 2541 1524 littemlibus
2570 1473 2764 1529 studiis
2792 1491 3011 1547 operam
3042 1480 3173 1537 dare
3213 1493 3270 1540 et
3306 1486 3375 1541 ad
3408 1504 3513 1569 au-

229 1536 469 1569 Μυκη..
500 1539 832 1569 ρμιὶιηηω..-
861 1545 1135 1569 ....-...-.:..-
1151 1562 1201 1569 --
1251 1547 1383 1569 -:---.
1413 1547 1502 1569 ιι-)
1527 1549 1757 1569 “JH-JH-
1929 1549 2037 1569 je-,-
2068 1553 2107 1569 g,
2295 1557 2307 1568 .
2352 1567 2358 1569 _
2755 1566 2767 1569 _

226 1536 469 1591 omnibus
497 1539 832 1597 exhibeamus
861 1545 1224 1616 nosmetipsos,
1246 1547 1383 1601 sicut
1402 1547 1502 1602 Dei
1523 1549 1815 1606 ministros.
1918 1549 2148 1609 diendos
2165 1557 2458 1628 magistros
2476 1577 2671 1621 vacare
2691 1536 2885 1622 solent.
2914 1569 3069 1627 Unde
3090 1574 3275 1631 schola
3297 1560 3516 1650 vacatio

239 1624 296 1650 1..
330 1627 494 1650 μ.--¹α..
526 1632 675 1650 “-L-A,
705 1633 740 1650 Α.
842 1634 855 1646 ο
926 1643 937 1650 ,
976 1634 1009 1650 οι
1068 1634 1080 1650 ι
1125 1637 1158 1650 Α.
1237 1638 1268 1650 ,ι
1409 1640 1420 1650 .
1680 1644 1691 1650 -
1781 1646 1792 1650 -
1921 1640 1933 1650 ι

2262 1624 2283 1628 ν
2930 1624 3063 1627 -πίν
3091 1624 3275 1631 νν---ν-
3310 1624 3513 1650 ’νιν-ἰιι

228 1624 299 1681 In
328 1627 495 1683 multa
521 1632 795 1700 patientia,
834 1634 892 1688 in
919 1634 1364 1704 tribulationibus,
1401 1640 1458 1694 in
1496 1644 1819 1699 necessitati—
1917 1640 2334 1712 interpretatur.
2393 1650 2637 1722 Denique
2685 1656 2738 1712 in
2789 1656 3034 1729 Psalmo,
3091 1664 3184 1720 ubi
3232 1668 3513 1738 canimus,

226 1718 345 1784 bus,
384 1720 442 1773 in
469 1724 747 1792 angustiis,
789 1725 845 1778 in
872 1724 1063 1797 plagis,
1090 1728 1147 1782 in
1172 1730 1490 1797 carceribus,
1520 1733 1576 1785 in
1603 1734 1816 1788 seditio-
1925 1731 2152 1803 Vacate,
2195 1747 2243 1792 et
2281 1740 2447 1796 videte
2473 1747 2723 1815 quoniam
2764 1766 2859 1821 ego
2896 1769 3014 1808 sum
3038 1753 3299 1814 Dominus
3331 1759 3506 1832 (Psal.

2485 1810 2495 1815 _
2793 1810 2816 1821 ν
3146 1810 3149 1811 ν
3334 1810 3506 1832 Γπ.-

225 1811 398 1876 nibus,
420 1813 477 1867 in
500 1810 782 1879 laboribus,
809 1817 865 1870 in
886 1817 1097 1887 vigiliis,
1129 1820 1185 1874 in
1206 1820 1451 1892 jejuniis,
1473 1824 1529 1879 in
1549 1827 1811 1894 castitate,
1846 1900 1892 1920 ﬁ
1917 1825 2073 1898 xcv),
2126 1828 2182 1883 in
2213 1829 2403 1889 Graeco
2437 1834 2669 1917 habetur
2700 1843 3018 1913 Σχολάσατι.
3074 1845 3215 1920 Ergo
3261 1850 3404 1907 sicut
3449 1853 3509 1910 in

224 1901 281 1955 in
308 1902 551 1970 scientia,
587 1906 644 1959 in
677 1905 1098 1978 longanimitate,
1135 1911 1192 1965 in
1221 1913 1502 1980 suavitate,
1531 1916 1586 1969 in
1614 1915 1817 1987 Spiritu
1845 1900 1893 1961 Β
1920 1919 2106 1976 schola
2127 1924 2281 1993 pueri
2295 1941 2427 1994 cum
2449 1927 2754 2012 disciplina,
2779 1950 2899 2004 qua:
2919 1936 3025 1993 illis
3045 1944 3357 1999 necessaria
3380 1956 3511 2003 sunt

222 2003 426 2059 sancto,
466 1995 523 2049 in
560 1996 817 2052 charitate
854 2015 959 2053 non
994 1999 1140 2068 ﬁcta,
1180 2003 1236 2056 in
1272 2003 1426 2058 verbo
1465 2007 1717 2076 veritatis,
1757 2010 1816 2065 in
1915 2010 2164 2077 discunt,
2214 2023 2270 2070 et
2310 2032 2431 2087 quae
2476 2020 2533 2074 in
2578 1995 2764 2079 futuro
2791 2028 3003 2095 prosint
3032 2032 3298 2099 capiunt:
3337 2035 3411 2090 ita
3449 2047 3508 2093 et

222 2083 414 2140 virtute
437 2084 555 2152 Dei,
580 2104 673 2158 per
696 2105 850 2144 arma
870 2090 1097 2160 justitice
1123 2110 1155 2146 a
1185 2093 1406 2161 dextris,
1428 2107 1478 2150 et
1503 2114 1536 2151 a
1561 2100 1810 2169 sinistris,

219 2192 315 2247 per
336 2176 562 2249 gloriam
591 2188 640 2234 et
668 2181 1079 2250 ignobilitatem,
1116 2200 1211 2255 per
1235 2186 1514 2255 infamiam
1544 2198 1593 2243 et
1623 2190 1813 2246 bonam

221 2265 455 2336 famam,
501 2278 559 2325 ut
592 2271 890 2328 seductores
919 2282 969 2329 et
997 2291 1227 2342 veraces,
1267 2278 1400 2333 sicut
1437 2281 1527 2352 qui
1563 2282 1727 2353 ignoti
1762 2294 1813 2340 et

219 2362 436 2430 cogniti.
473 2360 640 2427 Quasi
661 2364 964 2432 morientes,
986 2375 1034 2419 et
1058 2383 1174 2422 ecce
1196 2369 1439 2436 vivimus,
1464 2380 1521 2425 ut
1545 2375 1811 2446 castigati,

217 2459 268 2505 et
303 2468 410 2507 non
444 2453 766 2522 mortiﬁcati.
821 2453 987 2522 Quasi
1021 2458 1216 2527 tristes,
1247 2478 1450 2534 semper
1476 2474 1652 2520 autem
1680 2484 1806 2539 gau‘

219 2540 420 2598 dentes.
477 2542 628 2601 Sicut
673 2556 902 2617 egentes,
950 2548 1146 2606 multos
1190 2562 1366 2608 autem
1409 2553 1807 2626 locupletantes.

222 2631 497 2705 Tanquam
541 2635 675 2691 nihil
716 2638 984 2709 habentes,
1033 2651 1082 2696 et
1133 2645 1311 2700 omnia
1352 2647 1679 2717 possidentes
1719 2650 1809 2723 (11

219 2719 344 2779 Cor.
374 2725 472 2798 γι).

291 2812 361 2869 Et
407 2819 548 2888 quod
593 2820 768 2876 minus
814 2823 970 2879 habet
1012 2824 1071 2881 in
1114 2827 1263 2883 nobis
1303 2839 1498 2887 natura
1539 2835 1805 2905 possibile.

217 2902 481 2964 Naturam
508 2910 641 2966 dicit
668 2911 944 2985 ingenium
964 2954 980 2983 ,
1024 2930 1208 2977 mores
1239 2928 1295 2976 et
1328 2902 1582 2979 astutiam
1613 2926 1803 2984 animi.

218 2996 421 3055 Natura
446 3002 593 3058 enim
622 3003 768 3061 dicta
797 3006 868 3062 ab
895 3023 981 3079 eo,
1019 3012 1163 3083 quod
1192 3015 1344 3070 nasci
1379 3015 1581 3088 aliquid
1615 3018 1801 3079 faciat.

217 3086 484 3162 Gignendi
526 3095 675 3151 enim
714 3105 771 3152 et
810 3097 1046 3161 faciendi
1085 3113 1279 3174 potens
1315 3116 1434 3164 est:
1468 3086 1683 3181 lragilis
1721 3123 1806 3171 est

216 3180 360 3236 enim
388 3183 625 3242 humana
652 3196 887 3247 natura:
921 3194 1050 3265 quia
1076 3198 1222 3266 quod
1246 3199 1362 3255 vult
1384 3180 1587 3258 bonum
1616 3220 1799 3276 agere,

1914 2099 2172 2158 mona'chi
2201 2105 2258 2159 in
2284 2113 2606 2166 monasterii
2638 2116 2906 2186 regularis
2934 2120 3116 2176 schola
3134 2163 3149 2188 ,
3181 2131 3236 2179 et
3261 2140 3381 2196 quae
3408 2143 3508 2187 eos

1912 2193 1968 2248 in
1994 2199 2251 2265 praesenti
2278 2198 2504 2259 honeste
2531 2205 2716 2263 vivere
2740 2206 2975 2280 faciant,
3004 2224 3059 2269 et
3085 2231 3207 2285 quae
3235 2193 3295 2274 in
3318 2220 3505 2281 futuro

1909 2284 2097 2345 felices
2118 2290 2369 2362 reddant,
2393 2294 2603 2353 discere
2626 2302 2902 2372 sagaciter
2916 2314 2971 2361 et
2990 2284 3284 2368 efﬁcaciter
3304 2314 3504 2373 debent

1909 2378 2157 2450 implere.
2730 2388 2731 2391 “
2995 2452 3005 2463 ,
3068 2404 3072 2408 ’

1981 2473 2052 2530 In
2080 2492 2187 2547 qua
2218 2478 2545 2540 institutione
2586 2485 2720 2542 nihil
2755 2507 3028 2561 asperum,
3061 2496 3194 2551 nihil
3218 2514 3375 2569 grave
3402 2518 3503 2560 nos

1909 2568 2286 2625 constituturos
2306 2588 2599 2643 speramus.
2629 2578 2902 2638 Institutio
2924 2585 3071 2640 enim
3091 2568 3356 2659 regularis
3369 2594 3503 2653 vitas

1908 2656 2217 2716 volentibus
2252 2677 2377 2718 eam
2416 2666 2551 2721 nihil
2590 2685 2843 2740 asperum
2873 2674 3077 2746 habet,
3126 2656 3263 2736 nihil
3307 2700 3500 2756 grave.

1908 2745 2106 2817 Jugum
2131 2751 2270 2805 enim
2296 2770 2469 2810 meum
2486 2798 2501 2822 ,
2537 2759 2616 2814 ait
2639 2759 2933 2833 Dominus,
2964 2785 3121 2825 suave
3146 2783 3253 2840 est,
3285 2784 3334 2830 et
3362 2791 3502 2836 om

1908 2855 2082 2894 meum
2111 2840 2218 2897 leve
2241 2844 2459 2915 (Matth.
2487 2851 2587 2924 xi).
2628 2852 2944 2917 Nolentihus
2969 2862 3141 2932 enim,
3166 2874 3226 2922 et
3252 2883 3380 2925 suas
3402 2883 3503 2927 vo-

1906 2927 2142 2988 luntates
2167 2933 2393 3006 implere
2418 2940 2725 3002 volentibus
2746 2951 2927 3006 omnia
2954 2953 3098 3011 bona
3125 2927 3257 3014 sunt
3278 2975 3493 3033 aspera,

1906 3023 2091 3077 omnia
2119 3034 2246 3082 sunt
2266 3032 2474 3101 gravia.
2507 3033 2777 3096 Institutio
2800 3043 2949 3101 enim
2973 3047 3281 3121 dispositio,
3302 3023 3388 3112 vel
3407 3023 3498 3113 or;

1906 3112 2113 3172 dinatio
2142 3117 2489 3194 intelligitur.
2594 3154 2597 3157 ι

1978 3205 2087 3262 Sed
2117 3219 2166 3263 et
2194 3211 2241 3265 si
2265 3215 2393 3284 quid
2419 3218 2700 3288 paululum
2738 3227 3030 3285 restrictius
3067 3234 3300 3291 dictante
3332 3242 3505 3310 tequi-

214 3276 479 3344 perlicere
508 3294 618 3335 non
642 3282 817 3349 valet,
853 3286 963 3341 nisi
990 3286 1317 3358 adiutorium
1345 3310 1377 3349 a
1402 3295 1632 3353 Domino
1656 3273 1803 3355 accié
1828 3273 1874 3337 Ο
1904 3297 2027 3352 tatis
2049 3301 2271 3356 ratione.
2297 3303 2554 3391 IEquitas
2573 3320 2658 3368 est
2674 3317 2899 3387 veritas,
2922 3329 2978 3377 et
2995 3324 3241 3382 veritatis
3258 3273 3500 3400 justiqtia,

214 3380 345 3400 nano
390 3373 647 3400 Μηηιιιι-ἓο
723 3375 873 3400 11-)-
926 3388 970 3400 ,Α
1025 3381 1085 3400 Α,
1107 3398 1117 3400 _
1163 3392 1176 3400 .
1217 3385 1231 3400 ι
1378 3389 1411 3400 οΔ
1506 3391 1551 3400 --
1742 3393 1775 3400 -.
1979 3390 2007 3400 ν.
2380 3399 2384 3400 ,

2389 3373 2406 3377 -
2886 3373 2899 3387 1
2931 3373 2946 3377 ν
2962 3373 2975 3376 -
3009 3373 3240 3382 ~v--~—---
3258 3373 3500 3400 ι-ν-ι-ιυιφ

174 3402 179 3407 »
213 3380 345 3436 pere
389 3373 666 3429 meruerit.
723 3375 877 3435 Unde
918 3388 975 3436 et
1011 3381 1301 3453 Apostolus
1340 3389 1452 3445 ait:
1494 3391 1639 3447 Nam
1675 3393 1803 3451 velle
1902 3390 2067 3457 ratio,
2090 3402 2271 3451 motus
2297 3399 2519 3467 quidam
2540 3388 2707 3461 animi
2732 3410 2908 3466 visum
2934 3416 3133 3473 mentis
3156 3433 3385 3489 acuens,
3404 3438 3502 3479 ve-

217 3458 425 3489 ηλῖι-Αιιι
453 3464 581 3489 ...ΣΙ-2
633 3468 874 3489 μρμΒΑ--,,
985 3482 997 3489 .
1249 3478 1261 3489 ο
1399 3482 1411 3489 .
1483 3482 1543 3489 ..-
1757 3487 1765 3489 .
2220 3486 2232 3489 -
2272 3487 2279 3489 _

215 3458 425 3531 adjacet
452 3464 603 3532 mihi,
630 3468 878 3539 perficere
905 3482 1083 3528 autem
1109 3493 1214 3533 non
1240 3478 1444 3537 invenio
1473 3482 1655 3555 (Rom.
1678 3487 1799 3560 vn).

216 3547 374 3608 Unde
401 3562 457 3610 et
484 3555 574 3611 hic
599 3568 787 3627 aperte
811 3564 1097 3633 sequitur:

286 3640 551 3715 Rogemus
578 3647 864 3706 Dominum
890 3664 948 3708 ut
972 3658 1161 3728 gratia:
1186 3676 1299 3716 suae
1318 3662 1507 3733 jubeat
1536 3667 1683 3722 nobis
1711 3670 1805 3724 ad-

206 3729 469 3803 iutorium
488 3738 806 3796 ministrare.
822 3741 970 3800 Inter
987 3746 1298 3808 ministrare
1315 3729 1372 3808 et
1389 3755 1804 3819 subministrare

212 3824 295 3880 sic
321 3825 456 3882 dicit
483 3828 685 3886 distare
709 3831 1046 3907 Fulgentius,
1087 3841 1233 3910 quod
1259 3832 1314 3898 in
1339 3860 1449 3902 uno
1481 3847 1677 3906 horum
1706 3851 1804 3909 oh-

211 3919 465 3988 sequium
508 3921 868 3993 humilitatis,
923 3928 983 3983 in
1024 3930 1198 3988 altero
1234 3945 1418 3993 autem
1457 3941 1805 4002 abundantiae

204 4005 478 4077 judicium
530 4028 596 4070 ac
644 4020 932 4085 potestatis
976 4025 1299 4082 ostenditur.
1359 4029 1406 4084 A
1455 4033 1803 4094 ministrante

209 4101 413 4173 quippe
451 4105 772 4176 obsequium
803 4110 1067 4182 redditur,
1110 4130 1144 4171 a
1184 4119 1636 4183 subministrante
1671 4142 1804 4185 vero

208 4196 516 4255 subsidium
542 4212 898 4275 prmrogatur.

281 4286 354 4342 Et
378 4290 425 4343 si
451 4290 709 4363 fugientes
736 4296 983 4366 gehenna:
1008 4314 1188 4370 plenas
1213 4302 1284 4358 ad
1310 4306 1469 4362 vitam
1495 4321 1801 4381 perpetuam

210 4378 459 4437 volumus
487 4387 774 4454 pervenire.
807 4387 1070 4449 Gehenna
1096 4402 1180 4450 est
1206 4395 1360 4455 locus
1387 4378 1529 4472 ignis
1546 4444 1560 4470 ,
1590 4378 1660 4461 vet
1687 4407 1801 4462 sul-

206 4470 424 4542 phuris.
472 4473 665 4533 Futuri
692 4495 827 4551 ergo
853 4483 1103 4553 supplicii
1131 4487 1314 4558 locus,
1344 4470 1446 4549 ubi
1485 4508 1803 4565 peccatores

209 4563 496 4620 cruciandi
524 4576 671 4636 sunt,
702 4568 862 4640 hujus
887 4572 993 4630 loci
1011 4579 1277 4638 vocabulo
1300 4563 1633 4656 designatur.
1665 4590 1799 4650 Nam

208 4651 408 4724 duplex
439 4654 495 4711 in
521 4658 765 4728 gehenna
792 4662 1175 4725 damnatorum
1218 4681 1304 4730 est
1343 4651 1539 4747 poena,
1583 4682 1799 4741 illorum
1824 4652 1878 4714 Β

208 4754 395 4804 autem
427 4760 483 4807 et
511 4763 750 4811 mentem
781 4758 894 4814 urit
931 4761 1148 4820 tristitia
1169 4806 1184 4832 ,
1231 4776 1289 4824 et
1331 4786 1527 4842 corpus
1563 4776 1799 4835 ﬂamma.

210 4834 357 4894 Nam
385 4840 529 4897 sicut
556 4843 645 4900 ille
671 4845 812 4918 ignis
840 4852 1042 4908 camini
1069 4871 1179 4912 non
1209 4860 1346 4916 arsit
1373 4834 1443 4919 ad
1473 4866 1634 4923 trium
1672 4886 1804 4941 pue-

204 4944 403 4988 rorum
443 4936 801 5008 supplicium,
848 4950 905 4998 et
946 4952 1129 5004 tamen
1158 4952 1292 5007 arsit
1331 4954 1398 5010 ad
1437 4936 1803 5018 comburenda

204 5021 471 5098 ligamina
504 5029 882 5113 vinculorum:
925 5035 1000 5091 ita
1041 5039 1181 5110 ignis
1217 5043 1476 5111 gehenna:
1511 5057 1568 5104 et
1600 5050 1802 5109 lucebit
1848 5038 1855 5045 ’

207 5117 432 5174 miseris
468 5119 536 5175 ad
576 5131 863 5193 augmenta
893 5141 1212 5198 pmnarum,
1253 5141 1310 5188 et
1345 5150 1453 5191 non
1490 5136 1693 5197 lucebit
1728 5142 1799 5199 ad

207 5209 639 5269 consolationem
673 5217 1015 5285 gaudiorum.

285 5301 429 5357 Dum
457 5304 630 5360 adhuc
656 5317 823 5374 vacat,
854 5319 903 5365 et
931 5311 987 5367 in
1012 5313 1109 5370 hoc
1138 5333 1354 5390 corpore
1381 5338 1584 5392 sumus,
1605 5336 1656 5382 et
1686 5328 1799 5385 hac

206 5396 393 5452 omnia
428 5413 519 5468 per
542 5397 677 5454 hanc
706 5398 838 5457 lucis
866 5404 1001 5459 viam
1025 5418 1175 5463 vacat
1212 5411 1447 5484 implere,
1481 5421 1799 5477 currendum

207 5497 262 5543 et
293 5489 553 5559 agendum
584 5501 661 5547 est
690 5493 846 5548 modo
873 5496 1014 5567 quod
1050 5500 1105 5553 in
1140 5513 1444 5574 perpetuum
1473 5509 1619 5565 nobis
1647 5529 1801 5580 expe-

208 5579 350 5634 diat.
386 5580 529 5639 Ecce
557 5598 701 5641 nunc
726 5593 938 5659 tempus
964 5594 1325 5663 acceptabile;
1358 5613 1487 5655 ecce
1510 5616 1655 5658 nunc
1684 5579 1802 5662 dies

208 5670 427 5728 salutis.
454 5674 741 5745 Vacemus,
764 5686 821 5733 et
838 5678 1117 5737 videamus
1136 5699 1296 5754 quam
1319 5690 1501 5747 suavis
1519 5701 1602 5748 est
1620 5694 1800 5751 Domi-

206 5780 340 5833 nus,
362 5774 419 5822 et
446 5766 573 5825 dum
604 5779 815 5843 tempus
842 5780 926 5829 est
950 5789 1242 5845 operemur
1264 5778 1465 5837 bonum
1492 5785 1559 5840 ad
1586 5801 1794 5845 omnes.

206 5854 355 5928 Quia
379 5862 526 5937 quod
551 5866 902 5927 seminaverit
926 5867 1110 5943 homo,
1154 5871 1258 5933 hoc
1286 5883 1342 5936 et
1370 5884 1555 5938 metet.
1601 5878 1670 5937 Et
1701 5881 1795 5956 qui

958 6000 1036 6062 "t

1902 3496 2073 3553 raque
2102 3500 2134 3541 a
2163 3483 2315 3544 falsis
2341 3490 2700 3566 distinguens.
2742 3500 2893 3559 Mens
2921 3504 3160 3566 hominis
3184 3509 3313 3567 dum
3342 3483 3500 3571 recta
3578 3514 3583 3515 ί

1893 3570 2125 3645 judicat,
2155 3580 2297 3636 ratio
2322 3591 2425 3639 est.
2459 3583 2598 3642 Dum
2625 3591 2797 3662 spirat
2822 3596 3061 3665 spiritus.

1975 3664 2201 3739 Propter
2223 3675 2639 3735 emendationem
2668 3664 2934 3744 vitiorum.
2982 3690 3128 3748 Vitia
3168 3695 3305 3752 nihil
3347 3706 3494 3769 sunt.

1905 3756 2012 3815 Sed
2038 3762 2132 3817 ubi
2158 3764 2373 3823 bonitas
2400 3769 2586 3840 deest,
2625 3775 2817 3833 vitium
2848 3789 2951 3837 est.
2999 3782 3188 3842 Omnis
3216 3788 3366 3846 enim
3393 3756 3497 3846 na;

1902 3952 2057 4001 actus
2084 3955 2228 4016 sunt,
2260 3966 2369 4007 non
2397 3970 2506 4011 res.
2541 3956 2861 4033 Quanquam
2891 3981 2991 4035 per
3020 3983 3079 4025 se
3112 3986 3280 4043 agere
3304 3974 3497 4033 dicun-

1903 4041 1993 4089 tur
2021 4036 2225 4107 allquid
2252 4056 2377 4098 cum
2412 4060 2478 4099 ea
2500 4086 2516 4112 ,
2560 4056 2617 4102 et
2655 4066 2757 4120 per
2780 4068 2844 4107 ea
2877 4062 3051 4111 totum
3082 4036 3199 4135 egit
3223 4063 3496 4137 diabolus,

1902 4130 1987 4185 vel
2014 4131 2267 4189 damnata
2293 4136 2568 4208 dicuntur,
2606 4159 2731 4200 cum
2768 4147 2884 4217 ipse
2922 4165 3021 4220 pro
3051 4130 3494 4234 damnatur;

1902 4227 1961 4275 et
1995 4221 2161 4279 homo
2201 4240 2328 4308 cum
2374 4243 2475 4308 per
2517 4230 2749 4290 liberum
2798 4238 3085 4297 arbitrium
3133 4245 3219 4301 his
3266 4221 3496 4308 allectus

1903 4312 2075 4367 trahit
2096 4315 2165 4370 ad
2187 4306 2427 4374 sensum.
2454 4306 2525 4377 Et
2549 4323 2671 4380 ideo
2697 4326 2751 4381 in
2774 4326 2959 4387 futuro
2984 4336 3183 4391 saeculo
3203 4354 3312 4395 non
3332 4306 3495 4402 erunt

1902 4404 2066 4473 vitia,
2117 4422 2239 4479 qua:
2284 4410 2342 4466 in
2393 4422 2614 4473 auctore
2661 4433 2760 4476 suo
2806 4421 3022 4480 diabolo
3068 4428 3492 4505 damnabantur,

1901 4513 2025 4555 cum
2055 4500 2173 4570 ille,
2219 4504 2427 4563 scilicet
2469 4508 2788 4580 damnatus,
2834 4514 2890 4571 in
2932 4519 3213 4589 gehenna.
3262 4533 3321 4581 ut
3361 4500 3498 4609 pecé

1903 4598 2028 4647 cent
2065 4592 2335 4665 homines,
2379 4598 2609 4671 amplius
2648 4612 2976 4674 potestatem
3020 4611 3136 4670 haec
3177 4629 3339 4686 agere
3361 4592 3495 4679 non

1903 4684 2142 4743 habebit.

1982 4778 2078 4836 Vel
2102 4787 2548 4844 conservationem
2575 4789 2848 4850 charitatis
2871 4786 3197 4868 processerit.
3235 4778 3496 4885 Charitas

1902 4875 2121 4947 Graece,
2159 4881 2353 4939 Latine
2390 4884 2609 4941 dilectio
2648 4888 3060 4964 interpretatur,
3091 4913 3157 4956 eo
3182 4899 3328 4968 quod
3352 4876 3495 4958 duos

1901 4967 2090 5039 llligat.
2127 4969 2280 5027 Unde
2305 4982 2357 5029 et
2385 4972 2675 5046 Apostolus
2701 4982 2767 5036 ad
2794 4980 3143 5044 Colossenses
3167 4988 3281 5044 ait:
3315 4987 3495 5067 Super

1901 5060 2079 5114 omnia
2115 5073 2290 5117 autem
2320 5065 2629 5122 charitatem
2667 5070 2883 5141 habete,
2923 5078 3065 5148 quod
3102 5088 3179 5134 est
3217 5060 3491 5138 vinculum

1901 5152 2234 5222 perfectionis
2263 5154 2489 5227 (Coloss.
2518 5161 2625 5233 ιη).
2676 5161 2810 5219 Nam
2841 5167 3060 5227 dilectio
3095 5186 3125 5226 a
3162 5171 3379 5228 duobus
3404 5173 3494 5228 itt-

1904 5243 2068 5313 Cipit,
2115 5249 2257 5317 quod
2295 5259 2381 5306 est
2418 5268 2573 5309 amor
2599 5254 2733 5323 Dei,
2779 5266 2836 5313 et
2877 5261 3141 5330 proximi.
3186 5262 3306 5319 Non
3336 5267 3489 5325 enim

1904 5336 2217 5404 temporalis
2246 5339 2405 5395 debet
2430 5357 2549 5399 esse
2573 5346 2838 5415 charitas,
2866 5350 2963 5405 sed
2994 5353 3281 5409 observata
3308 5357 3494 5414 conti-

1904 5442 2031 5483 nuo.
2066 5428 2221 5487 Unde
2247 5440 2302 5487 et
2328 5433 2455 5490 alibi
2482 5437 2677 5495 Petrus
2702 5442 2978 5511 apostolus
3008 5444 3116 5499 ait:
3147 5445 3280 5502 Ante
3306 5451 3490 5508 omnia

1903 5527 2141 5574 mutuam
2164 5522 2220 5576 in
2240 5524 2613 5599 vobismetipsis
2637 5533 2938 5589 continuam
2960 5535 3267 5596 charitatem
3289 5543 3492 5601 haben-

1904 5616 1978 5664 tes
2007 5608 2059 5682 (1
2086 5609 2230 5669 Petr.
2257 5616 2318 5688 ι).
2369 5617 2618 5675 Perfecta
2649 5622 2793 5676 enim
2822 5624 3093 5694 charitas,
3130 5638 3186 5684 et
3220 5641 3488 5703 perpetuo

1902 5714 2220 5761 conservata
2254 5708 2307 5763 in
2343 5709 2512 5766 Deum
2551 5720 2607 5767 et
2642 5714 2948 5772 proximum
2978 5735 3219 5779 amorem
3246 5727 3489 5797 comple~

1900 5794 2070 5849 ctitur
2094 5808 2376 5855 aeternum.
2422 5804 2445 5830 ~'

1974 5888 2100 5947 Non
2130 5891 2273 5949 illico
2299 5910 2488 5966 pavore
2512 5900 2815 5970 perterritus
2842 5904 3072 5982 refugias
3102 5907 3238 5967 viam
3263 5909 3479 6002 salutis.
