4020 6508
507 321 609 378 725
1789 300 2138 375 sumsum
2171 315 2461 372 ABBATIS
3674 312 3793 369 ω

510 434 666 491 Sicut
689 440 946 502 scriptum
970 440 1053 488 est
1079 450 1091 487 :
1123 429 1260 497 Quia
1283 431 1372 503 qui
1395 431 1539 501 ponit
1561 444 1777 486 manum
1800 430 1858 483 in
1881 438 2080 493 aratro,
2112 434 2163 491 Α
2188 429 2420 498 peditior
2438 428 2510 483 sit
2534 442 2749 495 cursus,
2772 426 3149 499 castigandum
3177 435 3258 483 est
3286 441 3517 498 corpus;
3549 434 3617 482 ut
3639 427 3796 484 idem

508 537 560 582 et
586 527 790 597 respicit
819 536 932 597 post
960 534 1192 597 tergum,
1220 534 1373 596 aptus
1400 541 1505 581 non
1528 525 1631 582 erit
1656 542 1813 596 regno
1836 523 2086 578 celerum
2189 518 2476 589 Apostolus
2502 519 2620 574 ait:
2651 519 2767 589 Ego
2797 519 2873 573 sic
2904 534 3089 585 curro,
3136 520 3342 589 inquit,
3389 535 3499 574 non
3535 519 3696 589 quasi
3734 520 3797 576 in

511 617 664 690 (Luc.
694 616 793 689 ιχ).
842 617 1027 672 Pavidi
1064 616 1211 675 enim
1245 616 1302 671 in
1334 616 1453 687 lege
1490 631 1597 671 non
1637 616 1992 671 admittuntur
2020 614 2089 669 ad
2190 611 2462 666 incertum.
2498 611 2589 667 Sic
2616 629 2812 683 pugno,
2846 629 2952 666 non
2979 612 3136 683 quasi
3166 628 3339 666 aerem
3364 610 3799 675 verberans,“

507 708 779 780 praelium,
808 723 875 762 nc
905 719 958 761 et
985 707 1060 763 illi
1086 715 1353 779 paventes,
1374 715 1617 779 pereant,
1644 714 1702 761 et
1726 705 1861 761 alios
1890 720 2087 775 pavere
2190 703 2387 772 castigo
2412 719 2597 772 corpus
2622 719 2812 767 meum,
2840 712 2891 757 et
2917 706 2971 757 in
3000 704 3301 757 servitutem
3333 702 3536 773 redigo,
3563 717 3633 755 ne
3657 701 3800 770 {om

508 797 731 856 faciant.
770 796 884 851 Non
914 797 1059 852 enim
1086 797 1179 867 qui
1211 797 1567 863 indicaverit,
1594 797 1689 853 sed
1717 796 1808 866 qui
1838 810 2090 866 perseve-
2189 811 2305 849 cum
2337 794 2455 849 aliis
2478 797 2896 865 prtedicarerim,
2924 798 3036 867 ipse
3063 799 3313 867 reprobus
3348 798 3553 867 eﬁiciar
3577 794 3637 866 (ι
3664 791 3795 851 Cor.

512 889 745 951 raverit,
775 887 956 943 salvus
985 888 1107 942 erit.
1143 887 1311 942 Nemo
1339 887 1570 943 militans
1596 887 1726 953 Deo,
1759 886 1837 941 ait
1860 886 2090 956 Aposto-
2191 887 2290 960 ιι).
2322 888 2391 943 F1
2413 889 2537 943 alibi
2562 889 2679 959 ipse
2701 889 2993 959 Apostolus
3018 891 3129 945 ait:
3151 888 3430 943 Certamen
3452 889 3658 942 bonum
3686 904 3803 942 cer-

510 980 624 1048 lus,
666 980 901 1055 implicat
936 998 990 1036 se
1026 982 1244 1051 negotiis
1277 981 1641 1045 sa’cularihus,
1669 990 1729 1035 ut
1755 979 1959 1050 placeat
1984 978 2085 1046 illi,
2178 981 2313 1045 lui,
2353 996 2561 1035 mum
2591 982 2973 1047 consummavi,
3013 982 3173 1050 ﬁdem
3201 981 3435 1044 musci;
3478 979 3546 1032 de
3584 978 3799 1049 reliquo

509 1072 595 1126 cui
618 1087 672 1126 se
695 1069 931 1143 probavit
955 1069 1042 1143 (ΙΙ
1068 1068 1310 1143 Tim.n).
1348 1071 1483 1127 Nam
1502 1072 1595 1142 qui
1620 1079 1795 1128 certat
1815 1072 1870 1128 in
1894 1085 2083 1143 agone,
2188 1072 2417 1141 reposita
2442 1081 2518 1125 est
2554 1071 2684 1127 mihi
2708 1088 2903 1126 corona
2930 1072 3193 1141 justitirc,
3232 1088 3395 1143 qm
3426 1070 3622 1125 reddet
3664 1072 3803 1125 uchi

510 1175 617 1216 non
644 1170 954 1228 coronatur,
985 1162 1087 1216 nisi
1118 1162 1355 1234 legitime
1382 1163 1694 1219 certaverit.
2187 1161 2448 1219 Reatinus
2470 1164 2527 1216 in
2556 1162 2649 1216 illa
2674 1163 2760 1216 die
2781 1162 2963 1232 justus
2989 1164 3151 1230 iudex
3175 1161 3260 1234 (11
3291 1161 3429 1216 Tim.
3456 1161 3559 1234 tv).

585 1251 718 1320 Quae
738 1270 842 1308 non
864 1263 937 1308 est
963 1254 1063 1308 nisi
1084 1264 1304 1324 angusto
1325 1255 1477 1309 initio
1498 1253 1819 1325 incipienda.
1845 1252 2009 1309 Arcta
2036 1260 2091 1307 et
2236 1286 2241 1293 ο
2265 1253 2334 1309 Ut
2364 1255 2434 1310 ab
2460 1255 2629 1326 ipsius
2658 1271 2927 1326 minatum:
2964 1255 3270 1325 magisterio
3305 1253 3669 1308 discedentes.
3716 1251 3803 1309 Alt

511 1354 741 1417 angusta
760 1346 849 1400 via
880 1354 962 1401 est
991 1361 1110 1418 qum
1133 1347 1280 1401 ducit
1303 1347 1370 1402 ad
1393 1348 1591 1414 vitam;
1628 1348 1737 1403 lata
1764 1356 1820 1402 et
1846 1347 2088 1416 spatiosa
2188 1346 2379 1415 ipsius,
2406 1345 2557 1412 dicit,
2590 1346 2642 1400 id
2667 1354 2771 1410 est,
2804 1345 2919 1401 Dei.
2962 1344 3294 1418 Magister-io,
3320 1345 3376 1400 id
3400 1354 3489 1400 est
3510 1344 3801 1412 doctrina,

510 1453 633 1509 qua:
655 1437 806 1493 ducit
827 1437 893 1494 ad
912 1446 1159 1494 mortem.
1193 1437 1298 1493 Sed
1320 1447 1376 1493 et
1396 1439 1655 1494 Dominus
1673 1438 1952 1508 discipulis
1977 1438 2084 1493 ait:

512 1530 822 1586 Contendite
851 1532 1050 1585 intrare
1084 1548 1178 1600 per
1209 1544 1486 1602 angustam
1523 1542 1733 1602 portam
1757 1530 1911 1602 (Luc.
1940 1529 2083 1600 xm).

510 1622 736 1696 Oportet
763 1625 905 1679 enim
936 1640 1036 1680 nos
1057 1640 1155 1696 per
1179 1625 1376 1681 multas
1402 1623 1777 1681 tribulatioues
1802 1624 2008 1681 intrare
2034 1625 2089 1678 in

508 1731 733 1788 regnum
763 1714 1044 1770 caelorum.

2192 1436 2274 1491 vel
2305 1436 2628 1492 eruditione.
3140 1496 3145 1507 ι

2266 1527 2333 1582 In
2367 1528 2484 1599 ejus
2521 1528 2759 1582 doctrina
2797 1544 2961 1600 usque
2996 1528 3069 1582 sd
3102 1538 3324 1583 mortem
3360 1529 3419 1584 in
3454 1532 3799 1587 monasterio

2190 1629 2595 1689 perseverantes.
2650 1619 2767 1674 Non
2806 1620 2952 1675 enim
2988 1621 3084 1689 qui
3120 1621 3460 1677 inchoaverit
3483 1665 3501 1688 ,
3557 1625 3661 1680 sed
3706 1623 3800 1694 qm

2190 1712 2632 1783 perseveraverit.
2658 1710 2840 1765 salvus
2860 1711 2986 1765 erit.
3020 1710 3406 1767 Honasterium
3430 1715 3603 1769 etiam
3630 1716 3800 1772 unius

581 1804 839 1860 Processu
864 1822 980 1860 vero
1001 1807 1407 1862 conversationis
1428 1816 1478 1862 et
1496 1807 1643 1877 fidei.
1672 1806 1935 1865 Processu
1958 1808 2093 1885 dicit
2118 1793 2166 1854 B
2194 1802 2445 1859 maelii
2490 1802 2758 1857 habitatio
2807 1802 2913 1857 diei
2961 1812 3158 1873 Ροιθδῑ·
3213 1805 3402 1861 M090$
3447 1807 3599 1861 enim
3654 1809 3798 1879 ηιυά

509 1899 968 1963 conversationis,
1002 1909 1348 1971 augmentum
1376 1903 1668 1969 virtutum,
1706 1911 1760 1958 et
1785 1902 2089 1973 profectum

2209 1890 2411 1948 Srascos
2442 1892 2589 1949 solus
2612 1894 2846 1960 dicitur;
2889 1895 3116 1950 sterium
3147 1898 3313 1952 statio
3339 1907 3597 1953 vocatur.
3648 1899 3796 1974 Ergo

512 1989 746 2054 animm,
797 1989 851 2044 in
898 1990 1095 2060 quibus
1133 1992 1435 2048 monachus
1472 1993 1714 2063 quotidie
1752 1995 2093 2066 augmentari

510 2078 709 2146 debet,
760 2088 815 2136 et
857 2097 1125 2137 crescere.
1181 2082 1273 2140 Sic
1308 2085 1453 2141 enim
1481 2085 1773 2155 Apostolus
1812 2087 2093 2156 pro'nobis

510 2184 676 2225 orans
700 2170 807 2225 ait:
835 2168 1087 2238 Oramus,
1111 2184 1166 2228 ut
1193 2175 1470 2231 ambuletis
1494 2177 1649 2247 digne
1671 2177 1779 2232 Deo
1802 2194 1897 2249 per
1915 2179 2093 2233 omnia

509 2257 796 2331 placentes,
819 2263 876 2316 in
897 2264 1039 2317 omni
1062 2282 1212 2335 opere
1235 2266 1366 2322 bono
1391 2268 1770 2340 fructiﬁcantes
1794 2282 1843 2327 et
1862 2288 2094 2327 crescen-

515 2357 591 2403 tes
621 2348 846 2421 (Coloss.
874 2353 937 2424 ι).
978 2352 1227 2421 Quotidie
1260 2358 1404 2413 enim
1433 2362 1732 2416 monachus
1786 2377 1957 2418 novus
1983 2403 1999 2429 ,
2037 2369 2095 2419 et

511 2455 685 2497 novus
708 2443 948 2506 ell'ectus,
971 2447 1039 2502 de
1062 2448 1259 2504 virtute
1280 2465 1532 2508 cremore
1555 2452 1713 2509 debet
1736 2453 1792 2509 in
1814 2454 2088 2519 virtutem,

511 2542 572 2590 et
593 2551 714 2607 quae
739 2545 885 2593 retro
910 2548 1033 2593 sunt
1061 2540 1404 2609 obliviscens,
1435 2544 1489 2599 in
1511 2557 1576 2600 ea
1618 2561 1739 2615 quos
1762 2546 1944 2615 priora
1970 2554 2096 2602 sunt

511 2644 575 2689 se
594 2634 906 2701 extendere,
926 2637 1096 2692 donec
1114 2637 1183 2693 ad
1203 2638 1529 2693 destinatum
1551 2637 1831 2709 perveniat
1849 2638 2097 2693 hravium

514 2740 761 2796 superum
784 2729 1084 2784 vocationis
1110 2729 1225 2796 Dei,
1256 2730 1312 2785 in
1334 2729 1557 2787 Christo
1582 2730 1708 2789 Jesu
1738 2730 1968 2787 Domino
1996 2748 2098 2787 no-

514 2823 651 2873 stro.
708 2816 845 2873 Nam
889 2827 945 2874 et
984 2821 1126 2890 quod
1155 2822 1290 2877 ﬁdes
1315 2821 1371 2877 ia
1401 2822 1621 2876 homine
1649 2838 1998 2893 processuum,
2041 2823 2097 2879 id

515 2914 635 2974 est,
669 2918 1052 2981 augmentum,
1087 2919 1142 2966 et
1165 2912 1466 2983 profectum
1492 2910 1689 2977 faciat,
1729 2914 2095 2982 apostolorum

514 3000 675 3055 nobis
701 3002 993 3059 ostendunt
1016 3004 1203 3072 verba,
1225 3003 1319 3061 ubi
1348 3004 1576 3060 Domino
1594 3005 1785 3061 dicunt
1809 3024 1823 3060 :
1849 3004 2092 3072 Domine,

519 3109 656 3164 auge
690 3094 839 3150 nobis
874 3095 1032 3166 ﬁdem
1064 3097 1213 3168 (Luc.
1258 3097 1416 3172 xvn).
1471 3098 1631 3157 Fides
1672 3108 1758 3156 est
1796 3100 2097 3158 divinitatis

2189 1985 2583 2043 monasterium
2611 1985 2857 2040 solitaria
2886 1987 3152 2042 habitatio
3179 1988 3282 2043 dici
3304 1998 3510 2059 potest.

2265 2075 2608 2133 Passionibus
2648 2076 2845 2132 Christi
2892 2095 2987 2150 per
3026 2079 3335 2150 patientiam
3386 2081 3792 2152 participentur.

2193 2167 2389 2229 Petrus
2415 2171 2689 2240 apostolus
2716 2172 2791 2226 ait
2816 2191 2830 2226 :
2860 2170 3105 2227 Christus
3134 2190 3321 2244 passus
3358 2185 3437 2229 est
3474 2192 3578 2246 pro
3610 2177 3782 2241 nobis,

2192 2263 2490 2333 re’inquens
2520 2263 2668 2317 nobis
2696 2262 3010 2334 exemplum,
3037 2273 3094 2318 ut
3120 2281 3403 2335 sequamur
3428 2266 3652 2335 vestigia
3678 2267 3792 2335 ejus

2196 2351 2251 2425 (1
2277 2350 2422 2407 Petr.
2446 2352 2530 2423 ιι).
2566 2353 2670 2409 Per
2693 2356 3009 2424 patientiam
3036 2355 3444 2426 participentur,
3472 2355 3633 2422 dicit,
3660 2358 3789 2427 quia

2195 2445 2251 2500 in
2274 2447 2616 2517 passionibus
2634 2450 2895 2518 patientia
2916 2449 3229 2505 necessaria
3251 2449 3503 2504 habetur.
3528 2449 3632 2504 [ile
3651 2451 3795 2504 enim

2196 2556 2297 2612 pro
2328 2543 2484 2598 nobis
2512 2550 2625 2596 tam
2650 2546 2864 2613 patiens
2892 2545 2945 2600 in
2970 2545 3232 2613 passione
3260 2545 3506 2610 exstitit,
3544 2552 3613 2598 ut
3640 2546 3793 2615 qusi

2198 2646 2373 2703 agnus
2416 2644 2735 2690 mansuetus
2778 2636 3069 2690 duceretur
3106 2638 3173 2690 ad
3208 2636 3532 2699 victimam,
3585 2646 3645 2690 et
3690 2652 3798 2692 non

2200 2726 2438 2796 aperiret
2474 2742 2536 2783 os
2573 2743 2752 2783 suum.
2806 2727 3225 2800 Participemur,
3269 2728 3433 2794 dicit,
3487 2729 3543 2783 id
3588 2738 3674 2784 est
3706 2739 3800 2786 ω-

2200 2819 2428 2875 cientur.

2268 2910 2343 2965 Ut
2370 2920 2421 2966 et
2448 2915 2594 2985 regni
2623 2915 2739 2983 ejus
2767 2929 3066 2968 mereamur
3094 2930 3206 2969 esse
3234 2924 3526 2968 consortes.
3560 2913 3799 2970 Consor-

2199 3011 2300 3067 tes,
2330 3002 2483 3069 dicit,
2516 3003 2569 3059 id
2598 3012 2685 3059 est
2714 3005 2872 3071 socii,
2898 3005 3165 3072 bteredes,
3195 3005 3282 3061 vel
3307 3005 3635 3077 participes.
3665 3006 3801 3061 Con-

2199 3110 2320 3153 sors
2349 3097 2551 3153 dicitur
2572 3099 2669 3170 qui
2700 3106 2847 3153 sorte
2875 3114 2938 3155 se
2960 3098 3170 3168 jungit,
3200 3099 3342 3154 sicut
3364 3107 3423 3154 et
3447 3115 3691 3156 concors
3712 3101 3799 3171 qui

517 3185 808 3256 confessio,
838 3196 894 3245 et
921 3190 1197 3264 religionis
1219 3192 1450 3251 solidum
1474 3193 1903 3251 fundamentum.
1937 3194 2097 3252 Fides

2209 3189 2368 3251 corde
2388 3187 2586 3260 jungit.
2638 3189 2826 3246 Dictus
2855 3205 3080 3247 consors
3105 3205 3172 3245 eo
3196 3191 3340 3261 quod
3370 3191 3439 3246 ad
3467 3207 3603 3246 eum
3630 3192 3795 3263 perti-

516 3285 602 3333 est
629 3279 923 3337 credulitas
946 3296 1052 3355 qua
1078 3283 1250 3341 Deum
1280 3283 1625 3351 conﬁtemur,
1665 3285 1844 3343 cultus
1878 3292 1936 3341 et
1972 3286 2101 3340 reli-

516 3369 628 3439 gio,
676 3384 839 3441 quam
888 3371 965 3428 illi
1009 3375 1294 3433 credentes
1336 3376 1678 3433 exhibemus.
1734 3378 1889 3434 Dicta
1918 3385 2098 3433 autem

516 3460 654 3517 ﬁdes
691 3464 759 3520 ab
795 3478 882 3537 eo,
919 3468 1063 3538 quod
1103 3466 1164 3522 ﬁt
1198 3468 1362 3536 illud,
1400 3471 1547 3540 quod
1584 3470 1640 3527 in
1678 3478 1940 3541 utrosque
1974 3471 2097 3541 pla-

518 3553 687 3609 citum
734 3564 851 3623 est,
906 3559 1061 3627 quasi
1099 3561 1244 3617 inter
1279 3560 1450 3618 Deum
1499 3571 1558 3619 et
1592 3563 1889 3625 hominem.
1939 3562 2101 3620 Fides

516 3644 737 3717 proprie
760 3638 998 3715 dicitur,
1047 3651 1264 3720 quando
1303 3653 1358 3708 id
1394 3653 1637 3717 creditur
1673 3654 1817 3724 quod
1861 3655 2100 3711 nondum

516 3732 752 3790 videtur.
798 3732 935 3793 Nam
971 3739 1197 3796 credere
1227 3739 1340 3812 jam
1377 3758 1487 3799 non
1520 3758 1812 3813 possumus
1844 3745 1991 3816 quod
2019 3744 2101 3801 vi-

521 3824 729 3883 demus.

592 3918 829 3977 Ditatato
856 3922 1029 3978 corde.
1064 3922 1304 3982 Dilatato
1329 3926 1495 3985 corde
1521 3926 1688 3994 dicit,
1732 3927 1791 3984 id
1818 3936 1943 3995 est,
1985 3943 2102 3984 ma-

519 4010 774 4083 gniﬁcato
810 4019 867 4068 et
900 4014 1141 4085 spatioso
1172 4015 1348 4085 facto;
1389 4018 1516 4089 quia
1542 4025 1810 4089 quantum
1846 4020 2010 4077 homo
2043 4021 2101 4077 in

516 4102 743 4159 servitio
777 4101 875 4159 Dei
908 4105 1173 4176 proiecit,
1216 4114 1365 4165 tanto
1402 4109 1577 4165 latior
1608 4110 1668 4173 in
1702 4121 2098 4183 rimorum

517 4193 638 4263 ejus
660 4197 1014 4269 amplitudine
1043 4216 1291 4261 crescere
1317 4204 1549 4277 satagit;
1576 4212 1644 4267 ut
1664 4202 1955 4266 Psalmista
1982 4206 2098 4263 ait:

526 4279 683 4340 Viam
704 4288 1073 4344 mandatorum
1100 4302 1311 4353 tunsum
1334 4295 1566 4363 cucurri,
1589 4294 1990 4359 (indligens
2006 4313 2104 4353 cor

518 4386 692 4430 meum
716 4374 887 4450 (Psal.
912 4380 1123 4454 cxvut).

593 4463 949 4523 Inenarrabili
998 4469 1291 4527 dilectionis
1342 4473 1635 4531 dulcedine.
1713 4477 2101 4539 luean

2200 3289 2331 3338 neat
2356 3298 2484 3353 pars
2510 3282 2798 3338 honorum.
2850 3283 2988 3339 Nam
3024 3292 3237 3340 veteres
3262 3294 3477 3340 sortem
3516 3300 3622 3356 pro
3650 3295 3799 3357 parte

2199 3376 2493 3448 ponebant.
2549 3374 2609 3431 Si
2636 3378 2785 3433 enim
2810 3377 2907 3433 ﬁlii
2936 3392 3129 3434 sumus
3146 3419 3162 3445 ,
3205 3386 3264 3434 et
3292 3379 3546 3436 haeredes
3573 3383 3796 3438 erimus.

2202 3469 2267 3527 Si
2296 3479 2479 3527 autem
2506 3472 2773 3538 hmredes,
2810 3472 2930 3528 sine
2954 3472 3138 3539 dubio,
3169 3480 3227 3528 et
3253 3481 3549 3531 consortes
3574 3477 3797 3533 erimus.

2199 3560 2393 3616 Amen.

2728 3631 2963 3705 Explicat
2990 3633 3264 3706 protegas.

2274 3722 2482 3795 Regula
2511 3725 2836 3796 appellatur,
2875 3734 2936 3781 ut
2972 3727 3165 3783 beatus
3202 3726 3538 3783 Benedictus
3574 3728 3697 3793 sit,
3738 3727 3798 3784 ὑ

2200 3810 2306 3879 hoc
2355 3814 2499 3883 quod
2544 3814 2893 3871 obedientem
2923 3816 3124 3887 dirigat
3150 3831 3352 3872 mores.
3407 3816 3523 3872 Alii
3551 3833 3692 3873 vero
3725 3818 3799 3874 di-

2201 3916 2366 3975 cunt,
2395 3908 2581 3980 regula
2604 3909 2783 3976 diota,
2810 3910 2955 3981 φιοά
2983 3919 3132 3967 recte
3158 3910 3339 3978 ducit,
3372 3926 3479 3967 nec
3511 3912 3799 3983 aliqua“

2200 3996 2461 4057 aliorsum
2499 4000 2698 4067 trahit,
2726 4001 2979 4073 solque!
3004 4012 3193 4076 regat,
3228 4004 3318 4060 vel
3352 4007 3513 4076 quod
3548 4021 3801 4066 nam.

2201 4098 2354 4149 recte
2376 4091 2597 4149 vivendi
2631 4094 2902 4164 prebeat,
2931 4095 3018 4153 vel
3044 4097 3192 4167 quod
3220 4097 3518 4155 distortum
3544 4116 3801 4174 pravum-

2201 4194 2311 4255 que
2333 4184 2596 4257 corrigat.

2274 4482 2660 4542 Haeduorum
2686 4495 2920 4558 mmor
2944 4505 3056 4551 esse
3082 4504 3282 4561 genera
3312 4489 3670 4559 manifestum
3705 4503 3796 4548 est.

521 4554 751 4612 dulcedo
794 4558 992 4659 dicitur
1031 4560 1144 4659 illa.
1167 4561 1385 4659 denqua
1430 4565 1717 4659 Psalmista
1758 4568 1874 4625 ait:
1922 4569 2102 4637 Quam
2127 4553 2183 4615 Ῑ)
2206 4581 2503 4639 loquacius
2544 4553 2734 4639 Graeca
2772 4553 3113 4657 etymologia
3142 4593 3388 4650 vocatur,
3548 4587 3701 4659 quod
3734 4588 3799 4642 sit

523 4658 718 4719 inagna
744 4648 1025 4705 multitudo
1050 4650 1345 4708 dulcedinis
1370 4664 1499 4721 tute,
1526 4655 1769 4725 Domine,
1796 4676 1955 4732 quam
1974 4663 2103 4723 ubs-

521 4738 748 4795 condisti
775 4740 1073 4796 timentibus
1104 4752 1174 4809 te,
1203 4753 1254 4798 et
1270 4744 1546 4819 perfecisti
1569 4748 1665 4814 eis,
1692 4751 1782 4821 qui
1805 4762 2018 4823 spetam
2047 4756 2102 4809 in

519 4836 575 4886 te
609 4826 781 4905 (Psal.
822 4830 973 4904 xxx).
1026 4832 1196 4900 Quam
1244 4844 1300 4889 et
1344 4835 1634 4906 Apostolus
1679 4838 2101 4901 inenarrabilem

523 4918 675 4988 dicit,
702 4922 793 4978 ubi
822 4921 898 4977 ait
921 4938 935 4977 :
958 4920 1121 4989 ‘Quod
1149 4925 1330 4980 oculus
1357 4943 1460 4982 non
1484 4928 1632 4996 uidit,
1659 4946 1751 4986 nec
1776 4934 1925 4988 auris
1949 4936 2105 4990 audi—

519 5011 616 5079 vit,
642 5029 734 5067 nec
760 5014 816 5068 in
839 5031 931 5069 cor
954 5013 1180 5069 hominis
1205 5018 1456 5087 ascendit,
1480 5035 1599 5092 quae
1620 5025 1935 5093 prteparavit
1960 5024 2103 5081 Deus

522 5104 859 5178 diligentibus
888 5123 941 5162 se
967 5106 1018 5180 (1
1045 5106 1165 5161 Cor.
1194 5107 1276 5183 ιι).

594 5206 843 5263 Curritur
866 5207 947 5262 via
978 5208 1347 5263 mandatorum
1376 5209 1499 5266 Dei.
1553 5210 1707 5268 Sicut
1748 5215 1997 5284 superius
2033 5217 2103 5273 de

518 5302 700 5375 primo
741 5300 943 5356 dictum
987 5311 1088 5363 est,
1138 5302 1291 5357 Viam
1339 5304 1716 5361 mandatorum
1748 5315 1963 5362 tuorum
2001 5325 2100 5365 cu-

522 5393 701 5459 curri,
743 5392 868 5448 dum
898 5393 1149 5449 dilatat-es
1179 5410 1272 5449 cor
1300 5410 1498 5449 meum.
1550 5396 1683 5451 Nam
1723 5406 1777 5453 et
1811 5398 2101 5470 Apostolus

522 5483 635 5539 ait:
670 5483 757 5541 Sic
786 5490 1006 5552 currite,
1046 5500 1102 5542 ut
1131 5491 1579 5561 comprcltendatis
1612 5491 1661 5565 (I
1692 5494 1813 5549 Cor.
1834 5497 1939 5568 ιιι).
1979 5498 2097 5553 Non

520 5572 609 5630 hic
637 5590 855 5633 cursum
881 5580 1099 5650 pedum,
1128 5584 1220 5638 sed
1248 5599 1461 5639 morum
1491 5585 1777 5658 signiﬁcat.
1812 5588 2099 5648 Ambulate

519 5664 668 5721 enim
711 5668 776 5723 de
812 5670 1011 5728 virtute
1054 5674 1107 5727 in
1146 5674 1438 5743 virtutem,
1487 5677 1658 5734 donec
1684 5680 1930 5736 videatur
1956 5683 2098 5739 Deus

521 5753 749 5816 deorum
777 5760 833 5817 in
859 5760 1024 5833 Sion;
1058 5781 1251 5824 cursus
1274 5776 1361 5826 est
1383 5769 1596 5829 animae.
1648 5771 1757 5830 Sed
1786 5782 1846 5830 ut
1873 5774 1976 5832 iste
2003 5791 2097 5833 ex-

2205 4672 2515 4743 singulsris.
2547 4672 2611 4727 in
2633 4673 2796 4729 iisz
2825 4674 3175 4731 collationum
3199 4674 3460 4731 Alonardi
3478 4717 3495 4742 ,
3528 4678 3651 4733 sive
3678 4678 3799 4735 Alo-

2204 4766 2492 4831 nazontai,
2543 4766 2834 4837 singularis
2870 4783 2936 4826 ac
2970 4769 3233 4827 solitaria
3269 4770 3395 4826 vitae
3446 4770 3800 4833 distinctione

2203 4860 2465 4915 nominati
2495 4872 2639 4917 sunt.
2673 4862 2829 4919 Unde
2855 4880 3195 4937 consequens,
3217 4867 3339 4933 fuit,
3367 4875 3431 4924 ut
3455 4884 3524 4925 ex
3554 4886 3800 4927 commu-

2205 4949 2366 5005 nione
2390 4954 2651 5010 consortii
2699 4954 2860 5012 koino
2908 4957 3125 5026 hisatai,
3179 4960 3437 5021 cellzcaue
3491 4976 3563 5019 ac
3622 4964 3799 5021 diver-

2206 5040 2350 5096 soria
2377 5056 2566 5099 eorum
2592 5044 2848 5103 koinobia
2894 5058 3241 5106 vocarentur.
3278 5050 3429 5108 Istud
3459 5069 3597 5126 ergo
3623 5056 3797 5113 solum

2204 5132 2311 5189 fuit
2345 5136 2784 5207 antiquissimum
2825 5142 3216 5199 monachorum
3256 5159 3457 5216 genus,
3503 5150 3654 5219 quod
3688 5166 3797 5205 non

2207 5230 2368 5283 modo
2396 5238 2660 5302 tempore,
2690 5234 2785 5289 sed
2812 5235 2978 5291 etiam
3005 5238 3177 5308 gratia
3216 5240 3451 5310 primum
3480 5251 3592 5309 est,
3625 5245 3797 5315 quod-

2207 5334 2312 5391 que
2347 5335 2446 5391 per
2482 5338 2653 5379 annos
2681 5325 2942 5394 plurimos
2982 5329 3156 5385 solum
3192 5346 3364 5402 usque
3399 5334 3620 5391 abbatis
3642 5334 3793 5391 Pauli

2205 5412 2291 5467 vel
2315 5412 2533 5468 Antonii
2559 5416 2772 5471 duravit
2799 5425 3030 5474 aetatem.
3064 5421 3226 5490 Cujus
3252 5425 3414 5478 etiam
3442 5441 3593 5481 nunc
3617 5427 3795 5482 adhuc

2206 5504 2262 5559 in
2308 5507 2570 5562 districtis
2615 5510 2877 5566 coenobiis
2925 5514 3201 5569 cernimus
3253 5516 3492 5572 residere
3534 5517 3792 5590 vestigia.

2203 5596 2390 5667 itaque
2418 5601 2812 5657 ctenobitarum
2850 5604 3133 5675 disciplina
3169 5622 3201 5661 a
3236 5615 3481 5681 tempore
3516 5611 3794 5681 praedica-

2202 5688 2368 5744 tionis
2400 5692 2710 5761 apostolicae
2745 5696 2974 5764 sumpsit
3010 5699 3310 5755 exordium.
3362 5700 3498 5756 Nam
3534 5703 3663 5759 talis
3686 5717 3793 5761 ex-

2203 5780 2343 5837 stitit
2380 5784 2558 5841 omnis
2598 5784 2658 5842 in
2691 5784 3044 5864 Jerosolymis
3085 5789 3176 5848 illa
3218 5793 3558 5852 credentium
3593 5793 3793 5855 multi-
