4020 6460
496 421 600 486 m
1509 441 1515 448 -
1769 411 2123 472 SMARAGDI
2157 410 2448 469 ABBATIS
3653 415 3768 472 res

496 551 581 600 est
607 539 978 597 satisfactione
996 538 1198 604 curari,
1220 539 1314 595 sed
1325 542 1840 612 perniciosissimum
1857 556 2077 614 germen
2103 543 2158 603 Α
2182 547 2290 606 tur,
2329 545 2384 593 et
2414 537 2470 593 in
2513 537 2631 593 loco
2668 552 2885 607 pascuae
2911 536 3265 594 collocantur.
3296 536 3347 590 A-
3391 551 3502 605 quo
3544 535 3637 590 isti
3662 551 3768 591 nec

497 632 661 691 celeri
683 639 858 688 morte
894 632 1143 687 succidit.
2177 637 2455 702 reguntur,
2485 645 2585 684 nec
2612 629 2964 696 collocantur,
2996 631 3091 685 sed
3111 627 3378 683 desideria
3407 643 3506 682 sua
3537 627 3774 697 implen-

571 724 677 798 Qui
723 725 870 780 nulla
908 725 1092 796 regula
1135 728 1410 797 approbati
1444 732 1765 801 experientia
1809 731 2072 802 magistri,
2178 729 2260 778 tes
2296 723 2524 792 turpiter
2553 723 2604 776 in
2647 723 2759 778 suis
2802 723 3068 778 cubilibus
3099 728 3527 778 commorantur.
3563 719 3675 776 Ubi
3719 729 3778 776 et

453 846 472 865 λ·
497 817 634 872 sicut
654 833 844 870 aurum
869 816 1119 885 fornacis.
1149 817 1252 885 Qui
1275 819 1424 874 nulla
1449 821 1631 892 regula
1657 822 1962 892 approbati,
1999 824 2078 878 di-

2203 830 2278 870 tro
2303 815 2419 885 lege
2460 822 2646 869 tenent
2687 815 2869 870 omnia
2906 831 3024 885 qua:
3047 822 3361 884 operantur,
3402 821 3457 868 et
3498 812 3778 868 desideria

499 908 594 971 cit,
633 908 688 962 id
723 915 825 972 est,
859 907 1058 962 nullius
1091 910 1286 980 regulae
1312 913 1722 982 examinatione
1757 915 1966 983 experti
1994 914 2079 968 vel
2181 922 2398 962 suarum
2416 907 2699 977 implentes
2729 908 3084 978 voluptatum,
3107 908 3290 964 omnia
3310 921 3661 977 quacunque
3686 923 3783 962 vo-

499 1000 718 1055 eruditi.
743 999 1001 1056 Omnium
1028 1003 1173 1056 enim
1201 1012 1349 1058 recte
1369 1005 1667 1060 viventium
1689 1007 1814 1060 vita:
1837 995 1960 1062 [sine
1985 990 2082 1060 du-

2206 1008 2301 1052 unt
2327 1006 2606 1068 peragunt.
2637 997 2791 1053 Unde
2818 1007 2873 1053 et
2901 1000 3151 1055 subditur
3177 1016 3192 1054 :

498 1089 589 1142 bio
619 1090 818 1160 regulae
842 1099 968 1146 sunt
989 1099 1211 1146 vocatae.
1237 1094 1605 1163 Experientia,
1638 1097 1852 1162 notitia,
1887 1097 1969 1150 vel
1990 1097 2084 1152 do-
2253 1086 2385 1142 Cum
2421 1088 2672 1159 quidquid
2707 1091 3002 1160 putaverint
3037 1089 3114 1144 vel
3138 1090 3407 1160 elegerint,
3452 1092 3554 1144 hoc
3593 1089 3788 1144 dicunt

501 1183 715 1249 ctrina,
773 1183 842 1239 ab
902 1188 1276 1256 experimento
1333 1189 1494 1244 dicta.
1557 1191 1796 1257 Quarum
1842 1195 2083 1247 omnium

2203 1191 2458 1247 tunctum;
2490 1191 2538 1235 et
2577 1182 2716 1251 quod
2758 1198 2861 1235 non
2890 1181 3170 1247 voluerint,
3211 1191 3401 1250 putant
3442 1198 3553 1235 non
3597 1180 3784 1234 licere.

501 1277 780 1347 exemplar
810 1278 1108 1334 Sarabaitte
1137 1296 1241 1334 non
1272 1281 1556 1336 imitantur
1587 1291 1646 1336 ut
1676 1284 1876 1348 viva'nt,
1905 1285 1999 1338 sed
2029 1284 2085 1339 in

2203 1274 2454 1344 Quidquid
2482 1274 2814 1343 putaverint,
2843 1273 3000 1340 dixit,
3028 1289 3134 1329 non
3151 1273 3416 1343 quidquid
3440 1271 3790 1327 auctoritate

502 1371 618 1426 suis
652 1372 896 1440 corrupti
945 1373 1310 1442 voluptatibus
1355 1376 1695 1430 resolvuntur
1741 1385 1800 1431 ut
1838 1386 2081 1445 pereant.

2203 1363 2488 1419 livinarum
2545 1364 2949 1434 Scripturarum
2994 1363 3081 1418 vel
3125 1362 3385 1432 exemplis
3424 1360 3791 1432 probaverint

501 1460 623 1516 Non
674 1463 908 1534 regulari
960 1463 1241 1534 disciplina
1285 1467 1584 1535 probamur
1628 1477 1688 1522 ιη
1732 1484 1961 1534 aurum,
1995 1470 2090 1524 sed
2187 1463 2425 1525 patrum.
2457 1454 2592 1510 Cum
2622 1455 2820 1525 quibus
2849 1456 2993 1509 enim
3037 1454 3303 1509 voluerint
3327 1453 3542 1522 jejunia
3573 1453 3793 1508 solvere

505 1555 619 1610 suis
661 1555 947 1613 desideriis
977 1559 1304 1614 mollescunt
1325 1569 1385 1615 ut
1415 1561 1715 1629 plumbum.
1743 1561 1899 1618 Unde
1927 1569 1981 1618 et
2007 1576 2091 1618 se—

2203 1545 2434 1610 solvunt,
2466 1546 2559 1614 qui
2582 1545 2786 1612 dicunt,
2813 1545 3041 1611 Bonum,
3073 1553 3127 1600 et
3151 1554 3395 1601 sanctum
3425 1552 3513 1599 est
3538 1559 3646 1613 pro
3689 1544 3792 1598 ho-

505 1648 690 1715 quitur
726 1668 738 1702 :
768 1667 772 1670 '

576 1739 682 1796 Sed
709 1743 766 1795 in
785 1742 986 1812 plumbi
1023 1754 1216 1800 natura
1245 1747 1451 1801 molliti.
1485 1748 1695 1804 Aurum
1725 1751 1870 1805 enim
1902 1751 1957 1805 in
1981 1750 2092 1806 for-

504 1849 640 1891 nace
661 1837 896 1905 positum
919 1879 933 1904 ,
968 1847 1022 1894 et
1053 1838 1428 1896 fortitudinem
1468 1845 1663 1915 accipit
1694 1854 1750 1900 et
1786 1845 2088 1917 fulgorem;

507 1927 579 1980 lta
609 1935 664 1983 et
689 1929 891 1998 probus
923 1934 1223 1988 monachus
1258 1935 1313 1988 in
1352 1936 1567 1991 camino
1601 1937 1832 2006 regulari
1860 1940 2090 2008 positus,

504 2029 560 2074 et
581 2018 954 2077 fortitudinem
989 2025 1185 2093 accipit
1213 2034 1270 2079 ut
1299 2027 1525 2082 adversa
1553 2029 1929 2097 aequanimiter
1955 2031 2091 2086 tole-

507 2118 612 2174 ret,
640 2120 696 2165 et
735 2110 998 2183 fulgorem
1025 2123 1084 2169 ut
1111 2116 1377 2172 bonorum
1415 2134 1638 2188 operum
1669 2122 1878 2176 cunctis
1914 2137 2094 2177 exem-

502 2199 627 2268 plar
651 2202 1004 2259 demonstret.
1030 2205 1314 2261 Plumbum
1337 2224 1468 2264 vero
1495 2210 1549 2264 in
1573 2211 1696 2280 igne
1717 2213 1942 2268 missum
1964 2214 2095 2270 mol-

504 2291 662 2348 lescit
701 2302 756 2349 et
791 2296 1020 2366 deperit,
1064 2300 1143 2354 sic
1175 2303 1392 2369 quando
1417 2305 1714 2360 monachus
1744 2308 2006 2376 reprobus
2035 2309 2093 2362 in

505 2385 740 2454 regulari
764 2387 1044 2458 disciplina
1075 2393 1284 2460 positus
1314 2395 1561 2462 tepescit,
1593 2397 1754 2466 perit.
1794 2397 1870 2452 De
1898 2398 1990 2454 illo
2014 2400 2095 2454 di-

506 2474 649 2530 citur
674 2494 685 2530 :
715 2475 986 2549 Tanquam
1015 2497 1206 2536 aurum
1232 2483 1288 2536 in
1316 2484 1534 2552 fornace
1563 2488 1799 2556 probavit
1829 2505 1948 2542 eum
1986 2488 2095 2543 Do-

503 2567 680 2622 minus
707 2567 972 2640 (Sapient.
999 2573 1104 2644 Ill).
1136 2573 1212 2629 De
1235 2574 1339 2631 isto
1365 2586 1548 2632 autem
1579 2595 1592 2632 :
1625 2578 1764 2644 Quia
1792 2581 1996 2652 tepidus
2016 2599 2090 2650 es,

504 2654 756 2745 incipiam
785 2669 834 2714 te
861 2678 1091 2718 evomere
1118 2665 1183 2719 de
1212 2683 1301 2720 ore
1322 2684 1460 2733 meo,
1480 2670 1610 2724 dicit
1626 2671 1885 2728 Dominus
1907 2671 2090 2745 (Apoc.

504 2744 613 2819 ιιι).
644 2746 797 2804 Unus
845 2753 963 2806 auri
1008 2752 1217 2826 fulgore
1270 2767 1488 2830 recepto
1515 2776 1638 2816 cum
1664 2761 1881 2818 Christo
1910 2744 2096 2837 regna-

507 2845 668 2893 turus
688 2842 932 2896 ascendit
961 2844 1015 2897 in
1040 2847 1261 2913 ccelum,
1285 2849 1490 2905 alterin
1514 2852 1719 2921 plumbi
1744 2863 1939 2909 natura
1961 2858 2095 2912 mol-

505 2927 637 2986 litus
663 2947 788 2987 cum
809 2932 1026 2991 diabolo
1055 2938 1381 2994 cruciandus
1407 2941 1688 2998 descendit
1711 2946 1778 2999 ad
1802 2953 2088 3002 tartarum.

508 3019 662 3108 Unus
691 3025 982 3082 virtutibus
1010 3039 1201 3086 auctus
1228 3033 1428 3088 crescit
1454 3035 1509 3088 in
1534 3035 1748 3101 melius,
1779 3039 1918 3094 alter
1953 3041 2092 3108 tepi-

507 3108 610 3164 dus
639 3107 819 3168 factus
841 3115 1109 3172 decrescit
1145 3119 1198 3173 in
1226 3119 1396 3190 pejus.
1434 3121 1585 3178 Unus
1609 3124 1776 3194 pollet
1806 3107 2093 3185 virtutibus

506 3201 716 3270 sacris,
751 3203 890 3260 alter
929 3211 1154 3278 tepescit
1201 3213 1383 3268 saeculi
1424 3216 1589 3271 curis.
1640 3217 1791 3274 Unus
1823 3221 2093 3276 veraciter

503 3295 759 3353 monachi
791 3315 988 3357 nomen
1017 3313 1222 3373 portat,
1260 3307 1398 3363 alius
1422 3307 1695 3366 falsatoris
1723 3313 1973 3368 monachi
2003 3329 2095 3371 no-

503 3399 633 3444 men
662 3398 838 3461 gestat
865 3402 1088 3464 propter
1117 3404 1416 3452 tonsuram.
1457 3398 1611 3456 Unde
1646 3409 1702 3456 et
1731 3404 1974 3472 sequitur
2006 3422 2018 3459 :

575 3479 762 3535 Adhuc
792 3483 1034 3552 operibus
1057 3497 1320 3542 sementes
1343 3490 1535 3544 swculo
1561 3492 1722 3560 ﬁdem
1749 3495 1960 3548 mentiri
1981 3493 2094 3550 Deo

503 3585 600 3640 per
623 3576 896 3628 tonsuram
923 3584 1228 3631 noscuntur.
1256 3577 1350 3633 llle
1377 3580 1521 3635 enim
1553 3580 1713 3638 ﬁdem
1746 3585 1944 3641 saeculo
1974 3601 2094 3641 ser-

507 3665 622 3727 Vat,
650 3663 747 3733 qui
792 3678 857 3718 ea
901 3681 1022 3735 qua;
1058 3669 1332 3752 saecularis
1368 3672 1477 3742 egit
1518 3673 1576 3726 in
1607 3675 1798 3729 habitu
1840 3678 2095 3734 monachi

508 3754 720 3824 positus
760 3771 921 3827 agere
947 3774 1056 3814 non
1085 3770 1282 3818 cessat.
1316 3763 1456 3830 Quid
1486 3773 1571 3821 est
1595 3768 1739 3822 enim
1763 3770 1940 3827 adhuc
1967 3786 2096 3842 ope-

509 3847 664 3904 ribus
692 3863 913 3906 servare
939 3852 1139 3908 saeculo
1178 3853 1359 3920 ﬁdem,
1389 3855 1494 3912 nisi
1522 3872 1587 3912 ea
1615 3857 1797 3915 facere
1831 3861 1887 3916 in
1913 3878 2098 3920 mona-

509 3942 678 3997 sterio
699 3945 1026 4000 monachum
1045 3986 1060 4012 ,
1091 3961 1212 4016 qua:
1249 3949 1360 4018 egit
1400 3948 1455 4003 in
1486 3949 1684 4005 saeculo
1708 3950 1882 4008 adhuc
1910 3952 1966 4007 in
1996 3970 2097 4010 sae-

411 4086 416 4088 _
508 4032 683 4088 culari
734 4035 926 4092 habitu
977 4038 1205 4108 positus.
1261 4037 1469 4096 Saeculo
1518 4039 1681 4096 ﬁdem
1731 4051 1931 4110 servat,
1968 4047 2095 4115 quia

507 4124 626 4194 ejus
673 4127 1008 4184 voluntatem
1045 4130 1228 4186 facere
1269 4145 1376 4186 non
1426 4140 1644 4199 cessat;
1691 4135 1888 4190 saeculo
1930 4135 2096 4192 fidem

508 4227 711 4283 servat,
757 4221 884 4288 quia
914 4235 972 4276 se
1011 4237 1113 4276 nec
1142 4222 1432 4288 desiderio,
1476 4240 1579 4279 nec
1611 4226 1960 4297 cogitatione,
1993 4243 2096 4284 nec

508 4322 674 4378 opere
697 4312 767 4366 ab
806 4311 898 4366 illo
943 4323 1190 4383 separat;
1226 4317 1320 4370 sed
1350 4324 1555 4370 tantum
1596 4332 1694 4388 per
1739 4328 2014 4374 tonsuram
2040 4327 2098 4377 et

509 4400 790 4470 religionis
830 4403 1074 4459 habitum
1106 4407 1200 4460 Dei
1243 4423 1364 4462 sese
1392 4410 1654 4464 mentitur
1689 4411 1877 4466 illium.
1917 4412 1976 4466 In
2001 4413 2095 4468 ha-

509 4493 627 4550 bitu
653 4495 796 4548 enim
822 4505 876 4550 et
898 4497 1159 4568 religione
1180 4501 1422 4556 exterius
1441 4517 1471 4555 a
1501 4504 1866 4559 nescientibus
1883 4505 2096 4560 videtur

2191 1637 2332 1705 spite
2378 1635 2584 1706 jejunia
2627 1636 2854 1692 solvere.
2899 1636 3009 1692 illis
3045 1645 3225 1691 autem
3270 1637 3469 1706 quibus
3507 1636 3793 1691 noluerint

2192 1731 2584 1787 humanitatem
2606 1731 2886 1797 exhibere,
2911 1729 3029 1786 Non
3058 1732 3213 1787 nobis
3241 1731 3368 1786 licet
3389 1730 3671 1801 jejunium
3697 1732 3794 1786 ho-

2195 1823 2283 1879 die
2309 1822 2535 1896 solvere.
2567 1823 2740 1878 Aliter
2758 1831 2950 1892 putant
2974 1824 3028 1878 in
3059 1823 3312 1879 cordibus
3333 1825 3468 1890 suis,
3498 1834 3558 1880 et
3579 1825 3794 1895 eligunt

2119 1901 2168 1961 Β
2194 1915 2252 1970 in
2288 1923 2472 1971 mente
2500 1931 2597 1972 sua
2626 1916 2808 1987 potius
2841 1915 3142 1971 solitariam
3170 1916 3339 1971 vitam
3363 1916 3592 1982 ducere,
3625 1934 3791 1987 quam

2194 2023 2316 2062 cum
2360 2007 2479 2063 aliis
2505 2009 2604 2064 sub
2643 2008 2876 2077 regulari
2902 2007 3186 2078 disciplina
3222 2022 3470 2062 manere.
3501 2007 3787 2073 Dicentes,

2194 2098 2449 2154 Sanctius
2478 2108 2561 2153 est
2590 2113 2780 2154 secura
2808 2106 2989 2153 mente
3020 2105 3072 2152 et
3098 2105 3305 2152 secreta
3336 2097 3559 2152 divisim
3583 2099 3784 2162 vivere,

2192 2204 2358 2258 quam
2386 2197 2480 2243 aut
2505 2188 2625 2243 aliis
2647 2189 2896 2259 irrogare
2925 2197 3020 2243 aut
3049 2188 3116 2243 ab
3145 2187 3266 2242 aliis
3295 2188 3601 2258 irrogatam
3631 2204 3764 2259 regu

2195 2280 2362 2336 larem
2401 2281 2643 2350 recipere
2688 2279 3049 2350 disciplinam.
3106 2277 3424 2334 Nescientes
3486 2280 3786 2350 scriptum:

2201 2374 2294 2429 Va:
2321 2373 2458 2439 soli,
2495 2375 2619 2444 quia
2649 2391 2766 2427 cum
2809 2351 3052 2428 ceciderit
3101 2389 3204 2427 non
3243 2372 3393 2426 habet
3424 2372 3790 2426 sublevantem

2196 2467 2393 2539 (Eccle.
2425 2466 2519 2538 ιν).
2550 2466 2712 2522 Multa
2747 2467 2893 2522 enim
2922 2466 3160 2536 pericula
3183 2475 3308 2522 sunt
3335 2465 3586 2522 solitario
3604 2466 3792 2536 proxi-

2193 2574 2300 2614 ma.
2340 2558 2580 2613 Primum
2628 2559 2756 2628 quia
2801 2558 3124 2629 sibimetipsi
3171 2559 3226 2613 in
3268 2558 3523 2614 omnibus
3572 2558 3787 2613 actibus

2195 2650 2308 2705 suis
2331 2649 2525 2720 placet,
2551 2658 2604 2704 et
2624 2648 2832 2703 nullum
2855 2649 3022 2703 alium
3045 2649 3207 2704 habet
3233 2649 3325 2718 qui
3349 2663 3491 2720 opus
3515 2647 3637 2718 ejus
3659 2664 3787 2719 pro-

2193 2745 2304 2800 bet.
2343 2741 2548 2798 Deinde
2575 2755 2801 2811 qumque
2825 2740 2901 2795 illi
2928 2741 3058 2795 vitia
3091 2743 3392 2806 abundent,
3425 2755 3659 2812 quasque
3683 2741 3793 2795 vir-

2195 2843 2338 2891 tutes
2390 2834 2606 2901 desint,
2659 2850 2765 2890 non
2817 2835 3111 2906 cognoscit.
3147 2833 3205 2889 ln
3256 2848 3365 2904 quo
3412 2833 3784 2888 humilitatem

2197 2943 2352 2982 suam
2402 2928 2594 2998 probet
2639 2926 2912 2982 neminem
2970 2926 3170 2992 habet,
3219 2925 3594 2980 obedientiam
3640 2924 3798 2979 fratri

2197 3037 2308 3076 non
2356 3017 2619 3089 impendit
2650 3060 2664 3086 ,
2719 3020 2773 3074 in
2814 3015 3038 3088 jejuniis
3079 3017 3398 3089 patientiam
3447 3031 3563 3072 non
3617 3025 3796 3070 osten-

2195 3111 2292 3168 dit.
2324 3109 2512 3166 Melius
2538 3119 2621 3165 est
2644 3125 2774 3181 ergo
2815 3110 3080 3165 monacho
3113 3119 3173 3164 ut
3192 3109 3341 3164 vivat
3367 3109 3424 3162 in
3459 3107 3795 3164 monasterio

2196 3217 2321 3259 cum
2351 3201 2632 3273 disciplina
2657 3203 2820 3257 unius
2845 3202 3016 3271 patris
3049 3201 3456 3272 multorumque
3493 3201 3794 3264 consortio,

2195 3300 2250 3349 et
2282 3293 2349 3349 ab
2393 3292 2498 3348 alio
2540 3293 2714 3349 discat
2742 3291 3104 3349 humilitatem
3128 3334 3142 3359 ,
3184 3293 3252 3348 ab
3295 3292 3406 3347 alio
3427 3292 3791 3362 patientiam;

2196 3400 2338 3441 unus
2365 3384 2512 3440 enim
2557 3383 2837 3440 silentium
2857 3425 2872 3450 ,
2904 3384 3044 3440 alter
3077 3384 3235 3440 docet
3256 3385 3747 3439 mansuetudinem
3775 3400 3791 3437 :

2197 3494 2306 3535 non
2329 3478 2494 3534 faciat
2516 3478 2661 3548 quod
2680 3477 2823 3544 vult;
2865 3476 3116 3533 comedat
3139 3477 3284 3546 quod
3301 3476 3572 3548 iubetur;
3599 3475 3794 3531 habeat

2198 3579 2464 3642 quantum
2503 3569 2807 3639 acceperit;
2858 3567 3040 3638 operis
3088 3567 3174 3623 sui
3217 3581 3443 3638 pensam
3477 3566 3790 3637 persolvat;

2198 3663 2519 3733 subjiciatur
2542 3663 2628 3718 cui
2651 3678 2758 3718 non
2785 3660 2918 3716 vult.
2945 3659 3149 3715 Lassus
3180 3657 3250 3713 ad
3277 3657 3568 3712 servitium
3591 3657 3792 3722 veniat,

2199 3757 2587 3826 ambulansque
2613 3754 2902 3820 dormitet,
2944 3753 3175 3808 necdum
3205 3750 3422 3820 expleto
3451 3764 3657 3806 somno
3683 3765 3794 3806 sur-

2198 3865 2323 3924 gere
2354 3847 2724 3918 compellatur.
2756 3845 2957 3902 Passus
2985 3843 3240 3914 injuriam
3269 3848 3475 3896 taceat.

2269 3944 2532 4010 Quartum
2557 3958 2674 3997 vero
2700 3958 2862 4013 genus
2884 3947 2960 3996 est
2974 3937 3370 4003 monachorum,
3391 3936 3540 4006 quod
3558 3935 3795 3989 nomina—

2196 4042 2636 4105 tur'ggrovagum,
2659 4033 2750 4103 qui
2770 4039 2881 4086 tota
2904 4030 3009 4086 vita
3021 4045 3120 4084 sua
3133 4043 3226 4100 per
3238 4027 3475 4082 diversas
3495 4026 3792 4096 provincias

2196 4127 2348 4184 trtnis
2385 4134 2478 4180 aut
2504 4125 2771 4198 quaternis
2798 4124 2981 4178 diebus
3007 4138 3101 4194 per
3135 4121 3464 4176 diversorum
3495 4120 3664 4174 cellas
3707 4120 3796 4171 lto-

2195 4221 2478 4292 spitantur,
2507 4234 2707 4289 semper
2731 4218 2848 4289 vagi
2869 4225 2919 4271 et
2951 4231 3219 4286 nunquam
3239 4214 3476 4269 stabiles.
3511 4211 3669 4285 Gym
3697 4213 3796 4266 cir-

2197 4315 2375 4370 cuitus
2410 4311 2628 4367 dicitur.
2674 4310 2819 4381 Ergo
2845 4323 3148 4382 gyrovagus
3176 4306 3438 4363 dicendus
3468 4314 3563 4360 est
3585 4306 3681 4360 ille
3707 4303 3790 4374 qui

2195 4422 2367 4479 vagus
2391 4415 2555 4478 atque
2581 4403 2827 4476 vagando
2854 4402 3086 4458 aliorum
3107 4400 3272 4458 cellas
3291 4400 3619 4470 pariterque
3643 4412 3795 4453 casas

2197 4502 2415 4558 circuit.
2453 4499 2561 4569 Ipsi
2604 4505 2659 4553 et
2701 4497 2810 4553 alio
2848 4497 3066 4552 nomine
3105 4493 3451 4551 Circilliones
3499 4501 3792 4555 vocantur,

511 4599 636 4639 esse
657 4588 976 4654 monachus,
1002 4591 1255 4658 operibus
1276 4599 1453 4646 tamen
1480 4609 1510 4646 a
1539 4594 1835 4651 scientibus
1866 4597 2094 4652 Domino
2119 4621 2172 4680 D
2199 4593 2292 4664 qui
2324 4593 2425 4647 sub
2460 4589 2646 4644 habitu
2687 4587 3078 4642 monachorum
3109 4584 3210 4641 hac
3239 4583 3470 4653 illaoque
3497 4591 3790 4655 vagantur,

509 4675 726 4731 videtur
751 4693 875 4736 esse
906 4683 1184 4737 mentitus.
1214 4683 1287 4737 De
1317 4685 1512 4740 talibus
1534 4688 1677 4741 enim
1701 4688 1958 4746 Dominus
1977 4691 2089 4747 ait:

518 4765 774 4824 Videbitis
822 4786 909 4826 eos
957 4773 1012 4825 in
1056 4774 1276 4828 vestibus
1328 4777 1522 4843 ovium,
1556 4778 1867 4835 intrinsecus
1919 4793 2095 4836 autem

509 4870 632 4916 sunt
663 4862 772 4934 lupi
801 4878 1049 4935 rapaces,
1093 4883 1126 4918 a
1163 4865 1423 4936 fructibus
1448 4885 1628 4924 eorum
1664 4873 1980 4942 cognoscetis
2007 4889 2094 4928 eos

511 4953 729 5026 (Matth.
754 4956 874 5030 vn).

585 5049 690 5115 Qui
723 5052 830 5106 bini
862 5061 954 5107 aut
983 5055 1136 5118 terni,
1173 5065 1263 5109 aut
1304 5064 1440 5110 certe
1469 5056 1662 5127 singuli
1703 5056 1815 5111 sine
1855 5065 2088 5127 pastore,

508 5157 616 5196 non
638 5139 948 5209 Dominicis,
985 5144 1075 5198 sed
1112 5147 1222 5200 suis
1258 5145 1446 5200 inclusi
1485 5145 1700 5201 ovilibus
1745 5164 1839 5218 pro
1870 5147 1979 5219 lege
2017 5148 2091 5202 eis

509 5242 584 5288 est
612 5233 989 5290 desideriorum
1026 5237 1282 5309 uoluptas.
1330 5239 1459 5294 Sine
1489 5249 1707 5309 pastore
1743 5240 1899 5304 dicit,
1929 5241 1982 5296 id
2010 5250 2096 5297 est

510 5328 629 5384 sine
656 5329 873 5398 abbate,
914 5331 1006 5400 qui
1047 5330 1104 5384 in
1145 5331 1474 5386 monasterio
1510 5331 1684 5386 vicem
1712 5332 1914 5388 Christi
1941 5334 2092 5389 vide-

509 5425 601 5476 tur
644 5436 819 5491 agere,
871 5421 965 5490 qui
1021 5421 1200 5476 dixit:
1232 5420 1346 5491 Ego
1381 5439 1497 5474 sum
1545 5432 1727 5490 pastor
1777 5423 1956 5486 bonus,
2002 5424 2094 5494 qui

511 5530 667 5585 pasco
691 5531 804 5568 oves
835 5531 994 5580 meas,
1023 5515 1112 5585 qui
1135 5529 1389 5584 cognosco
1419 5531 1561 5568 meas
1579 5555 1594 5580 ,
1622 5515 1747 5585 quia
1778 5523 2098 5586 cognoscunt

512 5626 592 5663 me
614 5623 740 5661 mea:
758 5607 940 5680 (Joan.
970 5609 1046 5681 ι).
1076 5609 1140 5663 Ει
1165 5609 1288 5678 quia
1313 5618 1583 5678 pastorem
1609 5625 1714 5662 non
1738 5609 1962 5672 habent,
1991 5623 2098 5662 non

512 5703 566 5755 in
607 5700 931 5766 Dominicis,
965 5701 1059 5756 sed
1087 5701 1201 5756 suis
1238 5700 1427 5754 inclusi
1461 5700 1692 5753 ovilibus
1723 5706 1958 5751 manent.
1993 5698 2098 5752 Do-

515 5793 645 5847 mini
674 5793 818 5848 enim
846 5793 1009 5849 ovilia
1039 5801 1352 5848 sanctorum
1391 5791 1782 5846 monachorum
1814 5797 1939 5842 sunt
1982 5801 2097 5842 mo-

512 5885 774 5952 nasteria,
809 5885 904 5956 qui
941 5894 1088 5946 recte
1114 5900 1146 5942 a
1167 5900 1379 5947 summo
1401 5892 1623 5959 pastore
1655 5879 1875 5944 Christo
1896 5895 2096 5955 regun-

2197 4686 2440 4742 venalem
2496 4680 2940 4739 circumferentes
2982 4678 3313 4749 hypocrisin.
3371 4674 3792 4731 Circumeuntes

2191 4776 2498 4849 provincias
2541 4787 2807 4842 nusquam
2845 4771 3018 4835 missi,
3056 4782 3328 4840 nusquam
3365 4766 3482 4832 fixi,
3518 4779 3790 4835 nusquam

2191 4879 2429 4934 stantes,
2465 4883 2732 4938 nusquam
2761 4867 3040 4931 sedentes;
3081 4877 3295 4934 semper
3331 4870 3387 4917 et
3413 4861 3645 4932 ubique.

2265 4959 2508 5030 Propriis
2545 4957 2894 5028 voluptatibus
2936 4967 2984 5010 et
3017 4955 3156 5027 gula:
3185 4953 3441 5009 illecebris
3482 4957 3788 5008 servientes.

2200 5051 2470 5108 lllecebra:
2505 5050 2758 5103 dicuntur
2793 5047 3177 5102 delectationes
3213 5045 3436 5108 illicitae,
3471 5044 3789 5106 luxuriosae,

2201 5142 2565 5212 voluptuosae,
2608 5140 2722 5194 sive
2765 5138 3126 5208 turpissimae,
3173 5137 3230 5191 in
3272 5135 3470 5205 quibus
3504 5133 3692 5188 mollis
3739 5141 3790 5188 et

2202 5233 2496 5291 dissolutus
2523 5230 2822 5286 monachus
2846 5228 3160 5298 frequenter
3189 5225 3505 5280 involvitur.

2271 5325 2482 5378 Etcum
2511 5323 2619 5376 sint
2647 5319 2737 5375 isti
2763 5335 2856 5389 per
2873 5319 3049 5373 omnia
3073 5316 3355 5372 deteriores
3377 5315 3707 5382 Sarabaitis,
3727 5315 3791 5371 de

2199 5414 2414 5469 illorum
2441 5412 2618 5465 omnia
2647 5409 2943 5463 miserrima
2972 5407 3363 5462 conversatione
3379 5405 3581 5461 melius
3601 5415 3688 5461 est
3717 5404 3793 5461 li-

2200 5507 2333 5572 lere,
2363 5519 2525 5576 quam
2548 5503 2714 5573 loqui.

2828 5590 3055 5648 CAPUT
3093 5591 3158 5645 11.

2607 5686 2792 5753 Qualis
2825 5685 3007 5740 debeat
3039 5702 3149 5739 esse
3187 5683 3369 5738 abbas.

2266 5785 2592 5852 Qualitatem
2623 5783 2766 5837 enim
2806 5781 2929 5835 boni
2963 5779 3194 5850 pastoris
3231 5778 3284 5831 in
3323 5775 3790 5845 subsequentibus

2195 5877 2482 5938 ostendere
2526 5877 2732 5953 volens,
2764 5876 2956 5934 beatus
2993 5873 3315 5932 Benedictus
3355 5868 3644 5946 praemisit,
3706 5867 3791 5927 di-
