4020 6534
519 462 623 522 735

1798 457 2159 520 SMARAGDI
2194 452 2483 513 ABBATIS

3727 456 3832 513 756

514 590 742 650 pauper,
785 575 902 633 sive
930 575 1101 640 dives.
1132 575 1247 632 sive
1280 575 1500 645 nobilis,
1533 576 1648 633 sive
1675 575 1951 648 ignobilis,
1990 538 2103 628 non
2128 576 2183 636 Α
2207 571 2436 626 Domino
2472 568 2757 640 aequaliter
2778 568 3080 638 bajulamus
3107 587 3122 625 :
3154 571 3284 642 quia
3324 573 3584 644 quamvis
3638 585 3833 642 aqua—

514 673 602 723 est
642 665 713 721 ab
754 665 951 722 abbate
991 665 1407 721 discernendum
1435 706 1449 733 ,
1507 667 1607 721 sed
1654 678 2103 736 unumquemque

516 754 813 814 secundum
846 757 972 813 vitae
996 773 1108 813 suae
1146 758 1304 815 debet
1333 758 1419 814 vel
1448 760 1740 828 castigare.
1779 759 1867 817 vel
1915 772 2105 813 amare

519 851 798 906 meritum.

591 940 713 996 Non
757 958 894 997 unus
921 940 1040 1013 plus
1078 950 1282 996 ametur
1327 959 1487 1014 quam
1536 942 1698 1010 alius,
1737 960 1838 998 ms:
1869 952 2024 1015 quem
2049 957 2106 995 in

517 1032 664 1088 bonis
717 1034 919 1088 actibus
980 1043 1071 1089 aut
1130 1034 1427 1089 obedientia
1492 1034 1744 1089 invenerit
1810 1033 2102 1089 meliorem.

517 1124 709 1183 Merito
758 1127 826 1182 ab
856 1126 1052 1184 abbate
1086 1142 1184 1183 suo
1211 1127 1510 1183 monachus
1555 1127 1767 1185 caeteris
1793 1126 1915 1198 plus
1956 1141 2109 1180 ama-

517 1225 621 1281 tur,
650 1217 747 1288 qui
772 1218 827 1272 in
854 1218 1014 1273 bonis
1040 1219 1250 1273 actibus
1279 1227 1334 1273 et
1366 1218 1675 1274 obedientia
1718 1219 1911 1274 melior
1940 1227 2105 1274 caete-

515 1305 592 1362 ris
620 1305 921 1361 invenitur.
949 1305 1102 1361 Juste
1127 1307 1332 1361 etenim
1379 1307 1470 1362 ille
1499 1308 1567 1363 ab
1614 1308 1833 1363 homine
1859 1307 2109 1378 diligitur

516 1395 704 1461 homo,
735 1396 828 1466 qui
875 1397 1035 1453 bonis
1060 1397 1318 1467 operibus
1361 1406 1415 1453 et
1443 1406 1633 1453 sancta
1670 1399 1981 1455 obedientia
2008 1398 2110 1453 ho-

516 1496 743 1544 noratur
778 1504 809 1544 a
848 1488 980 1545 Deo.
1014 1489 1249 1546 Necesse
1272 1498 1376 1556 est,
1410 1491 1667 1562 inquam,
1698 1499 1757 1546 ut
1794 1507 1981 1547 amore
2010 1489 2107 1547 tali

519 1578 781 1652 diligatur
800 1582 979 1646 homo,
1022 1582 1116 1653 qui
1145 1583 1213 1638 ab
1243 1583 1539 1639 immortali
1564 1584 1808 1655 diligitur
1840 1585 1971 1640 Deo.
1999 1583 2106 1639 Pro

516 1675 662 1730 enim
704 1675 799 1730 Dei
831 1689 1018 1730 amore
1077 1691 1137 1731 se
1174 1676 1298 1732 talis
1348 1677 1647 1732 monachus
1694 1691 1806 1746 pra:
1855 1677 2108 1733 omnibus

515 1767 835 1823 obedientia:
890 1767 1103 1835 subdit,
1160 1776 1217 1823 et
1273 1768 1329 1823 in
1386 1769 1543 1824 bonis
1583 1770 1837 1825 omnibus
1894 1769 2107 1824 actibus

515 1868 763 1924 exerwt;
825 1865 882 1914 et
921 1858 1044 1914 ideo
1087 1858 1156 1913 ab
1199 1858 1396 1914 abbate
1446 1874 1559 1930 pra:
1603 1860 1854 1916 omnibus
1908 1857 2108 1913 merito

514 1945 757 2018 diligitur
796 1955 853 2003 et
891 1956 1123 2002 amatur.

586 2037 711 2093 Non
742 2042 1059 2094 convertenti
1096 2056 1162 2095 ex
1191 2041 2115 2125 servitiomplgpg‘ngtuLingenuusr

512 2120 1510 2211 ξῐέἴῖιΐῖἴίᾶιῖὃῖιῖιῖἷζῖξξᾷῆζςῖξξῖέω
1526 2147 1544 2185 :
1563 2132 1716 2199 Quod
1738 2134 1784 2187 si
1802 2134 1876 2187 ita
1890 2132 2105 2204 justitia

511 2205 954 2276 dicldittrwb'a'le
987 2205 1374 2294 agilitatem,
1398 2234 1447 2279 et
1493 2224 1559 2279 de
1594 2224 1879 2295 cujuslibet
1914 2223 2098 2278 ordine

510 2311 568 2366 id
597 2311 780 2382 faciat.
811 2309 906 2366 Sin
928 2312 1560 2393 alias,propriateueant
1581 2314 1717 2370 loca.
1743 2315 1895 2391 Quod
1919 2324 2108 2403 autem.

513 2400 665 2469 dicit,
693 2417 801 2458 non
831 2412 1177 2473 praeponatur
1204 2404 1472 2476 ingenuus
1519 2419 1710 2471 servo,
1746 2400 2108 2483 subintelligii

472 2488 1929 2581 ‘jurﬂmﬂiﬂeZVeVmTﬁﬁtWa
1936 2480 2106 2566 Γιῖΐιίει

518 2574 799 2659 ingenuus,
814 2574 917 2655 est,
932 2570 1057 2643 alii
1074 2570 1423 2660 superiorem
1438 2589 1647 2646 ordinis
1692 2597 1877 2645 teneat
1900 2589 2104 2657 locum,

512 2686 605 2733 aut
627 2680 925 2749 praepositi,
962 2680 1048 2735 vel
1081 2682 1271 2737 decani
1319 2691 1505 2739 teneat
1541 2682 1943 2750 ministerium,
1995 2683 2106 2738 nisi

514 2769 623 2825 alia
667 2770 1008 2826 rationabilis
1057 2787 1222 2828 causa
1274 2774 1495 2829 existat.
1556 2774 2107 2854 IMQtj‘oJEbilisﬂenim

517 2873 683 2939 causa
709 2867 793 2915 est
817 2873 879 2915 ut
914 2860 986 2929 is,
1016 2862 1109 2931 qui
1137 2862 1193 2916 in
1239 2862 1481 2918 Ecclesia
1512 2864 1707 2918 melius
1744 2848 2105 2933 "pelamis:

518 2958 641 3031 tare
665 2958 720 3004 et
740 2942 1531 3033 lege'reivelollicium
1558 2946 1804 3033 implere,
1850 2948 1946 3008 tali
1976 2970 2106 3009 con-

516 3024 1849 3114 imam;ﬁ'iifaﬁii‘f'ib‘éa,'ﬁ‘ai§iié"po§§i(illud
1878 3044 2106 3115 implere

515 3130 772 3188 cilicium.
804 3132 875 3188 Et
902 3132 947 3188 si
978 3134 1053 3188 ita
1094 3141 1181 3189 est
1211 3133 1567 3205 intelligentia
1608 3134 1866 3191 rationali
1909 3135 2107 3206 praedi-

514 3234 625 3292 tus,
655 3232 710 3282 et
743 3227 931 3293 verbo,
961 3234 1018 3282 et
1044 3228 1302 3298 operibus
1328 3228 1592 3294 eruditus,
1628 3236 1689 3284 ut
1714 3229 1950 3284 deeanus
1979 3244 2107 3299 pos-

514 3315 587 3372 sit
609 3330 754 3383 esse,
782 3317 870 3372 vel
899 3318 1240 3388 praepositus,
1276 3317 1413 3373 nihil
1437 3317 1515 3373 illi
1537 3319 1623 3375 vel
1644 3320 1965 3390 ingenuitas
1987 3319 2103 3375 olli-
2129 3318 2178 3384 C
2207 3336 2313 3375 non
2340 3330 2525 3375 sancta
2566 3319 2739 3393 (Psal.
2767 3321 3118 3401 “maligne

514 3409 644 3476 eiat,
676 3409 761 3466 vel
805 3411 1060 3467 servitus.
1089 3409 1197 3468 Sed
1226 3412 1273 3467 si
1302 3411 1645 3468 rationabilis
1693 3413 1865 3485 exigit
1915 3427 2105 3481 causa,

513 3508 570 3556 et
600 3500 657 3555 in
682 3502 873 3557 ordine
913 3503 1282 3558 eonStituatur
1308 3503 1578 3574 superior,
1607 3512 1664 3559 et
1691 3504 1746 3559 iu
1772 3506 2108 3562 monasterio

512 3591 841 3663 prior.‘liaec
870 3600 1050 3648 autem
1079 3608 1187 3649 non
1213 3601 1427 3649 tantum
1453 3594 1521 3650 de
1566 3594 1827 3665 ingenuili
1856 3594 1943 3650 vel
1985 3609 2107 3651 ser-

514 3684 610 3739 vili
636 3683 828 3740 ordine
856 3682 1165 3740 faciendum
1208 3693 1314 3751 est,
1339 3685 1437 3741 sed
1470 3688 1537 3742 de
1578 3684 1867 3754 cujuslibet
1891 3688 2105 3754 ordine,

516 3773 571 3830 id
593 3782 699 3841 est,
724 3764 840 3831 sive
869 3776 935 3831 de
967 3775 1163 3846 priori,
1196 3776 1311 3833 sive
1335 3779 1403 3831 de
1428 3776 1655 3843 minori,
1686 3778 1801 3834 sive
1828 3778 1896 3834 de
1924 3795 2109 3835 sacer-

515 3867 707 3932 dotali,
738 3867 854 3924 sive
883 3868 950 3923 de
980 3866 1291 3937 levitarum,
1321 3868 1409 3924 vel
1438 3869 1775 3939 reliquorum
1822 3870 2016 3926 ordine
2052 3871 2107 3927 id

516 3959 703 4016 faciat.
719 3959 817 4015 Sin
843 3969 1022 4016 autem
1044 3962 1265 4033 propria
1286 3969 1505 4018 teneant
1527 3961 1736 4034 loca,lid
1759 3972 1865 4031 est,
1882 3973 2107 4036 propter

514 4053 773 4123 potentia:
799 4053 884 4109 vel
908 4052 1263 4126 ingenuitatis
1294 4055 1610 4126 dignitatem
1649 4056 1790 4112 alter
1816 4072 1924 4113 non
1967 4072 2107 4128 prae-

513 4158 751 4221 ponatur
775 4149 958 4218 alteri,
990 4152 1086 4206 sed
1113 4151 1488 4225 unusquisque
1527 4152 1584 4207 in
1619 4168 1727 4224 quo
1752 4153 1961 4209 ordinis
1987 4153 2105 4210 loco

515 4242 681 4307 venit,
712 4242 766 4296 in
797 4242 916 4313 ipso
944 4250 1287 4313 permaneat.

592 4332 729 4399 Quia
750 4336 858 4389 sive
882 4351 1079 4402 servus,
1109 4336 1214 4390 sive
1240 4336 1388 4404 liber,
1413 4353 1592 4392 omnes
1616 4338 1673 4392 in
1708 4336 1916 4393 Christo
1940 4355 2102 4393 unum

492 4408 958 4493 ~sigWUm—nes
998 4414 1071 4479 in
1113 4414 1331 4480 Christo
1375 4430 1793 4492 unum'sumus,
1840 4428 2015 4494 dicit;
2047 4428 2103 4484 id

519 4519 603 4567 est
623 4527 788 4566 unum
811 4528 1011 4582 corpus
1035 4512 1263 4570 Christi.
1292 4514 1384 4571 Sic
1418 4518 1564 4571 enim
1598 4518 1705 4573 alio
1737 4518 1857 4574 loco
1902 4518 2102 4576 Paulus

519 4602 798 4672 apostolus
822 4604 899 4657 ait
928 4622 941 4657 :
971 4602 1043 4660 In
1080 4620 1186 4659 uno
1213 4606 1404 4675 spiritu
1433 4624 1613 4663 omnes
1648 4626 1772 4676 nos,
1811 4619 1860 4664 et
1901 4612 1958 4665 in
1993 4628 2099 4666 uno

2208 662 2333 718 liter
2387 678 2495 717 non
2541 677 2807 728 vivamus,
2846 660 3037 733 iugum
3074 662 3291 718 Domini
3343 679 3518 720 suave
3557 672 3625 720 et
3684 680 3828 720 onus

2205 756 2322 826 ers
2364 754 2482 810 leve
2510 754 2567 808 in
2612 753 2846 825 regulari
2880 754 2994 809 vita
3023 753 3281 826 degentes
3336 754 3644 826 aequaliter
3698 772 3820 827 pro-

2206 849 2455 906 misimus
2511 856 2566 904 et
2609 848 2958 904 sustinemus.
3008 847 3140 916 Quae
3186 849 3452 921 regularis
3497 849 3642 915 vita,
3699 864 3819 919 qua

2206 940 2297 996 hic
2316 948 2545 994 vocatur
2586 939 2803 1005 militia,
2833 939 2901 994 ab
2922 939 3175 995 omnibus
3200 940 3488 996 monachis
3514 941 3820 1011 aquatiler

2206 1040 2292 1088 est
2320 1032 2573 1098 tenenda,
2591 1041 2769 1088 etnec
2789 1047 2820 1086 a
2841 1032 3036 1097 servis,
3063 1047 3164 1089 nec
3180 1047 3211 1087 a
3233 1032 3441 1099 liberis,
3456 1050 3568 1089 nec
3597 1049 3634 1088 a
3660 1034 3816 1104 prio-

2207 1124 2377 1190 ribus,
2414 1139 2514 1178 nec
2540 1140 2571 1179 a
2606 1124 2912 1178 minoribus
2957 1122 3246 1192 aliquando
3275 1123 3515 1179 licenter
3546 1133 3639 1180 est
3689 1126 3809 1179 vio-

2206 1215 2386 1269 landa.
2409 1213 2477 1269 Et
2496 1216 2542 1269 si
2559 1224 2782 1286 propter
2806 1214 3154 1285 fragilitatem
3180 1215 3476 1271 humanam
3492 1217 3571 1271 ab
3592 1232 3665 1271 ea
3690 1232 3817 1273 eon-

2206 1305 2393 1374 tigerit
2421 1305 2648 1372 deviari,
2682 1321 2712 1359 a
2742 1320 3013 1376 quoquam
3045 1321 3151 1361 una
3201 1308 3530 1362 emendetur
3580 1323 3815 1365 necesse

2208 1401 2292 1448 est
2314 1393 2655 1463 poenitentia,
2672 1403 2728 1449 et
2752 1411 2857 1449 una
2882 1402 3132 1450 teneatur
3146 1395 3203 1449 in
3216 1396 3469 1452 omnibus
3489 1396 3812 1468 disciplina.

2209 1484 2364 1542 Unde
2391 1494 2448 1540 et
2470 1488 2959 1558 aperte'sequitur.

2283 1577 2421 1645 Quia
2474 1596 2580 1634 non
2636 1589 2712 1633 est
2757 1596 3105 1651 personarum
3164 1583 3398 1653 acceptio
3444 1584 3602 1654 apud
3646 1584 3813 1640 Dm

2212 1670 2366 1745 (Act.
2394 1671 2478 1743 χ).
2495 1671 2605 1727 Nos
2632 1688 2896 1743 personas
2922 1675 3253 1745 accipientes
3274 1677 3673 1745 discernimus,
3692 1682 3815 1750 quia

2208 1765 2491 1821 venientes
2520 1766 2576 1820 in
2597 1767 2702 1822 hoc
2733 1767 2989 1823 steculum
3030 1769 3295 1825 discretas
3326 1786 3423 1827 eas
3472 1771 3809 1830 invenimus.

2209 1856 2354 1913 Deus
2381 1865 2561 1914 autem
2593 1860 2684 1929 qui
2712 1861 3000 1917 universos
3018 1862 3075 1917 in
3097 1862 3253 1917 initio
3280 1863 3347 1919 de
3363 1879 3478 1919 uno
3498 1865 3739 1921 homine
3765 1875 3812 1921 et

2126 1946 2175 2006 B
2202 1962 2310 2004 una
2339 1950 2651 2006 conditione
2696 1952 2927 2020 ereavit,
2975 1968 3239 2025 personas
3286 1970 3390 2010 nec
3432 1956 3688 2027 accipit,
3719 1974 3813 2014 nec

2206 2040 2493 2109 discernit,
2541 2044 2636 2098 sed
2686 2059 3127 2116 unumquemque
3154 2047 3459 2102 secundum
3498 2063 3684 2118 opera
3723 2064 3811 2103 sua

2204 2131 2292 2186 vel
2314 2132 2554 2201 damnat,
2587 2135 2675 2191 vel
2693 2134 2980 2205 justiﬁeat.
3029 2138 3264 2209 Iniustos
3294 2148 3486 2196 autem
3531 2140 3718 2210 iuste,
3760 2152 3809 2198 et

2207 2221 2403 2277 merito
2431 2223 2671 2281 damnat.
2717 2224 2902 2284 Justus
2942 2244 3073 2285 vero
3102 2230 3568 2299 misericorditer,
3602 2240 3664 2289 et
3700 2251 3810 2306 grs-

2208 2311 2345 2367 tuito
2358 2311 2640 2383 justiﬁeat.
2685 2313 2833 2383 Quos
2864 2317 2916 2373 in
2946 2320 3130 2389 pravis
3158 2320 3420 2391 operibus
3452 2324 3709 2394 superbe
3732 2325 3804 2379 vi-

2207 2411 2398 2459 ventes
2436 2404 2679 2473 invenit,
2733 2408 3004 2477 bumiliat,
3036 2419 3093 2466 et
3124 2413 3475 2468 condemnat.
3522 2411 3689 2481 Quos
3726 2431 3809 2470 au-

2208 2504 2316 2552 tem
2346 2497 2402 2553 in
2424 2497 2583 2553 bonis
2622 2500 2833 2556 actibus
2875 2501 3154 2559 humiliter
3177 2504 3427 2559 viventes
3458 2503 3708 2572 invenit,
3737 2521 3807 2561 re-

2208 2597 2481 2655 munerat,
2510 2590 2734 2646 exaltat.
2773 2590 2928 2648 Unde
2958 2600 3014 2648 et
3038 2574 3132 2649 hic
3165 2595 3450 2664 sequitur:
3516 2618 3519 2619 ν

2281 2678 2626 2737 Solummodo
2651 2682 2708 2737 in
2751 2682 2851 2737 hac
2890 2693 3041 2753 parte
3062 2684 3203 2755 apud
3227 2685 3399 2755 ipsum
3424 2685 3808 2754 diseernimur,

2206 2771 2254 2827 si
2297 2771 2539 2829 meliores
2570 2772 2692 2828 aliis
2727 2775 2783 2829 in
2823 2775 3065 2847 operibus
3108 2775 3255 2831 bonis
3302 2785 3352 2831 et
3391 2775 3626 2832 humiles
3674 2785 3809 2831 ture-

2163 2866 2661 2953 .»"Mamr-l'331i3
2686 2867 3806 2953 glebastsbassempsrshcsji113’!“

2504 2946 2661 2959 -Wu'
2686 2934 2791 2950 "A'k'

2152 2946 2194 3037 ξ)
2207 2959 2296 3015 bis
2349 2946 2891 3046 discernuntur,“
2913 2946 3033 3026 est,
3081 2961 3135 3015 in
3177 2975 3306 3039 vera
3347 2946 3806 3046 θοι-ἀίξῑῶ

2154 3042 2187 3129 ᾟ
2207 3058 2339 3117 tate,
2352 3040 2849 3129 iet’bo‘nigopgis;
2849 3040 3105 3122 Ξξςῇξρᾗ
3110 3040 3592 3122 Ὀθρῖιῖἆῖἱωῖἱ
3619 3040 3808 3121 corpo-

3245 3030 3465 3047 ῌ

2904 3032 3165 3049 ww

2466 3118 2589 3126 “mm
2602 3118 2633 3125 μα

2167 3122 2853 3206 ίτίέξίὶιέἒῐήῖῖιῆὲῖἷθι
2886 3140 3143 3197 Ecclesiae
3163 3156 3267 3197 vox
3305 3149 3392 3198 est
3432 3142 3491 3194 in
3537 3140 3803 3196 Psalmo:

2205 3227 2405 3284 Judica
2435 3246 2536 3297 me,
2570 3230 2733 3296 Deus,
2760 3241 2810 3286 et
2844 3231 3078 3286 discerne
3104 3248 3321 3286 causam
3348 3248 3525 3286 meam
3557 3232 3630 3285 de
3659 3241 3806 3301 gate

2966 3323 3805 3399 Saurea-disseram“

2213 3427 2244 3467 a
2266 3412 2520 3489 personis
2540 3428 2824 3484 personas,
2852 3413 2908 3470 id
2949 3423 3051 3479 est,
3094 3430 3126 3469 a
3151 3415 3325 3489 servis
3347 3416 3621 3489 ingenuos
3640 3457 3659 3481 ,
3706 3414 3800 3489 gl

2209 3483 2286 3557 ab
2301 3483 2845 3574 δῇἷῖἷίῖιῖζόἷέὄὸἷύἷὶ
2869 3519 3053 3575 opera,
3070 3514 3151 3575 et
3187 3521 3220 3560 a
3246 3504 3456 3561 meritis
3481 3516 3712 3571 menta,
3749 3515 3807 3563 ut

2207 3580 2537 3665 iniremus“
2558 3588 2859 3652 secundum"
2892 3569 3335 3669 ῥῶῐῖοῖιοδοτίε
3387 3612 3562 3668 opera
3597 3599 3804 3653 tribuat

2206 3696 2262 3744 et
2295 3689 2538 3759 praemia.
2565 3687 2701 3743 Nam
2745 3696 2801 3745 et
2838 3688 2981 3756 illos,
3007 3704 3146 3759 quos
3175 3690 3231 3744 in
3261 3689 3420 3746 bonis
3442 3690 3711 3760 operibus
3752 3699 3806 3747 et

2207 3778 2472 3834 virtutum
2500 3778 2710 3836 meritis
2736 3764 3663 3867 invenejLW
3286 3790 3391 3853 ,et
3412 3783 3658 3863 puritate
3683 3798 3804 3838 cor-

2206 3868 2292 3955 dis
2316 3868 2889 3955 cmtelisﬂhugniliores,
2929 3889 3054 3929 cum
3076 3875 3425 3944 praemiorum
3466 3875 3805 3932 discretione

2207 3948 2495 4031 (ἷόιὶᾇὲὖέ
2512 3948 2595 4016 in
2658 3978 2827 4034 regno
2883 3962 3145 4019 caelorum
3174 3965 3425 4045 "tribuet-
3461 3966 3802 4021 mansiones.

2854 3489 3151 3503 Μ

3432 4030 3822 4048 Μ

2752 4134 2905 4143 εει-Ἦ

2139 4028 2187 4159 ί
2207 4049 2382 4131 Quam
2402 4052 2669 4137 virtutum
2682 4053 2946 4139 gmnium
2976 4036 3207 4109 matrem
3244 4032 3598 4128 'in‘oninibus
3636 4058 3805 4113 abbas

2164 4130 3501 4267 “(teneredebét'disc‘remmsonas
3521 4130 3804 4206 Μ

2206 4236 2297 4267 νύξ’
2316 4237 3113 4267 ⁴οἱῖπῗιῧ⁸ἶπῖπῖηῗτπππκκιιιπάηι
3149 4241 3452 4267 “nn-1.1.-“
3506 4252 3564 4267 Α.
3617 4259 3803 4267 -..._..

2206 4237 3115 4309 re‘,‘seif'uﬁiﬁ§cil]il'sque1neﬂro
3147 4241 3476 4311 approbare,
3503 4252 3566 4298 et
3613 4259 3804 4300 omnes

2204 4330 2502 4385 secundum
2549 4330 2742 4385 merita
2792 4345 3018 4400 operum
3066 4332 3281 4388 sincero
3335 4333 3501 4388 corde
3547 4333 3800 4406 diligere.

2206 4419 2361 4476 Unde
2387 4429 2443 4476 et
2466 4422 2716 4491 sequitur
2745 4438 2757 4476 :

2278 4511 2419 4583 Ergo
2447 4512 2664 4583 aqualis
2696 4514 2765 4567 sit
2787 4514 2851 4568 ab
2880 4531 2941 4569 eo
2967 4514 3207 4570 omnibus
3233 4505 3469 4572 charitas
3490 4535 3509 4583 ;
3530 4535 3647 4573 una
3670 4535 3806 4590 pra-

2205 4602 2389 4657 beutur
2419 4604 2474 4658 in
2503 4604 2742 4659 omnibus
2767 4644 2784 4671 ,
2821 4606 3108 4661 secundum
3140 4608 3354 4675 merita,
3388 4608 3711 4681 disciplina.
3746 4610 3801 4665 ll

518 4709 734 4764 corpore
779 4694 1028 4765 baptizati
1058 4712 1262 4763 sumus,
1316 4698 1423 4753 sive
1458 4697 1638 4754 Judwi
1654 4740 1669 4766 ,
1716 4701 1822 4755 sive
1858 4701 2096 4773 gentiles,
2125 4680 2180 4742 D
2204 4695 2309 4750 hoc
2337 4696 2485 4751 enim
2506 4696 2729 4767 aequalis
2753 4697 2910 4753 debel
2929 4714 3051 4754 esse
3071 4700 3140 4756 ab
3164 4700 3361 4757 abbate
3391 4701 3660 4759 omnibus
3679 4704 3805 4760 clu-

518 4784 622 4839 sive
653 4785 806 4851 servi,
831 4785 934 4841 sive
955 4784 1127 4853 liberi,
1162 4796 1212 4842 et
1257 4804 1435 4844 omnes
1475 4790 1533 4845 in
1562 4808 1666 4846 uno
1698 4794 1888 4864 spiritu
1937 4796 2103 4865 potati

516 4895 698 4934 sumus
748 4874 903 4951 (Gal.
931 4894 980 4944 l;
1013 4870 1207 4949 Ephes.
1253 4896 1339 4947 v1;
1371 4880 1402 4935 Ι
1444 4880 1567 4937 Cor.
1605 4900 1715 4949 xu;
1763 4884 1791 4937 1
1828 4884 1965 4939 Tim.
2014 4885 2099 4957 ιι).

520 4971 662 5028 Deus
690 4980 872 5027 autem
901 4971 997 5026 Dei
1018 4970 1209 5039 Filius,
1227 4973 1319 5043 qui
1342 4973 1590 5030 homines
1613 4976 1730 5030 vult
1754 4976 1931 5032 salvos
1959 4975 2099 5045 ﬁeri,

517 5073 575 5121 et
598 5064 669 5121 ad
695 5065 1026 5135 agnitionem
1052 5066 1294 5122 veritatis
1313 5068 1612 5137 perducere
1636 5083 1857 5125 omnem
1885 5084 2099 5139 sexum,

518 5170 735 5213 omnem
763 5163 1008 5221 aetatem,
1042 5171 1261 5212 omnem
1309 5157 1703 5225 conditionem,
1752 5159 1820 5214 de
1846 5159 2101 5216 universo

518 5263 717 5319 genere
742 5248 980 5303 humano
1031 5247 1283 5315 redemit,
1317 5255 1373 5304 et
1397 5264 1464 5303 ex
1493 5248 1600 5304 illis
1625 5250 1839 5321 corpori
1864 5265 1961 5306 suo
1993 5250 2103 5306 ele-

514 5350 729 5401 ctorum
752 5359 979 5401 numero
1006 5345 1254 5410 sociavit,
1284 5354 1340 5400 et
1364 5344 1487 5401 ideo
1510 5345 1566 5400 in
1585 5344 1824 5415 Christo,
1842 5347 1956 5404 sive
1984 5363 2102 5404 ser-

514 5434 601 5502 vi,
641 5436 756 5492 sive
781 5435 938 5492 liberi
968 5452 1158 5492 omnes
1186 5451 1356 5491 unum
1383 5448 1590 5494 sumus.

590 5527 660 5582 Et
693 5529 788 5584 sub
835 5547 941 5584 uno
985 5528 1212 5583 Domino
1260 5528 1516 5600 (naualem
1562 5532 1826 5586 servitutis
1858 5531 2102 5587 militiam

520 5617 839 5691 bajulamus.
870 5617 1145 5674 Bonorum
1170 5618 1314 5673 enim
1346 5619 1738 5673 monachorum
1762 5620 1815 5673 in
1840 5620 1942 5675 hoc
1963 5636 2103 5690 pra:-

518 5710 659 5767 senti
690 5710 887 5766 saeculo
922 5710 1033 5765 vita
1056 5710 1112 5764 in
1141 5709 1344 5765 Christi
1369 5718 1455 5765 est
1477 5724 1693 5779 semper
1717 5711 1893 5780 posita
1931 5712 2104 5766 servi-

521 5802 652 5857 tutis
682 5800 896 5856 militia.
922 5799 1073 5856 Unde
1098 5809 1154 5875 et
1177 5799 1369 5855 beatus
1389 5797 1492 5855 Job
1514 5799 1592 5854 ait
1619 5817 1632 5853 :
1667 5798 1865 5853 Militia
1894 5808 1968 5854 est
1996 5799 2100 5855 vita

446 5976 457 5985 .
524 5893 747 5956 hominis
785 5910 943 5969 super
980 5901 1176 5951 terram
1213 5892 1376 5970 (Job.
1427 5890 1569 5970 vn).
1618 5891 1793 5966 Quam
1843 5892 1943 5953 sub
1994 5906 2103 5954 uno
2145 5974 2149 5978 ι

2208 4787 2362 4853 ritas,
2391 4796 2451 4843 ut
2476 4788 2531 4842 in
2561 4788 2868 4846 dilectionis
2914 4789 3105 4846 habitu
3148 4807 3257 4847 non
3284 4792 3575 4849 discernat
3620 4810 3805 4867 perso-

2205 4892 2323 4931 nas.
2354 4876 2663 4948 Aiqualiter
2704 4882 2849 4937 enim
2888 4882 3048 4938 debet
3065 4882 3135 4939 de
3154 4884 3323 4940 nobili
3354 4884 3590 4958 diligere
3616 4904 3802 4943 mona-

2204 4968 2338 5025 chos
2365 5009 2380 5036 ,
2419 4972 2703 5041 aequaliter
2743 4974 2809 5029 de
2858 4973 3041 5029 servili
3084 4975 3393 5032 conditione
3434 4987 3686 5034 creatos.
3716 4978 3803 5034 Sic

2203 5059 2388 5130 itaque
2411 5062 2745 5134 singulorum
2769 5065 2931 5121 debet
2969 5064 3282 5121 discernere
3310 5067 3529 5133 merita,
3556 5078 3623 5123 ut
3648 5069 3801 5124 alteri

2202 5153 2430 5210 alteram
2463 5173 2570 5213 non
2607 5167 2885 5229 praeponat
2924 5172 3234 5228 personam.
3258 5159 3328 5214 Et
3351 5160 3399 5216 si
3428 5176 3601 5216 unam
3658 5178 3802 5219 eam-

2207 5248 2437 5319 demque
2492 5250 2796 5321 ingenuitas
2847 5250 2933 5306 vel
2963 5251 3243 5307 servitutis
3284 5268 3520 5323 persona
3569 5254 3803 5310 commi-

2208 5339 2342 5394 serit
2385 5340 2619 5410 culpam,
2672 5356 2837 5394 unam
2871 5342 3228 5413 eamdemque
3271 5344 3581 5398 sustineant
3635 5346 3802 5400 disci-

2207 5430 2426 5501 plinam.
2460 5431 2578 5487 Non
2604 5432 2748 5487 enim
2772 5433 2994 5489 honoris
3014 5434 3185 5505 gratia
3209 5434 3348 5489 alius
3378 5435 3432 5489 in
3471 5438 3801 5505 pmnitentia

2209 5520 2490 5593 levigetur,
2524 5522 2662 5577 alius
2702 5538 2831 5577 vero
2879 5521 3243 5594 despectionis
3293 5540 3459 5581 causa
3516 5538 3798 5597 gravetur.

2213 5611 2317 5667 Sed
2340 5612 2415 5668 ita
2441 5613 2511 5667 ab
2538 5614 2734 5669 abbate
2764 5629 2992 5670 censura
3010 5616 3199 5686 judieii
3225 5627 3579 5688 temperetur,
3608 5628 3673 5673 ut
3693 5634 3801 5675 non

2210 5719 2316 5759 una
2346 5710 2576 5774 persona
2609 5704 2800 5772 levius,
2832 5705 3004 5762 altera
3048 5709 3267 5778 gravius
3302 5710 3597 5779 iudicetur.

2299 5794 2370 5849 In
2406 5794 2646 5849 doctrina
2694 5812 2921 5866 namque
2961 5813 3059 5851 sua
3106 5797 3269 5851 abbas
3319 5798 3665 5867 apostolicam
3705 5800 3800 5853 de-

2211 5887 2293 5947 bet
2321 5886 2475 5946 illam
2508 5903 2709 5979 semper
2746 5886 2974 5965 formam
3017 5905 3247 5962 servare,
3284 5890 3341 5948 in
3363 5906 3468 5967 qua
3490 5890 3622 5950 dicit
3643 5902 3667 5947 .'
3687 5891 3803 5950 Arb.
