4020 6460
136 344 247 410 τόΊ

1183 341 1540 402 comm.
1577 341 1651 401 IN
1687 340 1848 402 nec.
1889 342 1947 403 s.
1981 342 2362 427 BENEDICTI.

2644 295 2672 305 ,ρ

3300 347 3405 409 ’758

141 438 278 539 gae,
315 462 549 528 obsecra,
591 459 806 534 increpa
849 458 938 532 (II
987 458 1125 524 Tim.
1155 459 1264 532 ιν).
1299 458 1357 514 In
1395 459 1498 515 hac
1540 459 1725 531 itaque
1750 461 1804 524 Α
1827 459 2000 526 dirus,
2044 474 2294 532 magnus,
2328 458 2415 516 vel
2443 459 2634 532 dignus
2662 459 3002 536 intelligitur.
3047 459 3204 531 Quod
3224 471 3407 521 autem

140 554 438 626 apostolica
464 553 735 609 sententia
764 552 908 608 beati
939 551 1255 629 Hieronymi
1301 562 1357 606 et
1398 551 1543 607 beati
1584 551 1721 607 Pro-

140 645 284 718 speri
311 644 558 716 ponenda
602 652 730 701 sunt
771 644 955 699 verba.
1003 643 1093 699 Ait
1119 643 1265 698 enim
1314 642 1718 715 Hieronymus:

140 738 319 810 Argue
373 744 694 809 peccantes,
738 743 1047 790 contestare
1096 750 1166 790 ne
1206 732 1459 806 peccend,
1502 733 1722 804 increpa

139 818 611 887 resistentes.'Sed
630 829 747 885 haec
772 829 953 885 omnia
980 843 1105 884 cum
1144 828 1429 899 patientia,
1451 835 1507 883 et
1529 842 1723 883 secun-

139 918 268 975 dum
310 919 631 976 doctrinam.
686 918 922 990 Prosper
968 927 1149 975 autem
1208 919 1346 975 dixit
1401 936 1413 973 :
1465 917 1723 974 Ecclesiae

139 1011 335 1082 quippe
381 1010 695 1067 doctoribus
716 993 799 1065 'et
842 1023 1072 1066 censura
1116 1009 1279 1067 debet
1320 1010 1518 1077 inesse,
1542 1018 1606 1064 ut
1632 1024 1722 1065 ar-

138 1110 324 1174 guant,
364 1109 421 1157 et
460 1101 769 1177 patientia”
791 1108 851 1156 ut
878 1101 1172 1158 emendare
1213 1101 1460 1158 nolentes
1505 1100 1724 1156 fortiter

141 1196 314 1253 ferant
372 1196 687 1268 Apostolico
734 1195 1133 1253 satisfacientes
1170 1196 1403 1267 imperio
1426 1237 1441 1264 ,
1491 1197 1584 1267 qui
1632 1195 1723 1250 Ti-

36 1344 45 1349 -
139 1290 359 1345 motheo
402 1288 663 1360 praecepit
689 1288 878 1344 dicens
911 1306 924 1342 :
955 1288 1164 1360 Argue,
1214 1289 1428 1345 obsecra
1450 1329 1465 1355 ,
1509 1290 1722 1359 increpa

136 1379 196 1435 in
234 1379 374 1435 omni
397 1380 673 1451 patientia,
700 1388 751 1435 et
776 1379 1040 1435 doctrina.
1070 1379 1238 1448 Quasi
1264 1380 1506 1436 diceret:
1540 1379 1723 1452 Argue

137 1469 462 1541 coaequales,
492 1472 721 1528 obsecra
756 1472 1025 1539 seniores,
1065 1472 1281 1542 increpa
1306 1471 1571 1542 iuniores.
1614 1471 1722 1529 Sed

136 1570 420 1634 propterea
466 1562 673 1619 addidit
722 1562 780 1617 in
808 1563 957 1633 omni
1009 1563 1293 1635 patientia,
1340 1570 1398 1618 et
1435 1562 1718 1630 doctrina;

136 1654 263 1724 quia
302 1652 500 1709 leniter
536 1653 837 1726 castigatus
877 1652 1103 1710 exhibet
1148 1651 1510 1709 reverentiam
1559 1652 1724 1708 casti-

133 1743 302 1815 ganti.
324 1742 633 1813 Asperitate
657 1732 839 1798 autem
859 1743 1044 1799 nimia:
1065 1741 1455 1814 increpationis
1481 1740 1723 1797 offensus

1822 550 1972 616 dicit,
1999 551 2149 622 pium
2174 552 2348 623 patris
2376 555 2629 610 ostendat
2654 555 2928 623 affectum,
2976 555 3320 624 subauditur,
3347 555 3408 616 in

1822 658 1883 699 se
1901 644 2120 700 habere.
2142 644 2315 701 Aliter
2332 645 2775 719 dirum-magistri
2795 649 2928 705 dicit
2949 648 3399 721 magnitudinem,

1821 734 1906 788 vel
1936 743 2195 791 terrorem
2242 736 2649 807 increpationis,
2697 754 2816 808 qua:
2840 753 2969 811 erga
3017 738 3261 795 subditos
3287 754 3407 795 ma—

1822 826 1990 899 gister
2035 826 2272 893 exhibet,
2320 836 2382 882 ut
2430 837 2712 882 sanentur.
2764 828 2920 897 Quod
2966 830 3165 895 dirum,
3211 828 3267 885 id
3303 836 3409 896 est,

1822 920 1949 992 quia
1975 928 2152 976 terror
2188 936 2297 976 non
2345 921 2549 987 odium,
2579 920 2675 976 sed
2703 922 2903 977 habere
2933 922 2989 977 in
3032 937 3090 978 se
3119 921 3195 993 pii
3229 921 3407 993 patris

1822 1025 2046 1066 necesse
2069 1018 2155 1066 est
2189 1006 2440 1067 ostendat
2469 998 2741 1067 allectum.
2790 1011 2909 1066 Non
2957 1012 3102 1067 enim
3150 1012 3206 1067 in
3238 1011 3410 1069 delin-

1822 1110 2051 1175 quentes
2077 1104 2369 1174 discipulos
2399 1112 2579 1160 terror
2625 1105 2692 1159 de
2720 1104 2829 1160 odii
2867 1102 3080 1171 fomite,
3107 1106 3201 1162 sed
3244 1106 3310 1161 de
3334 1104 3412 1176 pii

1820 1194 1993 1266 patris
2014 1195 2309 1265 procedere
2338 1195 2498 1251 debet
2532 1210 2738 1253 amore.
2773 1195 2842 1253 Ut
2867 1204 3116 1252 errantes
3160 1197 3408 1269 magistri

1822 1297 2005 1347 terror
2028 1291 2290 1362 providus
2315 1290 2580 1361 corrigat,
2606 1300 2663 1346 et
2686 1291 2825 1346 bene
2846 1297 3068 1360 agentes
3094 1290 3217 1362 pius
3242 1288 3416 1359 patris

1822 1396 1979 1437 amor
2014 1380 2278 1438 refoveat.
2322 1380 2478 1438 Unde
2520 1390 2576 1437 et
2603 1390 2731 1453 apta
2756 1380 3020 1452 expositio
3066 1379 3211 1436 beati
3247 1379 3418 1435 Bene-

1822 1475 1954 1532 dicti
1975 1474 2031 1530 in
2060 1474 2329 1546 superiori
2360 1475 2653 1541 sententia,
2694 1489 2802 1545 qua
2830 1472 2998 1529 dicit:
3026 1471 3229 1543 Argue,
3260 1471 3419 1527 obse-

1826 1578 1943 1630 cra,
1990 1563 2236 1635 increpa,
2280 1562 2613 1620 lucidissime
2638 1562 2905 1619 subditur.
2948 1561 3041 1616 Ait
3066 1575 3210 1615 enim
3239 1559 3306 1616 de
3332 1574 3422 1615 ar-

1822 1653 2076 1726 gutione:
2111 1653 2181 1708 Id
2201 1661 2279 1709 est
2310 1653 2755 1725 indisciplinatos,
2783 1660 2831 1708 et
2856 1652 3112 1725 inquietos
3137 1651 3286 1708 debet
3315 1651 3416 1706 du-

1823 1745 1935 1799 rius
1966 1761 2206 1823 arguere.
2565 1739 2574 1751 ’

132 1848 237 1889 nec
277 1833 701 1904 increpationem
731 1833 958 1904 recipit,
1007 1848 1109 1889 nec
1136 1834 1387 1890 salutem.
1425 1832 1721 1889 Possumus
1746 1818 1796 1880 Β
1891 1820 1993 1891 Ait
2026 1836 2094 1893 de
2121 1836 2503 1894 obsecratione
2537 1854 2551 1892 :
2589 1833 2899 1893 Obedientes
2935 1843 3134 1903 autem,
3170 1843 3222 1892 et
3247 1836 3419 1905 mites,

129 1931 189 1979 et
215 1923 272 1978 in
299 1923 403 1979 hac
430 1925 719 1990 sententia,
752 1940 916 1995 quam
956 1924 1033 1980 illi
1067 1925 1125 1980 in
1148 1924 1382 1981 diversis
1414 1925 1717 1980 rationabi-

129 2015 260 2072 liter
302 2014 613 2088 intelligunt
673 2017 1001 2087 implendam
1044 2018 1322 2088 personis,
1376 2017 1431 2072 in
1468 2031 1578 2072 una
1623 2032 1718 2072 ea-

130 2110 360 2179 demque
383 2123 616 2180 persona
643 2123 740 2179 per
770 2118 1070 2181 temporum
1099 2109 1383 2165 intervalla
1414 2110 1531 2164 sine
1558 2109 1720 2164 dubio

130 2199 436 2271 intelligere
462 2213 582 2255 esse
617 2199 1010 2270 complendam.
1035 2199 1280 2255 Primum
1307 2200 1455 2255 enim
1494 2213 1721 2271 arguen-

128 2290 234 2346 dus
274 2296 361 2345 est
403 2296 681 2369 peccator,
727 2290 855 2360 quia
890 2298 1101 2360 peccat.
1154 2289 1339 2361 Neque
1377 2291 1523 2361 enim
1554 2290 1721 2346 alium

124 2383 289 2440 decet
337 2398 588 2455 arguere,
620 2383 726 2439 nisi
770 2392 1106 2454 peccantem.
1152 2384 1306 2441 Sicut
1350 2385 1614 2441 Dominus
1664 2387 1721 2441 in

122 2473 424 2546 Evangelio
446 2476 524 2530 ait
555 2493 568 2529 :
596 2473 656 2530 Si
694 2476 982 2546 peccaverit
1018 2477 1075 2530 in
1119 2484 1169 2531 te
1212 2477 1380 2547 frater
1399 2486 1546 2544 tuus,
1569 2477 1718 2543 vade,

120 2578 181 2624 et
222 2586 386 2637 argue
430 2586 549 2624 eum
585 2570 725 2624 inter
761 2579 810 2624 te
856 2578 905 2623 et
940 2554 1110 2640 ipsum
1150 2569 1341 2624 solum.
1395 2569 1455 2625 Si
1493 2570 1722 2625 audierit

124 2670 200 2729 te,
245 2661 483 2716 lucratus
531 2678 583 2716 es
627 2661 847 2731 fratrem
887 2670 1038 2715 tuum
1079 2660 1298 2733 (Matth.
1350 2660 1533 2735 xvm).
1579 2661 1721 2717 Ecce

116 2756 241 2828 jam
268 2756 509 2813 lucratus
529 2772 589 2813 es
615 2758 893 2828 arguendo
921 2756 1178 2823 fratrem;
1227 2759 1357 2828 quia
1387 2758 1614 2814 audiens
1642 2766 1717 2825 te,

124 2850 374 2907 correxit
396 2865 475 2906 se.
498 2849 735 2906 Obsecra
760 2850 907 2905 enim
933 2850 1157 2916 iterum,
1179 2857 1242 2904 ut
1262 2849 1507 2921 quotidie
1527 2849 1583 2904 in
1618 2849 1719 2905 bo-

126 2940 218 2996 nis
261 2940 472 2996 actibus
503 2941 709 3005 vivens,
736 2940 814 2995 sic
859 2940 914 2995 in
944 2940 1236 2996 virtutibus
1267 2948 1498 3007 crescat,
1523 2948 1718 3011 quate-

126 3046 235 3088 nus
258 3031 323 3086 ad
344 3031 811 3102 perseverantiam
830 3030 958 3088 boni
982 3031 1162 3101 operis
1182 3033 1385 3087 veniat.
1416 3030 1514 3088 Sin
1537 3042 1717 3089 autem

126 3132 187 3180 te
220 3122 330 3179 non
381 3123 635 3189 audierit,
672 3138 777 3179 nec
818 3138 877 3179 se
910 3122 1312 3191 emendaverit,
1352 3133 1447 3180 aut
1484 3124 1719 3182 fortasse

120 3224 254 3290 post
291 3217 725 3273 emendationem
765 3217 834 3271 ad
881 3212 1150 3272 vomitum
1199 3217 1462 3283 redierit,
1498 3218 1719 3290 increpa

121 3321 258 3364 eum
284 3307 510 3374 duriter,
534 3316 591 3364 et
613 3308 659 3364 si
679 3309 849 3374 vales,
874 3308 1122 3375 emenda,
1158 3308 1213 3363 in
1236 3309 1383 3364 omni
1406 3317 1587 3364 tamen
1617 3325 1718 3379 pa-

120 3399 343 3465 tientia,
374 3407 431 3455 et
465 3399 735 3455 doctrina.
764 3399 835 3454 Et
856 3400 963 3454 hoc
1000 3399 1164 3454 modo
1191 3399 1246 3453 in
1268 3415 1397 3465 una,
1422 3399 1721 3471 eademque

116 3507 363 3569 persona
409 3494 529 3550 haec
569 3501 685 3549 tota
714 3493 927 3565 impleri
976 3499 1157 3563 potest
1208 3492 1498 3548 sententia.
1545 3491 1722 3547 Aliter

113 3600 369 3658 congruo
394 3595 637 3657 tempore
667 3588 976 3658 arguendus
1005 3593 1090 3642 est
1117 3600 1351 3656 peccans
1394 3585 1718 3651 monachus,

114 3686 189 3736 ut
217 3679 454 3736 declinet
477 3695 507 3733 a
534 3679 695 3734 malo.
717 3677 775 3733 Si
805 3678 1133 3745 emendavit,
1150 3678 1351 3733 iterum
1375 3677 1721 3733 convenienti

116 3778 375 3841 tempore
425 3770 793 3827 obsecrandus
830 3778 934 3835 est,
961 3778 1156 3825 utnon
1201 3770 1384 3840 tepide
1410 3770 1579 3835 vivat,
1625 3769 1720 3825 sed

56 3884 87 3903 ο
115 3864 183 3919 in
229 3862 525 3918 virtutibus
574 3876 828 3918 crescens
884 3860 1050 3917 faciat
1103 3860 1329 3917 bonum.
1389 3859 1487 3916 Sin
1537 3869 1721 3916 autem

113 3953 421 4011 emendare
449 3953 703 4019 noluerit,
728 3953 813 4008 vel
835 3954 1154 4009 obsecratus
1184 3953 1385 4007 iterum
1420 3960 1546 4023 apto
1585 3961 1722 4008 tem-

112 4061 261 4118 pore
321 4045 605 4101 terrendus
638 4052 722 4099 est
769 4044 926 4099 valde
952 4085 967 4110 ,
1019 4050 1076 4099 et
1122 4041 1505 4113 increpandns.
1537 4042 1612 4095 ita
1662 4051 1724 4097 ut

112 4138 377 4193 ethnicus
403 4144 459 4191 et
483 4136 822 4208 publicanus.
870 4134 1007 4188 Huic
1051 4133 1235 4188 sensui
1273 4132 1418 4187 beati
1442 4131 1722 4187 Benedicti

111 4233 341 4288 videtur
373 4229 641 4302 expositio
678 4243 995 4299 congruere.
1031 4225 1167 4281 Cum
1206 4224 1353 4281 enim
1385 4224 1611 4292 diceret,
1638 4239 1724 4279 ar-

113 4342 251 4398 gue,
274 4325 524 4390 obsecra,
550 4324 790 4393 increpa,
833 4320 1042 4377 addidit
1069 4338 1080 4371 :

194 4417 266 4472 Id
289 4426 384 4483 est,
412 4417 630 4471 miscens
651 4413 968 4485 temporibus
990 4422 1244 4482 tempora,
1268 4409 1556 4464 terroribus
1580 4409 1726 4464 blan-

110 4512 380 4566 dimenta.
404 4507 483 4562 Ac
509 4508 556 4561 si
585 4507 791 4561 diceret
819 4519 833 4558 :
871 4505 1207 4575 temporibus
1230 4502 1528 4573 argutionis
1558 4503 1725 4558 misce

112 4614 375 4674 tempora
423 4597 836 4664 obsecrationis,
876 4605 933 4652 et
970 4595 1305 4666 temporibus
1334 4594 1727 4651 obsecrationis

109 4696 299 4754 misce
326 4703 574 4762 tempora
603 4689 1012 4761 increpationis.
1041 4688 1111 4743 Et
1135 4703 1258 4744 cum
1286 4687 1564 4758 peccatrix
1610 4686 1728 4742 ani-

107 4804 215 4847 ma
255 4783 722 4856 increpationibus
758 4781 1002 4853 magistri
1034 4780 1224 4852 rigidis
1245 4780 1518 4852 justisque
1561 4778 1728 4836 fuerit

110 4880 341 4946 territa,
372 4877 641 4933 addantur
668 4874 744 4930 illi
773 4883 1000 4945 paterno
1041 4888 1250 4940 amore,
1286 4886 1357 4926 ne
1382 4872 1440 4927 in
1465 4872 1724 4941 despera-

110 4973 298 5033 u’onis
346 4981 624 5044 mergatur
664 4969 897 5035 foveam,
938 4976 994 5025 et
1031 4968 1421 5023 blandimenta.
1472 4965 1614 5022 Hinc
1664 4972 1721 5022 et

111 5068 324 5125 beatus
352 5061 648 5134 Gregorius
676 5062 791 5117 ait:
825 5059 1104 5116 Miscenda
1124 5066 1208 5114 est
1228 5073 1359 5129 ergo
1377 5057 1576 5113 lenitas
1599 5072 1723 5113 cum

108 5154 444 5217 severitate.
495 5152 827 5208 Faciendum
858 5150 1131 5222 quoddam
1161 5164 1230 5204 ex
1258 5158 1492 5219 utroque
1517 5155 1727 5218 tempe-

111 5254 466 5313 ramentum,
511 5252 574 5300 ut
599 5260 775 5315 neque
818 5243 988 5298 multa
1020 5241 1314 5312 asperitate
1340 5239 1727 5296 exulcerentur

105 5338 357 5405 abditi,
386 5352 565 5410 neque
609 5336 777 5393 nimia
818 5334 1153 5407 benignitate
1201 5332 1501 5389 solvantur.
1536 5331 1724 5388 Omnis

106 5433 279 5495 enim
306 5430 376 5487 ab
397 5430 591 5487 abbate
614 5426 886 5500 sagaciter
912 5426 1215 5482 exhibenda
1244 5435 1330 5482 est
1353 5440 1506 5491 cura,
1534 5439 1603 5480 ne
1624 5424 1722 5480 ali-

109 5540 237 5603 qua
260 5541 331 5582 ex
352 5524 545 5580 ovibus
572 5522 690 5593 ejus
721 5528 927 5593 pereat.
958 5519 1113 5576 Unde
1139 5527 1195 5573 et
1220 5519 1501 5575 subditur:

148 5688 155 5689 ί
197 5617 392 5673 Dirum
413 5615 675 5687 magistri,
702 5614 845 5684 pium
872 5612 1036 5683 patris
1067 5610 1305 5665 ostendat
1330 5611 1596 5680 affectum.
1630 5610 1721 5664 Di-

114 5724 251 5769 rum
274 5708 544 5780 magistri,
573 5707 771 5762 dicitur
797 5703 1080 5775 gravitudo
1107 5701 1242 5772 ejus,
1271 5702 1355 5757 vel
1396 5702 1720 5773 magnitudi-

114 5802 365 5869 nis,'aut
401 5800 643 5871 dignitas
683 5797 905 5873 grandis
954 5794 1197 5856 honoris.
1242 5794 1544 5870 Aliquoties
1572 5794 1720 5852 enim

1820 1934 1872 1983 et
1900 1930 2173 2000 patientes,
2199 1939 2255 1984 ut
2276 1931 2333 1985 in
2355 1928 2540 1985 melius
2562 1929 2842 2001 proﬁciant
2867 1929 3159 1985 obsecrare.

1890 2017 1982 2073 Ait
2014 2018 2083 2075 de
2128 2020 2502 2091 increpatione
2542 2034 2559 2074 :
2602 2018 2937 2091 Negligentes
2991 2027 3040 2073 et
3082 2026 3422 2074 contemnen-

1822 2121 1919 2180 tes,
1949 2120 2005 2167 ut
2046 2113 2299 2184 increpet,
2330 2122 2381 2168 et
2422 2112 2676 2183 corripiat
2722 2112 3086 2167 admonemus.
3135 2111 3312 2177 Nulla,
3360 2118 3423 2167 ut

1822 2204 2079 2271 arbitror,
2113 2203 2345 2259 lucidior
2387 2204 2658 2274 expositio
2704 2203 2761 2258 in
2809 2203 2913 2259 hac
2957 2203 3224 2275 Apostoli,
3257 2217 3422 2274 quam

1821 2288 2011 2351 beatus
2048 2293 2371 2350 Benedictus
2392 2293 2546 2361 fecit,
2572 2294 2775 2365 poterit
2802 2293 3037 2349 inveniri
3064 2294 3355 2350 sententia.

1898 2403 2082 2475 Neque
2111 2403 2406 2459 dissimulet
2435 2412 2650 2475 peccata
2681 2402 3113 2475 delinquentium.
3141 2403 3261 2460 Non
3280 2404 3426 2460 enim

1824 2497 2210 2553 dissimulanda
2249 2505 2378 2553 sunt
2402 2504 2628 2568 peccata
2654 2496 3105 2568 delinquentium,
3136 2511 3206 2552 ne
3237 2495 3424 2553 subdi-

1823 2596 2006 2645 torum
2050 2589 2212 2644 noxia
2264 2588 2355 2645 diu
2400 2589 2738 2661 protelentnr
2780 2589 3000 2647 delicta.
3043 2588 3217 2658 Quam
3260 2590 3425 2646 citius

1822 2681 1968 2737 enim
1996 2681 2302 2753 peccatoris
2326 2681 2666 2737 emendanda
2708 2679 2873 2737 fuerit
2898 2682 3077 2754 culpa,
3108 2689 3219 2736 tam
3250 2681 3420 2741 citius

1821 2773 2174 2844 consequitur
2221 2779 2276 2830 et
2303 2774 2541 2830 veniam.
2592 2773 2859 2830 Celeriter
2901 2775 3065 2830 hodie
3094 2775 3265 2831 abbas
3307 2774 3421 2830 cul-

1821 2884 1947 2941 pam
1973 2868 2323 2924 manifestam
2372 2868 2629 2924 emendat
2674 2884 2878 2935 unam;
2927 2884 3053 2926 cras
3096 2864 3426 2928 sine‘dubio

1823 2980 1986 3037 quam
2017 2965 2313 3021 emendare
2362 2963 2559 3020 debeat
2591 2963 2817 3019 habebit
2845 2963 3094 3020 alteram.
3139 2964 3283 3035 Ergo
3317 2979 3427 3020 non

1823 3056 2048 3113 tardans
2089 3054 2398 3110 dissimulet
2426 3055 2737 3123 emendare,
2767 3055 2923 3125 quasi
2965 3054 3237 3123 nesciens,
3265 3070 3427 3127 quem

1822 3155 1935 3204 tam
1962 3147 2183 3220 grandis
2208 3146 2517 3202 animarum
2550 3146 2833 3218 regiminis
2859 3148 3061 3218 premit
3094 3146 3279 3203 fascis.

1896 3259 1998 3317 Sed
2022 3277 2144 3315 mox
2172 3268 2228 3313 ut
2259 3261 2504 3331 coeperint
2525 3260 2674 3327 oriri,
2707 3260 2961 3315 radicitus
2980 3277 3060 3323 ea,
3074 3268 3131 3314 ut
3151 3259 3425 3331 praevalet,

1822 3361 2074 3424 amputet.
2140 3351 2200 3406 In
2265 3359 2389 3407 ortu
2456 3368 2556 3408 suo
2609 3352 2871 3408 radicitus
2921 3353 3250 3425 amputanda
3299 3357 3429 3411 sunt

1820 3444 1976 3511 vitia,
2005 3445 2093 3501 vel
2139 3455 2384 3518 peccata,
2441 3460 2533 3512 ne,
2585 3445 2710 3501 ﬁxis
2738 3446 3079 3518 firmatisque
3124 3447 3427 3516 radicibus,

1821 3539 2017 3597 noxios
2059 3556 2243 3597 ramos
2286 3541 2532 3609 mittant,
2563 3548 2619 3596 et
2649 3542 2706 3596 in
2735 3541 2901 3597 ramis
2928 3541 3058 3596 mali
3104 3542 3286 3613 operis
3311 3541 3426 3599 fru-

1822 3640 1944 3688 ctus
1974 3632 2172 3689 ferant.
2224 3632 2509 3689 Radicitus
2540 3641 2827 3705 amputare
2871 3641 3114 3703 peccata,
3164 3632 3249 3689 vel
3289 3633 3425 3690 vitia

1815 3720 2000 3792 jussit,
2031 3723 2128 3778 sed
2156 3730 2339 3779 tamen
2365 3730 2428 3778 ut
2453 3716 2712 3794 praevalet
2735 3724 2891 3779 dixit.
2932 3722 3052 3780 Non
3080 3724 3229 3780 enim
3251 3739 3428 3795 quan-

1824 3822 1938 3870 tum
1968 3815 2220 3871 volumus
2260 3824 2543 3887 amputare
2587 3825 2832 3887 peccata,
2863 3816 2950 3872 vel
2986 3816 3119 3871 vitia
3148 3816 3415 3889 valemus,

1823 3907 1920 3962 sed
1947 3915 2211 3977 quantum
2241 3923 2367 3964 cum
2411 3908 2627 3964 Domini
2666 3906 2937 3979 adiutorio
2975 3921 3268 3979 possumus
3304 3922 3423 3963 am-

1822 4007 2018 4068 putare
2045 4008 2273 4069 peccata
2302 3999 2752 4071 delinquentium,
2794 3998 3133 4055 festinemus.

1899 4112 2105 4169 Memor
2128 4114 2351 4185 periculi
2380 4114 2504 4169 Heli
2526 4116 2814 4170 sacerdotis
2842 4115 2907 4169 de
2948 4114 3060 4170 Silo
3102 4114 3156 4187 (Ι
3176 4115 3304 4187 Reg.
3333 4114 3422 4188 ιι).

1826 4200 2161 4273 Ωιιῖεἵῖὲἦίῐιῖ
2170 4198 2305 4262 falsa
2330 4198 2537 4276 pietate
2566 4200 2851 4279 superatus
2864 4198 3060 4263 "taure
3103 4207 3221 4264 Heli
3248 4208 3425 4264 delin-

1810 4300 1815 4305 ’
1828 4295 2610 4383 ιιῠὸηῐὲὲἮῐῖὁξίξᾳῐᾳίῐξξψῢα
2634 4297 2945 4353 districtum
2956 4296 3197 4368 iudicem
3206 4314 3211 4319 ‘
3220 4305 3439 4354 semet-‘

1826 4388 2165 4460 ipsuin'cum
2194 4378 2322 4444 filiis
2360 4376 2570 4445 “erudeli
2603 4389 2950 4445 damnatione
2990 4390 3281 4461 percussit.
3312 4388 3422 4445 Pro

1830 4482 2118 4553 iniquitate
2146 4482 2291 4536 enim
2323 4479 2561 4537 filiorum
2592 4495 2814 4537 suorum
2844 4482 3135 4537 damnatus
3163 4489 3269 4547 est,
3297 4478 3425 4551 quia

1830 4582 1941 4653 non
1971 4584 2069 4629 eos
2085 4574 2396 4653 severitate,
2424 4576 2483 4631 et
2504 4572 2832 4631 auctoritate
2852 4573 3137 4631 Pontificis
3176 4570 3428 4653 increpa-

1833 4654 1913 4720 vit
1930 4656 1959 4731 ἶ
1978 4656 2079 4721 sed
2100 4652 2767 4738 mansuetudinepat’Erna
2790 4658 3001 4722 lenivit.
3040 4663 3171 4734 Quae
3195 4652 3426 4725 senten-

1833 4758 1908 4811 tia
1954 4754 2244 4828 vigilanter
2278 4754 2360 4814 ‘ab
2402 4753 2705 4813 ‘Abhatib'us
2748 4764 2832 4813 est
2876 4757 3139 4831 ﬁnienda,
3182 4773 3256 4823 ne
3284 4748 3429 4815 forte

1831 4864 1958 4905 cum
1984 4846 2107 4918 plus
2148 4844 2339 4920 quam"
2359 4844 2538 4915 decet,
2584 4836 2781 4905 leniter
2817 4836 3157 4905 subditorum
3202 4864 3425 4906 suorum

1828 4941 2169 5013 palpaverint
2209 4941 2419 5014 culpas,
2461 4957 2494 4997 a
2524 4940 2777 4999 districto
2822 4940 3007 5013 judice
3057 4942 3426 4999 damnationis

1828 5033 2099 5092 feriantur
2134 5035 2425 5091 sententia.

1898 5148 1970 5206 Et
1992 5149 2314 5206 honestiores
2343 5142 2572 5220 quidem,
2610 5155 2766 5221 atque
2802 5146 3153 5220 intelligibiles
3195 5148 3424 5214 animos,

1826 5244 2019 5316 prima,
2044 5240 2121 5296 vel
2162 5239 2393 5296 secunda
2431 5240 2790 5296 admonitione
2818 5239 2984 5296 verbis
3018 5240 3287 5310 corripiat.
3316 5237 3428 5297 Ho-

1827 5335 2098 5391 nestiorcs
2149 5332 2321 5398 dicit,
2377 5332 2828 5389 honorabiliores.
2882 5331 3157 5399 Honestus
3205 5328 3425 5401 dicitur,

1826 5425 1981 5497 quasi
2012 5424 2235 5479 honoris
2262 5431 2459 5490 status,
2485 5439 2551 5480 eo
2591 5424 2737 5494 quod
2779 5422 2915 5477 nihil
2959 5421 3158 5476 habeat
3188 5422 3423 5492 turpitu-

1829 5518 1987 5574 dinis.
2017 5515 2400 5587 lntelligibiles,
2448 5517 2660 5572 ratione
2687 5529 2935 5585 capaces,
2971 5512 3061 5583 qui
3084 5528 3147 5568 ea
3171 5530 3292 5586 quae
3322 5530 3421 5570 au-

1826 5609 1980 5665 diunt
2033 5625 2063 5664 a
2111 5608 2391 5681 magistris
2439 5604 2760 5678 intelligunt,
2810 5615 2864 5659 ct
2904 5604 3161 5675 Operibus
3199 5607 3425 5678 implere

1831 5700 2188 5757 contendunt.
2223 5701 2379 5770 Quod
2408 5701 2453 5757 si
2487 5701 2542 5756 in
2568 5696 2840 5767 aliquibus
2869 5697 3032 5751 rebus
3054 5698 3420 5766 excesserint;

1823 5793 1952 5868 quia
1977 5809 2085 5852 nou
2125 5801 2209 5853 est
2236 5795 2401 5852 homo
2430 5791 2523 5864 qui
2565 5790 2701 5849 vivit
2734 5797 2794 5849 et
2838 5804 2947 5865 non
2989 5799 3201 5864 peccet,
3230 5806 3423 5853 secun-

3518 4753 3564 4765 ρ-)

3758 4348 3769 4361 Ι

3734 4372 3751 4383 ρ

3583 4388 3597 4441 ξ
3694 4406 3715 4441 η

3620 4166 3659 4211 .r/

3592 4324 3609 4383 3

3592 4444 3647 4493 χχ
3691 4428 3711 4481 ί,

3648 4498 3658 4513 ι

3770 4608 3797 4635 Δ).

3600 4518 3658 4705 ἔ
3746 4658 3759 4679 κ

3746 4658 3759 4679 κ
