4020 6528
510 420 620 479 ’145

1791 389 2147 452 SMARAGDI
2180 386 2472 459 ABBATIS

3700 375 3809 434 7“

492 504 828 588 substantia.
874 520 1075 580 Potens
1100 523 1185 577 est
1224 517 1367 575 enim
1400 516 1545 574 Deus
1570 524 1629 573 et
1671 513 2004 586 spiritalibus
2034 519 2090 567 et
2115 510 2169 572 Α
2263 504 2331 559 Et
2360 504 2434 558 ita
2468 516 2670 573 semper
2697 497 2885 554 timens
2914 497 3149 568 futuram
3179 490 3572 588 discussionent
3605 498 3803 560 posto-

507 617 816 675 carnalibus
844 613 1050 671 deliciis
1073 613 1289 684 plenam
1330 612 1533 665 sanctis
1555 607 1668 675 suis
1700 606 1755 660 in
1776 602 1959 659 smeuli
1987 603 2091 656 hu-

508 709 596 781 ius
630 710 845 766 deserto
876 719 1069 778 parare
1098 719 1361 760 mensam.
1400 701 1503 768 Qui
1536 700 1681 754 enim
1723 703 1875 752 casto
1898 695 2093 748 timore

512 805 670 860 timet
700 802 1008 866 Dominum,
1054 798 1110 853 in
1140 812 1247 868 quo
1287 795 1465 851 omnis
1496 790 1772 864 plenitudo
1803 803 2008 851 rerum,
2038 791 2094 840 et

513 895 670 968 copia
697 899 880 949 manet
902 892 1182 956 virtutum,
1211 887 1346 943 nihil
1376 886 1555 940 minus
1596 882 1798 937 habere
1823 884 2001 968 potest
2028 877 2094 968 de

514 967 813 1044 substantia
838 982 1200 1056 spiritualium
1227 987 1282 1033 et
1309 974 1669 1046 corporalium
1696 984 1896 1025 rerum.
1949 967 2097 1022 Scri-

513 1086 665 1149 ptum
691 1075 888 1147 quippe
912 1081 1029 1129 est:
1081 1069 1306 1125 Timenti
1333 1068 1502 1121 Deum
1533 1066 1657 1119 bene
1702 1062 1802 1116 erit
1842 1059 1899 1114 in
1943 1065 2097 1112 ceter-

515 1184 663 1233 num,
702 1175 752 1221 et
784 1165 842 1220 in
877 1162 1061 1217 diebus
1105 1157 1569 1215 consummationis
1596 1151 1740 1208 illius
1769 1149 2098 1205 benedicatur

516 1257 687 1331 (Eccl.
718 1255 783 1329 ι).
830 1254 919 1320 Et,
950 1253 1052 1320 Qui
1093 1252 1274 1306 timent
1325 1248 1629 1311 Dominum,
1675 1246 2015 1315 speraverant
2040 1239 2097 1292 in
2154 1248 2164 1259 ‘

515 1348 768 1415 Domino,
831 1345 1046 1416 adjutor
1099 1357 1278 1397 eorum
1339 1348 1389 1395 et
1457 1346 1718 1410 protector
1783 1348 1963 1389 eorum
2020 1337 2097 1385 est

518 1438 694 1511 (Psal.
717 1435 893 1509 cxm).
1488 1450 1493 1459 ·

596 1530 876 1601 Sciatque,
907 1528 1030 1600 quia
1059 1527 1148 1600 qui
1177 1525 1393 1595 suscipit
1418 1524 1623 1578 animas
1652 1521 1904 1593 regendas
1923 1561 1937 1588 ,
1962 1535 2100 1592 pra:-

522 1630 671 1695 paret
698 1596 767 1677 sev
783 1620 852 1676 ad
878 1596 1131 1673 rationem
1172 1615 1510 1671 reddendam.
1547 1613 1649 1682 Qui
1689 1613 1833 1668 enim
1874 1596 2128 1682 suscipit.

519 1714 749 1771 aliorum
794 1712 1001 1767 animas
1037 1710 1107 1764 ad
1144 1707 1460 1780 regendum,
1507 1720 1574 1761 ne
1612 1711 1836 1776 cogatur
1881 1705 1947 1759 de
1993 1702 2103 1758 illis

521 1820 644 1861 cum
666 1804 894 1860 Domino
912 1815 1115 1873 ponere
1134 1800 1402 1855 rationem
1420 1839 1435 1865 ,
1454 1804 1508 1851 et
1524 1805 1687 1855 rectae
1706 1794 2104 1866 praedicationis

2195 601 2267 653 ris
2290 598 2355 653 de
2374 597 2585 651 creditis
2609 594 2808 659 ovibus,
2831 608 2949 646 cum
2974 590 3039 644 de
3066 589 3253 643 alienis
3284 586 3597 641 ratiociniis
3623 591 3809 655 cauet,

2196 692 2433 747 redditur
2458 689 2522 742 de
2556 688 2662 741 suis
2700 685 2975 740 sollicitus.
3016 681 3305 737 lnferiores
3343 680 3495 736 enim
3535 685 3811 749 pastum

2194 783 2392 841 summi
2421 781 2697 846 Pastoris,
2730 780 2786 834 id
2816 785 2900 834 est
2935 776 3166 840 Christi,
3197 775 3289 845 qui
3317 774 3492 839 dixit,
3526 771 3664 843 Ego
3694 786 3807 827 su

2195 884 2376 948 pastor
2418 873 2581 927 bonus
2630 868 2840 943 (Joan.
2871 883 2907 922 ι
2938 868 2989 939 ),
3046 865 3265 922 solliciti
3322 878 3575 936 semper,
3638 870 3704 917 et
3745 861 3812 922 ὼ

2197 968 2310 1026 suis
2344 965 2587 1032 artibus,
2624 974 2682 1020 et
2716 964 2782 1020 de
2815 962 3036 1018 creditis
3077 961 3268 1016 ovibus
3308 959 3558 1015 futuram
3609 958 3807 1014 timere

2199 1065 2396 1122 debent
2441 1060 2835 1119 discussionem
2859 1100 2874 1125 ,
2925 1073 2995 1114 ne
3023 1056 3238 1128 quando
3276 1057 3634 1127 increpando
3667 1055 3809 1111 dicat

2197 1160 2303 1216 illis
2329 1158 2490 1213 Deus.
2524 1155 2679 1222 Quod
2706 1154 2934 1225 fractum
2959 1162 3073 1207 erat
3099 1168 3204 1206 non
3230 1150 3498 1221 alligastis
3518 1191 3537 1216 ,
3562 1159 3625 1205 et
3668 1150 3807 1219 quod

2200 1252 2460 1323 abjectum
2481 1290 2496 1316 ,
2536 1265 2639 1304 non
2671 1246 2955 1302 reduxistis
2993 1242 3234 1316 (Ezech.
3274 1256 3443 1296 xxxiv
3472 1239 3520 1311 ).
3570 1239 3657 1294 Et
3689 1254 3809 1295 eun

2200 1345 2303 1418 ipsi
2332 1342 2764 1415 limpidissimam
2790 1352 2988 1409 aquam
3019 1336 3304 1401 biberitis,
3335 1334 3623 1404 reliquam
3652 1330 3809 1402 pedi-

2197 1435 2302 1493 bus
2333 1434 2532 1491 vestris
2566 1431 2895 1496 turbabatis,
2927 1436 2982 1486 et
3006 1444 3137 1485 oves
3163 1442 3298 1483 meae
3324 1442 3447 1498 quae
3477 1423 3811 1481 conciliata

2200 1525 2429 1598 pedibus
2474 1522 2672 1579 vestris
2731 1520 2946 1576 fuerant
2995 1518 3321 1592 pascebant,
3362 1524 3420 1573 et
3462 1530 3598 1587 qua
3641 1515 3812 1585 pedes

2201 1617 2371 1675 vestri
2405 1617 2780 1682 turbaverant,
2819 1614 2937 1669 haec
2968 1611 3246 1676 bibebant,
3285 1617 3391 1666 etc.
3430 1607 3597 1663 Hanc
3626 1616 3811 1661 am

2204 1708 2589 1782 increpationis
2623 1721 2813 1763 vocem
2856 1705 3081 1761 abbates
3119 1718 3189 1760 ne
3232 1702 3487 1768 audiant,
3529 1707 3593 1755 et
3626 1698 3815 1755 subii

2205 1809 2385 1858 torum
2435 1814 2658 1856 suorum
2709 1797 2976 1867 sagaciter
3021 1796 3272 1868 expleant
3321 1809 3521 1859 curas,
3575 1801 3637 1848 et
3686 1807 3812 1848 suas

519 1896 688 1951 verbo
706 1935 722 1961 ,
752 1901 807 1949 et
831 1892 1097 1948 bonorum
1125 1905 1352 1963 operum
1381 1904 1477 1944 eos
1502 1888 1695 1944 docere
1724 1886 1887 1941 debet
1913 1898 2100 1939 exem-
2126 1888 2175 1948 B
2200 1896 2496 1970 prudente,-
2539 1909 2700 1968 agere
2736 1910 2845 1950 ηοη
2883 1893 3167 1949 desistam.
3203 1891 3270 1948 Ει
3305 1891 3385 1946 sic
3426 1889 3483 1945 in
3525 1889 3809 1959 propria

520 1986 631 2057 plo,
660 1992 927 2055 quatenus
954 1992 1010 2037 et
1036 1989 1239 2036 aeterno
1258 1979 1427 2051 judici
1458 1978 1673 2049 placere
1701 1976 1840 2032 bene
1867 1975 2102 2031 vivendo

521 2074 763 2139 studeat,
795 2080 850 2126 et
888 2069 1194 2141 exemplum
1223 2068 1377 2124 bonae
1405 2068 1532 2122 vitae
1550 2065 1790 2122 subditis
1820 2066 2062 2136 praebeat
2086 2104 2102 2131 ,

520 2172 577 2221 et
613 2180 678 2220 ea
720 2178 840 2234 qua:
874 2152 932 2217 in
978 2162 1059 2216 eis
1100 2146 1419 2230 corrigenda
1459 2166 1585 2212 sunt
1613 2156 1880 2227 sagaciter
1906 2155 2105 2224 depre-

520 2257 757 2320 hendat,
796 2262 852 2308 et
890 2250 1171 2317 velociter,
1212 2256 1275 2304 ut
1312 2246 1604 2319 praevalet,
1644 2244 1915 2315 corrigat,
1944 2250 1999 2297 et
2038 2241 2107 2297 de

523 2349 631 2405 hoc
661 2343 947 2401 consilium
975 2340 1282 2397 Salomonis
1306 2340 1535 2395 dicentis
1559 2338 1743 2393 audiat
1770 2334 1913 2391 :Fili
1938 2336 2033 2402 mi,
2059 2334 2107 2389 si

524 2434 864 2509 spoponderis
890 2449 983 2503 pro
1012 2432 1180 2486 amico
1211 2441 1302 2485 tuo
1320 2470 1335 2496 ,
1366 2429 1595 2499 deﬁxisti
1625 2426 1767 2499 apud
1798 2435 2105 2481 extraneum

522 2544 738 2583 manum
760 2535 905 2581 tuam
920 2564 936 2591 ,
961 2534 1007 2579 et
1030 2522 1304 2595 laqueatus
1327 2539 1381 2576 es
1402 2520 1570 2579 verbis
1594 2521 1699 2573 oris
1722 2519 1799 2573 tui
1814 2559 1828 2584 ,
1855 2525 1903 2571 et
1927 2524 2108 2587 captus

524 2618 751 2691 propriis
780 2614 1127 2672 sermonibus.
1159 2610 1276 2666 Fac
1313 2628 1435 2682 ergo
1476 2609 1616 2681 quod
1642 2608 1790 2673 dico,
1819 2605 1898 2676 ﬁli
1926 2606 2028 2671 mi,
2060 2614 2110 2658 et

525 2712 748 2781 teipsum
791 2709 973 2764 libera.
1028 2706 1312 2771 Discurre,
1362 2703 1592 2774 festina,
1640 2701 1837 2756 suscita
1882 2698 2108 2753 amicum

527 2807 699 2863 tuum,
722 2805 827 2853 etc.
854 2794 1051 2869 (Prov.
1076 2811 1131 2849 vt
1151 2794 1190 2867 ).
1223 2794 1503 2865 Spondere
1528 2807 1760 2861 namque
1785 2805 1883 2862 pro
1909 2789 2107 2853 amico,

526 2898 615 2949 est
638 2890 871 2946 alienam
897 2890 1134 2944 animam
1166 2888 1222 2941 in
1255 2886 1495 2957 periculo
1535 2900 1647 2940 suae
1682 2882 2110 2940 conversationis

528 2981 800 3052 accipere.
840 2980 997 3050 Apud
1023 2986 1342 3034 extraneum
1371 2992 1563 3031 manus
1590 2975 1863 3047 deligitur,
1894 2973 2111 3043 quando

529 3071 588 3128 in
617 3070 840 3126 alterius
865 3085 997 3126 cura
1024 3084 1180 3124 mens
1206 3068 1423 3138 ligatur.
1450 3067 1778 3137 lllaqueatur
1803 3064 1966 3135 igitur
1992 3078 2113 3119 ver-

531 3164 618 3221 bis
645 3162 757 3218 oris
784 3161 902 3228 sui,
934 3162 1061 3217 dum
1090 3160 1300 3215 ratione
1327 3158 1733 3228 constringitur,
1760 3171 1830 3211 ne
1859 3154 1974 3224 ejus
2000 3155 2113 3209 vita

2204 1987 2617 2045 sollicitudinem
2672 1984 2917 2041 ferveant
2964 1992 3026 2040 ut
3073 1999 3104 2038 a
3150 1982 3499 2039 subditorum
3554 1980 3805 2038 custodia

2205 2092 2313 2133 non
2360 2077 2637 2133 recedant.
2688 2075 2919 2147 Dignum
2973 2075 3170 2147 quippe
3213 2083 3297 2130 est
3339 2080 3403 2128 ut
3433 2073 3493 2129 hi
3521 2072 3614 2143 qui
3662 2088 3813 2144 pra-

2207 2177 2333 2226 sunt
2378 2168 2535 2234 aliis,
2583 2166 2769 2223 oculos
2798 2173 3016 2237 apertos
3055 2165 3329 2230 habeant,
3379 2171 3442 2218 et
3492 2161 3625 2218 hinc
3672 2161 3809 2218 inde

2206 2258 2496 2330 vigilanter
2524 2256 2811 2325 aspiciunt.
2850 2253 3000 2309 Intus
3026 2263 3080 2308 et
3112 2251 3244 2308 foris
3271 2252 3423 2324 pleni
3454 2252 3578 2307 sint
3607 2250 3806 2317 oculis,

2207 2358 2270 2405 ut
2317 2336 2543 2406 insidias
2574 2347 2779 2417 antiqui
2823 2361 2855 2401 a
2895 2346 3053 2414 longe
3087 2345 3432 2416 prospiciunt
3487 2344 3716 2410 hostis;
3754 2354 3809 2399 ut

2210 2441 2356 2496 intus
2400 2454 2459 2495 se
2505 2438 2794 2509 diligenter
2828 2436 3169 2500 custodiant,
3216 2434 3351 2491 foris
3388 2442 3455 2489 ut
3498 2434 3634 2490 aliis
3676 2436 3807 2491 bene

2210 2532 2427 2588 vivendi
2462 2529 2767 2600 exemplum
2802 2530 3098 2600 praebeant.
3130 2528 3199 2583 Et
3228 2529 3338 2583 hoc
3365 2529 3559 2594 modo,
3593 2528 3725 2583 dum
3752 2528 3810 2583 de

2214 2622 2405 2677 alienis
2443 2620 2744 2676 ratiociniis
2778 2628 2963 2687 cavet,
3001 2618 3245 2675 redditur
3276 2619 3345 2675 de
3383 2620 3507 2674 suis
3542 2618 3809 2675 sollicitus

2214 2715 2412 2779 abbas,
2443 2712 2499 2767 id
2525 2720 2634 2774 est,
2672 2712 2800 2766 dum
2834 2713 2900 2767 de
2934 2710 3274 2767 subditorum
3313 2726 3553 2767 suorum
3590 2710 3809 2765 ratioci-

2213 2806 2320 2862 niis
2348 2806 2534 2871 cavet,
2564 2803 2791 2859 Domino
2816 2804 2995 2859 reddit
3020 2804 3284 2859 rationem
3308 2820 3325 2869 ;
3355 2804 3622 2868 redditur,
3648 2802 3704 2857 id
3727 2810 3815 2859 est

2215 2895 2306 2960 iit,
2347 2895 2411 2949 de
2447 2896 2598 2960 suis,
2633 2893 2953 2949 subauditur
2989 2893 3292 2950 ratiociniis
3331 2891 3628 2948 sollicitus.
3659 2890 3815 2949 Som-

2217 2986 2324 3041 eite
2356 2985 2504 3042 enim
2538 2984 2760 3055 cogitet,
2797 2983 2923 3053 quia
2961 2990 3015 3040 et
3047 2984 3112 3039 de
3148 2983 3263 3039 suis
3318 2984 3547 3040 actibus
3589 2985 3733 3039 sicut
3762 2991 3813 3039 et

2216 3074 2284 3129 de
2312 3074 2496 3129 ovium
2522 3089 2741 3129 suarum
2770 3072 3037 3127 rationem
3064 3071 3121 3126 in
3147 3072 3435 3127 tremendo
3464 3072 3685 3142 judicio
3704 3072 3813 3127 red-

2218 3166 2432 3220 diturus
2465 3172 2552 3221 est
2581 3164 2831 3219 Domino.
2863 3162 3011 3217 Inter
3043 3163 3310 3217 rationem
3345 3172 3405 3218 et
3440 3164 3813 3220 ratiocinatio-

531 3254 600 3310 ad
624 3255 769 3310 aliud
798 3269 960 3326 quam
988 3253 1244 3309 admonet
1270 3252 1560 3307 relaxetur.
1587 3249 1739 3307 Unde
1761 3249 1902 3322 apud
1928 3249 2112 3304 distri-
2139 3251 2185 3315 C
2216 3269 2341 3310 nem
2372 3255 2447 3309 ita
2479 3254 2837 3326 distinguunt.
2870 3253 3030 3308 Ratio
3056 3253 3200 3307 enim
3229 3261 3414 3309 motus
3458 3255 3694 3324 quidam
3733 3264 3808 3310 est

531 3355 681 3404 ctum
719 3345 958 3415 iudicem
1003 3345 1214 3417 cogitur
1278 3352 1425 3399 tanta
1472 3344 1527 3397 in
1568 3356 1731 3413 Opere
1798 3339 2113 3407 exsolvere,

531 3447 734 3510 quanta
767 3453 891 3494 eum
929 3445 1145 3495 constat
1174 3437 1296 3492 aliis
1320 3452 1453 3492 voce
1482 3436 1824 3507 praecepisse.
1857 3433 2115 3504 Quisquis

533 3533 676 3588 enim
705 3532 773 3585 ad
798 3530 1084 3585 vivendum
1115 3527 1236 3583 aliis
1265 3528 1321 3582 in
1348 3526 1595 3596 exemplo
1625 3520 2123 3596 praeponiﬁﬁmm

535 3620 708 3679 solum
731 3632 792 3677 ut
813 3623 927 3693 ipse
949 3606 2121 3693 bene'vimWLt

528 3690 1869 3783 Wﬂseuetsummuﬂibﬁiiﬁ
1894 3704 2119 3775 vigilare

539 3909 715 3973 est,_a_
740 3897 950 3977 peccati
991 3894 1535 3977 corporemdisjgpgit.
1575 3882 2122 3963 ErgoﬁsTE‘abbas‘et

540 3968 601 4047 se
631 3970 982 4045 custodiendo
1007 3990 1063 4042 et
1088 3968 1557 4041 summissam,
1583 3984 1755 4048 vivat,
1786 3989 1846 4036 ut
1869 3998 1977 4036 non
2004 3994 2123 4050 poe-

540 4079 718 4134 nalem
757 4077 984 4131 Domino
1019 4075 1286 4130 rationem
1324 4074 1547 4139 reddat,
1584 4072 1679 4128 sed
1723 4073 1791 4128 ab
1834 4072 1927 4128 illo
1967 4071 2123 4128 laetus

539 4170 763 4241 praemia
791 4176 997 4224 aeterna
1028 4166 1269 4237 recipiat.

612 4259 682 4314 Et
708 4268 962 4331 quantum
989 4256 1085 4312 sub
1117 4273 1245 4310 cura
1267 4272 1366 4311 sua
1390 4255 1617 4327 fratrum
1643 4270 1696 4311 se
1722 4255 1913 4309 habere
1943 4253 2122 4309 scierit

543 4366 815 4406 numerum
834 4390 849 4414 ,
873 4357 1122 4419 agnoscat
1145 4364 1238 4418 pro
1264 4358 1401 4401 certo
1445 4347 1569 4417 quia
1592 4347 1649 4399 in
1670 4346 1753 4400 die
1771 4344 1964 4415 judicii
1987 4345 2126 4414 ipsa-

544 4455 664 4495 rum
709 4440 941 4492 omnium
984 4439 1282 4493 animarum
1318 4438 1617 4491 redditurus
1657 4447 1730 4490 est
1770 4435 1997 4489 Domino
2035 4450 2127 4488 ra-

862 3780 1151 3793 Μ

648 3790 823 3803 mw

1158 3788 1455 3813 Mi

944 3868 1127 3877 Μ

2217 3346 2381 3401 animi
2417 3348 2544 3400 ve'ra
2583 3362 2613 3399 a
2648 3344 2801 3400 falsis
2835 3336 3166 3399 discernebs.
3206 3343 3592 3401 Ratiocinatio
3639 3356 3806 3401 autem

2218 3434 2556 3492 rationabilis
2595 3442 2680 3491 est
2728 3434 2826 3508 [et]
2868 3434 3081 3490 subtilis
3108 3434 3441 3504 disputatio.
3473 3434 3660 3503 Quam
3687 3437 3809 3491 bene

2217 3535 2374 3583 cavet
2416 3527 2506 3581 ille
2542 3542 2665 3583 cum
2694 3527 2924 3582 Domino
2970 3539 3173 3598 ponere
3202 3526 3473 3581 rationem
3497 3568 3515 3592 ,
3543 3528 3642 3598 qui
3680 3536 3732 3583 et
3758 3542 3809 3583 se

2219 3621 2489 3677 custodire
2515 3628 2571 3676 et
2596 3621 2839 3677 subditos
2866 3621 3003 3677 bene
3032 3634 3223 3690 regere
3239 3618 3390 3688 juste
3420 3622 3601 3676 novit.
3634 3666 3637 3667 ν

2290 3711 2357 3765 Et
2394 3729 2514 3766 cum
2544 3712 2609 3766 de
2636 3711 3079 3791 admonitionibus
3105 3712 3216 3765 suis
3246 3712 3677 3767 emendationem
3703 3713 3810 3766 aliis

2218 3804 2620 3871 subministrat,
2666 3804 2775 3875 ipse
2816 3803 3037 3874 eﬁicitur
3085 3822 3119 3858 a
3166 3804 3307 3859 vitiis
3342 3806 3682 3862 emendatus.
3732 3806 3809 3863 Di-

2221 3912 2384 3969 gnum
2417 3896 2572 3950 valde
2616 3904 2699 3951 est
2741 3902 2800 3949 ut
2839 3896 2933 3965 qui
2975 3895 3097 3951 aliis
3123 3911 3319 3967 panem
3345 3898 3477 3952 vitae
3506 3899 3812 3968 ministrat,

2222 3985 2337 4057 ipse
2364 3984 2506 4040 fame
2534 3999 2641 4039 non
2669 3993 2875 4055 pereat.
2918 3983 3021 4053 Qui
3067 3987 3212 4040 enim
3247 3984 3516 4042 fratribus
3544 4002 3711 4044 causa
3736 3989 3815 4045 ὥ-

2222 4075 2468 4132 lectionis
2494 4074 2718 4129 verbum
2747 4074 2952 4145 praebet
2977 4074 3196 4141 salutis,
3230 4076 3346 4146 ipsa
3376 4075 3679 4133 dilectione
3707 4076 3811 4135 em-

2223 4168 2366 4223 citur
2411 4167 2731 4221 emendatus
2780 4182 2811 4221 a
2860 4167 3029 4222 vitiis.
3082 4167 3334 4224 Charitas
3381 4172 3531 4225 enim
3582 4173 3814 4243 cooperit

2224 4256 2625 4313 multitudinem
2654 4264 3036 4328 peccatorum,
3067 4259 3209 4314 sicut
3234 4261 3500 4330 scriptum
3541 4270 3633 4317 est
3658 4281 3672 4317 :
3721 4263 3813 4329 Qui

2226 4349 2452 4403 converti
2473 4349 2651 4419 fecerit
2678 4359 3005 4420 peccatorem
3020 4351 3084 4405 ab
3100 4367 3278 4405 errore
3303 4354 3401 4405 vim
3426 4368 3566 4416 sum,
3594 4355 3811 4408 salmbit

2227 4441 2457 4494 animant
2499 4440 2613 4509 ejus
2645 4457 2677 4494 a
2704 4450 2889 4496 morte.
2925 4441 2996 4496 Et
3022 4444 3249 4514 cooperit
3280 4443 3683 4501 multitudinem
3709 4464 3816 4517 pec-

540 4531 737 4588 tlionem
757 4569 772 4595 ,
804 4530 916 4583 sine
941 4527 1098 4581 dubio
1126 4527 1305 4581 addita
1334 4536 1380 4580 et
1408 4544 1519 4581 sua:
1564 4527 1776 4580 animae.
1817 4524 2126 4580 Secundum
2229 4537 2466 4583 calorum
2514 4546 2730 4584 suorum
2789 4530 2949 4602 (Jac.
2983 4548 3014 4585 v
3034 4532 3075 4603 ).
3123 4528 3273 4587 Juste
3319 4549 3452 4603 ergo
3482 4534 3531 4590 is
3561 4538 3660 4606 qui
3689 4537 3815 4591 alios

547 4619 933 4673 monachorum
958 4631 1178 4673 suorum
1202 4615 1410 4670 numeri
1432 4615 1791 4682 quantitatem
1815 4614 2123 4668 redditurus
2149 4606 2203 4665 D
2228 4621 2615 4676 monitionibus
2654 4622 2765 4676 suis
2792 4624 2861 4678 ab
2900 4638 3087 4680 errore
3114 4625 3309 4680 liberat
3346 4625 3647 4694 vitiorum,
3677 4630 3818 4699 prio,

546 4717 633 4765 est
659 4708 826 4765 abbas
857 4708 911 4762 in
941 4708 1220 4764 tremendo
1247 4706 1460 4761 Domini
1481 4704 1683 4775 judicio
1725 4705 2012 4760 rationem.
2058 4705 2125 4760 Et

549 4800 599 4856 si
623 4814 750 4855 eum
779 4797 927 4868 justa
958 4798 1249 4853 salvaverit
1274 4797 1412 4852 ratio
1430 4837 1445 4863 ,
1475 4804 1531 4852 et
1557 4794 1746 4851 salutis
1772 4796 2009 4866 propria:
2029 4835 2044 4861 ,
2072 4802 2129 4849 et

547 4888 779 4945 fratrum
802 4888 1207 4961 gubernationis
1238 4889 1465 4959 accipiet
1488 4887 1790 4958 praemium.
1822 4885 1918 4943 Sin
1946 4898 2127 4942 autem

548 4996 673 5037 eum
700 4981 883 5050 iniqua
912 4979 1131 5051 propria
1157 4986 1307 5044 acta,
1342 4987 1397 5033 et
1434 4978 1769 5035 subditorum
1803 4978 2126 5046 gubernatio

552 5071 823 5128 damnarit
862 5068 1093 5140 injusta,
1130 5069 1422 5125 secundum
1465 5069 1729 5124 malorum
1766 5069 2129 5138 quantitatem

550 5163 777 5235 recipiet
804 5161 1223 5218 damnationem.
1254 5158 1405 5215 Sicut
1424 5161 1567 5215 enim
1592 5160 1659 5215 de
1687 5161 1972 5217 animabus
1998 5159 2127 5215 sub-

551 5252 789 5312 ditorum
817 5267 1038 5309 suorum
1059 5291 1075 5317 ,
1106 5252 1180 5306 ita
1213 5251 1377 5305 abbas
1405 5258 1460 5305 et
1488 5251 1554 5306 de
1582 5267 1678 5306 sua
1708 5251 2016 5307 redditurus
2047 5260 2132 5309 est

554 5343 783 5402 Domino
809 5344 1095 5400 rationem.
1134 5344 1201 5399 Et
1231 5344 1351 5400 ideo
1384 5353 1439 5398 et
1472 5343 1685 5398 illorum
1723 5352 1779 5399 et
1811 5359 1964 5399 suam
1994 5343 2134 5415 vigi-J

556 5434 731 5493 lanter
767 5446 822 5509 et
850 5426 1277 5509 provide'debet’
1305 5424 1503 5506 gerere
1542 5450 1756 5499 curam,
1794 5445 1849 5490 et
1897 5450 1999 5491 nec
2028 5450 2129 5507 pro

558 5523 771 5580 illorum
804 5542 983 5591 suam,
1025 5542 1125 5582 nec
1158 5542 1256 5597 pro
1292 5532 1388 5582 sua
1414 5541 1634 5581 tuorum
1672 5526 1835 5582 debet
1861 5527 2135 5599 negligere

556 5619 747 5675 vitam.
778 5619 976 5676 Teneat
1009 5636 1227 5676 necesse
1259 5632 1342 5675 est
1377 5622 1545 5678 abbas
1582 5622 1821 5674 exterius
1861 5622 2002 5690 quod
2037 5637 2135 5693 pro

560 5707 779 5765 illorum
810 5709 1042 5765 utilitate
1077 5713 1352 5781 suscepit;
1383 5720 1567 5767 servet
1595 5711 1822 5767 interius
1850 5714 1992 5783 quod
2028 5715 2134 5789 Do-

562 5803 836 5876 minopro
860 5817 959 5861 sua
986 5801 1160 5861 salute
1184 5803 1454 5875 promisit.
1500 5799 1511 5803 ’

2228 4710 2464 4780 propriis
2509 4711 2732 4781 juvante
2786 4712 3018 4769 Domino
3074 4714 3397 4772 liberabitur
3445 4719 3625 4774 vitiis.
3685 4721 3815 4776 Vitia

2228 4802 2374 4858 enim
2414 4802 2667 4858 dicuntur
2692 4815 2912 4875 peccata
2929 4846 2945 4871 ,
2978 4822 3101 4877 quae
3126 4823 3225 4879 per
3252 4824 3312 4864 se
3335 4811 3471 4865 nihil
3498 4820 3667 4879 sunt,
3698 4813 3815 4880 sed,

2211 4895 2322 4951 .ubi
2366 4894 2579 4951 bonitas
2623 4897 2803 4963 deest,
2849 4899 3042 4954 vitium
3084 4909 3187 4955 est.
3232 4900 3422 4958 Omnis
3445 4905 3601 4959 enim
3634 4915 3817 4961 natura

2235 5000 2370 5056 opus
2419 4994 2518 5041 est.
2570 4986 2745 5058 Opera
2790 4989 2933 5044 enim
2980 4989 3155 5057 mala,
3205 5006 3325 5061 qua:
3371 4992 3507 5047 vitia
3548 4995 3817 5063 dicuntur,

2236 5086 2390 5133 actus
2432 5087 2583 5146 sunt,
2630 5095 2738 5137 non
2776 5095 2885 5136 res.
2929 5081 3035 5138 Sed
3070 5084 3374 5155 privatione
3409 5087 3543 5143 boni
3584 5089 3701 5147 hoc
3736 5102 3820 5148 no-

2235 5184 2359 5226 men
2387 5171 2616 5242 accepit.

2853 5267 3083 5326 CAPUT
3122 5272 3209 5327 IlI.

2470 5356 2549 5413 De
2575 5358 2879 5415 adhibendis
2906 5361 2976 5416 ad
3004 5363 3282 5419 consilium
3311 5366 3587 5436 fratribus.

2310 5444 2436 5521 Ideo
2477 5446 2546 5502 ab
2585 5448 2780 5519 abbate
2810 5450 2889 5519 ad
2929 5452 3446 5523 ggnsjﬂyyggms
3473 5458 3815 5520 adhibentur.

2240 5537 2367 5608 quia
2399 5538 2659 5608 scriptum
2690 5548 2774 5594 est
2800 5557 2812 5593 :
2848 5512 3589 5616 Diisiﬁihmma

2239 5638 2315 5683 est
2352 5626 2647 5682 consilium.
2693 5627 2791 5683 Ubi
2818 5648 2938 5686 vero
2964 5633 3140 5703 plures
3164 5646 3284 5690 sunt
3314 5641 3609 5695 consiliarii
3633 5641 3820 5713 conﬁr-

2240 5728 2455 5772 mantur
2487 5715 2668 5791 (Prov.
2694 5720 2808 5792 xv).
2836 5722 2991 5790 Item,
3016 5721 3289 5796 Unguento
3311 5738 3362 5784 et
3388 5731 3549 5787 uariis
3573 5715 3818 5790 odoribus

2242 5808 2530 5867 delectatur
2553 5827 2664 5879 cor,
2688 5820 2735 5869 ct
2760 5812 2905 5871 bonis
2928 5815 3085 5874 amici
3109 5818 3345 5878 consiliis
3366 5824 3551 5881 anima
3573 5825 3816 5884 dulcora-
