4020 6458
222 376 340 435 745

1271 363 1627 424 COMMENT.
1666 360 1735 416 IN
1773 359 1937 416 REG.
1980 359 2040 415 S.
2082 355 2463 413 BENEDICTI.

3318 382 3329 385 -
3394 352 3503 407 7ιὸ

221 488 373 546 bitur
402 483 596 559 (Prov.
626 484 828 556 xxv“).
872 482 1006 539 Cum
1032 479 1373 552 dispositione
1401 478 1565 532 initur
1589 474 1815 540 bellum,
1843 475 1897 536 Α
1920 471 2040 523 deat
2084 469 2331 534 arbitrio,
2367 477 2423 523 ut
2460 469 2597 539 quod
2632 467 2897 523 salubrius
2928 466 3248 538 judicaverit
3278 482 3389 522 esse
3410 506 3426 533 ,
3454 467 3505 521 ei

221 589 277 637 et
307 580 408 635 erit
432 577 578 633 salus
607 578 697 632 ubi
725 574 891 630 multa
922 573 1144 629 consilia
1174 580 1296 626 sunt
1325 570 1345 641 (
1369 566 1530 624 Prov.
1558 568 1732 638 xxrv)

304 668 523 736 Quoties
543 667 722 740 aliqua
741 667 1008 737 praecipua
1028 663 1233 735 agenda
1254 670 1377 717 sunt
1398 662 1455 715 in
1474 659 1814 715 monasterio.

224 758 625 816 Monasterium
663 757 839 821 enim,
880 762 941 811 ut
967 754 1285 825 praedictum
1315 760 1430 817 est,
1461 751 1628 807 etiam
1656 748 1819 803 unius

225 848 488 907 monachi
515 846 778 903 habitatio
807 846 1025 902 dicitur.
1075 843 1187 900 Sed
1225 842 1575 915 quaerendum
1615 847 1730 905 est,
1773 837 1821 895 si

224 943 396 999 unius
432 940 697 996 habitatio
737 940 956 1011 proprie
992 937 1386 994 monasterium
1415 942 1665 999 vocatur,
1696 947 1824 1002 pro-

222 1040 354 1104 pter
376 1031 573 1087 idioma
596 1028 801 1086 Grzecze
825 1030 1042 1103 linguae,
1062 1044 1170 1100 qua
1196 1027 1397 1083 dicitur
1416 1040 1606 1081 monas
1626 1039 1819 1091 unum,

228 1136 334 1178 cur
361 1120 657 1176 multorum
685 1120 947 1175 habitatio
978 1120 1033 1175 in
1064 1133 1173 1174 uno
1210 1117 1510 1189 positorum
1550 1123 1822 1171 monaste-

226 1211 377 1267 rium
407 1210 640 1274 dicatur.
672 1209 780 1265 nisi
808 1208 971 1276 forte,
1006 1217 1065 1269 ut
1092 1209 1351 1275 arbitror,
1378 1214 1669 1278 propterea
1695 1205 1823 1276 quia

224 1315 342 1356 una
367 1298 532 1366 ﬁdes,
563 1314 731 1355 unum
760 1299 1060 1370 baptisma,
1093 1314 1190 1356 cor
1216 1314 1385 1354 unum
1415 1307 1470 1353 et
1496 1298 1678 1353 anima
1716 1310 1824 1351 una

227 1398 318 1446 est
358 1388 413 1444 in
451 1388 705 1445 omnibus
739 1389 879 1445 bene
905 1400 958 1445 et
978 1388 1126 1459 juste
1152 1388 1457 1445 viventibus
1497 1388 1780 1443 monachis
1804 1376 1855 1456 ,³

228 1478 376 1535 sicut
403 1479 557 1550 prius
584 1478 640 1533 in
668 1478 930 1550 religione
958 1489 1106 1536 recte
1129 1480 1468 1537 credentium
1494 1487 1551 1534 et
1579 1479 1717 1534 bene
1741 1479 1825 1534 vi-

227 1572 476 1629 ventium
499 1570 622 1627 fuit.
658 1570 837 1628 Unum
866 1573 1012 1628 enim
1037 1572 1175 1627 velle
1202 1572 1258 1626 in
1287 1572 1537 1627 omnibus
1568 1580 1717 1627 recte
1743 1572 1825 1628 vi-

225 1660 486 1716 ventibus
504 1660 788 1717 monachis
807 1669 1011 1715 manet.
1036 1659 1140 1717 Uni
1165 1660 1394 1715 Domino
1414 1659 1689 1723 serviunt,
1722 1660 1824 1716 sub

225 1766 344 1808 uno
368 1766 498 1823 rege
524 1751 785 1815 militant,
829 1761 887 1807 et
933 1766 1101 1806 unum
1145 1749 1349 1806 Christi
1399 1765 1597 1823 corpus
1640 1750 1822 1808 eti'ecti

1927 564 2098 619 uincti
2125 564 2383 619 obediant.
2414 562 2507 619 Sic
2533 564 2678 618 enim
2709 564 2891 619 abbati
2920 578 3019 620 suo
3044 564 3225 619 cuncti
3253 564 3508 620 monachi

1908 655 2145 735 gehentﬂ
2153 654 2372 709 obedire
2388 636 2664 735 ,Τιῖᾟοῳ
2694 638 3061 708 nummus
3072 650 3535 710 eamme;

1923 730 2717 831 andeatﬂrcprchendere,‘sed
2744 744 2926 815 potius
2956 753 3212 814 tanquam
3239 745 3380 815 patri
3414 745 3511 801 lilii

1923 824 2009 890 €61
2037 824 2282 890 membra
2308 824 2509 905 capiti,
2539 824 2618 888 Sic
2646 832 2697 888 ei
2726 835 2906 889 cuncti
2948 834 3227 890 humiliter
3266 836 3513 892 serviant

1923 932 1980 982 et
2003 926 2259 983 obediant
2285 925 2505 981 subditi.
2533 924 2811 1011 {mcepta
2834 941 3050 1011 quoque
3077 925 3219 995 ejus,
3246 926 3293 983 si
3320 942 3513 1011 secun-

1898 1016 2053 1101 ‘ﬁdum
2084 1014 2301 1093 Domini
2333 1021 2458 1089 sunt
2484 1004 2741 1069 mandata
2760 1054 2775 1081 ,
2807 1010 2953 1069 velut
2983 1010 3270 1086 imperium
3296 1008 3513 1073 Domini

1927 1122 2271 1187 summopere
2311 1107 2618 1163 custodiant
2648 1113 2713 1187 et
2751 1106 2979 1179 implere
3008 1115 3121 1163 toto
3153 1122 3338 1164 amore
3378 1124 3512 1165 con-
3565 1113 3571 1119 ’

1928 1186 2190 1263 tendant;
2222 1198 2565 1274 ertghocesse
2592 1186 2837 1273 sanctum
2858 1237 2873 1263 ,
2902 1196 3007 1252 hoc
3042 1194 3145 1252 sibi
3174 1198 3411 1273 salubre
3440 1214 3512 1267 ac

1928 1289 2297 1345 necessarium
2339 1289 2585 1361 judicent
2631 1289 2776 1359 quod
2823 1289 3006 1344 abbati
3054 1304 3152 1344 suo
3198 1290 3509 1359 placuerit,

1927 1396 2038 1436 non
2065 1380 2210 1451 quod
2239 1379 2340 1450 ipsi
2371 1381 2472 1436 sibi
2500 1376 2808 1435 faciendum
2838 1377 3120 1449 elegerint.
3166 1378 3241 1433 Et
3275 1380 3351 1435 ita
3378 1382 3513 1438 obe-
3580 1384 3597 1393 ”

1890 1476 1893 1479 ’
1928 1468 2145 1526 dientiae
2174 1480 2240 1525 ac
2266 1470 2540 1541 patientia}
2564 1466 3007 1526 virtute'l‘undati
3043 1458 3257 1526 abbatis
3291 1471 3376 1526 sui
3405 1488 3515 1527 non

1929 1561 2228 1617 discutiant
2254 1562 2574 1628 constituta,
2609 1562 2707 1618 sed
2736 1561 2956 1619 faciant.
3002 1562 3072 1617 Et
3112 1561 3328 1634 quando
3369 1563 3519 1635 rigor

1930 1652 2100 1724 exigit
2127 1652 2425 1722 disciplinae
2464 1660 2528 1707 ut
2567 1652 2833 1708 severiter
2871 1660 3191 1724 arguantur,
3239 1658 3519 1722 acceptam

1932 1744 2332 1815 correptionem
2381 1744 2805 1815 magnanimiter
2852 1745 3067 1811 ferant,
3123 1760 3227 1800 nec
3277 1744 3519 1801 motibus

228 1840 486 1899 eumdem
527 1855 696 1895 unum
735 1839 1153 1910 Redemptorem
1180 1840 1410 1896 adorant
1435 1855 1450 1894 :
1479 1848 1534 1895 et
1561 1841 1685 1897 ideo
1712 1856 1821 1897 una
1849 1834 1899 1896 B
1928 1854 2149 1906 eorum,
2181 1854 2213 1894 a
2242 1838 2441 1909 quibus
2469 1836 2672 1894 fuerint
2699 1833 2968 1908 objurgati
2987 1876 3003 1902 ,
3049 1834 3149 1891 sed
3187 1834 3301 1891 suis
3341 1833 3517 1906 negli-

227 1932 446 1989 illorum
479 1934 721 1989 omnium
760 1932 1025 1989 habitatio
1061 1947 1172 1989 non
1211 1932 1510 2004 incongrue
1546 1942 1823 1991 monaste-

228 2022 375 2078 rium
405 2029 654 2078 vocatur.

304 2108 561 2166 Convocet
600 2109 761 2165 abbas
799 2126 1006 2165 omnem
1051 2121 1505 2182 congregationem
1525 2153 1540 2178 ,
1586 2121 1635 2167 et
1681 2124 1826 2170 aicat

226 2202 341 2273 ipse
366 2200 506 2257 unde
534 2202 732 2272 agitur.
769 2199 923 2281 Unde
950 2200 1149 2271 agitur,
1182 2201 1399 2268 dicitur,
1430 2202 1487 2256 id
1524 2210 1641 2265 est,
1683 2202 1826 2258 unde

227 2297 627 2357 eonsiliandum
648 2338 665 2364 ,
693 2296 779 2353 vel
806 2296 955 2379 unde1
962 2288 1363 2379 reqnirendnrn
1352 2306 1495 2379 "est,
1510 2292 1674 2354 inter
1696 2315 1828 2355 con-

186 2380 603 2461 ᾞὶἷςῖίῖῑοηθηι
635 2376 819 2442 autem
848 2394 905 2441 et
918 2372 1393 2442 'aa'nidcanaaém'
1406 2372 1521 2443 hoc
1561 2388 1827 2444 interesse

224 2483 445 2555 priores
487 2480 762 2536 dixerunt.
807 2476 1168 2550 Congregatio
1204 2487 1262 2533 et
1300 2479 1368 2534 de
1401 2479 1740 2546 hominibus,
1772 2488 1829 2536 et

230 2573 304 2628 de
329 2571 505 2627 brutis
534 2569 892 2634 animalibus,
924 2576 982 2625 et
1009 2568 1076 2625 de
1101 2568 1404 2640 lapidibus,
1434 2569 1521 2625 vel
1551 2569 1673 2625 aliis
1702 2569 1826 2640 qui-

221 2661 423 2719 busvis
451 2659 856 2716 insensibilibus
883 2660 1048 2714 rebus
1076 2658 1183 2714 dici
1208 2666 1420 2730 potest,
1449 2661 1576 2730 quia
1604 2674 1830 2733 congre-

227 2753 352 2826 gari
396 2752 482 2808 vel
526 2752 748 2808 vocibus
791 2749 879 2806 vel
926 2749 1035 2804 alio
1078 2749 1323 2820 quolibet
1368 2750 1530 2807 modo
1578 2757 1824 2821 possunt.

226 2842 566 2901 Convocatio
595 2850 778 2899 autem
806 2856 917 2898 non
949 2841 1055 2897 nisi
1086 2842 1154 2898 de
1186 2841 1498 2898 hominibus
1526 2843 1826 2899 rationabi-

226 2933 380 2991 lihus
407 2934 529 2991 ﬁeri
558 2940 774 3006 potest,
800 2932 895 3004 qui
922 2930 1163 3002 propriis
1188 2931 1500 2988 nominibus
1526 2947 1830 2988 convocan-

228 3033 347 3103 tur,
378 3026 508 3097 quia
534 3024 826 3083 convocari
854 3023 1138 3096 proprium
1167 3031 1255 3079 est
1279 3037 1470 3080 eorum
1507 3024 1603 3094 qui
1639 3024 1831 3081 audire

231 3132 303 3174 ac
330 3117 644 3176 discernere
670 3124 896 3172 norunt.

1928 1932 2160 2002 gentiis,
2191 1930 2338 2002 quod
2366 1930 2725 2001 castigantur,
2758 1928 3059 1984 ascrihant.

2002 2019 2107 2092 Sed
2148 2021 2282 2075 sicut
2323 2020 2594 2092 discipulis
2623 2021 2861 2074 convenit
2890 2019 3098 2074 obedire
3125 2020 3376 2090 magistro
3396 2060 3412 2084 ,
3443 2010 3543 2076 ita.

1928 2119 1977 2164 et
2012 2090 2191 2180 ipsum
2208 2090 2524 2181 ἶῖόυίἇίῖι
2550 2094 2703 2181 ρίαδῶ
2735 2094 2978 2164 condecet
3009 2102 3195 2164 cuncti:
3226 2106 3519 2183 disponere.

1930 2199 2281 2285 Dgﬁeggn‘i‘n).
2306 2200 2682 2277 abbagsubtili
2708 2202 2923 2272 semper
2953 2200 3354 2257 examinatione
3382 2188 3531 2258 bona.

1930 2293 2182 2363 malaque
2230 2294 2577 2361 discernere,
2618 2302 2674 2348 et
2710 2309 2861 2366 quas,
2907 2294 3137 2365 quibus,
3180 2296 3397 2365 quando
3433 2297 3525 2352 vel

1930 2381 2166 2452 qualiter
2195 2393 2499 2453 congruant
2528 2382 2769 2439 studiose
2799 2385 3069 2456 cogitare,
3100 2393 3156 2441 et
3185 2386 3264 2442 sic
3293 2387 3601 2464 mide”

1931 2484 1987 2533 et
2009 2476 2157 2546 juste
2186 2487 2379 2533 cuncta
2410 2479 2728 2561 disponere;
2759 2489 2814 2535 et
2836 2487 3185 2551 proptereaa
3210 2482 3420 2541 cunctis
3446 2481 3531 2537 illi

1898 2564 2249 2657 “discipulis,
2274 2572 2339 2651 ut
2358 2562 2501 2651 pote:
2515 2560 2764 2649 rationali
2793 2570 2943 2649 Patri
2960 2611 2979 2639 ,
3004 2571 3524 2643 conveniLobediri.

1933 2646 2071 2718 Hinc
2099 2646 2379 2733 indeﬂerg‘o
2399 2646 2503 2734 ,Vu't
2520 2646 2719 2718 beatus
2744 2646 2822 2716 ait
2850 2661 3147 2734 Gregorius
3164 2703 3179 2728 ,
3210 2662 3301 2732 qui
3331 2669 3530 2733 pmest

1932 2766 1992 2807 se
2022 2732 2545 2823 circumspiciatfnt
2568 2738 2765 2808 Eram
2793 2758 2848 2807 et
2876 2732 3313 2819 sub—ditis'vivat,
3336 2732 3402 2807 fut
3430 2753 3529 2809 bo-

1932 2858 2066 2898 num
2086 2844 2228 2914 quod
2254 2843 2457 2900 faciant
2479 2854 2534 2899 et
2559 2845 2700 2899 intra
2723 2844 2900 2899 sinum
2916 2845 3115 2900 mentis
3127 2844 3447 2909 abscondat,
3471 2851 3530 2898 et

1934 2941 2116 2989 tamen
2134 2950 2202 2990 ex
2218 2948 2284 2990 eo
2297 2935 2365 2990 ad
2385 2934 2687 3005 profectum
2706 2935 3050 3005 sequentium
3069 2933 3348 3005 exemplar
3363 2940 3528 2991 recta

1932 3026 2265 3096 operationis
2293 3026 2598 3095 impertiat;
2630 3034 2693 3081 ut
2735 3025 3075 3082 subditorum
3120 3025 3307 3095 culpas
3344 3025 3527 3081 anima

1934 3118 2225 3173 advertens
2264 3119 2530 3189 corrigat,
2575 3133 2679 3174 nec
2718 3127 2901 3173 tamen
2944 3118 3264 3189 superbiens
3294 3118 3529 3176 intume-

305 3208 378 3265 Et
418 3210 640 3265 audiens
671 3209 950 3265 consilium
977 3209 1205 3281 fratrum
1223 3251 1239 3275 ,
1272 3218 1458 3266 tractet
1487 3212 1630 3281 apud
1659 3228 1713 3266 se
1731 3253 1745 3278 ,
1778 3225 1827 3268 et
1855 3184 1902 3249 (ἶ
1935 3218 2083 3273 seat;
2107 3218 2162 3263 ut
2190 3184 2438 3279 quasdam
2457 3211 2656 3267 leniter
2678 3218 2929 3280 correpta
2956 3184 3186 3277 toleret,
3213 3225 3315 3266 nec
3345 3221 3530 3268 tamen

230 3301 378 3374 quod
403 3301 589 3355 utilius
604 3299 930 3370 judicaverit
950 3340 966 3365 ,
993 3298 1179 3370 faciat.
1208 3298 1369 3356 Prius
1394 3301 1538 3355 enim
1566 3301 1737 3356 abbas
1762 3303 1829 3358 de

232 3392 460 3465 agendis
480 3391 648 3447 rebus
674 3391 988 3448 monasterii
1014 3391 1098 3447 vel
1123 3390 1355 3447 aliarum
1381 3407 1829 3463 quarumcunqne

233 3496 422 3537 rerum
448 3480 777 3552 agendarum
800 3497 832 3536 a
860 3478 1121 3537 fratribus
1143 3482 1396 3537 omnibus
1421 3483 1475 3537 in
1503 3499 1612 3538 uno
1638 3485 1830 3554 positis

230 3574 445 3645 pariter
484 3573 768 3629 consilium
810 3580 998 3644 petat;
1047 3580 1104 3628 et
1146 3575 1290 3643 quod
1336 3575 1617 3630 consilium
1664 3593 1832 3633 unus-

1578 3668 1603 3679 αι
1614 3664 1698 3677 βαι-Δια
1709 3662 1760 3677 ιω.

754 3738 879 3757 "ww
892 3732 951 3747 μι-
964 3732 1035 3743 ιων

237 3764 1267 3849 ᾟΜῃειιωμίερμιείρῃε,
1299 3767 1390 3846 qui
1418 3765 1640 3849 ,
1669 3768 1833 3837 quive

226 3832 485 3913 manus
523 3832 987 3911 consﬁiifriibedfit
1002 3832 1324 3922 :‘snb‘tiliter
1352 3832 1832 3929 etEi-tevdjscﬁr:

235 3958 355 4007 nat.
381 3949 450 4004 Et
476 3958 605 4006 tunc
629 3949 774 4020 quod
803 3947 1378 4024 melinsindinnvnnit,
1408 3949 1462 4003 id
1486 3956 1601 4014 est,
1633 3949 1833 4004 discre-

203 4018 1381 4123 ἯΠἸριῳρῐριχξέέῇιχρικἸηᾟῖἷεῗῖεᾜίὧ
1411 4037 1723 4093 discernere
1753 4039 1834 4093 di-

238 4130 401 4195 citur,
448 4137 509 4185 ut
547 4129 713 4183 illud:
758 4127 955 4183 Judica
998 4142 1111 4193 me,
1152 4125 1332 4194 Deus,
1362 4137 1410 4182 et
1438 4127 1676 4183 discerne
1704 4145 1834 4183 cau-

237 4238 353 4278 sam
392 4236 560 4277 meam
606 4217 798 4292 (Psal.
830 4233 940 4273 xui
964 4216 1006 4288 ).

238 4271 350 4278 ⁷“’”⁷
393 4271 556 4277 """"'
609 4271 626 4292 \
652 4271 673 4273 _
701 4271 753 4274 '“
787 4271 795 4272 ί
869 4271 936 4273 7”
968 4271 981 4288 1

212 4271 226 4395 ,
310 4313 440 4369 Ideo
482 4322 659 4368 autem
698 4328 877 4367 omnes
917 4312 988 4365 ad
1028 4310 1308 4366 consilium
1346 4314 1525 4367 vocari
1563 4313 1830 4379 diximus,

235 4404 363 4475 quia
390 4418 527 4474 stepe
560 4401 770 4473 juniori
810 4400 1070 4455 Dominus
1112 4399 1304 4455 revelat
1328 4402 1468 4473 quod
1505 4400 1693 4458 melius
1731 4411 1827 4457 est.

1544 3740 1719 3755 m

235 3672 471 3757 quisque
493 3669 725 3735 dederit,
749 3656 1295 3757 ilignei-"gum
1205 3662 1832 3755 ,etp’osle‘iiiﬁr’eto
1867 3657 1931 3677 ”’”

1926 3747 2381 3837 numquam
2422 3752 2681 3827 vigilanti
2704 3750 2869 3811 ‘Gc'ulo
2900 3742 3531 3826 incessanter-"aspiciat

238 4495 519 4566 Scriptum
547 4500 633 4547 est
655 4492 801 4547 enim
834 4508 847 4545 :
889 4490 949 4546 Si
974 4492 1182 4562 juniori
1212 4492 1496 4547 revelatum
1526 4493 1717 4563 fuerit,
1749 4510 1830 4549 se—

237 4587 359 4641 nior
389 4592 556 4638 taceat
587 4582 607 4654 (
632 4581 661 4635 I
688 4580 813 4636 Cor.
846 4597 937 4636 nv
957 4581 999 4654 ).
1039 4580 1195 4652 Stepe
1221 4582 1366 4636 enim
1399 4592 1622 4653 propter
1650 4585 1829 4663 humi-

235 4676 411 4735 litatis
451 4675 680 4746 gratiam
732 4672 1269 4751 jnﬂoriwbominns‘
1300 4673 1511 4735 revelat
1736 4658 1829 4733 ξθέ

226 4742 1020 4825 MEdi’m
1058 4777 1414 4832 personarum
1452 4773 1708 4835 acceptor
1745 4773 1831 4822 est

232 4844 703 4929 πεῑιξῖπῖῖῖῖ
734 4855 828 4912 sed
856 4855 913 4910 in
939 4855 1088 4910 omni
1117 4862 1300 4922 aetate,
1332 4856 1666 4925 conditione,
1697 4874 1830 4916 sexu

241 4957 299 5006 et
326 4956 505 5020 gente,
530 4948 617 5003 his
641 4948 732 5018 qui
762 4947 956 5003 timent
980 4946 1181 5012 Deum,
1213 4959 1496 5019 acceptum
1524 4965 1609 5007 est
1634 4952 1744 5017 illi,
1773 4961 1831 5009 et

242 5041 300 5099 in
328 5039 522 5110 quibus
546 5038 661 5093 vult
689 5039 756 5094 de
781 5039 1034 5096 omnibus
1060 5040 1148 5096 his
1176 5042 1398 5110 spiritus
1427 5043 1639 5100 Domini
1668 5047 1830 5103 mise-

241 5131 536 5190 ricorditer
563 5130 766 5201 spirat,
794 5138 848 5186 et
875 5131 1104 5200 gratiam
1133 5131 1415 5202 sapientia:
1438 5134 1704 5205 benignus
1728 5137 1831 5191 mi-

243 5224 461 5281 nistrat.
498 5221 616 5277 Non
643 5221 789 5277 enim
816 5221 1005 5278 Daniel
1033 5231 1090 5277 et
1118 5220 1340 5279 Samuel
1365 5232 1584 5280 aztatem
1626 5226 1831 5285 discre-

244 5312 326 5368 vit
344 5354 360 5378 ,
389 5313 482 5368 sed
509 5312 738 5384 gratiam
766 5314 1113 5369 ministravit.
1143 5312 1278 5370 Cani
1303 5315 1489 5371 etenim
1512 5327 1668 5385 sunt,
1697 5320 1831 5377 dicit

248 5403 563 5473 Scriptura,
607 5420 791 5459 sensus
833 5403 1059 5459 hominis
1079 5445 1095 5471 ,
1139 5413 1192 5459 et
1231 5414 1362 5462 tetas
1404 5410 1685 5465 senectutis
1724 5412 1833 5467 vita

246 5494 589 5550 immaculata
619 5495 638 5567 (
660 5492 787 5567 Sap.
818 5510 872 5550 1v
893 5493 935 5568 ).

318 5585 408 5644 Sic
438 5598 616 5643 autem
647 5588 769 5643 dent
800 5586 991 5658 fratres
1021 5587 1298 5645 consilium
1327 5607 1445 5646 cum
1478 5594 1621 5648 omni
1651 5593 1829 5649 Itum:-

247 5679 413 5735 litatis
432 5678 769 5750 subjectione,
792 5688 851 5733 ut
874 5695 978 5734 non
996 5689 1318 5751 praesumant
1342 5683 1633 5753 procaciter
1652 5684 1833 5755 defen-

247 5771 372 5830 dere
397 5771 537 5845 quod
564 5772 639 5827 eis
667 5771 835 5827 visum
860 5770 1047 5842 fuerit,
1079 5772 1171 5829 sed
1196 5774 1364 5846 magis
1391 5776 1450 5831 in
1476 5775 1678 5833 abbatis
1703 5795 1832 5850 pen-

573 5862 851 5929 Pa'rnOL.
895 5864 1026 5929 Cll.

1934 3298 2230 3367 disciplinae
2258 3298 2473 3353 vincula
2501 3297 2692 3354 eadem
2725 3298 2946 3354 lenitate
2977 3299 3265 3364 dissolvat;
3300 3308 3355 3354 et
3384 3314 3533 3369 qute-

1932 3390 2056 3445 dant
2100 3390 2383 3445 tolerando
2424 3389 2764 3455 dissimulet,
2807 3406 2908 3445 nec
2956 3398 3134 3444 tamen
3176 3405 3241 3444 ea
3281 3403 3532 3446 crescere

1933 3481 2324 3537 dissimulando
2350 3482 2651 3551 permittat.
2688 3480 2841 3538 Unde
2870 3496 3197 3552 magnopere
3221 3482 3528 3538 curandum

1933 3572 3349 3655 sibiEEﬂLﬂ‘!lﬁﬁﬁ'lﬁliominibus.praefertur.
3384 3568 3571 3646 apud”.
3598 3640 3627 3655 ,.

1933 3640 2560 3718 sE'in't’i-awse'cﬁr'ctarium
2604 3664 2805 3718 mentis
2842 3665 2894 3717 in
2936 3663 3191 3718 cathedra
3235 3664 3555 3747 praesideat,

1933 3830 2025 3902 ~cui
2067 3830 2393 3918 mirandoque
2432 3846 2602 3916 judici
2651 3849 2766 3918 ipse
2809 3850 2877 3903 de
2923 3848 3008 3904 bis
3048 3847 3360 3918 iudicandis
3388 3850 3528 3906 assi-

1932 3948 2080 4005 stat;
2133 3948 2195 3994 ut
2244 3947 2448 4011 quanto
2478 3955 2624 3994 nunc
2649 3948 2774 3994 ante
2812 3954 2968 4005 eum,
3002 3956 3162 4012 quem
3204 3959 3313 3998 non
3343 3943 3525 4010 videt,

1933 4028 2195 4084 sollicitus
2237 4030 2503 4100 trepidat,
2549 4037 2698 4084 tanto
2737 4043 2892 4095 eum,
2938 4046 3061 4085 cum
3105 4032 3339 4099 viderit,
3368 4049 3527 4089 secu-

1932 4119 2045 4175 rior
2072 4128 2284 4174 cernat.

2004 4205 2072 4261 In
2113 4208 2350 4263 omnibus
2393 4209 2555 4279 igitur
2596 4226 2773 4265 omnes
2798 4211 3104 4282 magistram
3130 4223 3419 4285 sequantur
3445 4232 3528 4271 re-

1932 4299 2131 4370 gulam.
2162 4300 2317 4368 Quod
2342 4301 2473 4357 dicit
2501 4302 2559 4356 in
2588 4304 2859 4368 omnibus,
2893 4304 3215 4359 subauditur
3239 4308 3527 4377 przeceptis

1932 4389 2173 4459 ejusdem
2207 4394 2421 4464 regnlze.
2452 4393 2511 4449 In
2540 4394 2731 4451 olliciis
2762 4396 2908 4450 enim
2940 4395 3142 4450 divinis
3169 4404 3225 4451 et
3254 4398 3309 4452 in
3350 4399 3523 4454 actio-

1932 4488 2092 4544 nibus
2121 4490 2403 4557 humanis,
2436 4492 2490 4546 in
2534 4492 2656 4548 cibo
2702 4492 2913 4548 scilicet
2953 4503 3008 4547 et
3052 4503 3211 4564 potu,
3262 4495 3313 4549 in
3360 4498 3527 4554 vesti-

1934 4588 2119 4635 mento
2145 4590 2201 4635 et
2230 4581 2602 4638 calceamento
2623 4624 2636 4647 ,
2670 4582 2725 4637 in
2755 4583 2957 4654 vigiliis
2984 4591 3038 4637 ct
3064 4584 3430 4649 orationibus,
3466 4588 3522 4644 in

1931 4686 2125 4727 somno
2172 4682 2229 4728 et
2268 4674 2521 4737 silentio,
2568 4674 2621 4728 in
2668 4675 2821 4730 horis
2864 4678 3328 4747 competentibus,
3369 4687 3419 4734 et
3466 4680 3521 4739 in

1933 4764 2240 4828 laboribus,
2287 4772 2342 4817 et
2383 4765 2437 4818 in
2477 4765 2728 4819 omnibus
2765 4766 2986 4822 omnino
3036 4766 3277 4838 ejusdem
3325 4770 3525 4840 regulae

1934 4858 2241 4930 prmceptis,
2294 4856 2539 4912 eamdem
2568 4857 2885 4928 magistram
2914 4876 3104 4917 omnes
3146 4862 3392 4917 monachi
3437 4876 3526 4918 se-

1938 4956 2175 5019 quantur
2204 4946 2476 5018 regulam,
2510 4947 2565 5001 id
2591 4958 2707 5013 est,
2739 4956 2796 5004 et
2836 4950 3067 5015 subditi,
3088 4959 3162 5005 .et
3198 4949 3440 5020 praelati,
3469 4959 3526 5008 et

1935 5038 2215 5108 discipuli,
2257 5046 2313 5092 et
2350 5038 2632 5109 magistri,
2675 5049 2731 5095 et
2770 5043 3076 5113 praepositi,
3121 5054 3175 5097 et
3213 5043 3437 5108 decani,
3469 5051 3527 5100 et

1933 5145 2124 5187 omnes
2153 5131 2376 5185 omnino
2405 5130 2793 5187 ministeriales
2811 5175 2827 5200 ,
2863 5134 3083 5204 insuper
3114 5143 3169 5190 et
3198 5134 3313 5204 ipse
3353 5134 3522 5191 abbas

1932 5221 1989 5277 in
2018 5222 2300 5286 omnibus,
2333 5232 2593 5293 quantum
2626 5226 2766 5280 sicut
2792 5235 2848 5281 et
2872 5228 3058 5283 αριθτὶ
3092 5227 3372 5295 monachi,
3406 5243 3523 5283 ma-

1933 5312 2161 5385 gistram
2190 5321 2449 5383 sequatur
2477 5314 2742 5386 regulam.
2778 5315 2932 5370 Sicut
2962 5322 3017 5370 et
3047 5315 3299 5370 subditur
3325 5332 3339 5369 :

2007 5404 2193 5477 Neque
2234 5405 2299 5458 ab
2341 5420 2405 5459 ea
2442 5414 2633 5461 temere
2670 5406 2905 5461 devictur
2941 5422 2974 5458 a
3003 5420 3284 5477 quoquam.
3317 5404 3373 5461 Id
3401 5414 3517 5473 est,

1936 5494 2002 5550 ab
2033 5495 2147 5565 ipsa
2177 5494 2362 5565 regula
2394 5510 2494 5551 nec
2518 5511 2549 5549 a
2577 5496 2845 5567 praelatis,
2888 5488 3063 5565 neque
3103 5511 3133 5549 a
3178 5496 3409 5552 subditis
3440 5507 3522 5553 te—

1933 5604 2086 5645 mere
2111 5589 2436 5656 declinetur,
2467 5589 2522 5643 id
2553 5598 2637 5644 est
2667 5587 3067 5643 inconsiderate
3106 5586 3190 5642 vel
3233 5588 3520 5646 irrationa-

1931 5682 2134 5738 biliter.
2164 5680 2289 5738 Ideo
2318 5689 2499 5736 autem
2532 5695 2639 5733 non
2666 5677 2803 5732 dixit
2831 5678 3100 5746 absolute,
3143 5677 3329 5751 Neque
3355 5679 3424 5737 ab
3450 5693 3519 5737 ea

1933 5775 2234 5835 declinetur
2261 5791 2295 5833 a
2324 5787 2632 5847 quoquam,
2676 5772 2772 5828 sed
2810 5772 3049 5842 addidit,
3092 5783 3310 5841 temere,
3355 5783 3416 5831 ut
3458 5782 3518 5835 tu

3121 5873 3199 5937 2h
