3994 6484
224 448 330 504 749

1256 443 1612 501 COMMENT.
1657 443 1722 498 ΙΝ
1772 444 1929 500 REG.
1973 443 2031 498 S.
2071 443 2452 501 BENEDICTI.

3376 454 3479 509 750

222 565 586 642 spiritualium
607 563 898 619 multarum
919 561 1183 617 virtutum
1204 561 1581 628 instrumenta,
1607 562 1802 632 quibus
1829 569 1881 630 Α
1904 561 2038 614 sicut
2071 559 2287 628 teipsum
2335 558 2534 631 (Galat.
2559 561 2636 630 v).
2663 562 2731 617 Et
2756 562 2989 620 Joannes
3023 566 3098 621 ait
3122 585 3134 621 :
3170 568 3274 634 Qui
3311 571 3484 646 diligit

221 673 278 720 et
323 663 377 718 in
419 660 672 732 prtesenti
701 659 923 728 pulchre
966 664 1022 710 et
1056 658 1352 712 secundum
1393 658 1563 712 Deum
1609 671 1795 712 eorum

221 747 566 825 componitur
591 751 721 816 vita,
751 758 806 804 et
833 748 1022 804 eadem
1053 749 1350 818 composita
1379 749 1433 802 in
1464 747 1647 803 futuro
1675 761 1799 803 cum

221 846 439 905 Christo
462 843 690 898 feliciter
707 848 950 911 regnant.
980 839 1088 894 Has
1111 840 1309 895 etenim
1330 841 1580 904 virtutes,
1606 839 1800 908 quibus

220 941 488 996 bonorum
539 935 927 989 monachorum
970 939 1119 986 caste
1167 933 1511 1002 componitur
1552 933 1707 997 ordo,
1743 932 1800 987 in

221 1037 327 1090 hoc
353 1033 545 1086 beatus
574 1027 896 1083 Benedictus
930 1025 1221 1098 ordinatim
1251 1040 1454 1095 ponere
1499 1025 1666 1081 voluit
1705 1041 1798 1080 ca-

218 1124 414 1196 pitulo,
443 1130 503 1176 ut
530 1121 614 1175 his
651 1127 876 1174 ornatus
905 1117 1204 1171 monachus
1247 1116 1478 1179 incedat,
1509 1125 1566 1171 et
1594 1116 1677 1170 his
1711 1116 1802 1170 ﬁr-

220 1223 399 1271 matus
433 1215 644 1269 hostem
675 1211 891 1264 fortiter
915 1208 1103 1273 feriat,
1132 1216 1462 1262 tentamenta
1489 1209 1673 1264 saculi
1703 1210 1802 1264 hu-

217 1305 304 1376 jus
329 1305 510 1362 omnia
537 1304 735 1364 vincat,
766 1309 820 1355 ct
846 1316 905 1356 se
930 1309 1241 1356 sanctorum
1263 1308 1320 1354 et
1343 1299 1656 1370 angelorum
1685 1316 1802 1355 om-

219 1401 369 1454 nium
409 1397 658 1453 societati
687 1395 997 1466 conjungat.
1041 1395 1116 1449 De
1154 1409 1382 1464 quarum
1421 1395 1664 1449 omnium
1691 1395 1802 1450 vir-

220 1496 397 1543 tutum
422 1485 580 1541 laude
603 1496 658 1540 et
679 1500 799 1551 nos,
823 1485 878 1539 in
901 1493 1163 1557 quantum
1189 1483 1450 1539 Dominus
1471 1486 1798 1556 permiserit,

219 1578 539 1634 conabimur
564 1580 766 1634 dicere.
1247 1566 1296 1579 ⁷”

291 1669 534 1724 Primum
565 1670 986 1724 instrumentum.
1011 1667 1080 1722 In
1105 1669 1287 1737 primis
1312 1668 1598 1724 Dominum
1631 1668 1802 1723 Deum

215 1760 436 1832 diligere
457 1776 522 1816 ea:
561 1770 670 1814 toto
696 1759 871 1824 corde,
901 1767 1013 1813 tota
1047 1759 1247 1824 anima,
1281 1767 1392 1812 tota
1417 1759 1604 1813 virtute
1645 1759 1797 1830 (Luc.

217 1852 297 1922 κ).
328 1853 452 1909 Hec
477 1852 625 1908 enim
651 1851 836 1922 regula
874 1850 1177 1906 dilectionis
1206 1851 1281 1905 ita
1311 1850 1572 1906 divinitus
1600 1850 1803 1906 consti-

1903 655 2216 725 proximum,
2245 654 2303 707 in
2331 651 2527 708 lumine
2554 665 2748 722 manet,
2795 666 2844 712 et
2872 659 3181 714 scandalum
3207 663 3261 716 in
3288 681 3347 717 eo
3376 683 3482 722 non

1902 756 1998 801 est.
2026 745 2129 811 Qui
2159 747 2284 800 dicit
2311 763 2366 800 se
2399 747 2452 801 in
2479 746 2592 800 luce
2619 765 2745 812 esse,
2772 759 2822 804 et
2848 751 3063 820 [mtrem
3085 770 3238 809 suum
3263 758 3392 824 odit,
3426 761 3481 814 in

1903 840 2125 894 tenebris
2161 848 2234 892 est
2280 856 2438 908 usque
2485 840 2655 894 adhuc
2687 841 2750 911 (Ι
2779 843 2938 898 Joan.
2976 846 3069 917 ιι).
3112 846 3294 919 Neque
3337 852 3484 907 enim

1901 938 2246 1000 peccatorum
2275 930 2529 984 tenebras
2569 945 2768 987 exuere
2795 937 2967 1002 potuit
2995 939 3087 1007 qui
3117 940 3326 995 viscera
3355 944 3484 996 cha-

1905 1021 2082 1076 ritatis
2108 1022 2330 1076 induere
2359 1037 2464 1076 non
2489 1024 2721 1078 curavit.
2744 1025 2970 1081 Dilectio
2991 1043 3121 1101 ergo
3144 1033 3257 1086 sola
3283 1033 3483 1089 discer-

1903 1112 1986 1166 nit
2032 1113 2175 1168 inter
2212 1111 2354 1168 ﬁlios
2400 1112 2497 1168 Dei
2535 1122 2590 1168 et
2630 1114 2769 1170 ﬁlios
2808 1116 3028 1173 diaboli.
3061 1120 3214 1176 Sicut
3245 1122 3482 1182 Joannes

1903 1204 2177 1274 apostolus
2219 1205 2336 1259 ait:
2369 1204 2436 1260 In
2482 1206 2578 1260 hoc
2613 1209 2751 1262 enim
2798 1212 3062 1280 manifesti
3091 1224 3213 1268 sunt
3241 1215 3342 1284 lilii
3385 1216 3483 1270 Dei

1903 1304 1952 1349 et
1986 1295 2084 1364 ﬁlii
2113 1294 2309 1350 diaboli
2339 1295 2391 1367 (Ι
2412 1295 2575 1351 Joan.
2619 1301 2724 1370 tu).
2769 1298 2977 1363 Omnis,
3009 1301 3216 1370 inquit,
3247 1307 3338 1374 qui
3369 1319 3480 1362 non

1903 1396 1988 1442 est
2014 1388 2212 1457 justus,
2240 1395 2293 1442 et
2321 1389 2413 1458 qui
2444 1405 2549 1444 non
2592 1390 2768 1460 diligit
2797 1390 3018 1446 fratrem
3049 1408 3227 1461 suum,
3264 1413 3370 1452 non
3399 1405 3485 1454 est

1903 1492 1973 1532 ex
2001 1478 2132 1534 Deo.
2172 1478 2275 1546 Qui
2319 1479 2520 1536 nabent
2547 1481 2867 1537 charitatem
2912 1485 3021 1538 nati
3071 1493 3199 1541 sunt
3236 1498 3304 1540 ex
3346 1487 3479 1544 Deo.

1903 1570 2176 1641 Quidquid
2203 1572 2286 1627 vis
2314 1573 2537 1639 habere,
2567 1575 2705 1630 habe
2731 1591 2744 1629 :
2776 1577 2881 1632 hoc
2919 1579 3092 1633 solum
3127 1595 3233 1634 non
3257 1579 3480 1648 habeas,

1904 1664 2039 1716 nihil
2072 1664 2169 1718 tibi
2198 1666 2438 1735 prodest.
2480 1666 2600 1721 Alia
2648 1669 2696 1722 si
2737 1684 2845 1722 non
2893 1671 3079 1737 habes,
3108 1673 3212 1728 hoc
3239 1674 3398 1740 habe,
3429 1682 3486 1730 et

1903 1755 2140 1826 implesti
2181 1757 2374 1829 legem.
2400 1757 2502 1826 Qui
2532 1761 2677 1814 enim
2707 1760 2883 1833 diligit
2909 1765 3158 1831 alterum,
3186 1767 3357 1837 legem
3385 1768 3486 1822 im-

1903 1849 2089 1920 plevit.
2136 1849 2239 1916 Qui
2267 1865 2373 1905 non
2407 1850 2604 1920 diligit,
2633 1861 2816 1906 manet
2856 1852 2912 1906 in
2957 1863 3152 1910 morte.
3182 1856 3316 1911 Item
3345 1858 3488 1913 idem

219 1954 336 2002 tuta
365 1954 469 2014 est,
496 1953 556 2001 ut
581 1961 769 2001 omnes
797 1943 1168 2016 cogitationes,
1198 1950 1251 1998 et
1276 1957 1496 1999 omnem
1529 1944 1718 2007 vitam,
1747 1951 1804 1998 et
1829 1947 1878 2008 B
1907 1942 2184 2012 apostolus
2210 1942 2288 1996 ait
2321 1960 2334 1995 :
2365 1940 2676 1997 Charissimi
2697 1983 2712 2009 ,
2752 1943 3031 2014 diligamus
3077 1947 3295 2002 invicem
3316 1965 3334 2002 :
3361 1963 3492 2020 quo-

217 2052 436 2094 omnem
465 2035 796 2092 intellectum
824 2034 880 2088 in
913 2032 1004 2088 illo
1043 2032 1313 2098 conteras,
1343 2048 1376 2087 a
1403 2047 1510 2101 quo
1539 2034 1707 2087 habes
1734 2048 1798 2087 ea

219 2128 337 2199 ipse
362 2143 483 2199 quae
507 2126 741 2183 confers.
773 2124 906 2180 Cum
935 2131 1117 2178 autem
1143 2137 1211 2177 ex
1252 2130 1366 2177 toto
1393 2123 1576 2188 corde,
1605 2130 1659 2176 et
1689 2129 1800 2178 tota

219 2221 420 2285 anima,
447 2227 504 2273 et
542 2226 656 2273 tota
683 2217 883 2270 virtute
923 2213 1090 2268 Deum
1127 2212 1284 2282 jubet
1324 2213 1567 2283 diligere,
1597 2212 1800 2267 nullam

221 2309 345 2363 vitm
377 2315 574 2364 nostrze
603 2314 814 2378 partem
840 2302 1057 2373 reliquit
1074 2317 1195 2372 quae
1216 2317 1412 2358 vacare
1436 2303 1632 2358 debeat
1663 2317 1692 2357 a
1721 2303 1802 2357 di-

220 2399 453 2454 lectione
478 2399 596 2453 Dei.
621 2398 702 2452 Ex
739 2410 804 2450 ea
843 2396 985 2450 enim
1014 2403 1168 2465 parte
1194 2395 1316 2464 quis
1356 2403 1566 2465 peccat,
1591 2411 1658 2450 ex
1693 2410 1799 2464 qua

220 2491 402 2546 minus
435 2490 608 2560 diligit
638 2489 824 2544 Deum.
869 2487 1040 2554 Quem
1069 2487 1116 2542 si
1159 2503 1228 2542 ex
1269 2495 1384 2544 toto
1417 2489 1578 2544 corde
1607 2489 1799 2560 diliga-

221 2600 364 2649 mus,
392 2583 528 2638 nihil
555 2584 658 2638 erit
692 2582 747 2636 in
784 2581 942 2636 nobis
971 2581 1110 2636 unde
1138 2582 1346 2651 peccati
1377 2581 1660 2637 desideriis
1687 2597 1801 2638 ser-

223 2675 450 2728 viamus.
481 2674 550 2726 Et
572 2673 702 2742 quid
725 2680 809 2726 est
831 2672 1055 2741 diligere
1086 2671 1275 2731 Deum.
1305 2672 1409 2727 nisi
1434 2672 1510 2726 illi
1534 2687 1804 2743 occupare

223 2767 487 2832 animum,
513 2765 799 2833 concipere
827 2763 1067 2818 fruenda)
1104 2763 1332 2818 visionis
1365 2762 1480 2830 ejus
1524 2763 1798 2832 allectum,

219 2857 431 2929 peccati
487 2857 698 2922 odium,
749 2854 934 2910 mundi
980 2856 1290 2921 fastidium,
1350 2856 1573 2927 diligere
1619 2857 1802 2928 proxi-

225 2964 390 3011 mum,
423 2949 477 3003 in
509 2948 626 3018 ipso
649 2962 835 3002 amore
868 2961 1085 3002 servare
1109 2948 1410 3019 legitimum
1438 2949 1678 3016 modum,
1703 2965 1804 3007 nec

223 3049 533 3111 pervertere
558 3039 860 3094 dilectionis
888 3039 1134 3093 ordinem
1155 3040 1526 3094 constitutum.
1547 3039 1804 3096 Ordinem

226 3133 530 3190 dilectionis
565 3131 639 3186 illi
670 3138 1000 3200 pervertunt,
1030 3146 1130 3187 nec
1171 3133 1393 3186 modum
1422 3132 1680 3203 diligendi
1709 3149 1806 3188 cu-

223 3229 486 3291 stodiunt,
501 3226 593 3297 qui
624 3235 718 3280 aut
734 3226 990 3280 mundum
1009 3226 1102 3295 qui
1133 3227 1556 3281 contemnendus
1573 3234 1656 3281 est
1685 3227 1808 3280 dili-

1903 2034 2049 2087 niam
2095 2033 2326 2087 charitas
2363 2049 2428 2087 ea:
2457 2033 2564 2087 Deo
2608 2043 2683 2087 est
2726 2047 2744 2083 :
2777 2043 2826 2088 et
2857 2037 3025 2089 omnis
3063 2038 3152 2107 qui
3187 2037 3382 2108 diligit,
3424 2053 3488 2092 es

1908 2122 2015 2178 Deo
2047 2134 2202 2178 natus
2244 2132 2354 2190 est,
2393 2123 2443 2178 et
2471 2127 2734 2196 cognoscit
2777 2126 2965 2181 Deum.
2997 2129 3101 2193 Qui
3130 2145 3237 2184 non
3284 2131 3488 2203 diligit,

1902 2231 2008 2269 non
2036 2215 2177 2269 navit
2205 2214 2396 2282 Deum,
2437 2217 2562 2288 quia
2591 2215 2732 2271 Deus
2761 2219 2992 2273 charitas
3019 2230 3113 2274 est.
3147 2219 3489 2291 Charissimi,

1903 2309 2046 2362 sisic
2069 2307 2210 2362 Deus
2230 2307 2415 2362 dilexit
2442 2324 2558 2374 nos,
2585 2323 2678 2363 nos
2695 2308 2939 2364 debemus
2961 2320 3009 2364 et
3033 2312 3346 2368 alterutrum
3368 2316 3491 2370 (ωε.

1901 2413 2021 2469 gere
2052 2397 2105 2468 (Ι
2130 2397 2292 2452 Joan.
2318 2397 2415 2471 tv).
2446 2399 2504 2454 Si
2534 2399 2821 2469 diligamus
2853 2401 3104 2469 invicem,
3134 2403 3279 2459 Deus
3310 2406 3366 2460 in
3394 2422 3490 2462 no-

1901 2489 1987 2544 bis
2021 2499 2233 2556 manet,
2277 2498 2333 2545 et
2360 2491 2600 2546 charitas
2627 2490 2745 2560 ejus
2784 2493 2840 2546 in
2887 2493 3042 2547 nobis
3088 2495 3326 2565 perfecta
3375 2508 3485 2552 est.

1901 2577 2073 2634 Nemo
2110 2594 2238 2651 ergo
2289 2587 2442 2650 putet
2485 2581 2626 2636 hanc
2672 2577 3045 2647 dilectionem,
3091 2584 3148 2638 in
3188 2599 3295 2655 qua
3345 2587 3489 2642 Deus

1903 2677 2106 2736 manet,
2138 2679 2194 2725 et
2222 2670 2278 2724 in
2306 2671 2463 2726 nobis
2488 2671 2731 2741 perfecta
2756 2679 2866 2738 est,
2904 2672 3111 2740 ahjecta
3135 2681 3194 2730 et
3219 2676 3488 2733 desidiosa

1902 2764 2139 2832 quadam
2186 2763 2507 2818 remissione
2532 2771 2588 2818 et
2624 2763 2952 2840 negligentia
2989 2764 3218 2818 servari.
3261 2765 3380 2821 Non
3407 2773 3494 2823 est

1903 2854 2010 2910 ista
2035 2853 2296 2920 charitas,
2327 2855 2422 2910 sed
2449 2855 2694 2925 languor.
2725 2855 2954 2910 Ferveat
2986 2856 3224 2913 charitas
3249 2858 3321 2913 ad
3365 2874 3490 2915 cor-

1902 2945 2219 3016 rigendum,
2257 2947 2324 3000 ad
2370 2947 2788 3023 emendandum.
2819 2945 2960 3002 Sunt
3004 2949 3130 3002 boni
3169 2961 3371 3018 mores,
3404 2952 3496 3007 de-

1903 3038 2131 3104 lectent;
2178 3045 2304 3094 sunt
2358 3040 2518 3103 mali,
2569 3041 2946 3105 emendentur,
2990 3041 3353 3113 corrigantur.
3398 3042 3493 3100 Sic

1904 3145 2034 3201 ergo
2061 3129 2348 3201 diligamus
2378 3132 2610 3186 invicem
2635 3131 2844 3187 sincera
2873 3140 2926 3186 et
2950 3132 3334 3204 disciplinabili
3366 3136 3493 3191 cha-

1906 3223 2092 3287 ritate,
2121 3231 2178 3276 et
2206 3223 2281 3277 ita
2302 3223 2542 3277 charitas
2568 3224 2684 3292 ejus
2711 3224 2764 3277 in
2792 3223 2945 3278 nobis
2971 3223 3212 3292 perfecta
3241 3234 3343 3279 est.
3368 3225 3493 3280 Cte-

217 3328 378 3390 gunt,
427 3327 521 3374 aut
567 3319 842 3388 proximos
885 3319 1024 3374 sicut
1055 3319 1285 3388 seipsos,
1329 3327 1424 3372 aut
1471 3319 1638 3374 Deum
1667 3321 1878 3399 sicutc
1908 3315 2036 3386 pisti
2088 3314 2330 3385 diligere,
2374 3315 2541 3384 cmpit
2569 3315 2623 3368 in
2669 3323 2722 3368 te
2760 3315 2900 3368 Deus
2943 3315 3213 3379 habitare,
3243 3325 3304 3369 ut
3331 3316 3493 3371 habi-

225 3409 434 3480 seipsos
470 3407 606 3462 forte
645 3422 754 3464 non
801 3407 1051 3479 diligunt.
1091 3409 1168 3462 llli
1215 3409 1383 3463 Deum
1410 3407 1649 3479 perfecte
1691 3409 1806 3464 dili-

221 3509 361 3570 gunt
389 3500 482 3569 qui
528 3498 756 3554 volendo
784 3501 926 3568 quod
973 3500 1089 3555 vult
1123 3500 1284 3566 Deus,
1316 3509 1372 3555 et
1399 3502 1632 3556 nolendo
1660 3503 1805 3572 quod

223 3603 337 3644 non
385 3589 518 3655 vult,
547 3603 649 3644 nec
694 3588 817 3642 ullis
845 3590 1099 3658 peccatis,
1132 3591 1329 3659 quibus
1374 3590 1682 3655 offenditur,
1714 3607 1807 3646 ac-

226 3678 547 3750 quiescant,
593 3687 649 3734 et
703 3694 916 3750 semper
967 3696 1026 3736 se
1071 3682 1138 3736 ad
1196 3681 1456 3746 virtutes,
1501 3696 1638 3752 quas
1690 3683 1808 3752 ipse

225 3773 480 3842 dignatur
539 3772 781 3836 donare,
833 3772 1134 3842 diligendus
1181 3781 1236 3828 et
1285 3773 1561 3828 habendas
1618 3782 1805 3828 esten-

224 3864 400 3918 dunt:
439 3861 532 3931 qui
575 3863 798 3917 verbum
845 3862 937 3917 Dei
970 3863 1211 3919 studiose
1251 3865 1544 3919 observare
1581 3873 1805 3919 conten-

226 3955 382 4019 dunt,
411 3955 551 4010 sicut
586 3955 874 4024 Apostolus
899 3955 1015 4009 ait:
1048 3954 1152 4020 Qui
1178 3966 1351 4011 autem
1392 3968 1560 4012 servat
1598 3960 1807 4012 verbum

219 4051 364 4119 ejus,
395 4067 508 4103 vere
535 4052 588 4102 in
613 4066 672 4103 eo
703 4049 934 4103 charitas
964 4049 1059 4104 Dei
1089 4050 1319 4118 perfecta
1343 4058 1418 4104 est
1449 4049 1500 4118 (I
1524 4049 1684 4102 Joan.
1719 4049 1805 4118 ll).

223 4140 321 4196 Ille
364 4142 507 4196 enim
551 4157 677 4196 vere
705 4142 872 4195 Deum
902 4143 1051 4195 novit
1089 4142 1183 4211 qui
1228 4141 1344 4209 ejus
1390 4143 1642 4195 mandata
1687 4157 1805 4195 scr-

225 4230 403 4285 vando
445 4232 768 4286 charitatem
811 4246 868 4286 se
913 4228 1029 4298 ejus
1073 4232 1276 4287 habere
1321 4231 1634 4300 comprobat
1699 4228 1810 4284 Hoc

225 4331 315 4376 est
357 4323 498 4376 enim
535 4323 703 4376 Deum
744 4338 902 4378 nosse
943 4323 1088 4393 quod
1141 4338 1346 4376 amare.
1375 4321 1512 4376 Nam
1550 4321 1644 4390 qui
1683 4334 1810 4374 eum

223 4432 335 4470 non
363 4423 533 4480 amat,
568 4415 811 4485 profecto
833 4416 1085 4482 ostendit,
1115 4416 1240 4485 quia
1269 4430 1431 4484 quam
1462 4415 1534 4469 sit
1558 4412 1810 4468 amabilis

224 4521 339 4560 non
374 4507 551 4569 novit,
581 4522 742 4575 quam
775 4508 845 4562 sit
873 4509 1056 4562 suavis
1095 4518 1151 4562 et
1199 4507 1373 4562 dulcis
1408 4507 1668 4561 Dominus
1714 4521 1812 4577 gu-

223 4607 377 4656 stare
410 4607 466 4652 et
493 4600 674 4654 videre
700 4615 806 4654 non
836 4601 1043 4667 didicit,
1068 4602 1160 4671 qui
1199 4602 1316 4672 ejus
1345 4601 1559 4671 placere
1583 4615 1812 4671 conspe-

1909 3407 2074 3462 taudo
2103 3406 2266 3462 faciat
2295 3415 2349 3461 te
2377 3406 2694 3476 perfectum.
2724 3407 2801 3461 Ita
2825 3413 3005 3460 autem
3032 3405 3260 3476 perfecti
3287 3407 3494 3462 erimus

1909 3497 1964 3553 in
1990 3498 2278 3564 charitate,
2321 3499 2366 3552 si
2395 3505 2533 3553 Sicut
2578 3497 2668 3552 ille
2696 3497 2883 3553 salutis
2911 3506 3108 3552 nostrae
3149 3512 3311 3553 causa
3338 3497 3493 3568 prior

1909 3605 2009 3644 nos
2043 3589 2254 3655 dilexit,
2284 3589 2359 3643 ita
2399 3603 2522 3643 eum
2552 3603 2650 3644 nos
2681 3589 2880 3644 nullius
2904 3590 2981 3643 rei
3016 3603 3199 3655 causa,
3228 3588 3333 3644 nisi
3378 3595 3496 3644 tan-

1910 3685 2023 3736 tum
2055 3682 2139 3737 sui
2180 3681 2382 3736 amoris
2409 3681 2776 3736 dilexerimus.
2806 3677 2873 3734 Et
2910 3681 3012 3735 hoc
3037 3681 3351 3735 mandatum
3389 3680 3492 3735 ha-

1908 3774 2098 3829 bemus
2122 3790 2151 3828 a
2187 3771 2298 3828 Deo
2340 3780 2400 3828 ut
2425 3774 2518 3844 qui
2549 3773 2724 3844 diligit
2757 3772 2924 3827 Deum
2953 3772 3141 3844 diligat
3163 3781 3219 3828 et
3262 3771 3489 3828 fratrem

1909 3880 2087 3920 suum.
2121 3864 2179 3920 In
2209 3866 2314 3921 hoc
2336 3865 2710 3938 cognoscimus
2752 3866 3010 3936 quoniam
3037 3865 3310 3935 diligimus
3335 3871 3492 3921 natos

1910 3957 2030 4023 Dei,
2057 3973 2178 4013 cum
2206 3957 2375 4011 Deum
2409 3957 2698 4029 diligimus.
2729 3955 2820 4011 llle
2861 3971 2992 4027 ergo
3016 3957 3162 4012 solus
3186 3964 3336 4013 recte
3362 3972 3492 4027 pro-

1909 4049 2116 4103 ximum
2157 4049 2378 4118 diligere
2403 4051 2686 4118 probatur,
2722 4049 2814 4118 qui
2851 4049 2906 4103 in
2950 4049 3262 4104 Conditoris
3304 4059 3494 4104 amore

1910 4137 2143 4208 ﬂagrare
2166 4138 2527 4208 cognoscitur.

1981 4251 2033 4305 5.
2067 4249 2266 4304 Deinde
2313 4267 2416 4306 non
2458 4249 2691 4305 occidere
2739 4249 2964 4321 (Matth.
2991 4251 3066 4321 γ).
3109 4251 3264 4320 Quod
3309 4261 3491 4311 autem

1913 4343 2064 4408 dicit,
2097 4360 2199 4396 non
2225 4344 2480 4408 occidere,
2506 4358 2612 4397 non
2646 4349 2850 4397 tantum
2889 4341 3205 4412 simpliciter
3231 4332 3493 4414 corporis,

1914 4435 2006 4490 sed
2054 4442 2110 4489 et
2151 4434 2352 4490 occisio
2392 4435 2710 4506 prohibetur
2759 4433 2873 4488 ﬁeri
2919 4435 3142 4499 aniunc,
3188 4437 3494 4504 praesertim

1914 4541 2038 4580 cum
2077 4525 2183 4580 hoc
2206 4526 2483 4581 monachis
2511 4526 2564 4580 in
2592 4525 2826 4599 regulari
2868 4525 3079 4590 habitu,
3119 4533 3174 4580 et
3207 4528 3411 4583 sanctis
3440 4528 3497 4584 in

1917 4619 2178 4690 religione
2206 4620 2397 4689 positis
2426 4621 2761 4691 prohibetur.
2794 4619 2911 4675 Non
2946 4621 3090 4676 enim
3126 4622 3294 4678 armis
3327 4639 3495 4679 saecu-

221 4690 410 4747 ctibus
429 4689 688 4784 continua
723 4691 1018 4748 intentione
1061 4709 1168 4746 non
1193 4694 1412 4764 satagit.
1453 4694 1653 4784 lterum
1685 4694 1816 4748 dicit
1839 4688 1893 4750 Ι)
1918 4688 2144 4779 laribus,
2178 4688 2322 4767 “inde
2367 4688 2658 4768 llo—micidia
2690 4711 2846 4777 ﬁunt,
2875 4712 2970 4766 sed
3015 4712 3308 4768 virtutibus
3337 4714 3500 4784 ερίιοί-

227 4781 548 4854 apostolus:
584 4782 686 4848 Qui
714 4793 886 4839 servat
910 4786 1161 4840 mandata
1182 4787 1318 4857 ejus,
1341 4789 1397 4841 in
1425 4787 1517 4841 illo
1544 4783 1740 4853 manet,
1767 4797 1815 4842 et

227 4875 343 4945 ipse
370 4875 427 4929 in
456 4891 516 4928 eo
559 4875 612 4947 (Ι
633 4875 792 4930 Joan.
817 4877 924 4948 ιιι).
957 4876 1041 4932 Sit
1062 4894 1190 4950 ergo
1219 4880 1314 4934 tibi
1348 4880 1490 4935 Deus
1521 4880 1731 4946 domus,
1759 4887 1817 4934 et

229 4975 356 5022 esto
381 4968 570 5023 domus
597 4969 711 5023 Dei.
738 4969 893 5026 Mane
919 4971 972 5025 in
1003 4973 1133 5037 Deo,
1156 4982 1210 5028 et
1237 4982 1453 5028 maneat
1481 4975 1536 5028 in
1564 4982 1619 5030 te
1647 4971 1808 5030 Deus.

229 5060 450 5116 Maneat
473 5061 528 5114 in
559 5067 613 5116 te
641 5063 804 5129 Deus,
834 5072 893 5117 ut
923 5071 978 5118 te
1005 5065 1314 5132 contineat;
1341 5081 1564 5121 maneas
1591 5067 1648 5120 in
1679 5067 1810 5131 Deo,

229 5163 308 5206 ne
335 5151 514 5205 cadas.
541 5149 708 5206 Serva
737 5153 988 5208 mandata
1013 5154 1147 5223 ejus,
1178 5164 1302 5210 tene
1326 5155 1675 5220 charitatem,
1702 5169 1812 5210 non

229 5239 494 5296 divellere
517 5257 549 5295 a
576 5241 682 5298 ﬂde
717 5242 878 5308 illius,
903 5251 963 5298 ut
988 5245 1236 5315 glorieris
1279 5247 1334 5300 in
1365 5261 1595 5316 persona
1623 5247 1813 5316 ipsius,

231 5339 296 5388 et
323 5346 548 5388 securus
574 5334 819 5389 manebis
854 5335 910 5389 in
938 5350 1026 5402 eo,
1056 5336 1211 5405 juxta
1250 5338 1420 5393 illud:
1455 5339 1523 5393 In
1564 5345 1818 5392 ueternum

235 5423 593 5492 exsultabant,
617 5435 664 5481 et
688 5427 947 5481 habitatis
983 5428 1043 5483 in
1065 5430 1138 5483 eis
1165 5429 1334 5499 (Psal.
1357 5429 1432 5502 v).
1463 5430 1605 5484 Deus
1639 5436 1817 5484 autem

238 5517 475 5572 charitas
503 5526 577 5572 est
601 5532 620 5571 :
641 5527 691 5572 et
720 5519 812 5590 qui
831 5528 1004 5573 manet
1025 5521 1081 5575 in
1108 5523 1386 5589 charitate,
1409 5524 1465 5576 in
1486 5523 1594 5577 Deo
1619 5531 1816 5589 manet,

240 5617 294 5666 et
325 5608 468 5664 Deus
493 5611 551 5665 in
577 5627 638 5665 eo
666 5609 719 5682 (Ι
747 5610 910 5665 Ιοαιι.
941 5615 1040 5683 tv).

317 5705 370 5760 Ξ.
404 5707 602 5762 Deinde
628 5712 946 5780 proximum,
971 5708 1106 5765 sicut
1133 5712 1373 5782 teipsum.
1399 5711 1489 5769 Sic
1513 5713 1656 5769 enim
1681 5713 1819 5768 Psu‘

249 5799 337 5853 lus
361 5801 636 5870 apostolus
668 5803 724 5856 in
768 5803 1007 5872 Epistula
1031 5805 1098 5856 ad
1132 5803 1354 5859 Galatas
1377 5805 1490 5858 ait:
1523 5805 1706 5860 Omnis
1736 5805 1820 5860 led:

250 5890 306 5950 in
335 5907 440 5948 uno
478 5907 711 5949 sermone
738 5894 1026 5966 eoinpletur
1057 5911 1074 5950 :
1102 5893 1304 5968 Diliges
1345 5897 1643 5968 proximum
1673 5905 1819 5952 tuum

1921 4803 2140 4871 talibus,
2156 4801 2298 4858 unde
2318 4803 2512 4858 anima:
2532 4802 2830 4869 salvcntur,
2849 4802 3100 4860 incedunt
3117 4806 3368 4861 accincti.
3390 4805 3498 4862 Sed

1918 4895 2061 4952 sicut
2080 4903 2164 4951 est
2188 4894 2390 4951 occisio
2411 4894 2564 4962 ferri,
2579 4903 2663 4952 est
2686 4903 2742 4952 et
2765 4896 2895 4961 odii,
2919 4902 3002 4952 est
3028 4907 3082 4952 et
3103 4897 3390 4964 mendacii,
3412 4905 3500 4954 est

1917 4996 1973 5046 et
2010 4989 2235 5059 alicujus
2264 4987 2445 5062 gravis
2486 4989 2718 5060 peccati.
2766 4985 3039 5061 Scriptum
3069 4998 3154 5045 est
3179 4989 3322 5046 enim
3351 5009 3362 5044 :
3393 4988 3498 5056 Qui

1918 5082 2026 5137 odit
2059 5083 2276 5154 fratrem
2303 5097 2474 5146 suum,
2499 5081 2763 5137 homicida
2790 5091 2866 5137 est
2893 5080 2946 5155 (l
2980 5081 3142 5136 Joan.
3170 5079 3278 5154 tu).
3308 5079 3394 5148 Et,
3421 5082 3498 5138 Os

1917 5172 2055 5245 quod
2094 5172 2360 5237 mentitur,
2389 5171 2576 5228 occidit
2615 5173 2847 5229 animam
2874 5172 3027 5247 (Sap.
3062 5172 3126 5246 1).
3164 5173 3266 5240 Et,
3305 5172 3498 5228 Anima

1915 5279 2033 5335 quae
2077 5265 2382 5336 peccaverit,
2406 5263 2519 5336 ipsa
2544 5266 2796 5321 morietur
2825 5263 2966 5338 (Leo.
2990 5279 3062 5330 iv,
3095 5263 3287 5319 Επειδὴ.
3311 5265 3493 5336 xvnt).

1918 5351 1994 5408 Dc
2027 5355 2220 5410 horum
2252 5355 2490 5410 omnium
2525 5357 2812 5426 generibus
2837 5355 3139 5410 occisorum
3167 5354 3358 5410 beatus
3397 5354 3499 5411 Be-

1917 5446 2162 5500 nedictus
2185 5445 2299 5500 vult
2322 5445 2583 5501 abstineri
2612 5445 2956 5523 monachum,
2988 5458 3111 5498 cum
3139 5443 3358 5510 dicitur,
3391 5460 3496 5500 non

1920 5536 2172 5602 occidere,
2195 5537 2250 5591 id
2273 5544 2378 5600 est,
2407 5550 2506 5592 nec
2526 5537 2752 5592 aliorum
2773 5549 3002 5603 corpora
3023 5532 3192 5602 ferro,
3211 5547 3318 5594 nec
3339 5551 3494 5591 suam

1921 5629 2156 5682 animam
2187 5628 2334 5694 odio,
2359 5629 2446 5683 vel
2487 5628 2796 5692 homicidio,
2827 5635 2918 5680 aut
2947 5626 3186 5696 quolibet
3231 5626 3337 5682 alio
3363 5643 3494 5697 pec-

1923 5726 2065 5784 cato,
2093 5719 2216 5788 quia
2251 5720 2506 5790 scriptum
2533 5728 2652 5774 est:
2687 5716 2857 5771 Homo
2885 5718 3102 5788 quidem
3127 5731 3218 5790 per
3240 5707 3527 5776 malitiam"

1924 5811 2112 5864 occidit
2156 5813 2386 5864 animmn
2421 5823 2573 5862 suam
2622 5807 2773 5880 (Sap.
2816 5808 2962 5883 xxx).
3009 5811 3085 5865 De
3131 5810 3381 5866 omnibus
3411 5811 3496 5865 his

1877 5979 1880 5981 _
1925 5899 2058 5956 satis
2085 5900 2337 5956 convenit
2374 5897 2648 5979 abstineri
2668 5913 2778 5979 non
2813 5898 2987 5958 solum
3013 5900 3368 5970 monachum.
3403 5901 3498 5981 sed
