3994 6462
432 503 435 506 _
531 423 634 484 ’181

1814 427 1951 483 SMA
1959 425 2169 485 ΚΑαυί
2204 426 2500 486 ΑΒΒΑΤῘΒ

3684 422 3837 489 ⁴’153

522 543 693 602 etiam
730 554 951 599 omnem
996 542 1271 599 hominem
1305 541 1676 600 Christianum
1700 585 1716 611 ,
1763 546 1889 616 quia
1938 545 2113 615 quod-
2140 549 2194 611 Α
2216 547 2360 603 enim
2387 547 2609 618 proprio
2635 546 2856 604 domino
2882 546 3163 621 proprium
3188 548 3330 606 tollit
3359 564 3582 609 servum
3613 561 3679 610 et
3707 570 3839 613 eum

523 648 761 706 cumque
788 635 982 689 horum
1012 632 1205 690 fecerit
1245 634 1620 702 homicidium,
1667 636 1963 691 secundum
2005 634 2115 690 Do-

520 728 660 789 mini
719 727 1075 793 sententiam,
1125 725 1231 793 Qui
1276 727 1560 795 occiderit,
1605 744 1724 783 reus
1768 728 1868 782 erit
1905 726 2115 798 judicio

523 821 747 894 (Matth.
772 821 848 895 v).

598 914 653 969 ι.
674 912 798 968 Non
823 911 1137 967 adulterari.
1161 911 1300 967 Nam
1320 920 1379 968 et
1391 912 1717 969 adulterium
1737 912 1922 969 multis
1941 911 2118 968 modis

524 1014 583 1064 et
612 1008 668 1061 in
694 1021 922 1076 corpore
951 1014 1007 1062 et
1035 1006 1090 1061 in
1114 1006 1296 1061 animo
1325 1014 1382 1062 et
1404 1007 1764 1062 committitur
1789 1015 1846 1063 et
1869 1015 2114 1063 vocatur.

518 1097 662 1154 Nam
688 1104 745 1153 et
769 1096 1079 1163 fornicatio,
1107 1104 1164 1152 et
1190 1097 1437 1154 adoratio
1462 1097 1751 1164 idolorum,
1787 1106 1843 1155 et
1869 1098 2120 1169 concupi-

521 1188 732 1245 scentia
760 1186 1065 1252 oculorum,
1086 1193 1142 1242 et
1166 1187 1408 1243 amicitia
1436 1187 1775 1244 smcularium
1804 1202 1902 1257 pro
1916 1203 2118 1243 concu-

520 1279 791 1352 piscentia
817 1286 871 1333 et
900 1277 1128 1333 avaritia
1169 1293 1353 1335 rerum
1398 1279 1718 1335 adulterium
1754 1288 1997 1334 vocatur.
2043 1278 2120 1334 De

520 1369 797 1427 adulterio
837 1369 1023 1425 carnis
1066 1370 1228 1425 simul
1251 1379 1309 1427 et
1338 1371 1535 1426 anima:
1554 1371 1846 1442 Apostolus
1873 1370 1950 1425 ait
1975 1370 2120 1425 inter

524 1467 723 1519 caetera
744 1478 758 1514 :
778 1459 963 1531 Neque
976 1458 1205 1514 adulteri
1221 1476 1440 1532 regnum
1457 1459 1554 1515 Dei
1566 1460 1899 1532 possidebunt
1923 1458 1976 1532 (Ι
1989 1456 2114 1514 Cor.

521 1567 605 1617 vr,
634 1548 789 1605 Rom.
817 1549 962 1621 xm).
990 1550 1059 1604 Et
1082 1550 1167 1605 lex
1196 1550 1433 1622 idipsum
1451 1551 1626 1622 probi?
1649 1558 1705 1607 et
1734 1550 1958 1606 dicens:
1994 1548 2119 1604 Non

519 1641 851 1697 adulterabts
882 1638 1092 1713 (Exod.
1119 1642 1235 1711 xx).
1267 1641 1345 1696 De
1370 1641 1811 1712 concupiscentia
1837 1639 2118 1696 oculorum

523 1733 792 1791 Dominus
822 1735 876 1789 in
902 1734 1198 1805 Evangelio
1233 1733 1311 1789 ait
1339 1750 1352 1787 :
1387 1733 1492 1800 Qui
1526 1733 1710 1788 viderit
1741 1732 2012 1787 mulierem
2049 1731 2118 1785 ad

518 1826 998 1899 concupiscendum
1021 1843 1157 1891 eam,
1179 1826 1298 1897 jam
1325 1827 1611 1882 machatus
1636 1836 1710 1881 est
1735 1843 1852 1880 eam
1885 1826 1940 1879 in
1965 1823 2121 1879 corde

2220 636 2379 693 alteri
2404 652 2512 693 non
2540 638 2764 709 proprio
2787 638 2990 707 subdit,
3019 641 3208 711 procul
3233 642 3399 700 dubio
3423 644 3647 701 furtum
3678 646 3835 704 facit.

2219 728 2362 801 Ergo
2400 738 2455 786 et
2479 730 2570 800 qui
2600 746 2766 801 prave
2791 730 3025 787 vivendo
3056 735 3276 805 proprio
3303 738 3578 793 conditori
3619 754 3733 796 suo
3778 756 3839 801 se

2221 820 2381 886 tollit,
2405 827 2462 875 et
2487 821 2703 876 diabolo
2731 835 2790 877 se
2818 820 3020 889 subdit,
3048 823 3403 884 nihilominus
3424 826 3652 885 furtum
3676 829 3837 892 facit.

2219 911 2481 969 Dominus
2526 914 2673 969 enim
2717 912 2878 971 Jesus
2919 912 3173 972 Christus
3219 934 3320 976 nos
3364 920 3433 977 de
3484 920 3630 980 limo
3675 932 3840 982 terra

2219 1004 2462 1071 creavit,
2499 1011 2557 1060 et
2600 1006 2823 1076 proprio
2863 1007 3131 1078 sanguine
3175 1010 3429 1078 redemit,
3456 1022 3517 1069 et
3549 1014 3698 1071 ideo
3746 1032 3839 1087 per

2219 1095 2585 1152 conditionem
2629 1094 2746 1164 ejus
2787 1096 2961 1164 servi,
2996 1105 3055 1153 et
3094 1113 3191 1169 per
3222 1100 3677 1174 redemptionem
3724 1106 3838 1175 ejus

2219 1200 2410 1242 sumus
2438 1185 2648 1242 famuli.
2687 1185 2842 1253 Quod
2873 1187 2919 1243 si
2963 1187 3160 1259 aliquis
3200 1205 3271 1246 ex
3313 1193 3499 1260 nobis,
3528 1202 3597 1250 ut
3628 1199 3832 1267 pradi-

2221 1288 2368 1337 ctum
2396 1288 2498 1348 est,
2529 1296 2588 1337 se
2611 1296 2643 1335 a
2672 1282 2897 1337 servitio
2923 1282 3022 1338 Dei
3049 1283 3192 1342 male
3218 1286 3454 1344 vivendo
3483 1290 3839 1349 subtraxerit

2220 1377 2276 1425 et
2304 1370 2518 1427 diabolo
2566 1371 2898 1437 subdiderit,
2941 1372 3146 1430 furtum
3194 1377 3499 1447 pessimum
3550 1379 3720 1437 facit.
3772 1382 3837 1439 Se

2220 1467 2365 1522 enim
2392 1481 2424 1521 a
2464 1465 2702 1522 filiorum
2748 1468 3009 1525 societate
3052 1472 3380 1542 segregavit,
3416 1480 3473 1529 et
3504 1488 3717 1531 servus
3761 1476 3835 1530 fa-

2220 1565 2341 1613 ctus
2388 1557 2802 1625 dmmoniorum,
2843 1567 2899 1615 et
2932 1560 3330 1630 hereditatem,
3368 1573 3427 1619 et
3472 1568 3832 1624 mansionem

2220 1647 2403 1702 amisit
2447 1648 2598 1719 regni
2631 1648 2916 1704 caelorum.
2960 1646 3237 1720 Scriptum
3278 1661 3361 1708 est
3398 1654 3556 1709 enim
3589 1675 3605 1710 :
3645 1656 3833 1714 Omnis

2220 1739 2358 1793 enim
2379 1739 2469 1809 qui
2503 1747 2705 1810 peccat,
2728 1755 2907 1795 servus
2928 1749 3004 1795 est
3038 1743 3257 1812 peccati.
3283 1741 3479 1799 Servus
3507 1755 3703 1801 autem
3734 1765 3832 1802 non

2222 1840 2395 1885 manet
2422 1833 2477 1885 in
2499 1830 2654 1886 domo
2697 1832 2754 1886 in
2781 1840 3035 1886 aeternum
3066 1832 3249 1902 (Joan.
3270 1834 3414 1908 vni).
3445 1834 3752 1903 Similiter,
3779 1848 3830 1896 et

516 1935 620 1975 suo
656 1916 883 1991 (Matth.
907 1917 986 1991 ν).
1018 1918 1097 1973 De
1126 1917 1317 1974 amicis
1347 1918 1527 1974 saeculi
1575 1919 1733 1990 hujus
1767 1926 1821 1973 et
1856 1919 1923 1973 de
1966 1930 2117 1971 ama-
2142 1922 2191 1984 B
2220 1920 2310 1992 qui
2343 1921 2481 1977 tollit
2505 1923 2749 1979 membra
2773 1917 3008 1991 Christi,
3033 1934 3088 1981 et
3116 1924 3250 1982 facit
3276 1942 3341 1983 ea
3368 1928 3626 1984 membra
3652 1930 3826 1987 forni-

518 2011 730 2067 toribus
764 2008 1147 2080 temporalium
1186 2023 1369 2064 rerum
1399 2006 1635 2065 Iacobus
1676 2008 1951 2080 apostolus
1992 2007 2107 2062 ait:

518 2098 781 2164 Adulteri,
818 2098 1028 2153 nescitis
1050 2098 1178 2170 quia
1212 2098 1452 2153 amicitia
1479 2098 1640 2169 hujus
1668 2096 1851 2152 mundi
1886 2096 2113 2151 inimici-

517 2193 596 2247 tia
640 2200 717 2247 est
762 2190 871 2246 Deo
914 2190 1123 2263 (Iacob.
1151 2189 1250 2264 ιν).
1281 2188 1568 2246 Adulteros
1606 2198 1757 2246 recte
1799 2196 2110 2259 nuncupat,

517 2300 678 2356 quos,
704 2284 965 2341 derelicto
995 2298 1183 2339 amore
1212 2283 1493 2355 sapientiae
1521 2282 1778 2349 cmlestis,
1809 2282 1877 2337 ad
1907 2280 2113 2354 ample~

514 2388 646 2431 xum
680 2372 862 2445 potius
892 2373 1148 2428 amicitia:
1179 2372 1451 2428 mundalis
1486 2387 1609 2428 esse
1651 2370 1887 2428 deﬂexos
1932 2371 2112 2427 incre-

513 2472 637 2537 pat,
674 2478 813 2534 quos
864 2461 1160 2526 Conditore
1212 2470 1526 2535 contempto
1569 2476 1893 2518 mammonae
1935 2460 2111 2532 magis

512 2558 723 2617 servire
751 2556 1031 2615 cernebat.
1060 2555 1311 2612 Ostendit
1337 2556 1503 2611 etiam
1531 2570 1627 2612 eos
1656 2570 1777 2612 esse
1810 2554 2105 2621 adulteros,

515 2649 632 2721 qui,
660 2650 760 2705 sub
803 2648 911 2706 fide
951 2656 1006 2704 et
1034 2645 1378 2704 confessione
1406 2646 1643 2703 nominis
1668 2645 1897 2712 Christi,
1928 2644 2109 2702 illece-

512 2740 633 2798 bris
655 2749 712 2795 et
742 2740 916 2796 amori
959 2739 1276 2795 deserviunt
1304 2739 1512 2793 mundi.
1538 2738 1636 2793 Est
1668 2738 1845 2793 adhuc
1874 2745 1930 2793 et
1962 2737 2109 2793 aliud

514 2829 767 2887 adulterii
796 2844 988 2901 genus,
1013 2828 1081 2885 de
1124 2843 1232 2898 quo
1260 2844 1319 2883 se
1349 2836 1515 2900 negat
1542 2843 1660 2884 esse
1703 2827 1991 2898 Apostolus
2026 2828 2110 2883 di-

513 2935 681 2977 cens:
718 2919 843 2975 Non
871 2919 1011 2975 enim
1052 2934 1254 2983 sumus,
1294 2919 1429 2972 sicut
1471 2917 1710 2989 plurimi,
1750 2916 2106 2974 adulterantes

514 3010 728 3065 verbum
759 3009 887 3074 Dei,
922 3007 1011 3062 sed
1046 3023 1111 3062 ex
1136 3007 1456 3072 sinceritate,
1493 3006 1628 3061 sicut
1668 3021 1732 3060 ea:
1782 3005 1893 3059 Deo
1927 3021 2104 3060 coram

512 3100 647 3168 Deo,
678 3102 736 3155 in
760 3097 967 3155 Christo
996 3097 1259 3171 loquimur
1298 3096 1382 3170 (II
1409 3095 1532 3152 Car.
1555 3096 1637 3169 ιι).
1663 3097 1743 3152 Ex
1773 3097 1937 3153 corde
1961 3098 2105 3152 enim

511 3197 749 3268 primum
774 3194 1065 3251 auferenda
1093 3202 1219 3249 sunt
1244 3193 1533 3257 adulteria,
1556 3201 1617 3247 ut
1647 3209 1753 3248 non
1785 3192 2104 3263 pertrahant

2221 2014 2452 2070 cationis
2487 2023 2545 2069 et
2568 2015 2895 2081 meretricis,
2925 2014 3129 2072 furtum
3152 2016 3306 2084 facit,
3334 2026 3394 2075 et
3422 2035 3623 2076 servus
3646 2021 3825 2078 factus

2213 2105 2423 2173 peccati
2458 2121 2567 2162 non
2613 2113 2796 2162 manet
2823 2107 2879 2162 in
2904 2107 3067 2163 domo
3093 2108 3148 2163 in
3193 2117 3483 2178 internum,
3531 2113 3594 2168 id
3638 2124 3729 2169 est
3769 2116 3821 2169 in

2215 2196 2373 2251 caelo.
2402 2196 2480 2252 De
2507 2211 2612 2268 qua
2644 2197 2905 2254 Dominus
2932 2198 3145 2255 dicebat
3170 2218 3184 2254 :
3211 2199 3280 2256 In
3311 2201 3470 2256 domo
3506 2202 3696 2259 Patris
3722 2208 3821 2261 mei

2212 2284 2394 2341 multa:
2420 2296 2545 2341 sunt
2588 2289 2888 2344 mansiones
2936 2288 3120 2361 (Joan.
3143 2290 3281 2363 XIV).
3311 2290 3451 2347 Nam
3492 2301 3558 2348 et
3600 2293 3695 2348 ille
3732 2296 3817 2365 qui

2214 2390 2322 2431 non
2351 2377 2520 2432 intrat
2545 2392 2644 2448 per
2663 2379 2865 2435 ostium
2889 2380 2986 2436 sed
3011 2379 3229 2438 aliunde
3248 2383 3524 2450 ascendit,
3553 2382 3648 2439 fur
3667 2393 3757 2440 est
3770 2395 3819 2440 et

2213 2465 2373 2523 latro.
2394 2468 2464 2524 Et
2482 2469 2607 2526 ideo
2626 2470 2753 2540 quia
2773 2485 2880 2528 non
2903 2486 3014 2529 uno
3031 2471 3193 2529 modo
3212 2471 3372 2541 fiunt,
3393 2489 3505 2529 non
3529 2474 3817 2531 uniformi-

2213 2567 2299 2616 ter
2327 2561 2423 2617 sed
2448 2560 2634 2618 multis
2662 2562 2838 2619 modis
2859 2563 3209 2635 intelligenda
3233 2574 3364 2621 sunt
3394 2564 3549 2622 furta
3575 2584 3594 2621 :
3622 2567 3814 2623 horum

2211 2651 2454 2708 omnium
2479 2667 2580 2708 nos
2606 2667 2802 2710 cavere
2825 2653 3087 2711 debemus
3111 2653 3347 2726 culpam.

2280 2742 2333 2799 6.
2370 2742 2497 2798 Non
2541 2746 2905 2815 concupiscere
2938 2744 3137 2817 (Exod.
3166 2762 3271 2811 xx,
3299 2745 3469 2801 Deut.
3496 2747 3578 2820 v).
3603 2747 3721 2805 Non
3745 2749 3813 2805 de

2209 2833 2302 2890 illa
2331 2835 2769 2905 concupiscentia
2807 2835 2940 2893 dicit
2984 2837 3053 2892 de
3090 2851 3197 2907 qua
3238 2835 3417 2893 David
3463 2837 3703 2893 caneiiat
3734 2838 3815 2894 di-

2209 2941 2378 2983 cens:
2408 2924 2717 2998 Concupivit
2756 2937 2804 2982 et
2841 2927 3032 2998 defecit
3066 2928 3247 2982 anima
3272 2944 3392 2983 mea
3421 2929 3483 2984 in
3529 2931 3679 2983 atria
3714 2928 3812 2984 Do-

2206 3019 2337 3073 mini
2386 3016 2560 3087 (Psal.
2588 3017 2757 3091 xuv).
2808 3018 2918 3074 Et:
2948 3017 3257 3090 Concupivit
3299 3020 3490 3073 anima
3531 3037 3657 3075 mea
3686 3021 3812 3074 desi-

2206 3111 2395 3167 derare
2427 3113 2840 3183 justi/icationes
2884 3124 3005 3169 tuas
3051 3114 3108 3168 in
3151 3114 3295 3169 omni
3344 3124 3596 3186 tempore
3649 3114 3808 3188 (Psal.

2207 3201 2421 3275 cxvm).
2462 3203 2529 3258 Et
2558 3204 2623 3258 de
2649 3219 2754 3274 qua
2798 3204 2926 3260 alibi
2965 3205 3227 3276 scriptum
3269 3214 3394 3260 est:
3425 3204 3812 3280 Concupiscu-

513 3286 584 3342 ad
615 3286 796 3343 carnis
834 3287 1192 3357 perpetranda
1227 3299 1411 3355 opera.
1444 3283 1581 3352 Quia
1612 3291 1902 3354 antequam
1935 3282 2101 3354 perfi-
2132 3282 2177 3345 C
2209 3297 2285 3349 τίει
2332 3296 2507 3366 itaque
2550 3296 2820 3366 εαρξεηιίω
2867 3296 3078 3350 deduci;
3125 3296 3195 3350 αά
3238 3313 3461 3367 regnum
3511 3310 3811 3370 Wu-

509 3378 690 3435 ciatur
735 3377 1059 3433 adulterium
1094 3376 1146 3432 in
1187 3391 1370 3446 opere,
1396 3374 1511 3445 jam
1549 3375 1874 3430 adulterium
1917 3383 2001 3430 est
2049 3375 2102 3429 in

511 3467 863 3539 cogitatione.
903 3467 1051 3521 Elias
1092 3475 1270 3522 autem
1301 3476 1357 3521 et
1402 3464 1641 3522 Joannes
1672 3466 1825 3520 zonis
1862 3464 2104 3535 pelliceis

512 3557 871 3628 cingebanlur
894 3558 1038 3612 circa
1066 3557 1308 3621 lumbos;
1340 3557 1393 3611 in
1414 3556 1735 3628 Apocalypsi
1762 3564 1940 3610 autem
1967 3570 2105 3610 zona

512 3663 681 3705 aurea
710 3650 854 3704 circa
890 3657 1100 3717 pectus.
1137 3647 1248 3703 llas
1277 3648 1415 3704 duas
1451 3664 1616 3704 zonas
1646 3648 1758 3701 vult
1798 3646 2001 3718 Regula
2046 3656 2106 3701 ut

514 3739 717 3797 habeat
739 3742 1060 3805 monachus,
1091 3750 1147 3795 et
1175 3739 1292 3809 ejus
1320 3756 1537 3811 semper
1566 3755 1701 3794 zona
1734 3739 1957 3808 pellicea
1989 3736 2105 3793 cin-

514 3843 606 3905 gat
632 3832 868 3899 lumbos,
904 3842 959 3889 et
995 3849 1161 3888 aurea
1192 3843 1403 3905 peetus.
1432 3833 1507 3888 De
1532 3847 1641 3885 una
1669 3831 1813 3885 cnim
1842 3828 2103 3883 Dominus

513 3926 627 3981 ait:
663 3924 781 3980 Sint
821 3924 983 3979 lumbi
1026 3925 1181 3979 vestri
1226 3925 1494 3995 prwcincti
1543 3921 1695 3995 (Luc.
1725 3920 1844 3991 xu).
1875 3920 1952 3974 De
1998 3919 2103 3973 alia

511 4016 775 4089 propheta
826 4031 926 4071 nos
979 4017 1234 4072 admonet
1295 4015 1484 4071 dicens
1530 4032 1543 4067 ;
1582 4011 1849 4082 Accingite
1900 4009 2103 4064 lumbos

512 4116 708 4163 vestros
731 4125 886 4178 super
906 4110 1064 4163 ubera
1091 4118 1258 4162 vestra
1280 4105 1416 4178 (Isa.
1444 4105 1639 4173 xxxu).
1670 4102 1806 4158 Hinc
1827 4110 1882 4157 et
1907 4101 2102 4156 Petrus

512 4198 591 4253 ait
624 4216 637 4252 :
690 4197 913 4269 Propter
947 4197 1086 4269 quod
1122 4196 1373 4252 succincti
1410 4195 1611 4249 lumbos
1662 4193 1848 4248 mentis
1882 4201 2102 4255 vestrm;

512 4295 569 4343 et
596 4287 802 4357 reliqua
825 4287 875 4360 (1
901 4285 1019 4342 Pet.
1043 4289 1103 4359 ι).
1129 4287 1372 4341 Αιιιιιιιείι
1400 4294 1483 4341 est
1510 4300 1640 4356 ergo
1671 4284 1907 4338 maxime
1934 4298 1963 4336 a
1989 4296 2104 4337 mo-

512 4382 707 4437 nachis
734 4382 1081 4452 pulchritudo
1110 4380 1396 4442 castitatis,
1425 4394 1546 4448 qum
1569 4392 1721 4431 zonae
1752 4391 1932 4430 aureze
1961 4390 2105 4430 com-

514 4480 761 4542 paratur.
785 4470 951 4540 Cujus
979 4471 1259 4539 degustata
1282 4468 1569 4523 delectatio
1597 4466 1804 4521 dulcior
1835 4464 2106 4520 invenitur

516 4577 679 4632 quam
705 4561 883 4615 omnis
907 4559 1196 4615 delectatio
1223 4559 1427 4612 carnis.
1460 4556 1698 4613 Castitas
1722 4557 1865 4610 enim
1897 4554 2105 4611 fructus

514 4651 800 4710 suavitatis
842 4659 957 4715 est,
1000 4659 1055 4717 et
1081 4648 1426 4721 pulchritudo
1457 4647 1734 4701 immolata
1764 4656 2101 4712 sanctorum,
2129 4634 2183 4694 D

512 4743 780 4802 securitas
810 4742 1006 4797 mentis
1030 4750 1086 4795 et
1112 4740 1317 4796 sanitas
1340 4738 1604 4809 corporis.
1630 4736 1734 4791 Per
1760 4737 1900 4793 hanc
1930 4735 2107 4791 homi-

511 4852 611 4894 nes
640 4838 889 4893 levantur
912 4834 981 4889 ad
1010 4834 1208 4890 etelum
1228 4842 1282 4888 et
1308 4836 1475 4889 choro
1499 4833 1777 4888 sociantur
1803 4831 2066 4902 angelico.

585 4928 640 5005 5.
680 4949 801 5004 Νοη
852 4947 1024 5018 facere
1057 4946 1274 5016 furtum.
1308 4945 1373 5000 Et
1404 4946 1457 4999 in
1506 4944 1624 5016 lege
1676 4945 1936 5013 scriptum
1979 4950 2099 4998 est:

516 5042 641 5100 Non
667 5042 865 5112 furtum
890 5039 1051 5111 facies
1079 5037 1274 5108 (Exod.
1301 5037 1414 5111 xx).
1446 5038 1512 5093 Et
1536 5035 1824 5108 Apostolus
1852 5034 1966 5089 ait:
1999 5033 2104 5100 Qui

514 5134 817 5207 furalmtur,
839 5133 958 5203 jam
994 5148 1097 5186 non
1126 5131 1333 5200 [aretur
1356 5128 1687 5202 (Ephes.1v).
1714 5128 1781 5183 Et
1807 5128 1931 5183 alibi
1960 5128 2104 5183 inter

515 5234 715 5282 cetera
742 5243 754 5278 :
788 5222 969 5295 Neque
997 5222 1139 5292 fures
1171 5238 1384 5292 regnum
1418 5221 1511 5274 Dei
1537 5219 1871 5291 possidebunt
1900 5217 1950 5291 (Ι
1975 5215 2098 5273 Cor.

515 5315 627 5388 v1).
660 5316 764 5383 Qui
814 5330 944 5386 ergo
992 5329 1214 5384 regnum
1262 5313 1354 5367 Dei
1392 5311 1505 5366 vult
1554 5311 1855 5381 pos-sidere,
1893 5325 1925 5364 a
1974 5308 2102 5365 furti

515 5409 660 5466 malo
689 5423 750 5464 se
793 5409 951 5465 debet
978 5407 1287 5462 omnimode
1322 5406 1617 5472 custodire,
1659 5420 1750 5472 ne,
1788 5406 1917 5464 dum
1955 5405 2103 5474 cupit

516 5514 709 5571 rapere
733 5499 929 5564 aliena,
961 5508 1017 5553 et
1044 5498 1316 5569 propriam
1349 5498 1584 5554 animam
1617 5497 1837 5569 perdat,
1865 5507 1922 5552 et
1947 5496 2105 5550 amit-

516 5598 598 5650 tat
624 5591 869 5648 coelestia
901 5606 1085 5662 regna.
1113 5589 1230 5646 Non
1262 5590 1556 5657 modicum,
1594 5590 1687 5646 sed
1723 5589 1926 5660 grande
1952 5605 2103 5644 com-

516 5686 687 5743 mittit
710 5682 931 5748 malum,
957 5682 1050 5754 qui
1079 5680 1233 5737 fratri
1259 5697 1540 5738 nummum
1564 5689 1620 5738 et
1645 5682 1746 5737 sibi
1775 5681 1915 5737 tollit
1938 5695 2103 5752 regna

519 5775 803 5832 calorum.
826 5770 1134 5843 Intelligere
1168 5787 1400 5843 namque
1445 5772 1608 5829 debet
1651 5770 1947 5827 monachus
1974 5769 2103 5841 quia

519 5880 629 5927 non
673 5880 888 5936 semper
934 5861 1280 5918 uuiformiter
1320 5863 1680 5919 committitur
1720 5861 1947 5918 furtum.
1999 5860 2102 5929 Qui

2205 3386 2364 3457 (Sap.
2387 3387 2501 3458 v1);
2536 3389 2652 3443 haec
2680 3389 2826 3443 enim
2878 3388 2931 3444 in
2960 3390 3162 3444 virtute
3190 3398 3299 3456 est,
3326 3391 3425 3446 sed
3458 3392 3534 3448 de
3564 3392 3660 3447 illa
3704 3407 3812 3463 qua

2206 3481 2262 3535 in
2289 3481 2424 3537 vitio
2457 3489 2563 3548 est,
2593 3483 2658 3539 de
2697 3499 2802 3554 qua
2834 3481 3095 3539 Dominus
3124 3483 3203 3538 ait
3243 3502 3257 3537 :
3308 3483 3438 3538 Non
3476 3488 3807 3558 concupisces

2207 3588 2317 3626 rem
2346 3574 2575 3643 proximi
2609 3574 2687 3628 tui
2728 3573 2928 3645 (Exod.
2954 3590 3058 3639 xx;
3085 3574 3113 3628 I
3141 3573 3267 3645 Reg.
3297 3575 3416 3646 xv).
3455 3576 3625 3634 Unde
3652 3587 3706 3633 et
3725 3577 3809 3634 la.

2206 3663 2375 3719 cobus
2403 3663 2479 3718 ait
2510 3683 2522 3718 :
2555 3662 2944 3736 Unusquisque,
2977 3665 3180 3736 inquit,
3221 3676 3462 3721 tentatur
3506 3687 3543 3723 α
3574 3670 3810 3738 concupi-

2206 3755 2404 3809 scentia
2430 3772 2531 3810 sua
2559 3756 2853 3811 abstractus
2897 3767 2947 3811 et
2981 3756 3185 3812 illectus
3221 3757 3436 3829 (Iacob.
3470 3758 3543 3830 ι).
3585 3760 3658 3816 Et
3692 3774 3808 3815 cm-

2206 3846 2538 3916 cupiscentia
2583 3862 2709 3903 cum
2753 3850 3065 3919 conceperit
3091 3851 3236 3919 parit
3272 3862 3594 3922 peccatum.
3624 3851 3807 3908 Petrus

2205 3951 2422 4005 quoque
2451 3937 2528 3992 ait
2552 3957 2565 3992 :
2604 3937 2885 4010 Fugientes
2913 3941 3053 4011 ejus,
3090 3959 3208 4013 qua:
3232 3944 3289 3997 in
3323 3943 3536 3996 mundo
3565 3955 3666 4006 est,
3690 3960 3807 3997 cal-

2205 4030 2538 4101 cupiscentite
2591 4032 2973 4104 corruptionem
3027 4033 3110 4106 (ιι
3140 4032 3255 4088 Pet.
3296 4036 3371 4100 ι),
3411 4033 3582 4103 juxta
3627 4035 3803 4090 illud:

2208 4123 2374 4189 Quasi
2405 4144 2435 4178 a
2474 4124 2609 4194 facie
2636 4124 2860 4192 colubri,
2888 4126 2963 4181 sic
2989 4127 3113 4198 fuge
3138 4137 3409 4198 peccatum
3449 4127 3653 4198 (Eccli.
3678 4128 3805 4197 xxI).

2205 4213 2273 4269 Et
2300 4214 2500 4271 Paulus
2534 4216 2809 4287 apostolus
2829 4218 2907 4272 ait
2932 4236 2945 4272 :
2978 4217 3103 4273 Non
3134 4227 3307 4289 regnet
3337 4232 3621 4287 peccafum
3648 4222 3705 4273 in
3734 4236 3805 4274 ee-

2204 4316 2313 4360 stro
2345 4308 2556 4362 mortali
2586 4325 2823 4378 corpore,
2852 4318 2909 4363 ut
2937 4308 3192 4363 obediatis
3222 4309 3673 4378 concupiscentiis
3697 4311 3805 4380 ejus

2207 4396 2397 4469 (Rom.
2430 4401 2540 4471 γι).
2576 4398 2713 4455 Hinc
2755 4400 2916 4454 datur
2958 4400 3183 4471 intelligi
3228 4401 3354 4469 quia
3405 4414 3508 4469 per
3556 4401 3810 4470 concupi-

2206 4489 2468 4546 scentiam
2497 4490 2743 4545 mortalis
2768 4491 3013 4561 corporis
3039 4491 3271 4546 maxime
3296 4500 3591 4560 peccatum
3621 4498 3811 4563 regnat

2208 4583 2261 4636 in
2294 4582 2531 4637 homine.
2577 4579 2814 4637 Joannes
2856 4597 3070 4651 quoque
3111 4582 3188 4636 ait
3220 4599 3232 4634 :
3269 4580 3441 4636 Omne
3480 4583 3627 4649 quod
3656 4593 3735 4637 est
3758 4584 3809 4635 in

2209 4672 2404 4727 mundo
2455 4674 2868 4742 concupiscentia
2918 4673 3095 4727 carnis
3135 4682 3240 4738 est,
3283 4682 3331 4726 et
3382 4673 3809 4744 concupiscentia

2208 4761 2515 4826 oculorum,
2546 4772 2593 4816 et
2642 4762 2884 4833 superbia
2913 4765 3035 4819 vita:
3065 4762 3117 4837 (Ι
3141 4762 3304 4818 Joan.
3334 4762 3418 4834 ιι).
3464 4762 3570 4819 His
3610 4767 3811 4835 quippe

2208 4851 2465 4906 vitiorum
2491 4851 2767 4907 vocabulis
2793 4854 2974 4908 omnia
3021 4854 3276 4909 vit'orum
3309 4868 3513 4923 genera
3561 4870 3811 4926 compte-

2208 4942 2416 4999 hendit.
2465 4942 2916 5015 Coucupiscentia
2968 4960 3203 5015 namque
3255 4946 3439 4999 carnis
3491 4954 3584 5001 est
3648 4959 3809 5001 omne

2208 5036 2352 5105 quod
2379 5034 2444 5089 ad
2472 5034 2803 5107 voluptatem
2830 5044 2888 5091 et
2923 5036 3144 5091 delicias
3173 5035 3421 5106 corporis
3447 5035 3731 5105 pertinet,
3760 5035 3812 5088 in

2211 5125 2408 5196 quibus
2433 5132 2559 5181 sunt
2606 5125 2845 5181 maxime
2887 5126 3066 5191 cibus,
3096 5134 3275 5195 potus,
3316 5125 3669 5190 concubitus,
3704 5134 3809 5180 etc.

2211 5218 2659 5291 Concupiscentia
2697 5235 2826 5275 vero
2859 5220 3140 5277 oculorum
3173 5228 3257 5275 est
3296 5220 3480 5274 omnis
3514 5220 3812 5274 curiositas

2209 5309 2391 5365 saaculi
2445 5310 2500 5364 in
2536 5310 2884 5380 acquirendis
2919 5312 3081 5366 rebus
3122 5309 3515 5382 temporalibus
3558 5321 3622 5365 et
3664 5309 3813 5366 curis

2208 5404 2575 5473 supervacuis,
2605 5404 2659 5458 iu
2696 5403 3078 5474 dignoscendis
3104 5402 3264 5459 bonis
3285 5412 3344 5458 et
3375 5402 3565 5465 malis,
3599 5411 3660 5458 et
3685 5416 3813 5473 pro-

2207 5494 2477 5550 ximorum
2508 5495 2793 5565 carpendis
2823 5495 2987 5551 vitiis.
3019 5493 3134 5550 Hoc
3164 5496 3310 5549 enim
3339 5493 3811 5564 concupistis-nti:

2204 5588 2397 5644 vitium
2449 5587 2677 5644 multum
2725 5598 2810 5646 est
2858 5589 3159 5645 cavendum
3202 5604 3233 5644 a
3271 5589 3581 5645 monachis.
3626 5586 3815 5644 Facile

2205 5680 2350 5735 enim
2379 5679 2613 5753 subripit
2636 5688 2891 5746 mentem,
2918 5691 2968 5738 et
3000 5678 3333 5736 infundendo
3358 5679 3509 5735 virus
3547 5680 3663 5734 cito
3691 5678 3814 5734 ani-

2205 5786 2349 5827 mam
2375 5773 2573 5844 mergit
2596 5773 2652 5827 in
2683 5781 2934 5829 mortem.
2957 5772 3254 5844 Propterea
3279 5772 3425 5826 inter
3448 5771 3640 5826 decem
3671 5769 3813 5841 legis

2204 5874 2496 5937 praecepta,
2531 5866 2676 5924 sicut
2706 5865 3079 5932 homicidium,
3125 5864 3329 5922 furtum
3354 5871 3413 5920 et
3441 5862 3810 5923 adulterium.
