3994 6478
240 327 358 384 755

1289 325 1640 383 COMMENT.
1681 325 1748 382 IN
1783 321 1944 382 REG.
1988 321 2046 381 S.
2083 323 2460 381 BENEDICTI.

3405 327 3509 382 πει

237 439 324 493 ita
369 438 820 508 concupiscentia
864 438 1066 493 malum
1122 440 1442 510 prohibetur
1484 455 1516 494 a
1561 439 1820 505 Domino;
1853 443 1904 503 Α
1930 437 2146 511 (Matth.
2170 439 2287 511 vn).
2320 437 2445 494 Haec
2473 441 2738 495 sententia
2769 458 2892 497 cum
2923 443 3156 499 refertur
3177 446 3244 501 ad
3271 446 3510 502 dilectio-

235 530 376 600 quia
407 531 550 586 sicut
578 530 667 586 illa
703 532 926 587 trahunt
948 534 1015 587 ad
1040 547 1279 603 pcenam,
1307 535 1382 588 ita
1411 533 1742 588 abstractum
1771 542 1826 587 et

237 620 490 676 illectum
533 621 808 678 hominem
851 622 1286 693 concupiscentia
1315 623 1511 679 inferni
1542 624 1735 694 mergit
1771 625 1826 679 in

237 708 479 766 foveam.

317 802 372 856 7.
423 801 547 857 Non
597 803 792 873 falsum
843 805 1194 859 testimonium
1241 806 1412 860 dicere
1466 804 1672 878 (Exod.
1720 821 1822 872 xx;

238 893 406 947 Deut.
430 893 507 965 v).
540 893 757 951 Falsum
784 897 1153 952 testimonium
1183 898 1400 964 dicitur,
1429 913 1537 968 quo
1562 913 1704 968 saepe
1734 912 1826 953 ve-

236 987 381 1042 ritas
408 985 672 1054 illuditur,
695 994 756 1041 ut
779 1003 898 1058 qua:
927 987 1066 1045 facta
1097 988 1181 1043 vel
1211 989 1354 1044 dicta
1383 998 1510 1044 sunt
1537 989 1691 1059 quasi
1719 1005 1825 1044 non

237 1076 711 1149 facta‘negentur.
739 1079 835 1135 Est
873 1091 929 1136 et
975 1082 1118 1136 aliud
1161 1082 1425 1137 mendacii
1471 1098 1641 1152 genus
1683 1082 1826 1152 quod

237 1170 400 1224 valde
427 1171 747 1227 monachum
783 1172 912 1228 facit
941 1189 1114 1230 reum.
1147 1172 1334 1230 Omnis
1363 1175 1508 1229 enim
1534 1175 1826 1245 promissio

237 1277 366 1332 quae
411 1271 619 1317 tantum
666 1265 844 1320 verbis
887 1266 1164 1336 profertur
1200 1276 1254 1322 et
1294 1267 1547 1336 operibus
1579 1284 1684 1323 non
1731 1269 1827 1323 im-

235 1353 439 1424 pletur,
470 1356 589 1410 sine
613 1356 776 1412 dubio
804 1356 997 1412 falsum
1025 1374 1144 1413 esse
1185 1359 1552 1413 testimonium
1580 1373 1828 1428 compro-

233 1444 423 1500 batur.
470 1445 608 1502 llinc
653 1463 888 1518 namque
923 1447 1177 1504 Salomon
1214 1450 1337 1504 ait:
1384 1448 1546 1503 Testis
1601 1449 1827 1502 mendax

233 1537 449 1606 peribit,
475 1539 557 1592 vir
581 1548 756 1592 autem
803 1539 1046 1594 obediens
1085 1539 1316 1612 loquitur
1365 1543 1606 1596 victorias
1638 1541 1820 1613 (Prov.

236 1629 391 1699 nt);
423 1631 548 1700 quia
575 1632 666 1700 qui
693 1647 750 1687 se
790 1634 904 1688 Deo
931 1634 1137 1688 servire
1169 1642 1420 1698 testatur,
1451 1649 1549 1688 nec
1575 1633 1719 1687 dicta
1745 1631 1826 1686 fa-

234 1723 346 1778 ctis
390 1725 729 1794 exsequitur,
760 1725 813 1779 in
847 1736 1109 1781 :eternum
1154 1727 1372 1796 peribit.
1407 1725 1508 1793 Qui
1551 1735 1731 1781 autem
1767 1735 1824 1782 ut

1931 546 2054 586 nem
2083 531 2201 588 Dei.
2226 533 2406 586 omnia
2429 529 2629 601 flagitia
2655 535 2989 601 moriuntur;
3018 550 3138 589 cum
3165 537 3231 592 ad
3250 539 3505 605 proximi,

1929 623 2110 678 omnia
2144 623 2400 678 facinora.
2433 623 2534 688 Qui
2563 625 2706 678 enim
2737 627 2880 694 quod
2919 627 3022 683 sibi
3051 643 3158 682 non
3187 628 3322 693 vult,
3351 629 3507 684 alteri

1930 731 2036 770 non
2072 715 2223 777 facit,
2250 715 2406 770 fratri
2437 716 2637 770 malum
2664 733 2768 772 non
2799 720 3014 790 ingerit,
3050 735 3150 776 nec
3179 721 3376 777 malum
3408 738 3508 792 pro
3603 705 3610 709 ’

1928 804 2072 858 malo
2101 805 2306 870 reddit,
2338 805 2680 860 maledictum
2706 823 2804 876 pro
2832 809 3117 864 maledicto
3143 827 3249 865 non
3279 810 3506 881 profert,

1928 893 2138 950 occulte
2164 896 2409 964 proximo
2449 911 2556 951 non
2601 898 2871 961 detrahit,
2915 916 3014 956 nec
3042 901 3158 970 ejus
3182 903 3340 958 bonis
3381 920 3510 976 ope—

1929 989 2078 1044 ribus
2116 989 2337 1055 invidet,
2365 999 2420 1045 et
2448 991 2712 1055 omnium,
2741 991 2816 1045 ita
2854 1000 2911 1046 ut
2949 994 3146 1061 dicam,
3175 1011 3203 1049 a
3231 1011 3288 1051 se
3315 1013 3511 1068 pecca-

1929 1088 2107 1136 torum
2143 1084 2346 1137 aditum
2380 1083 2601 1150 claudit,
2628 1093 2682 1138 et
2719 1083 3004 1139 charitatis
3039 1095 3092 1140 et
3127 1089 3370 1143 omnium
3411 1089 3508 1144 bo-

1929 1189 2123 1228 narum
2170 1175 2432 1229 virtutum
2471 1174 2692 1243 januam
2739 1174 3012 1246 patefacit.
3059 1177 3193 1232 Nam
3240 1179 3364 1234 dum
3416 1177 3510 1234 alii

1929 1265 2130 1318 malum
2179 1281 2279 1320 nec
2322 1266 2438 1320 vult
2485 1283 2584 1322 nec
2610 1275 2890 1337 operatur,
2922 1269 3124 1322 bonum
3162 1270 3278 1324 sine
3321 1265 3510 1337 dubio,

1929 1366 2188 1426 quantum
2218 1358 2360 1412 vires
2406 1367 2728 1428 suppetunt,
2766 1359 3013 1429 proximo
3056 1369 3110 1415 et
3140 1360 3254 1414 vult
3282 1377 3337 1416 et
3382 1378 3514 1433 ope-

1928 1457 2101 1502 ratur.
2137 1449 2264 1503 Haec
2311 1460 2489 1506 autem
2520 1450 2787 1505 sententia
2827 1461 2883 1506 et
2916 1467 2982 1506 eo
3011 1452 3191 1516 modo,
3233 1453 3376 1507 sicut
3421 1470 3513 1510 su-

1925 1541 2111 1608 perius
2136 1540 2200 1594 de
2232 1539 2412 1596 futuro
2447 1541 2652 1597 dictum
2699 1549 2801 1608 est,
2835 1543 3179 1614 intelligenda
3208 1551 3311 1598 est.
3343 1543 3512 1599 Nemo

1928 1633 2070 1684 enim
2114 1631 2229 1685 vult
2258 1635 2530 1703 corrumpi
2579 1634 2943 1688 habitaculum
2996 1651 3171 1699 suum,
3215 1649 3315 1690 nec
3353 1634 3516 1694 debet

1927 1722 2016 1776 ille
2047 1737 2394 1794 corrumpere
2429 1724 2796 1778 habitaculum
2844 1725 2972 1790 Dei,
3021 1727 3371 1796 semetipsum
3409 1726 3516 1782 sci-

232 1816 509 1886 promittit
549 1814 779 1872 ﬁdeliter
821 1817 1044 1886 implere
1073 1817 1366 1884 contendit,
1413 1818 1568 1887 hujus
1609 1817 1820 1887 loquela
1849 1817 1896 1877 B
1925 1817 2068 1873 licet.
2101 1817 2271 1873 Nemo
2312 1818 2456 1872 enim
2493 1805 2616 1872 ‘vult
2646 1827 2704 1872 ut
2749 1820 2945 1888 aliquis
2988 1835 3206 1874 servum
3251 1819 3369 1887 ejus
3411 1818 3514 1874 tol-

233 1908 308 1961 ad
356 1907 636 1962 victoriam
684 1909 958 1977 pervenit,
1002 1909 1128 1978 quia
1177 1909 1301 1963 dum
1333 1923 1431 1978 per
1458 1909 1821 1964 obedientiam

231 1995 507 2054 desideria
545 2014 644 2055 sua
686 2000 904 2055 vincere
948 2000 1163 2069 satagit,
1197 2013 1294 2069 per
1315 2000 1583 2069 justitiam
1621 1998 1820 2066 judicis

230 2087 580 2156 postmodum
617 2089 858 2144 victorize
889 2089 1127 2158 palmam
1171 2089 1418 2158 percipit.
1465 2087 1601 2142 Nam
1631 2099 1684 2143 et
1733 2088 1822 2144 ille

232 2174 407 2232 falsus
434 2193 554 2233 esse
603 2179 761 2233 testis
809 2179 1090 2249 probatur,
1129 2179 1220 2248 qui
1267 2193 1373 2233 non
1419 2179 1610 2234 eodem
1660 2195 1820 2236 sensu

231 2265 383 2322 dicta
414 2267 669 2338 intelligit
709 2282 818 2338 quo
847 2268 1120 2322 dicuntur.
1150 2267 1225 2322 De
1251 2268 1448 2323 talibus
1479 2269 1624 2324 enim
1665 2277 1823 2324 erant

229 2357 313 2413 illi
346 2363 412 2415 de
459 2361 654 2429 quibus
702 2361 1055 2432 Evangelium
1083 2361 1259 2415 dicit:
1303 2359 1598 2415 Novissime
1646 2372 1820 2415 autem

230 2465 487 2510 venerunt
525 2457 629 2510 duo
678 2456 803 2526 falsi
833 2465 1006 2522 testes,
1033 2466 1140 2511 etc.
1193 2454 1406 2527 (Matth.
1433 2455 1602 2526 xxvr).
1633 2455 1738 2510 Sed
1767 2464 1822 2510 et

231 2547 370 2602 illud
399 2547 649 2604 falsitatis
678 2565 868 2619 genus,
893 2549 960 2603 de
987 2565 1094 2620 quo
1118 2547 1401 2603 Psalmista
1429 2549 1504 2602 ait
1529 2564 1542 2602 :
1572 2548 1649 2602 Ab
1675 2560 1821 2604 utero

229 2652 560 2706 erraverunt,
587 2651 634 2696 et
677 2660 708 2695 a
737 2651 909 2696 ventre
937 2641 1097 2696 locuti
1124 2651 1244 2695 sunt
1282 2641 1419 2711 falsa
1449 2641 1620 2713 (Psal.
1652 2641 1815 2713 Lvu);

231 2730 306 2786 ab
337 2731 443 2786 illis
487 2747 827 2802 summOpere
873 2731 1169 2787 cavendum
1206 2740 1290 2786 est
1319 2733 1598 2786 monachis
1623 2732 1715 2801 qui
1751 2731 1821 2786 ad

230 2836 471 2890 superna
507 2823 777 2878 immunes
815 2824 1039 2892 cupiunt
1065 2823 1329 2877 scandere
1366 2838 1553 2893 regna,
1583 2823 1729 2891 quia,
1762 2828 1820 2875 ut

234 2913 494 2970 Salomon
521 2915 614 2980 ait,
655 2916 797 2969 testis
827 2913 993 2984 falsus
1024 2930 1128 2969 non
1169 2916 1266 2968 erit
1312 2916 1600 2985 impunitus
1631 2913 1814 2986 (Prov.

233 3009 383 3082 xxx).
417 3009 594 3066 Testis
622 3018 804 3064 autem
852 3009 1128 3065 falsidicus
1157 3010 1330 3064 tribus
1377 3009 1651 3063 invenitur
1691 3023 1816 3077 per-

233 3108 386 3162 sonis
417 3107 718 3163 obnoxius:
752 3106 986 3176 primum
1029 3105 1160 3169 Deo,
1189 3118 1349 3173 quem
1395 3102 1660 3168 falsando,
1694 3118 1817 3172 per-

1925 1909 2021 1974 lat,
2050 1918 2105 1963 et
2134 1909 2319 1974 alteri,
2359 1910 2512 1979 cujus
2561 1925 2667 1965 non
2700 1909 2859 1966 debet
2905 1925 3044 1974 esse,
3092 1911 3294 1964 tradat.
3345 1910 3515 1968 Nemo

1925 1999 2041 2052 vult
2067 2008 2127 2052 ut
2146 2000 2454 2069 jumentum
2478 2016 2633 2054 suum
2668 2001 2807 2055 latro
2837 2002 3019 2070 abigat
3049 2011 3103 2056 et
3125 2003 3364 2071 prtedoni
3390 2019 3516 2062 eum

1925 2087 2082 2144 ferat.
2115 2088 2283 2143 Nemo
2311 2090 2426 2144 vult
2457 2101 2512 2144 ut
2553 2091 2750 2160 aliquis
2796 2093 3187 2148 habitationem
3230 2095 3347 2165 ejus
3383 2097 3521 2151 diri-

1921 2181 2038 2250 piat
2066 2181 2427 2251 templumque
2457 2182 2573 2250 ejus
2609 2185 2904 2238 subvertat.
2932 2184 3072 2256 Ergo
3103 2187 3247 2256 quod
3273 2189 3377 2244 sibi
3404 2206 3516 2248 non

1923 2273 2038 2328 vult
2065 2273 2180 2329 fieri
2217 2277 2400 2341 homo,
2427 2291 2531 2330 non
2563 2276 2728 2332 faciat
2752 2278 2883 2344 Deo,
2919 2280 2971 2334 id
3002 2290 3104 2346 est,
3135 2297 3241 2336 non
3271 2284 3420 2338 tollat
3455 2301 3518 2341 se

1923 2366 2063 2421 male
2108 2368 2335 2423 vivendo
2367 2369 2497 2433 Deo,
2547 2377 2603 2425 et
2646 2372 2994 2440 semetipsum
3047 2374 3229 2428 tradat
3275 2376 3517 2445 diabolo,

1924 2456 2018 2510 sed
2047 2458 2100 2512 in
2131 2457 2287 2512 bonis
2317 2461 2570 2528 operibus
2599 2475 2953 2529 perseverans
2978 2477 3102 2516 cum
3131 2463 3301 2519 David
3328 2463 3473 2521 dicat
3495 2483 3518 2525 ξ

1927 2545 1993 2601 Ut
2012 2549 2310 2619 jumentum
2345 2552 2518 2622 factus
2559 2570 2676 2607 sum
2701 2555 2842 2624 apud
2871 2565 2958 2608 te:
2987 2565 3036 2609 et
3074 2573 3166 2626 ego
3205 2575 3415 2628 semper
3433 2570 3522 2614 τες

1924 2655 2040 2692 cum
2075 2639 2246 2709 (Psal.
2280 2643 2472 2713 LXXII).
2516 2642 2915 2700 Habitationem
2943 2645 3037 2700 Dei
3068 2647 3123 2701 in
3166 2663 3224 2703 se
3252 2664 3359 2706 nou
3385 2651 3520 2705 sub-

1923 2738 2073 2792 ruat,
2111 2734 2367 2802 templum
2417 2735 2727 2800 subvertat,
2757 2735 2880 2805 quia
2915 2737 3177 2806 scriptum
3209 2748 3293 2793 est
3316 2757 3334 2795 ε,
3363 2738 3520 2794 Tem-

1921 2817 2064 2888 plum
2107 2820 2205 2874 Dei
2243 2824 2384 2888 estis,
2423 2834 2470 2877 et
2509 2825 2725 2893 spiritus
2783 2825 2994 2880 Domini
3041 2827 3241 2882 habitat
3282 2831 3338 2883 in
3373 2830 3516 2885 vobis

1926 2907 1980 2987 (I
2007 2909 2128 2965 Cor.
2158 2913 2262 2984 ιιι).
2294 2913 2357 2967 Et
2382 2914 2472 2983 qui
2503 2914 2759 2985 templum
2791 2915 3006 2970 Domini
3049 2917 3105 2971 in
3141 2918 3320 2988 seipso
3348 2920 3518 2976 viola~

1920 3006 2082 3072 verit,
2111 3005 2384 3075 disperdct
2409 3005 2559 3060 illum
2591 3006 2751 3060 Deus.
2783 3006 2925 3078 Ergo
2955 3007 3010 3061 in
3041 3011 3332 3080 semetipso
3372 3011 3516 3066 male

1923 3098 2151 3153 vivendo
2183 3099 2502 3163 monachus,
2537 3105 2594 3151 et
2621 3112 2838 3153 servum
2867 3098 3081 3153 Domini
3110 3099 3340 3158 Domino
3381 3104 3518 3158 sub-

227 3198 465 3269 jurando
510 3207 565 3253 et
609 3171 916 3252 mentiendo
957 3171 1291 3260 contemnit;
1344 3194 1578 3250 secundo
1617 3192 1815 3261 judici,
1845 3171 1890 3234 Ο
1923 3190 2111 3254 trahit,
2137 3199 2194 3244 et
2237 3187 2356 3258 ejus
2395 3190 2703 3260 iumentum
2750 3191 2938 3263 abigit,
2969 3200 3024 3246 et
3054 3192 3290 3263 Spiritus
3339 3198 3517 3251 sancti

233 3306 399 3362 quem
463 3290 796 3354 simulando,
854 3289 1166 3345 mentiendo
1215 3295 1272 3344 et
1325 3285 1571 3342 falsando
1638 3284 1818 3352 fallit;

237 3393 516 3456 postremo
545 3382 842 3448 innocenti,
866 3396 1028 3451 quem
1053 3379 1188 3435 falso
1227 3378 1537 3433 testimonio
1581 3375 1725 3432 laedit
1768 3387 1825 3432 et

236 3476 512 3548 opprimit.
539 3473 674 3528 Nam
720 3475 860 3528 sicut
897 3471 985 3527 ille
1029 3471 1169 3541 apud
1216 3468 1387 3523 Deum
1428 3467 1821 3524 condemnatur

237 3567 330 3637 qui
363 3566 622 3621 adversus
650 3565 996 3619 innocentem
1022 3561 1219 3615 falsum
1255 3559 1622 3614 testimonium
1665 3555 1818 3622 dicit,

237 3661 311 3715 ita
342 3669 399 3716 et
443 3659 530 3714 ille
557 3658 651 3729 qui
680 3655 983 3713 dicentibus
1013 3653 1172 3711 facile
1215 3653 1388 3709 credit
1416 3660 1471 3707 et
1496 3652 1603 3706 cito
1633 3665 1818 3705 aurem

238 3753 557 3808 criminibus
581 3752 803 3824 praebet.
830 3750 1022 3806 Sermo
1043 3750 1187 3804 enim
1204 3746 1335 3816 justi
1352 3745 1586 3802 hominis
1608 3752 1818 3799 tantum

239 3845 307 3899 ad
337 3845 693 3900 ministerium
716 3843 877 3899 debet
900 3857 1021 3897 esse
1042 3839 1250 3906 salutis,
1272 3853 1380 3893 non
1402 3836 1471 3892 ad
1498 3835 1819 3892 condemna-

241 3936 441 3990 tionem
470 3933 673 3989 fratris.

315 4027 365 4080 8.
387 4023 439 4078 Η
445 4041 664 4079 onorare
686 4041 861 4077 omnes
888 4023 1122 4078 homines
1149 4021 1201 4092 (I
1218 4019 1334 4075 Pet.
1350 4020 1434 4089 ιι).
1453 4020 1605 4073 Tunc
1631 4033 1819 4074 omnes

238 4116 483 4171 homines
519 4116 817 4170 monachus
845 4115 1109 4178 honorat,
1149 4112 1363 4182 quando
1408 4125 1467 4166 se
1513 4110 1818 4180 despiciens

240 4206 548 4262 hominibus
568 4221 679 4276 prae
699 4204 910 4261 cunctis
930 4202 1198 4264 humiliat,
1221 4209 1276 4256 et
1301 4215 1489 4256 omnes
1509 4199 1818 4270 superiores

241 4297 536 4360 aestimans,
576 4292 888 4350 inferiorem
934 4309 994 4348 se
1038 4307 1159 4347 esse
1203 4291 1562 4355 demonstrat;
1604 4288 1818 4359 quando

241 4404 347 4444 non
375 4388 545 4444 solum
575 4385 934 4442 humilitatem
963 4385 1018 4439 in
1046 4385 1230 4449 corde,
1257 4383 1350 4438 sed
1379 4381 1738 4450 alijectionem
1764 4389 1818 4435 et

240 4481 638 4550 despectionem
662 4491 760 4534 suo
783 4484 1048 4532 monstrat
1071 4476 1126 4530 in
1155 4489 1410 4545 corpore;
1442 4473 1658 4543 quando
1686 4487 1820 4527 cuu-

241 4581 356 4629 ctos
389 4585 573 4625 amore
619 4568 859 4624 fraterno
898 4567 1292 4636 complectitur,
1333 4575 1387 4620 et
1431 4564 1728 4630 humiliter,
1760 4573 1820 4618 ut

241 4664 506 4728 seniores,
534 4667 853 4724 veneratur;
895 4657 1112 4728 quando
1152 4671 1211 4711 se
1243 4671 1354 4726 prae
1397 4655 1605 4711 cunctis
1633 4669 1820 4724 pecca-

242 4766 414 4812 torem
458 4752 771 4823 pronuntiat
821 4758 878 4804 et
929 4749 1170 4804 inutilem
1223 4761 1436 4802 servum
1482 4745 1815 4816 proclamat;

243 4849 454 4920 quando
491 4846 734 4902 seniores
772 4845 1002 4899 honorat
1042 4850 1102 4897 ut
1145 4850 1344 4912 patres,
1376 4839 1549 4911 diligit
1573 4838 1819 4909 juniores

244 4948 307 4998 ut
347 4939 560 4995 fratres.
590 4937 726 4993 Hinc
765 4937 909 4991 enim
939 4935 1132 4990 Petrus
1162 4932 1437 5003 apostolus
1481 4933 1593 4988 ait:
1625 4930 1817 4986 Omnes

247 5036 512 5096 honorate,
543 5030 925 5100 fraternitatem
954 5027 1154 5097 ditigite
1182 5024 1232 5095 (Ι
1258 5022 1376 5079 Pet.
1402 5021 1485 5095 ιι).
1519 5022 1656 5077 Hinc
1678 5021 1817 5076 Pau-

248 5129 328 5182 lus
371 5125 623 5179 admonet
665 5121 896 5176 dicens:
930 5118 1144 5173 Honore
1186 5119 1404 5171 invicem
1451 5117 1819 5187 prcevenientes

250 5216 417 5290 (Rom.
467 5215 597 5286 xu).
645 5212 884 5267 Honorat
927 5225 1056 5281 ergo
1101 5224 1290 5266 omnes
1334 5208 1580 5263 homines
1627 5222 1816 5262 mona-

248 5309 394 5373 chus,
421 5305 637 5377 quando
661 5304 871 5359 cunctis
896 5301 1198 5370 subjicitur,
1228 5299 1377 5355 utilis
1401 5299 1674 5363 omnibus,
1707 5313 1820 5354 mu-

251 5401 435 5455 nificus
487 5405 541 5454 et
586 5405 773 5468 gratus
819 5394 1069 5448 habetur.
1125 5391 1260 5446 Nam
1309 5400 1364 5447 et
1416 5391 1590 5445 honor
1647 5390 1818 5445 sacris

250 5491 436 5546 litteris
475 5504 580 5545 non
625 5495 834 5542 tantum
875 5485 928 5539 in
971 5484 1385 5539 salutationibus
1409 5490 1466 5536 et
1497 5481 1816 5536 obedientiae

250 5581 434 5637 olliciis
455 5578 780 5643 deferendis,
803 5583 1065 5646 quantum
1098 5583 1154 5629 et
1181 5575 1234 5629 in
1260 5572 1635 5643 eleemosynis,
1661 5572 1816 5626 donis

252 5693 310 5732 ac
334 5676 647 5731 muneribus
666 5673 980 5742 intelligitur
1001 5671 1216 5726 dandis.

317 5768 370 5827 9.
402 5766 472 5822 Et
501 5768 639 5840 quod
679 5768 777 5823 sibi
801 5767 917 5838 quis
943 5764 1060 5835 ﬁeri
1094 5779 1198 5818 non
1227 5762 1352 5829 vult,
1383 5761 1473 5816 alii
1510 5778 1611 5816 non
1657 5759 1818 5833 faciat

1921 3282 2122 3338 donum
2167 3281 2410 3346 subruit,
2454 3281 2713 3351 templum
2757 3282 3055 3349 subvertit;
3099 3292 3157 3339 et
3199 3284 3304 3339 hoc
3348 3285 3514 3340 modo

1921 3372 2065 3442 quod
2095 3371 2198 3427 sibi
2225 3386 2330 3426 non
2357 3371 2492 3437 vult,
2516 3372 2672 3426 alteri
2698 3370 2848 3427 facit.

1991 3464 2079 3520 10.
2121 3462 2391 3533 Abnegare
2441 3463 2771 3533 semetipsum
2819 3464 2920 3518 sibi
2965 3475 3022 3519 ut
3071 3475 3323 3538 sequatur
3357 3456 3516 3522 Chri-

1919 3565 2078 3610 stum.
2109 3555 2395 3626 Abnegare
2424 3555 2744 3625 intelligitur
2780 3572 3030 3623 renuere,
3065 3574 3285 3630 negare,
3317 3559 3403 3616 vel
3431 3560 3515 3615 in-

1920 3647 2219 3713 terdicere;
2259 3646 2518 3701 Dominus
2551 3649 2696 3701 enim
2732 3649 2788 3702 in
2823 3648 3116 3721 Evangelia
3156 3651 3274 3705 ait:
3310 3651 3372 3707 Si
3396 3653 3516 3724 quis

1919 3739 2025 3795 vult
2053 3749 2166 3811 post
2196 3755 2279 3794 me
2304 3742 2497 3806 venire,
2527 3741 2740 3812 abneget
2771 3742 3098 3813 semetipsum
3129 3755 3177 3799 et
3204 3744 3354 3799 tollat
3392 3763 3518 3801 cru-

1919 3846 2029 3884 cem
2071 3845 2249 3895 suam,
2285 3837 2333 3883 et
2361 3839 2611 3901 sequatur
2636 3846 2717 3884 me
2747 3829 2964 3901 (Matth.
2989 3833 3124 3904 xu).
3174 3833 3240 3887 Et
3270 3835 3400 3904 quid
3427 3844 3514 3891 est

1919 3924 2188 3994 abuegare
2227 3922 2576 3992 semetipsum
2625 3922 2755 3987 sibi,
2799 3923 2903 3976 nisi
2955 3924 3225 3992 deponere
3271 3936 3515 3982 veterem

1919 4014 2194 4068 hominem
2235 4029 2357 4067 cum
2386 4014 2597 4067 actibus
2623 4013 2755 4066 suis.
2782 4012 2852 4066 Et
2878 4014 3007 4082 quid
3045 4024 3129 4068 est
3157 4016 3311 4084 sequi
3357 4016 3515 4071 Chri-

1921 4113 2083 4167 stum,
2115 4104 2218 4158 nisi
2247 4103 2470 4157 induere
2512 4118 2712 4157 novum
2750 4103 3046 4167 hominem,
3073 4105 3167 4172 qui
3213 4106 3514 4160 secundum

1919 4195 2090 4250 Deum
2124 4203 2342 4250 creatus
2371 4202 2456 4247 est
2496 4194 2550 4246 in
2587 4192 2798 4261 justitia
2825 4202 2880 4248 et
2925 4194 3384 4260 sanctiﬁcatione;
3416 4195 3514 4266 qui

1921 4284 2254 4356 spiritaliter,
2300 4299 2405 4338 non
2435 4283 2729 4339 carnaliter
2755 4284 2938 4351 vivat;
2971 4281 3109 4338 Caro
3151 4285 3288 4338 enim
3315 4300 3514 4339 concu-

1919 4379 2070 4448 piscit
2099 4378 2345 4432 adversus
2372 4377 2635 4447 spiritum,
2663 4377 2878 4447 spiritus
2906 4385 3080 4430 autem
3110 4377 3360 4431 adversus
3391 4393 3513 4433 car-

1923 4483 2056 4531 nem,
2089 4469 2142 4523 id
2172 4477 2274 4530 est,
2305 4479 2458 4522 vetus
2485 4467 2648 4522 homo
2683 4466 2943 4521 adversus
2986 4479 3208 4530 novum,
3251 4476 3305 4520 et
3336 4481 3513 4522 novus

1924 4561 2181 4616 adversus
2205 4567 2466 4615 veterem.
2489 4559 2721 4614 Interior
2743 4559 2907 4614 homo
2933 4566 3119 4614 noster
3145 4559 3424 4626 exteriori,
3454 4568 3518 4616 et

1923 4653 2162 4709 exterior
2196 4653 2442 4709 interiori
2483 4661 2768 4724 repugnat.
2819 4650 2959 4707 Caro
2988 4650 3135 4706 enim
3171 4665 3385 4722 semper
3429 4651 3514 4706 in-

1922 4744 2074 4798 utilia
2114 4752 2171 4799 et
2192 4745 2395 4799 caduca
2436 4743 2737 4810 desiderat,
2777 4742 3000 4812 Spiritus
3027 4742 3178 4797 utilia
3206 4743 3420 4814 quagrit,
3451 4751 3513 4797 et

1923 4854 2136 4910 semper
2155 4839 2220 4893 ad
2257 4847 2459 4893 aeterna
2486 4841 2742 4908 suspirat.
2773 4838 2912 4893 Caro
2941 4837 3254 4907 frequenter
3277 4846 3332 4892 et
3359 4836 3512 4891 curis

1924 4934 2488 5004 sollicitudinibusquc
2536 4933 2718 4989 smculi
2766 4940 3066 5003 torquetur,
3102 4930 3372 4985 illecebris
3409 4945 3510 4984 vo-

1925 5029 2190 5100 luptatum
2233 5028 2549 5098 subripitur,
2587 5028 2766 5083 carnis
2793 5027 3075 5083 desideriis
3118 5023 3506 5089 inflammatur,

1924 5123 2107 5177 vivere
2132 5121 2304 5176 otiose
2333 5120 2565 5184 laetatur,
2596 5119 2874 5191 lethargim
2917 5118 3049 5174 vitio
3077 5125 3356 5189 gravatur,
3385 5129 3511 5169 cor-

1924 5213 2074 5283 poris
2119 5226 2310 5281 50pore
2356 5211 2704 5280 deprimitur,
2751 5210 2946 5265 mentis
2993 5209 3200 5263 desidia
3244 5204 3508 5270 inficitur,

1926 5287 2241 5356 voracitatis
2283 5300 2518 5371 ingluvie
2553 5302 2847 5367 seducitur,
2886 5301 2991 5356 cibi
3025 5309 3082 5353 et
3117 5307 3275 5368 potus
3316 5311 3505 5366 super-

1927 5392 2132 5448 ﬂuitate
2178 5393 2516 5448 distenditur.
2557 5393 2625 5448 Et
2663 5409 2786 5448 cum
2829 5393 2883 5447 in
2929 5392 3014 5446 his
3054 5388 3306 5443 omnibus
3353 5387 3513 5442 luxu-

1923 5484 2067 5538 riose
2112 5483 2370 5550 nutritur,
2407 5483 2476 5538 ad
2505 5482 2874 5540 fornicationis
2901 5480 3189 5535 nefandum
3219 5495 3353 5549 opus
3378 5493 3508 5549 per-

1924 5576 2176 5630 trahitur.
2225 5575 2351 5632 Haac
2386 5586 2441 5631 et
2469 5577 2555 5632 his
2601 5575 2797 5630 similia
2847 5574 3087 5643 spiritus,
3132 5573 3222 5642 qui
3252 5570 3510 5644 operibus

1926 5667 2126 5721 sanctis
2158 5666 2267 5721 Deo
2312 5667 2525 5738 placere
2556 5664 2849 5729 desiderat,
2898 5661 3119 5732 implere
3161 5660 3377 5732 corpori
3409 5674 3512 5713 suo

1927 5767 2094 5814 vetat.
2123 5759 2192 5814 Et
2234 5759 2336 5814 hoc
2363 5767 2440 5814 esl
2491 5756 2759 5826 abnegare
2802 5755 3153 5823 semetipsum
3179 5752 3308 5818 sibi,
3339 5759 3395 5804 ut
3426 5765 3512 5804 se~

3566 5919 3586 5947 1
