3994 6526
429 320 535 388 755

1721 306 2075 373 SMARAGDI
2111 301 2401 367 ABBATIS

3597 296 3712 357 756

431 447 630 512 quatur
651 435 948 499 Christum,
975 433 1029 487 id
1053 440 1155 501 est,
1180 430 1528 503 semetipsum
1552 428 1802 500 prohibet
1829 425 2006 485 facere
2032 427 2082 491 Α
2100 420 2298 493 jejunii
2344 416 2501 477 vestri
2534 414 2798 477 invenitur
2822 414 3062 475 voluntas
3106 422 3276 471 uestra
3323 415 3468 488 (μαι.
3514 414 3713 485 mn).

430 530 654 591 malum,
694 531 748 581 et
792 524 1038 579 hortatur
1082 520 1261 577 facere
1296 521 1534 603 .bonum.
1582 515 1821 577 Christus
1861 518 2006 575 enim

430 633 615 689 passus
652 623 727 670 est
754 630 849 685 pro
888 612 1059 679 nobis,
1087 610 1233 665 nobis
1264 607 1559 682 relinquens
1598 607 1911 678 exemplum,
1951 614 2008 663 ut

432 721 713 779 sequamur
737 704 952 776 vestigia
978 703 1112 775 ejus.
1152 700 1292 770 Quid
1317 709 1402 757 est
1438 700 1593 771 sequi
1618 699 1843 771 vestigia
1870 698 2007 769 ejus,

431 801 540 858 nisi
583 797 861 855 ambulare
885 797 1026 852 sicut
1050 795 1139 851 ille
1174 794 1489 861 ambulavit,
1527 793 1582 850 id
1616 800 1731 859 est,
1771 799 2013 847 contem-

434 906 568 950 nere
590 892 770 948 omnia
799 904 1080 962 prospera,
1124 903 1245 959 quae
1284 886 1639 957 contempsit;
1683 901 1791 943 non
1823 884 2015 964 timere

437 984 683 1048 adversa,
730 996 850 1055 qua:
888 978 1143 1053 pertulit;
1194 977 1425 1034 libenter
1469 974 1649 1035 facere
1694 991 1815 1047 quae
1853 974 2014 1045 fecit,

435 1074 555 1131 ﬁeri
597 1088 717 1151 qua:
743 1073 1039 1141 mandavit,
1078 1087 1297 1143 sperare
1331 1087 1450 1142 qua:
1487 1070 1755 1144 promisit,
1782 1077 1837 1125 et
1863 1067 2018 1138 sequi

436 1182 546 1240 quo
591 1166 707 1239 ipse
748 1167 1060 1238 praecessit;
1090 1174 1351 1240 praestare
1390 1164 1710 1223 beneﬁcium
1736 1163 1903 1219 etiam
1939 1162 2019 1217 in—

438 1259 626 1330 gratis,
662 1273 773 1313 non
814 1258 1114 1312 retribuere
1157 1258 1451 1319 secundum
1495 1256 1692 1315 merita
1729 1268 1826 1309 sua
1855 1251 2021 1308 male-

438 1348 600 1414 volis,
637 1357 692 1404 et
720 1363 878 1404 orare
908 1364 1006 1417 pro
1032 1347 1296 1415 inimicis;
1330 1360 1514 1403 amare
1545 1347 1736 1412 bonos,
1771 1342 2020 1401 misereri

440 1440 734 1510 perversis,
753 1438 983 1493 invitare
1010 1440 1286 1507 adversos,
1310 1447 1365 1497 et
1378 1438 1655 1509 suscipere
1676 1436 1731 1490 in
1752 1435 2021 1493 charitate

443 1544 758 1594 conversos,
780 1538 833 1584 et
857 1530 1230 1601 aequanimiter
1250 1530 1360 1601 pati
1386 1528 1639 1585 subdolos
1656 1535 1716 1584 et
1738 1527 2018 1594 superbos.

516 1621 603 1674 ll.
647 1618 848 1690 Corpus
878 1618 1208 1693 rastigarc(1
1242 1620 1484 1693 Coms).
1524 1620 1732 1690 Corpus
1759 1619 1964 1674 dictum
1992 1632 2025 1673 a

446 1712 810 1782 corruptione,
858 1728 923 1768 eo
953 1714 1098 1782 quod
1141 1721 1457 1783 corruptum
1510 1719 1718 1782 pereat.
1783 1708 2024 1767 Solubile

2110 515 2372 572 Voluntas
2393 511 2541 567 enim
2556 512 2659 569 hoc
2682 509 2737 569 in
2759 508 2879 567 loco
2901 509 3110 569 deliciae
3136 508 3539 578 intelliguntur.
3566 506 3718 563 Tota

2111 606 2195 665 die
2224 605 2410 676 epulas
2436 604 2491 659 in
2516 603 2846 675 cogitatione
2867 603 3125 668 ruminat,
3155 603 3250 674 qui
3264 603 3334 658 ad
3363 601 3719 672 implendam

2111 701 2292 773 gulam
2323 715 2546 769 vespere
2569 698 2671 753 sibi
2709 698 2931 752 delicias
2960 708 3248 767 praeparat.
3325 697 3394 752 Et
3428 697 3545 751 tale
3572 694 3723 766 jeju-

2112 796 2263 851 nium
2311 810 2418 853 non
2444 792 2715 856 laudatur,
2767 793 2911 862 quod
2946 792 3003 846 in
3036 807 3262 861 vespere
3311 789 3722 849 deliciosorum

2114 886 2361 951 ciborum
2383 895 2574 940 venter
2599 884 2896 954 repletiune
2920 883 3267 947 distenditur.
3342 882 3540 952 Neque
3565 882 3726 937 enim

2114 978 2412 1048 reputanda
2439 985 2523 1035 est
2545 977 2896 1042 abstinentia,
2913 977 3005 1032 ubi
3033 974 3197 1031 fuerit
3216 976 3425 1031 ventris
3444 974 3726 1031 delicias:

2118 1073 2377 1139 saturitas
2428 1072 2743 1131 subsecuta.
2789 1070 3008 1127 Deliciae
3051 1070 3195 1129 enim
3250 1068 3730 1139 carnuﬁcem-4;

2120 1173 2335 1243 stutum,
2362 1158 3639 1243 redduntaiiéatﬁizjiammwm
3671 1163 3731 1214 α

2550 1242 2577 1253 ο·
2586 1222 2779 1253 PM“
2792 1222 2939 1253 W“&

2120 1235 3733 1333 sumsomnianzmsﬁasmnm

2094 1328 2515 1421 Vidu’ntpavidum
2559 1356 2619 1427 et
2633 1328 2931 1416 iocundum
2949 1352 2979 1411 ;’
3000 1340 3131 1401 ’ΠΙῘέ
3150 1348 3423 1400 “comm
3448 1340 3732 1427 generant

2122 1420 2439 1513 iustitium};
2566 1420 2761 1492 autem
2780 1430 3109 1513 comedendi
3132 1444 3331 1504 augent
3346 1421 3741 1499 desidem

2125 1530 2229 1609 illa:
2254 1532 2483 1587 multum
2512 1516 2652 1586 escae
2673 1512 2846 1586 aciem
2876 1510 3075 1585 mentis
3094 1514 3735 1594 οὴῐῖιιιῠσιπῗῐιῖερὶήο

2127 1623 2262 1687 tales
2285 1623 2434 1678 cordi
2454 1623 2633 1678 lumen
2661 1622 2950 1678 infundunt
2975 1637 2990 1687 ;
3028 1621 3133 1675 illae
3160 1619 3617 1683 somnolentiam,
3644 1620 3733 1675 lx:

2127 1715 2341 1785 vigilias
2366 1715 2820 1780 subministrant;
2876 1714 2979 1769 illa:
3008 1715 3223 1782 corpori
3256 1722 3313 1768 et
3345 1713 3554 1773 anima:
3590 1727 3738 1781 pra.b

446 1803 591 1858 enim
621 1802 887 1859 caducum
914 1814 1078 1873 atque
1129 1805 1359 1861 mortale
1387 1813 1492 1859 est.
1557 1803 1709 1871 Quod
1739 1818 1839 1859 nos
1858 1803 2028 1859 castl-
2052 1791 2103 1861 Β
2130 1810 2260 1867 bent
2283 1818 2579 1878 torporem,
2632 1808 2716 1862 ha:
2743 1814 2925 1862 autem
2950 1807 3162 1861 mundis
3185 1804 3350 1860 corde
3382 1804 3593 1873 iugiter
3617 1802 3732 1857 Do-

448 1909 579 1967 gare
605 1903 837 1964 oportet,
865 1896 916 1950 id
946 1904 1048 1962 est,
1090 1895 1312 1967 jejuniis
1342 1895 1654 1960 emendare,
1684 1894 1921 1967 atlligere
1945 1903 2030 1949 atq

447 2000 552 2054 que
575 1986 869 2055 corrigere,
900 1995 973 2053 et,
1000 1987 1046 2041 si
1069 2002 1291 2043 necesse
1306 1985 1493 2054 fuerit,
1517 1988 1682 2043 etiam
1709 1987 2032 2046 verberibus

446 2076 673 2131 euadere.
733 2076 1015 2147 Castigare
1064 2080 1212 2134 enim
1260 2078 1490 2135 dicimus
1512 2079 1744 2146 euadere,
1776 2079 1916 2135 sicut
1966 2081 2035 2139 de

443 2166 671 2223 Domino
685 2167 892 2231 Pilatus
908 2172 984 2224 ait
1000 2189 1012 2226 :
1041 2169 1377 2241 Castigatum
1390 2186 1513 2225 eum
1527 2170 1797 2231 dimittam
1812 2170 2029 2241 (Matth.

444 2257 639 2332 xxv").
711 2260 1022 2331 Castigatur
1050 2263 1193 2316 enim
1218 2276 1413 2333 corpus
1449 2259 1692 2331 jejuniis,
1734 2260 1932 2331 vigiliis
1978 2267 2035 2315 et

445 2350 633 2406 multis
655 2351 1064 2420 alllictionibus,
1100 2356 1166 2410 de
1193 2355 1385 2427 quibus
1400 2354 1601 2412 Paulus
1622 2355 1898 2428 apostolus
1921 2356 2030 2413 ait:

445 2441 562 2513 Ego
583 2453 756 2498 autem
776 2445 852 2498 sic
880 2462 1056 2511 curro,
1077 2463 1181 2501 non
1207 2448 1359 2521 quasi
1399 2449 1456 2501 in
1502 2448 1781 2515 incertum,
1827 2446 1919 2503 sed
1944 2464 2036 2502 ca-

445 2534 581 2605 stigo
624 2550 811 2608 corpus
850 2553 1052 2604 meum,
1096 2546 1146 2593 et
1181 2538 1237 2592 in
1264 2539 1561 2593 servitutem
1597 2539 1798 2610 redigo,
1840 2546 1945 2595 etc.
1979 2536 2035 2612 (1

446 2623 570 2679 Cor.
597 2625 698 2700 rx).
758 2627 896 2695 Quid
919 2640 1001 2684 est
1028 2631 1174 2685 enim
1204 2629 1349 2685 aliud
1372 2644 1572 2699 corpus
1609 2630 1902 2703 castigare,
1928 2630 2035 2687 nisi

445 2716 596 2771 vitiis
624 2725 679 2772 et
711 2727 934 2788 peccato
970 2721 1143 2776 mori?
1181 2720 1322 2789 Quid
1352 2730 1438 2777 est
1459 2734 1684 2793 peccato
1721 2723 1882 2789 mori,
1931 2725 2037 2781 nisi

447 2806 775 2863 damnandis
806 2812 1065 2881 operibus
1099 2812 1322 2868 omnino
1346 2829 1458 2868 non
1483 2815 1686 2883 vivere,
1740 2817 1879 2873 nihil
1901 2832 2035 2873 con-

449 2898 733 2969 cupiscere
761 2903 1078 2970 carnaliter,
1105 2904 1243 2960 nihil
1286 2904 1539 2962 ambire?
1591 2905 1692 2964 llic
1721 2908 1864 2964 sicut
1888 2924 2037 2965 mor.-

450 2997 583 3045 tuus
608 3006 775 3048 carne
814 2994 949 3048 nulli
970 2993 1089 3065 jam
1113 2996 1375 3064 detrahit,
1416 2997 1552 3054 nulli
1578 3000 1902 3061 adversatur
1942 3009 2038 3058 aut

449 3078 724 3151 displicet,
756 3084 961 3145 nemini
989 3085 1258 3151 violentus
1279 3088 1484 3156 existit,
1524 3091 1800 3148 neminem
1828 3093 2036 3149 calum-

449 3171 639 3227 niatur
660 3181 755 3228 aut
800 3177 1080 3255 opprimit,
1109 3194 1216 3235 non
1248 3180 1456 3237 invidet
1479 3181 1640 3243 bonis
1668 3193 1764 3242 aut
1812 3186 2039 3245 insultat

451 3260 687 3332 aﬂictis,
702 3280 812 3322 non
838 3266 1165 3339 luxuriatur,
1184 3287 1292 3329 non
1314 3272 1634 3345 inebriatur,
1658 3291 1768 3333 non
1789 3278 2038 3337 odiorum

449 3353 665 3412 facibus
703 3356 1022 3427 inardescit,
1060 3376 1169 3420 non
1208 3362 1410 3435 injusta
1434 3367 1586 3424 lucra
1607 3376 1868 3436 sectatur,
1930 3385 2041 3427 non

451 3450 771 3520 potentibus
801 3461 896 3510 aut
933 3457 1194 3515 divitibus
1218 3460 1479 3529 adhaeret,
1532 3475 1644 3521 non
1671 3461 1917 3533 inquieta
1951 3478 2043 3518 eu-

452 3541 724 3611 riositate,
779 3552 889 3601 non
919 3548 1302 3606 sollicitudinis
1348 3567 1484 3609 cura
1510 3551 1876 3621 distenditur,
1929 3568 2042 3610 non

450 3633 647 3691 alienis
701 3637 1120 3696 salutationibus
1177 3643 1496 3715 delectatur,
1532 3661 1637 3703 nec
1685 3647 2044 3718 superborum

455 3724 675 3803 injuriis
733 3728 1034 3800 fatigatur;
1090 3749 1195 3789 non
1253 3751 1377 3791 eum
1422 3738 1678 3806 superbia
1716 3737 1894 3806 inﬂat,
1932 3754 2045 3795 non

457 3816 685 3872 ambitio
708 3818 902 3875 vitiosa
930 3822 1256 3893 praecipitat,
1296 3840 1405 3885 non
1432 3842 1571 3887 vana
1597 3828 1770 3903 gloria
1812 3829 2045 3901 turpiter

322 3894 327 3903 ⁴
386 3924 393 3929 ’
450 3906 645 3980 jactat,
672 3925 776 3965 non
801 3913 1078 3969 contentio
1112 3917 1410 3985 exanimat,
1460 3934 1571 3983 non
1597 3894 1729 3981 iacit
1766 3894 2046 3993 impuden-

460 4009 572 4055 tem
618 4001 870 4071 audacia,
902 4005 1150 4076 iniquum
1177 4007 1446 4080 injustitia
1467 4050 1485 4079 ,
1539 4008 1719 4073 ferum
1750 4012 2045 4073 inelemen-

458 4093 558 4162 tia,
610 4095 822 4150 varium
869 4096 1256 4168 inconstantia,
1294 4103 1634 4174 pertinacem
1679 4107 2041 4173 contumacia,

460 4183 776 4247 deliciosum
788 4187 930 4261 gula,
948 4190 1203 4249 rebellem
1223 4191 1610 4263 inobedieutia,
1629 4211 1823 4253 vanum
1833 4197 2048 4269 jactan-

458 4273 559 4343 tla,
616 4276 791 4334 levem
812 4277 1066 4348 facilitas,
1097 4297 1297 4345 savum
1338 4285 1655 4354 crudelitas,
1715 4288 2049 4347 manducan-

460 4376 574 4424 tem
610 4373 783 4443 turpis
834 4372 1105 4439 edacitas,
1150 4374 1527 4446 impatientem
1554 4360 1851 4445 mobilitas,
1875 4380 2049 4435 mobi-

460 4459 571 4518 lem
621 4462 967 4533 instabilitas,
998 4466 1319 4531 iracundum
1347 4470 1667 4535 animositas
1691 4510 1706 4537 ,
1755 4471 2049 4529 verbosum

458 4558 699 4626 vanitas,
725 4559 1002 4619 irrisorem
1032 4562 1359 4637 malignitas.
1410 4566 1517 4641 Qui
1543 4571 1787 4625 remotus
1807 4581 1841 4623 a
1874 4581 2048 4627 saecu-

459 4648 671 4708 laribus
704 4650 992 4722 illecebris,
1048 4666 1291 4715 remotus
1334 4657 1403 4713 ab
1431 4658 1760 4725 inimicitiis,
1803 4667 2048 4719 remotus

461 4745 535 4809 ab
580 4744 790 4805 insidiis
843 4746 1034 4807 alienis
1056 4789 1072 4816 ,
1128 4758 1371 4813 remotus
1415 4765 1448 4807 a
1495 4751 1723 4821 rapinis,
1754 4760 2050 4817 remotusa

459 4841 768 4903 mendaciis
819 4842 936 4903 sive
992 4844 1294 4916 perjuriis;
1358 4853 1634 4915 postremo
1688 4854 1938 4907 remotus
1979 4847 2050 4903 ab

460 4932 615 4997 omni
663 4948 862 5006 genere
912 4932 1240 5008 ﬂagitiorum
1270 4942 1433 5009 atque
1462 4935 1799 5005 facinorum;
1842 4947 1900 4993 et
1944 4938 2052 4993 sic-

460 5027 546 5085 uti
576 5042 742 5085 carne
776 5037 1024 5086 mortuus
1064 5044 1165 5085 nec
1212 5027 1390 5087 facere
1416 5038 1597 5101 potest
1622 5032 1727 5087 ista
1765 5046 1889 5102 quae
1918 5030 2051 5097 dixi,

461 5135 569 5179 nec
589 5121 726 5193 pati,
770 5121 849 5179 ita
870 5121 955 5177 his
977 5129 1033 5178 et
1047 5121 1247 5177 talibus
1264 5123 1412 5180 vitiis
1451 5125 1672 5179 omnino
1713 5138 1822 5179 non
1864 5122 2054 5179 vivunt

465 5214 582 5286 qui,
609 5222 671 5273 ut
714 5212 827 5271 Deo
860 5215 1064 5279 vivant,
1101 5231 1297 5285 corpus
1342 5232 1500 5272 suum
1539 5217 1805 5287 castigant
1843 5223 1901 5275 et
1926 5229 2050 5271 car-

466 5320 593 5365 nem
616 5321 770 5362 suam
811 5320 936 5362 cum
967 5306 1111 5363 vitiis
1140 5315 1194 5361 et
1223 5307 1677 5377 concupiscentiis
1700 5306 2046 5378 cruciﬁgunt.

542 5398 629 5454 l2.
668 5397 899 5467 Delicias
920 5415 1025 5453 non
1054 5399 1295 5471 amplecti
1326 5398 1412 5470 (II
1441 5398 1560 5453 Pet.
1588 5400 1672 5471 ιι).
1736 5397 1853 5455 Non
1903 5400 2050 5453 enim

467 5490 720 5562 prohibet
747 5490 972 5546 delicias
1020 5506 1126 5549 non
1158 5497 1398 5561 tangere,
1426 5490 1509 5544 vel
1540 5498 1777 5561 gustare,
1811 5490 1907 5547 sed
1927 5506 2053 5546 cum

472 5580 727 5637 aviditate
769 5597 1006 5649 sumere,
1057 5591 1257 5639 etcum
1314 5582 1518 5639 amoris
1574 5583 1844 5638 desiderio
1903 5592 2052 5639 vetat

475 5672 747 5745 amplecti.
785 5674 1069 5747 Spernitur
1091 5677 1235 5732 enim
1258 5674 1545 5747 jejunium,
1577 5676 1719 5746 quod
1745 5677 1797 5731 in
1828 5691 2053 5746 vespere

477 5765 686 5825 deliciis
711 5781 1109 5837 compensatur,
1135 5769 1347 5826 dicente
1381 5768 1675 5839 propheta:
1720 5766 1856 5823 Ecce
1882 5771 1938 5824 in
1966 5769 2052 5823 die

2132 1903 2266 1963 mini
2307 1902 2624 1957 ministrant
2664 1915 2952 1967 amorem;
3005 1898 3110 1953 illic
3145 1912 3277 1954 vero
3323 1896 3541 1953 iaciunt
3587 1895 3736 1950 desi-

2132 1995 2326 2061 derare
2352 1993 2576 2058 lectum,
2623 1992 2710 2047 hm
2732 2001 2913 2047 autem
2939 1989 3136 2045 culum
3159 2006 3175 2055 ;
3206 1989 3311 2044 illa}
3341 2001 3625 2049 somnum,
3650 1987 3735 2041 ha

2131 2100 2264 2141 vero
2298 2100 2554 2155 regnum;
2592 2083 2695 2137 illae
2752 2082 2927 2153 turpia
2957 2089 3015 2136 et
3049 2081 3285 2137 obscura
3334 2084 3602 2147 quierim
3644 2091 3734 2131 cn-

2132 2178 2282 2245 bilia,
2327 2178 2410 2233 ha:
2438 2185 2684 2233 sanctam
2714 2191 2838 2231 cum
2889 2174 3094 2233 sanctis
3130 2182 3187 2228 et
3214 2172 3461 2229 lucidam
3488 2170 3553 2225 in
3594 2168 3733 2225 uelo

2132 2269 2329 2335 volunt
2352 2268 2558 2324 habere
2588 2267 2846 2339 gloriam;
2904 2265 3010 2321 ίιιω
3038 2264 3376 2321 delectantur
3400 2261 3459 2316 in
3488 2260 3737 2331 lupanari

2135 2375 2259 2416 cum
2295 2360 2494 2415 scortis
2516 2358 2723 2424 ludere,
2749 2358 2832 2417 hac
2857 2372 2982 2412 cum
3006 2355 3215 2427 angelis
3244 2354 3301 2408 in
3316 2352 3462 2409 caelo
3478 2364 3733 2421 regnare;

2134 2456 2241 2515 illae
2270 2455 2578 2513 luxuriosos
2592 2453 2873 2524 amplexus
2889 2452 3228 2515 desiderant,
3242 2450 3329 2507 hac
3352 2448 3427 2501 ad
3452 2444 3739 2515 amplexus

2138 2545 2342 2605 Christi
2390 2547 2578 2603 venire
2607 2545 2888 2611 festinant,
2942 2551 3003 2597 ut
3035 2557 3159 2603 cum
3192 2540 3305 2606 illo,
3346 2537 3506 2607 quasi
3533 2549 3738 2606 Sponsa

2137 2656 2263 2699 cum
2292 2654 2511 2712 sponso,
2556 2638 2611 2694 in
2658 2645 2922 2693 internum
2970 2635 3270 2704 quiescant.
3333 2630 3565 2685 Delieize
3612 2641 3739 2682 vero

2138 2740 2521 2803 nuncupantur
2543 2745 2611 2786 eo
2634 2728 2779 2798 quod
2803 2726 3030 2783 delicate
3054 2723 3297 2787 nutriant
3323 2720 3729 2783 comedentem,

2138 2825 2225 2881 vel
2251 2824 2394 2894 quod
2419 2822 2505 2878 his
2528 2820 2777 2877 homines
2805 2818 3161 2875 delectentur.
3209 2812 3451 2869 Faciunt
3476 2811 3625 2865 enim
3643 2809 3739 2864 ho-

2138 2917 2342 2975 minem
2368 2916 2426 2970 in
2448 2914 2545 2970 Dei
2567 2912 2792 2970 servitio
2815 2909 3057 2974 mollem,
3073 2916 3321 2965 tenerum
3335 2912 3393 2960 et
3417 2904 3735 2959 delicatum.

2140 3007 2213 3064 Et
2237 3024 2269 3063 e
2291 3008 2510 3079 regione
2534 3004 2813 3078 spiritales
2840 3003 3048 3063 delicias
3075 3001 3284 3057 faciunt
3331 2999 3627 3059 hominem
3649 3011 3743 3066 pro

2140 3111 2347 3159 mterna
2370 3100 2705 3171 capescenda
2750 3099 2929 3171 gloria
2956 3096 3240 3161 mundum,
3289 3093 3505 3149 fortem
3540 3101 3603 3148 et
3625 3092 3745 3162 rigi-

2143 3196 2293 3254 dum.
2333 3193 2402 3249 Et
2445 3193 2566 3249 ideo
2590 3193 2708 3248 istm
2738 3191 3052 3263 appetenda:
3079 3197 3228 3255 sunt,
3260 3186 3369 3243 illae
3400 3201 3547 3242 vero
3582 3200 3744 3241 amo-

2141 3286 2337 3357 nachis
2363 3284 2736 3358 amplexandae
2760 3298 2869 3343 non
2891 3288 3038 3341 sunt.
3105 3278 3214 3336 Sed
3246 3277 3380 3350 quid
3404 3295 3449 3333 a‘
3464 3276 3747 3333 monachis

2144 3379 2439 3439 mandunt
2479 3375 3007 3447 amplexandumque
3051 3372 3126 3433 sit
3172 3368 3465 3442 sequemia
3522 3369 3744 3427 demon-

2144 3480 2341 3535 ett-ant.

2218 3566 2307 3623 4'5.
2346 3564 2622 3636 Jejunium
2645 3577 2826 3621 amare
2877 3558 3041 3631 (Dan.
3072 3571 3149 3622 ιι,
3195 3552 3316 3611 lcet
3345 3568 3410 3616 ιι,
3450 3550 3591 3606 Τοῦ.
3630 3547 3744 3620 xu).

2145 3657 2301 3719 Multi
2326 3657 2473 3714 enim
2502 3662 2629 3711 sunt
2652 3652 2746 3724 qui
2786 3650 3060 3722 jejunant,
3094 3647 3190 3705 sed
3216 3646 3364 3701 idem
3409 3646 3598 3715 ipsum
3614 3641 3747 3712 jeju-

2147 3749 2300 3809 nium
2329 3763 2439 3807 non
2472 3756 2677 3803 amant.
2722 3742 2890 3811 Quasi
2918 3757 3058 3799 onus
3096 3738 3418 3810 impositum
3444 3736 3551 3803 sit,
3574 3749 3751 3790 neces-

2148 3842 2315 3899 sitate
2339 3836 2625 3907 compulsi,
2669 3841 2892 3905 portant
2933 3832 3221 3904 jejunium,
3259 3828 3359 3885 sed
3401 3842 3519 3883 non
3567 3832 3753 3881 amant

2148 3930 2303 3987 illud.
2355 3928 2504 3983 More
2524 3926 2775 3982 animalis
2796 3940 2935 3981 onus
2969 3929 3209 3993 portant,
3232 3920 3329 3976 sed
3349 3918 3605 3988 ejusdem
3628 3930 3753 3972 one-

2149 4024 2230 4080 ris
2279 4021 2621 4079 dulcedinem
2667 4034 2777 4077 non
2823 4020 3132 4089 degustant.
3204 4013 3360 4071 Unde
3404 4027 3523 4067 non
3571 4016 3753 4065 amant

2149 4116 2331 4186 ipsum
2371 4114 2516 4186 quod
2563 4120 2801 4185 portant.
2864 4111 2935 4167 Et
2981 4110 3125 4166 sicut
3163 4106 3362 4178 aliquis
3408 4120 3586 4165 onere
3608 4117 3755 4158 con—

2149 4222 2375 4280 pressus
2429 4214 2722 4276 antequam
2768 4203 2838 4261 ad
2860 4202 3041 4261 locum
3077 4198 3361 4272 perveniat
3390 4196 3752 4259 destinatum,

2151 4300 2292 4367 vult,
2345 4314 2453 4375 quo
2477 4298 2770 4369 premitur,
2821 4295 3094 4365 deponere
3136 4306 3298 4357 onus,
3336 4290 3419 4345 ita
3446 4288 3754 4347 desidiosas

2155 4399 2282 4449 ante
2326 4392 2520 4452 horam
2548 4389 2904 4448 constitutam
2950 4386 3220 4458 jejunium
3242 4381 3359 4439 vult
3391 4382 3617 4438 solvere
3640 4394 3747 4435 mo-

2075 4512 2131 4579 D
2155 4483 2383 4539 naehus.
2429 4480 2765 4552 Frequenter
2803 4478 3002 4549 aspicit
3039 4474 3413 4579 horologium,
3450 4480 3510 4528 et
3537 4470 3750 4579 ,θερίας

2154 4575 2286 4635 solis
2313 4574 2667 4632 considerans
2687 4586 2909 4629 cursum
2932 4568 3120 4626 oculos
3166 4567 3313 4623 levat
3335 4564 3404 4625 ad
3444 4564 3681 4629 antem,
3700 4570 3757 4617 et

2156 4668 2365 4739 pariter
2391 4664 2616 4722 vocibus
2641 4663 2957 4733 pariterque
2984 4658 3269 4718 desideriis
3284 4657 3400 4727 jam
3416 4656 3618 4711 horam
3632 4668 3755 4722 pro-

2160 4759 2360 4818 clamat
2407 4770 2530 4812 esse
2577 4752 2911 4812 refectionis.
2967 4751 3077 4809 Sed
3119 4766 3233 4808 non
3262 4750 3340 4805 ita
3366 4749 3550 4805 bonus
3580 4746 3758 4803 facere

2159 4851 2321 4909 debet
2351 4848 2672 4911 monachus,
2717 4846 2815 4902 sed
2833 4845 2980 4901 velut
3024 4843 3220 4901 animae
3267 4841 3756 4906 medicamentum,

2160 4943 2242 5001 sic
2277 4941 2435 4997 (latet
2463 4953 2649 4995 amare
2690 4934 2980 5010 jejunium,
3033 4933 3243 5005 jejunio
3283 4932 3429 4988 enim
3456 4932 3649 4986 anima
3689 4928 3758 4985 ah

2159 5032 2309 5092 omni
2336 5030 2579 5102 periculo
2606 5028 2985 5085 illecebrarum
3008 5025 3347 5089 defenditur;
3391 5021 3608 5094 jejunio
3638 5030 3756 5078 teu-

2161 5133 2405 5187 tsmenta
2431 5122 2825 5181 damoniorum
2865 5118 3141 5190 iugantur,
3160 5115 3371 5186 jejunio
3410 5115 3561 5171 vires
3593 5114 3758 5170 vitio-

2158 5234 2286 5274 rum
2313 5216 2658 5287 franguntur,
2682 5212 2890 5284 jejunio
2913 5211 3097 5267 carnis
3117 5208 3407 5269 delectatio
3422 5208 3755 5271 refrenatur.

2152 5309 2362 5384 jejunio
2395 5308 2669 5365 incentiva
2694 5304 2982 5361 libidinum
3008 5304 3447 5374 entinguuntur.
3492 5299 3604 5355 Per
3621 5297 3758 5369 jeju-

2157 5402 2311 5458 nium
2339 5400 2567 5457 liberius
2588 5398 2766 5453 oratio
2787 5404 3038 5467 penetrat
3062 5393 3283 5460 ctelum,
3330 5403 3387 5448 et
3408 5393 3463 5447 in
3494 5405 3758 5461 compun-

2159 5493 2358 5550 ctionis
2383 5491 2526 5547 dono
2547 5488 2813 5545 intentius
2828 5486 3029 5560 jejunae
3056 5486 3255 5545 mentis
3282 5485 3431 5541 acies
3460 5484 3582 5555 ﬁgit
3601 5484 3758 5539 olun-

2158 5594 2294 5641 tum.
2381 5584 2486 5640 Per
2530 5581 2861 5655 jejuniorum
2894 5595 3132 5651 namque
3153 5579 3318 5644 dona,
3348 5588 3406 5635 et
3442 5578 3755 5633 calestium

2157 5677 2544 5748 mysteriorum
2576 5674 2811 5739 occulta,
2857 5680 2913 5729 et
2938 5672 3247 5729 divinorum
3283 5678 3630 5727 secretorum
3659 5668 3756 5721 ho-

2086 5836 2089 5837 ν
2157 5770 2293 5833 mini
2325 5769 2637 5831 revelantm'
2671 5782 2894 5830 arcana.
2942 5766 3050 5827 Per
3081 5765 3275 5839 jejunii
3302 5766 3502 5824 donum
3527 5762 3595 5822 de
3633 5774 3752 5819 ct-
