3994 6502
475 409 578 464 759

1768 399 2121 458 SMARAGDI
2155 398 2447 456 ABBATIS

3640 401 3756 458 760

471 530 713 595 linquere
753 523 976 578 nudum.
1028 519 1124 575 Sic
1159 520 1305 575 enim
1332 519 1594 576 debemus
1622 519 1743 575 aliis
1770 519 2042 585 misereri,
2073 523 2127 584 Α
2149 519 2388 574 deamus.
2452 516 2724 574 Mortuum
2753 517 2898 572 enim
2919 516 3118 573 dicitur
3143 523 3451 588 peccatum,
3477 521 3542 572 ut
3565 515 3712 574 illud
3734 533 3756 574 :

467 627 528 672 ut
549 631 656 672 non
689 614 1073 671 obliviscamur
1099 611 1294 667 nostri.
1358 611 1449 667 Sic
1485 613 1631 667 enim
1659 628 1758 667 nos
1781 613 1847 667 de
1884 627 2048 682 opere

470 707 857 765 misericordia:
903 721 1080 760 sermo
1107 705 1321 759 divinus
1361 704 1616 759 admonet
1645 704 1870 758 dicens:
1923 702 2044 768 Fili,

467 803 730 858 miserere
756 801 948 854 animae
973 805 1078 852 tute
1105 797 1322 867 placens
1364 795 1492 851 Deo.
1538 796 1678 866 Ergo
1705 796 1756 849 in
1788 804 2048 865 quantum

467 896 709 950 valemus
733 894 1091 948 misereamur
1110 891 1252 956 aliis,
1270 901 1320 944 et
1347 890 1559 945 solliciti
1594 905 1692 944 nos
1715 905 1929 958 semper
1948 888 2049 942 mi-

468 1001 748 1043 sereamur
767 983 1196 1052 nobismetipsis,
1213 993 1273 1036 ut
1299 997 1398 1051 pro
1427 981 1548 1035 aliis
1576 980 1880 1035 mercedem
1893 987 2050 1033 astet"

467 1093 613 1142 nam,
671 1086 726 1130 et
752 1091 850 1145 pro
887 1082 1072 1129 nostra
1099 1075 1344 1128 custodia
1381 1074 1604 1144 premis
1649 1088 2047 1143 consequamur

465 1175 746 1237 perpetua.

537 1258 624 1313 16.
659 1257 939 1328 Inﬁrmum
963 1260 1172 1314 visitare
1202 1259 1416 1330 (Matth.
1445 1258 1594 1324 xxv).
1629 1259 1865 1314 Visitare
1889 1257 2051 1313 debe-

465 1353 866 1419 musinlirmos,
897 1354 1023 1423 quia
1053 1355 1106 1408 in
1127 1354 1257 1422 ipsis
1287 1353 1572 1408 Dominum
1598 1353 1900 1408 visitamus.
1931 1352 2051 1422 Ipse

464 1441 610 1496 enim
670 1442 812 1496 inter
839 1450 1032 1497 caetera
1062 1443 1214 1497 nobis
1249 1444 1491 1498 dicturus
1539 1452 1622 1497 est
1665 1442 2053 1498 misericordia:

464 1545 664 1601 opera:
713 1530 966 1601 Inﬁrmus
1005 1533 1105 1602 fui,
1147 1543 1195 1586 et
1250 1535 1500 1589 visitastis
1530 1552 1631 1588 me.
1685 1536 1975 1590 Visitemus
1998 1544 2054 1590 et

463 1635 629 1676 causa
675 1620 1105 1690 compunctionis
1134 1622 1400 1686 inﬁrmos,
1443 1633 1502 1678 ut
1547 1641 1670 1679 cum
1700 1625 1884 1690 Paulo,
1921 1625 2052 1690 Quis

434 1710 786 1778 -inﬁrmatur,
831 1720 880 1765 et
917 1728 1010 1782 ego
1037 1728 1140 1766 non
1167 1712 1452 1781 inﬁrmor?
1476 1712 1525 1785 (1
1563 1714 1685 1768 Cor.
1719 1716 1841 1785 xu),
1874 1716 2054 1769 dicere

461 1805 752 1874 possimus.
804 1803 1101 1859 Visitemus
1127 1813 1182 1858 et
1213 1821 1374 1860 causa
1408 1807 1819 1872 vicissitudinis,
1851 1809 1904 1862 id
1943 1817 2050 1873 est,

461 1904 524 1949 ut
551 1911 671 1951 cum
723 1895 988 1953 fuerimus
1036 1899 1258 1960 inﬁrmi,
1285 1899 1611 1955 visitemura
1651 1903 1815 1956 sanis.
1853 1903 2053 1957 Visite-

463 2005 586 2045 mus
619 2000 674 2045 et
705 1992 879 2062 gratia
913 1992 1384 2062 dilectionis,quia
1412 1993 1670 2062 scriptum
1697 2003 1818 2049 est:
1852 1994 1975 2049 Non
2001 2005 2052 2050 te

457 2082 630 2152 pigeat
681 2083 889 2137 visitare
915 2082 1172 2152 inﬁrmos,
1219 2101 1284 2138 ex
1337 2085 1462 2154 ipsis
1501 2087 1637 2139 enim
1671 2087 1725 2138 in
1777 2086 2050 2144 dilectione

459 2171 756 2238 ﬁrmaberis
785 2172 956 2242 (Eccl.
985 2172 1106 2243 vu).
1149 2172 1256 2229 Sed
1285 2182 1340 2228 et
1355 2173 1444 2229 ille
1473 2173 1717 2231 inﬁrmos
1743 2176 1924 2231 visitat
1955 2179 2048 2249 qui

460 2262 747 2317 monachis
768 2263 836 2317 de
873 2278 968 2316 sua
999 2264 1301 2318 substantia
1333 2265 1704 2336 eleemosynas
1751 2269 2044 2325 ministrat.

461 2351 538 2405 De
569 2353 852 2408 monachis
875 2354 1019 2407 enim
1062 2355 1320 2425 scriptum
1352 2364 1435 2411 est
1465 2375 1476 2410 :
1517 2355 1781 2412 Formica!
1825 2359 2048 2429 populus

460 2439 722 2510 inﬁrmus,
753 2444 842 2514 qui
865 2454 1017 2514 parat
1042 2446 1096 2498 in
1125 2463 1287 2500 messe
1324 2447 1496 2502 cibum
1521 2449 1621 2502 sibi
1671 2447 1855 2521 (Prov.
1890 2450 2044 2523 xxx).

463 2529 570 2586 Sed
621 2541 676 2586 et
719 2533 807 2588 ille
834 2534 1104 2590 veraciter
1147 2536 1390 2593 inﬁrmos
1420 2539 1624 2605 visitat,
1657 2539 1748 2609 qui
1779 2540 1955 2595 viduis
1992 2549 2050 2597 et

458 2623 679 2693 pupillis
714 2624 1089 2698 eleemosynas
1108 2638 1315 2701 erogat.
1369 2631 1557 2685 Vidua:
1579 2632 1723 2686 enim
1753 2641 1808 2687 et
1835 2631 2045 2702 pupilli,

460 2715 553 2784 qui
579 2724 705 2769 sunt
751 2718 981 2773 humiles
1009 2728 1065 2774 et
1093 2736 1358 2791 pauperes
1381 2724 1574 2794 spiritu
1613 2733 1838 2795 propter
1862 2726 2047 2780 Domi-

461 2819 614 2872 num,
666 2808 852 2876 procul
892 2809 1056 2864 dubio
1082 2813 1206 2881 quia
1245 2821 1492 2883 potentes
1514 2830 1623 2870 non
1659 2823 1804 2879 sunt,
1847 2814 2049 2869 inﬁrmi

461 2904 590 2949 sunt
621 2895 674 2950 in
705 2897 808 2953 hoc
836 2901 1055 2966 mundo,
1079 2910 1137 2956 et
1159 2903 1485 2960 visitationis
1513 2904 1782 2974 adjutorio
1804 2905 2052 2974 indigent

461 2987 517 3042 in
553 2988 656 3044 hoc
711 2991 930 3045 saeculo.
990 2993 1066 3047 De
1117 2993 1210 3048 tali
1255 2995 1400 3049 enim
1433 2996 1744 3052 visitatione
1772 2997 2052 3066 apostolus

460 3078 580 3134 ait:
634 3079 833 3151 Religio
870 3083 1068 3139 munda
1120 3094 1168 3138 et
1231 3086 1572 3140 immaculata
1607 3088 1751 3158 apud
1786 3087 1952 3142 Deum
2003 3097 2051 3142 et

460 3169 680 3227 Patrem
712 3173 824 3229 ha'c
844 3186 921 3230 est
954 3192 975 3228 :
1017 3175 1240 3232 Visitare
1265 3178 1493 3248 pupillos
1515 3189 1565 3234 et
1585 3181 1772 3236 viduas
1797 3184 1854 3237 in
1885 3182 2052 3236 tribu-

461 3262 658 3321 latione
701 3283 904 3335 eorum,
938 3277 1044 3325 etc.
1099 3269 1241 3336 (Jac.
1283 3269 1343 3340 ι).
1408 3271 1505 3326 Est
1526 3282 1579 3327 et
1601 3273 1706 3327 alia
1758 3273 2052 3330 inﬁrmitas

461 3358 659 3413 anima;
685 3373 784 3428 pro
819 3375 927 3430 qua
963 3360 1216 3416 monachi
1253 3361 1452 3417 debent
1481 3363 1713 3419 invicem
1740 3378 1800 3420 se
1826 3364 2054 3420 visitare

461 3449 784 3518 sepissime,
807 3449 896 3504 illa
918 3450 1127 3506 scilicet
1150 3451 1217 3507 de
1246 3466 1351 3522 qua
1380 3453 1552 3509 David
1581 3454 1796 3510 dicebat
1823 3473 1836 3510 :
1893 3454 2054 3510 Mise-

461 3554 577 3594 rere
598 3539 746 3604 ruilti,
785 3540 1029 3607 Domine,
1064 3544 1315 3612 quoniam
1342 3544 1586 3612 inﬁrmus
1627 3563 1764 3609 sum,
1787 3562 1921 3600 sana
1947 3564 2047 3612 me,

461 3628 686 3682 Domine
709 3628 882 3700 (Psal.
915 3630 1013 3703 vi).
1063 3632 1131 3686 Et
1158 3642 1218 3688 ut
1242 3635 1558 3692 adverteres
1603 3638 1668 3692 de
1693 3655 1800 3707 qua
1826 3639 2053 3694 inﬁrmi-

461 3723 576 3772 tate
618 3717 859 3784 diceret,
905 3719 1157 3776 addidit:
1207 3722 1278 3776 Et
1325 3726 1507 3779 anima
1557 3742 1674 3780 mea
1712 3729 1923 3783 turbata
1977 3738 2054 3784 est

463 3807 616 3864 valde
643 3807 857 3881 (Ibid.).
915 3810 982 3866 Et
1008 3812 1137 3869 alibi
1169 3833 1183 3867 :
1217 3814 1332 3886 Ego
1354 3817 1468 3870 dixi
1492 3836 1505 3871 :
1530 3817 1774 3885 Domine,
1806 3822 2053 3878 miserere

463 3902 590 3967 mei,
619 3918 752 3957 sana
767 3905 1000 3959 animum
1022 3924 1211 3973 meam,
1238 3909 1363 3979 quia
1387 3913 1596 3982 peccavi
1627 3912 1720 3966 tibi
1746 3911 1920 3987 (Psal.
1937 3917 2049 3990 ιι).

462 3990 612 4062 Ergo
641 3993 951 4065 ubicunque
978 3997 1139 4068 hujus
1164 3998 1499 4056 inﬁrmitatis
1549 4019 1704 4059 nzevo
1757 4005 2053 4062 viderimus

463 4080 690 4138 fratrem
735 4102 1074 4158 oppressum,
1099 4091 1287 4146 tandiu
1315 4091 1392 4146 illi
1423 4093 1750 4151 visitationis
1773 4096 2052 4166 impenda-

464 4189 588 4230 mus
637 4177 895 4245 studium,
927 4178 1102 4236 donec
1117 4181 1184 4236 ad
1204 4181 1396 4238 salutis
1425 4174 1716 4253 pristinum
1762 4197 2054 4244 revocetur

463 4275 666 4322 statum
691 4285 707 4335 ;
761 4277 823 4324 ut
852 4278 909 4325 et
954 4271 1205 4330 inﬁrmus
1225 4289 1454 4346 corpore
1485 4289 1688 4334 nostra:
1721 4281 2052 4339 visitationis

463 4356 740 4424 solatium,
769 4369 826 4414 et
851 4361 1100 4419 inﬁrmus
1130 4364 1188 4418 in
1214 4365 1414 4430 anima,
1447 4368 1682 4424 donante
1705 4368 1943 4436 Christo,
1966 4386 2053 4427 re-

463 4451 705 4507 medium
761 4453 1005 4509 inveniat
1064 4459 1472 4526 sempiternum.
1554 4461 1804 4518 Inﬁrmus
1855 4465 2056 4522 dicitur

2154 610 2258 677 Qui
2275 610 2484 665 lavatur
2503 627 2534 663 a
2561 619 2791 674 mortuo,
2817 618 2865 662 et
2886 609 3078 662 iterum
3099 610 3264 678 tangit
3284 618 3580 675 mortuum,
3615 609 3758 663 nihil

2148 705 2355 777 proficit
2401 704 2513 772 ejus
2562 702 2754 757 lavatio
2795 701 2965 774 (Eccl.
2996 701 3207 772 xxxiv),
3236 701 3292 756 id
3318 710 3423 766 est,
3454 702 3547 771 qui
3577 700 3761 773 pani-

2150 798 2371 853 mtendo
2397 797 2647 867 lacrymis
2671 796 2818 850 lavat
2845 804 3152 865 peccatum,
3183 801 3239 849 et
3267 795 3466 849 iterum
3492 793 3764 849 commit-

2153 892 2214 946 tit
2241 899 2547 962 peccatum,
2573 890 2706 944 nihil
2735 889 2783 945 ei
2819 888 3151 959 pmniteutia:
3180 886 3415 958 gemitus
3459 887 3546 940 vel
3572 887 3763 957 lacry-

2150 999 2362 1038 marum
2393 981 2532 1038 fusio
2571 988 2796 1052 generat
2818 979 3046 1036 fructus.
3086 979 3282 1034 Anima
3309 980 3456 1033 enim
3489 994 3623 1049 quae
3637 994 3766 1049 pee-

2152 1075 2380 1139 caveril,
2419 1075 2529 1144 ipsa
2585 1073 2864 1127 morietur.
2946 1070 3081 1124 Nam
3123 1079 3178 1125 et
3203 1069 3293 1124 illa
3323 1070 3526 1139 puella,
3586 1086 3763 1140 quam

2152 1163 2437 1223 Suscitavit
2466 1163 2726 1218 Dominus
2752 1163 2804 1215 in
2828 1161 3005 1224 domo,
3048 1172 3328 1230 peccatum
3358 1160 3650 1232 signiﬁcat
3673 1161 3760 1213 la-

2153 1267 2275 1312 tens
2312 1256 2366 1310 in
2394 1255 2605 1320 animo;
2655 1262 2712 1308 et
2738 1254 2790 1307 in
2817 1253 2912 1307 illo
2957 1267 3121 1322 quem
3152 1251 3296 1308 foras
3317 1261 3539 1322 portam
3566 1252 3766 1306 Domi-

2153 1361 2257 1402 nus
2309 1345 2589 1401 substituit
2633 1343 2793 1398 unico
2820 1344 3010 1398 matris
3039 1342 3173 1409 ﬁlio,
3231 1352 3525 1413 peccatum
3551 1344 3764 1398 anima

2148 1439 2260 1509 jam
2283 1451 2565 1507 egressum
2595 1433 2740 1489 foras
2765 1435 2818 1488 in
2847 1433 3140 1504 publicum.
3173 1433 3242 1487 Et
3281 1434 3551 1497 Lazarus,
3586 1449 3762 1504 quem

2155 1531 2297 1586 idem
2330 1529 2591 1584 Dominus
2635 1526 2919 1581 suscitavit
2969 1526 3388 1596 quatriduanum
3421 1523 3615 1595 (Joan.
3659 1526 3768 1593 xi),

2150 1620 2262 1690 jam
2290 1619 2444 1672 multi
2483 1618 2742 1687 temporis
2769 1624 3050 1686 peccatum
3096 1617 3437 1671 demonstrat
3492 1616 3766 1670 commis-

2157 1728 2295 1767 sum.
2375 1711 2452 1766 Dc
2498 1710 2584 1764 his
2613 1725 2742 1780 ergo
2772 1709 3014 1763 omnium
3063 1707 3351 1779 generibus
3404 1714 3766 1760 mortuorum

2157 1821 2288 1861 usus
2321 1802 2614 1873 sepeliendi
2639 1802 2932 1857 debetesse
2961 1801 3204 1856 omnium
3232 1799 3621 1861 hominum,et
3642 1812 3769 1851 ma-

2081 1885 2129 1944 Β
2160 1898 2304 1952 xime
2335 1895 2749 1950 monachorum.
2797 1893 2876 1948 De
2913 1893 3016 1946 hoc
3055 1891 3199 1946 enim
3229 1889 3531 1960 sepeliendi
3560 1903 3767 1959 genere

2157 1987 2347 2043 beatus
2381 1983 2706 2040 Benedictus
2745 1982 3004 2053 pmcepit
3041 1981 3326 2037 monachis
3351 1989 3638 2035 mortuum
3672 1996 3765 2035 se-

2157 2076 2349 2146 pelire,
2382 2075 2436 2130 id
2465 2082 2570 2140 est,
2601 2075 2647 2128 si
2677 2072 2842 2128 fuerit
2887 2073 3030 2128 sicut
3051 2071 3232 2142 puella
3277 2071 3333 2125 in
3359 2072 3552 2135 domo,
3581 2071 3765 2125 adhuc

2157 2176 2338 2224 tamen
2369 2168 2424 2222 in
2453 2166 2782 2223 conscientia
2812 2166 2986 2220 latens
3013 2173 3322 2235 peccatum,
3370 2180 3444 2219 ne
3493 2164 3555 2217 in
3600 2178 3764 2233 opere

2158 2271 2418 2333 appareat
2447 2262 2519 2317 ibi
2549 2261 2779 2331 sepelire
2799 2276 2922 2316 eum
2948 2278 2963 2326 ;
3012 2269 3067 2316 et
3098 2261 3144 2315 si
3165 2259 3278 2328 jam
3310 2258 3480 2313 fuerit
3512 2259 3573 2312 in
3601 2273 3764 2329 opere

2157 2352 2507 2407 manifestum
2533 2394 2547 2418 ,
2591 2352 2734 2407 sicut
2762 2353 2828 2408 de
2856 2351 2948 2406 illo
2973 2352 3136 2407 unico
3170 2351 3363 2406 matris
3390 2350 3507 2406 ﬁlio
3541 2351 3760 2418 legitur,

2149 2445 2266 2516 jam
2291 2443 2438 2498 foras
2465 2451 2677 2513 portam
2736 2443 2911 2508 elato,
2957 2458 3026 2498 ne
3059 2441 3294 2512 amplius
3345 2455 3614 2496 crescens
3641 2457 3762 2511 pro-

2156 2536 2457 2607 grediatur,
2495 2534 2567 2589 ibi
2623 2534 2787 2591 ﬁnem
2819 2534 3094 2606 accipiat,
3153 2541 3208 2588 et
3267 2533 3455 2588 cordis
3507 2534 3764 2604 sepulcro

2155 2633 2444 2687 condatur.
2481 2631 2549 2686 Et
2579 2632 2899 2687 sidiuturno
2915 2630 3030 2700 jam
3057 2640 3301 2701 tempore
3319 2647 3422 2702 per
3445 2642 3760 2702 peccatum,

2157 2730 2211 2778 et
2243 2723 2299 2776 in
2320 2723 2574 2778 omnibus
2602 2723 2655 2776 in
2677 2722 2954 2792 publicum
2981 2721 3331 2778 manifestum
3349 2763 3365 2789 ,
3400 2733 3465 2778 et
3492 2739 3525 2777 a
3556 2724 3762 2778 cunctis

2156 2814 2320 2869 fuerit
2345 2813 2572 2869 fetidum
2592 2813 2917 2882 iudicatum,
2965 2814 3110 2868 sicut
3151 2813 3218 2868 de
3254 2815 3635 2884 quatriduano
3652 2813 3759 2868 La-

2157 2920 2286 2958 zaro
2310 2905 2539 2975 legitur,
2585 2921 2656 2961 ne
2680 2905 2824 2960 ultra
2872 2905 2925 2960 in
2957 2905 3178 2960 homine
3208 2904 3492 2975 pullulans
3526 2913 3756 2969 crescat,

2159 2997 2380 3050 tandem
2427 2995 2816 3051 mortiﬁcatum
2858 2997 3072 3066 pariter
3093 3005 3150 3051 et
3170 2996 3447 3067 sepultum
3466 2995 3678 3063 jaceat.
3703 2995 3764 3050 Et

2158 3087 2264 3142 hoc
2294 3087 2454 3142 modo
2495 3088 2673 3143 omnis
2700 3087 2999 3143 monachus
3023 3129 3038 3154 ,
3069 3099 3124 3142 et
3165 3087 3235 3142 ad
3261 3087 3566 3142 Dominum
3593 3087 3762 3141 omnis

2159 3192 2474 3246 conversus,
2526 3179 2689 3235 debet
2736 3187 3044 3245 mortuum,
3076 3179 3132 3235 id
3163 3187 3279 3247 est,
3333 3194 3503 3234 suum
3535 3179 3764 3248 sepelire

2159 3279 2469 3342 peccatum.

2230 3364 2419 3420 18-19.
2475 3361 2546 3418 In
2576 3361 2916 3418 tribulatione
2955 3364 3228 3419 subvenire
3271 3377 3290 3417 :
3336 3362 3615 3418 dolentem
3653 3381 3764 3418 con-

2155 3456 2321 3511 solari
2367 3455 2536 3528 (Eccl.
2563 3455 2662 3528 vi).
2703 3455 2830 3512 Haec
2858 3471 3074 3528 quoque
3110 3458 3285 3513 virtus
3331 3458 3484 3512 inter
3540 3469 3760 3513 sanctos

2154 3549 2386 3603 multum
2413 3557 2498 3604 est
2520 3549 2832 3605 necessaria
2858 3548 3176 3614 monachos,
3204 3549 3488 3616 videlicet,
3517 3558 3581 3604 ut
3610 3548 3763 3605 alteri

2157 3642 2442 3698 subveniat
2465 3640 2622 3706 alter,
2654 3648 2710 3696 et
2735 3640 2874 3696 alter
2917 3641 3229 3698 consoletur
3269 3641 3337 3695 ab
3364 3641 3573 3697 altero.
3611 3641 3762 3696 Sicut

2156 3734 2422 3805 scriptum
2451 3741 2535 3788 est
2580 3752 2592 3788 :
2627 3732 2862 3788 Invicem
2907 3750 3066 3788 onera
3105 3742 3277 3787 vestra
3301 3741 3551 3803 portate,
3609 3743 3658 3786 et
3692 3732 3763 3788 sic

2156 3825 2506 3898 adimplebitis
2530 3826 2694 3898 legem
2738 3822 2937 3881 Christi
2979 3821 3124 3898 (Gal.
3155 3823 3235 3896 vt)
3262 3865 3276 3890 ,
3320 3824 3376 3878 id
3426 3831 3554 3891 est,
3585 3824 3765 3879 chari-

2158 3927 2347 3974 tatem.
2401 3916 2532 3972 Sine
2558 3918 2723 3974 dubio
2746 3919 2895 3973 enim
2942 3926 2998 3972 et
3051 3915 3310 3973 tribulato
3336 3916 3590 3971 cbaritas
3645 3915 3766 3970 sub-

2155 4009 2351 4075 venit,
2405 4017 2461 4064 et
2495 4009 2765 4065 dolentem
2800 4009 3045 4064 cbaritas
3087 4009 3422 4064 consolatur.
3463 4007 3763 4063 Sciendum

2161 4109 2340 4158 tamen
2368 4103 2495 4173 quia
2527 4103 2814 4172 aliquoties
2841 4103 3109 4159 monacho
3138 4101 3424 4158 tribulatio
3451 4104 3763 4157 suscitatur

2155 4194 2399 4249 exterius
2425 4195 2494 4249 ab
2518 4194 2758 4261 homine,
2790 4194 3078 4264 aliquoties
3098 4210 3229 4250 vero
3258 4195 3568 4250 suscitatur
3596 4211 3629 4248 a
3657 4195 3762 4249 de

2157 4301 2339 4352 mone,
2371 4286 2657 4357 aliquoties
2673 4295 2852 4343 autem
2881 4288 3049 4358 ipsius
3064 4297 3272 4343 tantum
3285 4289 3512 4359 proprio
3528 4291 3763 4344 suscita-

2158 4386 2248 4432 tur
2269 4394 2298 4432 a
2313 4391 2562 4448 corpore.
2581 4376 2736 4433 Unde
2747 4385 2802 4432 et
2815 4377 3131 4448 frequenter
3146 4378 3201 4432 in
3219 4377 3588 4434 tribulatione
3605 4379 3758 4436 valde

2157 4470 2527 4528 necessariam
2554 4470 2720 4524 habet
2749 4469 2935 4525 fratris
2970 4471 3408 4536 subventionem,
3449 4480 3507 4526 et
3532 4487 3646 4526 non
3675 4487 3763 4526 so-

465 4555 586 4645 non.
605 4541 781 4645 solum
831 4554 1087 4615 aegrotus,
1138 4548 1235 4603 sed
1281 4550 1447 4605 etiam
1483 4553 1666 4609 animo
1695 4557 1958 4613 molestus
1997 4567 2054 4614 et
2081 4586 2131 4645 D
2157 4563 2268 4619 lum
2313 4564 2470 4620 nobis
2529 4563 2585 4618 in
2637 4562 2869 4618 invicem
2919 4563 3251 4629 subvenire,
3301 4563 3395 4619 sed
3441 4573 3497 4618 et
3525 4565 3654 4620 aliis
3705 4565 3759 4620 in

464 4634 840 4690 contristatus.

538 4725 626 4782 17.
679 4727 955 4787 Μονωωη
989 4735 1208 4806 sepelire
1256 4736 1408 4811 (Tob.
1451 4757 1492 4808 ι,
1526 4757 1591 4808 u,
1623 4740 1746 4816 xu).
1803 4745 2052 4819 Congrue

464 4827 645 4876 autem
675 4832 964 4895 postquam
994 4829 1152 4886 nobis
1198 4835 1458 4904 prmcepit
1490 4835 1764 4892 inﬁrmum
1801 4841 2048 4908 visitare,

461 4915 721 4985 praecepit
742 4926 798 4972 et
820 4927 1093 4976 mortuum
1121 4924 1372 4993 sepelire,
1400 4926 1524 4996 quia
1545 4927 1762 4984 inﬁrmo
1789 4932 2048 5000 visitatio,

463 5004 741 5090 sepultura
779 5023 909 5065 vero
931 5011 1160 5068 debetur
1185 5027 1420 5072 mortuo.
1463 5017 1735 5090 Scriptum
1755 5032 1838 5077 est
1865 5025 2009 5078 enim
2032 5040 2049 5080 :

463 5089 597 5160 Fili,
619 5095 674 5150 in
697 5109 905 5154 mortuo
933 5103 1134 5172 produc
1148 5103 1429 5176 lacrymas,
1453 5118 1502 5163 et
1530 5089 1682 5181 quasi
1703 5111 1839 5166 dura
1863 5131 2050 5184 passus

461 5184 633 5278 incipe
654 5187 885 5258 plorare,
931 5203 978 5247 et
1005 5197 1292 5252 secundum
1295 5199 1562 5270 judicium
1585 5203 1747 5259 conde
1775 5222 1964 5278 corpus
1991 5208 2051 5262 il-

461 5274 590 5372 lius,
615 5288 665 5332 et
692 5296 796 5336 non
825 5282 1083 5356 despicias
1103 5289 1425 5360 sepulturam
1445 5293 1560 5364 ejus
1592 5293 1760 5368 (Eccl.
1792 5274 2044 5372 xxxvtu).

463 5365 635 5424 Valde
685 5374 830 5429 enim
874 5391 906 5430 a
959 5380 1280 5448 quibusdam
1322 5365 1625 5441 mirandum
1671 5365 2048 5457 videtur,'cur

461 5457 992 5553 beatusBenedictus
1013 5473 1271 5542 praecepit
1291 5476 1569 5533 monachis
1595 5489 1868 5536 mortuum
1899 5498 2050 5553 sepe-

462 5546 582 5602 lire.
629 5550 902 5625 Nunquid,
931 5559 1102 5624 aiunt,
1145 5570 1237 5618 aut
1290 5579 1447 5619 suum
1493 5567 1820 5638 insepultum
1877 5546 2045 5628 relin-

463 5655 654 5709 quere,
695 5655 787 5700 aut
815 5649 1039 5707 alterius
1073 5668 1174 5723 per
1226 5656 1370 5712 vicos
1403 5661 1669 5716 autvillas
1691 5664 1771 5718 ire
1796 5675 2051 5734 poterunt

465 5737 714 5790 monachi
744 5749 987 5798 mortuos
1019 5746 1248 5814 sepelire
1273 5749 1296 5802 ?
1351 5749 1455 5806 Sed
1481 5753 1608 5822 quia
1643 5754 1746 5808 ista
1774 5772 1881 5811 non
1912 5773 2047 5815 cou—

2158 4672 2484 4728 quacunque
2533 4656 2864 4712 necessitate
2915 4657 3110 4725 positis
3164 4656 3549 4712 subventionis
3598 4656 3761 4712 debe-

2158 4766 2281 4806 mus
2319 4749 2580 4804 auxilium
2631 4749 2964 4804 ministrare.
3008 4748 3319 4804 Secundum
3351 4749 3500 4804 enim
3550 4764 3760 4819 praece-

2156 4847 2311 4909 ptum
2338 4839 2581 4907 Apostoli
2611 4838 2856 4894 debemus
2884 4839 3112 4910 gaudere
3141 4856 3260 4894 cum
3288 4840 3674 4910 gaudentibus,
3706 4849 3759 4894 et

2156 4932 2283 5001 ﬂere
2309 4947 2430 4984 cum
2472 4931 2715 5001 ﬂentibus
2768 4930 2945 5002 (Rom.
2979 4930 3099 5004 xu).
3156 4929 3377 4987 Duobus
3430 4932 3587 4986 enim
3643 4947 3758 4987 mo-

2161 5025 2245 5080 dis
2289 5023 2467 5079 omnis
2503 5022 2736 5079 eilicitur
2765 5024 2985 5090 dolens,
3027 5025 3082 5080 id
3129 5033 3250 5091 est,
3292 5033 3387 5079 aut
3425 5040 3526 5095 per
3573 5025 3760 5096 jactu-

2160 5132 2278 5171 ram
2326 5116 2704 5187 temporalium
2738 5131 2954 5183 rerum,
2994 5124 3087 5171 aut
3130 5131 3228 5188 per
3281 5117 3482 5171 damna
3527 5118 3757 5187 spirita-

2158 5209 2291 5264 lium
2352 5211 2632 5265 virtutum.
2683 5209 2760 5264 De
2806 5208 2912 5264 hoc
2963 5208 3108 5264 enim
3165 5207 3421 5263 Salomon
3481 5212 3558 5262 ait
3616 5228 3631 5263 :
3688 5209 3755 5263 Et

2157 5301 2307 5357 addit
2344 5303 2626 5357 scientiam
2653 5343 2668 5367 ,
2720 5300 2872 5356 addit
2921 5302 3162 5357 dolorem
3197 5301 3406 5370 (Eccle.
3439 5301 3516 5372 ι).
3558 5302 3643 5357 De
3665 5302 3754 5355 illo

2155 5403 2336 5450 autem
2373 5395 2473 5450 Job
2516 5394 2695 5449 dixit:
2739 5392 2880 5458 Quid
2932 5394 3129 5464 agam?
3164 5392 3286 5446 Etsi
3332 5402 3588 5453 tacuere,
3650 5407 3752 5444 non

2151 5490 2378 5561 quiescet
2427 5488 2580 5544 dolor
2631 5506 2813 5551 meus,
2874 5497 2980 5544 etc.
3012 5488 3154 5559 (Job.
3193 5489 3326 5558 xvx).
3370 5488 3520 5544 Unus
3564 5498 3752 5542 autem

2154 5579 2448 5634 carnaliter
2497 5579 2644 5634 dolet
2667 5620 2682 5644 ,
2726 5580 2867 5635 alter
2903 5596 3034 5636 vero
3073 5580 3412 5650 spiritaliter.
3460 5579 3616 5636 Unus
3655 5580 3724 5636 do

2151 5670 2228 5725 let
2274 5673 2401 5740 quia
2476 5680 2753 5727 terrenum
2811 5673 2994 5727 amisit
3061 5673 3351 5737 solatium,
3423 5673 3561 5728 alius
3621 5673 3750 5743 quia

2139 5766 2434 5835 ‘peccando
2466 5767 2677 5836 copiam
2706 5766 2890 5820 amisit
2916 5766 3180 5822 virtutum
3206 5784 3221 5832 ;
3271 5782 3412 5821 unus
3438 5765 3586 5822 dolet
3615 5765 3752 5836 quia

463 5826 1006 5906 veniuntmonachis,
1037 5841 1306 5898 sermonis
1330 5841 1492 5916 hujus
1515 5846 1951 5909 convenientiam
1970 5851 2051 5908 vi-
2133 5826 2392 5932 perdidit
2434 5826 2653 5936 patrem
2686 5867 2744 5916 et
2792 5868 3025 5918 matrem
3055 5901 3072 5931 ,
3130 5826 3271 5918 alius
3303 5859 3450 5920 dolet
3482 5859 3615 5934 quia
3634 5826 3748 5918 ἰιι-
