3994 6464
173 361 270 422 761

1196 367 1553 428 COMMENT.
1593 371 1662 428 IN
1700 373 1862 432 REG.
1904 372 1962 430 S.
2002 373 2382 435 BENEDICTI.

3316 383 3424 442 762

170 477 468 552 perbiendo
520 477 881 536 humilitatem
928 488 983 535 et
1026 479 1351 539 luxuriando
1379 485 1611 556 perdidit
1641 502 1737 542 ca-
1765 492 1819 550 Α
1840 504 1970 544 vero
2007 497 2187 545 rectus
2233 499 2335 557 est,
2383 493 2621 549 charitas
2647 493 2734 550 vel
2759 494 2974 552 dilectio
2995 496 3213 554 dicitur.
3262 496 3423 556 Chri-

173 572 452 632 stitatem;
507 587 645 627 unus
689 572 834 626 dolet
876 573 1002 642 quia
1045 573 1294 630 solatium
1319 584 1602 647 parentum
1650 593 1741 647 pa-

174 664 308 719 riter
342 663 524 717 amisit
556 671 612 717 et
647 664 944 720 subsidium
985 682 1200 734 rerum,
1243 668 1382 724 alius
1434 670 1560 738 quia
1617 685 1741 739 pec-

171 754 343 810 cando
413 768 634 823 regnum
698 755 904 824 pariter
949 766 1211 813 aeternum
1266 759 1448 814 amisit
1499 768 1555 814 et
1605 775 1743 830 pra:-

171 846 339 900 mium
368 861 383 911 ;
427 861 566 900 unus
602 846 746 902 dolet
785 849 912 919 quia
946 851 1172 906 terrenis
1214 866 1420 921 pauper
1454 850 1630 907 factus
1658 860 1742 907 est

171 936 373 1003 rebus,
434 936 574 990 alius
615 938 743 1008 quia
790 954 997 1009 pauper
1056 939 1230 996 factus
1283 951 1367 996 est
1413 942 1738 1009 virtutibus;

172 1043 311 1083 unus
335 1028 477 1084 dolet
508 1031 635 1100 quia
680 1032 980 1103 despicitur
1007 1049 1038 1088 a
1067 1035 1290 1100 mundo,
1321 1035 1460 1090 alius
1490 1036 1618 1105 quia
1662 1051 1742 1091 se-

168 1131 392 1192 paratur
411 1139 442 1177 a
458 1123 588 1178 Deo.
616 1124 681 1179 Et
708 1125 848 1187 ideo,
874 1143 942 1182 ne
960 1128 1014 1182 in
1040 1127 1222 1183 dolore
1244 1138 1487 1198 pereant,
1515 1128 1741 1184 fratrum

168 1214 595 1272 consolationem
645 1218 914 1289 accipiant
938 1219 1119 1276 ambo.
1148 1221 1381 1275 Visiteut
1404 1237 1534 1292 ergo
1559 1237 1746 1276 mona-

167 1311 256 1366 chi
287 1321 564 1383 utrosque,
592 1313 720 1385 quia
759 1326 1022 1372 aeternam
1046 1317 1352 1372 mercedem
1377 1317 1644 1387 accipient
1676 1317 1745 1372 ab

166 1403 435 1474 utrisque.

236 1496 324 1551 20.
358 1497 401 1550 Α
425 1498 606 1553 steculi
640 1498 842 1554 actibus
865 1517 919 1554 se
945 1501 1118 1570 facere
1141 1501 1389 1556 alienum.
1438 1500 1632 1566 Nemo,
1671 1501 1748 1556 ait

159 1589 472 1660 Apostolus,
502 1593 735 1649 militans
767 1594 877 1650 Deo
920 1595 1152 1666 implicat
1187 1614 1242 1651 se
1281 1597 1498 1666 negotiis
1527 1595 1750 1651 swcula-

162 1681 331 1745 ribus,
359 1691 414 1735 ut
444 1682 492 1735 ei
515 1682 719 1752 placeat
749 1685 834 1738 cui
864 1703 918 1739 se
939 1686 1174 1756 probavit
1206 1686 1291 1756 (II
1325 1687 1459 1740 Tim.
1495 1688 1577 1757 ll).
1611 1687 1749 1742 Hinc

163 1769 422 1826 Dominus
452 1774 527 1826 ait
552 1787 567 1826 :
614 1773 719 1839 Qui
745 1790 846 1828 non
868 1775 1123 1829 dimiserit
1152 1776 1328 1830 omnia
1351 1793 1470 1846 quae
1496 1777 1743 1847 possidet,

162 1879 266 1917 non
293 1872 458 1934 potest
503 1881 647 1920 meus
682 1883 792 1920 esse
819 1866 1107 1938 discipulus
1145 1866 1296 1938 (Luc.
1326 1868 1445 1941 xu).
1494 1868 1749 1939 Quisquis
1775 1851 1824 1910 Β

158 1970 290 2028 ergo
328 1971 360 2010 a
392 1957 573 2012 saaculi
601 1957 812 2013 actibus
844 1958 956 2012 vult
984 1957 1122 2014 effici
1151 1959 1382 2024 alienus,
1427 1975 1647 2016 necesse
1668 1968 1754 2016 est

161 2054 222 2100 ut
247 2047 420 2102 sacris
465 2047 888 2117 obtemperando
931 2049 1217 2118 pmeptis
1249 2049 1351 2118 ipsi
1380 2049 1609 2107 Domino
1639 2049 1752 2105 efﬁ-

160 2139 338 2193 ciatur
361 2140 713 2210 propinquus.
735 2139 1070 2210 Praeceptum
1099 2150 1183 2194 est
1203 2142 1344 2195 enim
1369 2141 1580 2196 Domini
1609 2159 1622 2195 :
1655 2141 1752 2194 Di-

133 2237 301 2282 serte
331 2246 364 2281 a
407 2227 547 2282 malo
578 2237 628 2282 et
671 2230 759 2298 [ac
806 2229 996 2283 bonum
1031 2227 1207 2301 (Psal.
1257 2229 1409 2300 xxx).
1461 2229 1691 2286 Proinde
1719 2247 1752 2286 a

159 2319 344 2372 saaculi
389 2319 599 2373 actibus
627 2319 834 2374 alienus
864 2318 1086 2375 eﬁ‘ectus
1127 2322 1195 2375 ad
1230 2322 1568 2376 conditorem
1593 2338 1750 2378 suum

159 2409 548 2465 illuminandus
575 2411 800 2466 accedat
827 2413 1142 2466 monachus.
1191 2411 1368 2482 Ipsum
1391 2413 1596 2484 jugiter
1621 2429 1752 2469 con-

159 2501 428 2570 cupiscat,
455 2510 567 2556 toto
603 2502 763 2556 corde
790 2501 1015 2572 diligat,
1049 2511 1104 2556 et
1131 2519 1228 2572 pro
1252 2503 1394 2558 illius
1416 2519 1600 2558 amore
1630 2519 1750 2558 om-

157 2607 260 2647 nes
290 2595 508 2649 nocivas
535 2595 716 2650 saeculi
746 2596 988 2650 actiones
1013 2594 1300 2664 relinquat,
1325 2603 1380 2650 et
1403 2606 1570 2651 totam
1597 2611 1749 2666 spem

157 2699 317 2739 suam
348 2699 414 2738 ex
444 2684 585 2740 illius
629 2685 981 2741 delectatione
1021 2687 1364 2755 suspendeat.
1413 2685 1664 2753 Quotidie
1696 2687 1750 2742 in

155 2773 468 2829 divinarum
506 2773 809 2830 litterarum
848 2789 909 2829 se
937 2784 1192 2831 exerceat
1223 2791 1435 2846 campo,
1479 2785 1534 2831 et
1562 2777 1636 2831 ibi
1667 2792 1747 2844 se,

158 2864 319 2934 quasi
354 2865 410 2918 in
449 2865 669 2934 speculo
692 2907 710 2931 ,
762 2864 1048 2936 diligenter
1087 2867 1387 2937 conspiciat
1433 2874 1644 2932 totum;
1694 2874 1750 2922 et

158 2955 344 3010 omnia
372 2971 492 3025 quae
521 2956 576 3010 in
611 2972 670 3012 se
696 2956 765 3010 de
792 2956 1144 3012 saacularihus
1189 2957 1401 3013 actibus
1445 2958 1749 3028 respuenda

156 3045 452 3112 invenerit,
481 3055 739 3117 respuat;
778 3055 832 3103 et
857 3062 976 3117 qua:
1001 3047 1232 3102 tenenda
1264 3048 1548 3114 invenerit,
1576 3049 1751 3104 liben-

158 3143 247 3192 ter
271 3146 327 3192 et
354 3137 572 3193 fortiter
599 3146 821 3204 teneat;
853 3138 996 3209 quod
1024 3136 1264 3193 deforme
1290 3139 1575 3204 invenerit,
1603 3155 1749 3195 com-

154 3237 362 3298 ponat;
396 3229 540 3298 quod
581 3230 885 3300 pulchrum,
916 3233 1165 3301 excolat;
1209 3236 1351 3306 quod
1385 3251 1598 3300 sanum,
1631 3251 1747 3292 ser-

156 3327 288 3386 vet;
343 3321 486 3390 quod
518 3320 827 3386 inﬁrmum,
879 3325 1211 3382 corroboret.
1262 3326 1472 3381 Domini
1504 3329 1585 3382 sui
1611 3343 1748 3398 prae-

153 3421 316 3484 cepta
347 3412 754 3485 infatigabiliter
772 3415 934 3488 legat,
981 3418 1376 3489 inexplebiliter
1404 3420 1608 3492 diligat,
1635 3419 1747 3474 elli-

155 3505 366 3559 caciter
413 3495 719 3576 compleat;
766 3516 820 3562 et
865 3508 1009 3578 quod
1059 3509 1161 3565 sibi
1203 3511 1504 3565 cavendum
1552 3512 1749 3580 quidve

155 3598 476 3653 sectandum
509 3600 602 3665 sit,
652 3615 718 3655 ex
754 3601 834 3656 eis
867 3602 1164 3658 instructus
1207 3610 1486 3674 agnoscat.
1531 3603 1750 3658 Futuris

155 3687 610 3758 promissionibus
637 3693 846 3760 credat,
879 3700 934 3748 et
957 3707 989 3747 a
1023 3693 1253 3764 strepitu
1285 3694 1626 3766 negotiorum
1655 3710 1750 3750 saa-

157 3783 422 3838 cularium
447 3787 840 3842 remotissimus
859 3787 1021 3842 vivat.
1051 3787 1108 3842 ln
1151 3788 1346 3842 studiis
1373 3788 1747 3858 spiritualibus

159 3875 359 3946 quibus
383 3877 573 3932 diebus
597 3877 822 3949 singulis
842 3879 1034 3935 melior
1053 3895 1117 3936 ac
1143 3880 1334 3936 melior
1364 3879 1457 3934 ﬁat
1483 3879 1746 3952 invigilet.

156 3966 322 4023 Amet
349 3968 521 4023 otium
565 3979 831 4030 sanctum.
875 3971 930 4024 in
959 3986 1066 4040 quo
1109 3981 1362 4027 exerceat
1410 3973 1606 4028 anima:
1638 3987 1750 4028 suae

157 4060 458 4128 negotium.
502 4058 776 4114 Mortuum
820 4061 923 4114 sibi
975 4061 1195 4130 deputet
1238 4063 1530 4127 mundum,
1582 4078 1644 4118 ac
1692 4078 1750 4118 se

158 4151 350 4205 mundi
410 4151 680 4208 illecebris
729 4152 986 4207 exhibeat
1036 4153 1395 4219 cruciﬁxum;
1459 4169 1525 4208 eo
1578 4155 1751 4210 aciem

159 4240 365 4296 mentis
392 4241 640 4297 intendat
666 4257 773 4312 quo
796 4257 1084 4314 pervenire
1114 4243 1406 4299 desiderat.
1455 4244 1751 4299 Beatitudi-

160 4348 292 4390 nem
336 4333 532 4395 futura:
559 4336 683 4390 vitae
711 4344 835 4391 ante
877 4335 1064 4392 oculos
1099 4336 1296 4391 animae
1331 4352 1442 4391 sum
1487 4345 1752 4406 proponat

161 4437 221 4483 et
248 4427 468 4500 diligat;
504 4445 604 4485 nec
631 4439 837 4485 metuat
857 4429 1057 4501 aliquid
1082 4429 1394 4500 temporale,
1419 4445 1518 4486 nec
1545 4429 1746 4500 cupiat,

160 4535 269 4577 nec
298 4521 566 4591 cupiditas
602 4521 956 4577 intentionem
977 4522 1174 4577 mentis
1202 4522 1319 4593 ejus
1344 4523 1600 4578 emolliat.
1632 4521 1748 4578 Non

159 4612 401 4684 gaudeat
441 4612 508 4667 de
533 4613 920 4682 temporalibus
958 4614 1197 4679 omnino,
1250 4630 1351 4670 nec
1394 4615 1605 4686 lugeat,
1655 4617 1751 4670 sed

160 4715 384 4771 semper
409 4700 479 4756 ad
510 4701 654 4756 illam
696 4702 908 4756 beatam
937 4710 991 4757 et
1019 4701 1253 4757 futuram
1284 4703 1444 4758 vitam
1472 4745 1486 4771 ,
1534 4705 1625 4759 ubi
1654 4703 1752 4758 Dei

161 4794 557 4860 substantiam,
585 4793 822 4849 revelata
851 4792 1009 4859 facie,
1043 4795 1226 4849 videre
1252 4795 1444 4864 possit,
1475 4795 1748 4850 extendat.

236 4883 327 4939 21.
363 4883 512 4939 Nihil
550 4885 716 4939 amori
746 4883 940 4938 Christi
964 4899 1265 4954 prteponere
1295 4883 1507 4955 (Matth.
1538 4884 1616 4951 x).
1649 4885 1751 4941 Le-

161 4977 343 5051 gimus
365 4976 419 5030 in
457 4975 599 5031 beati
639 4975 861 5030 Antonii
909 4975 1030 5030 Vita
1055 4975 1199 5045 quod
1242 4976 1439 5031 multos
1480 4976 1750 5049 litigantes

159 5067 375 5139 redegit
411 5068 466 5123 in
497 5068 790 5123 amicitiam
827 5069 1081 5124 omnibus
1113 5068 1335 5123 dicens:
1385 5068 1529 5124 Nihil
1555 5071 1754 5127 debere

161 5161 314 5230 ipsos
361 5175 676 5232 praeponere
709 5161 906 5215 horum
945 5176 1064 5230 qua:
1106 5169 1233 5216 sunt
1270 5161 1326 5216 in
1368 5163 1571 5217 mundo
1615 5163 1752 5218 dile-

161 5255 334 5310 ctioni
364 5254 587 5310 Christi.
620 5254 688 5308 Et
718 5254 949 5310 Basilius
979 5255 1055 5310 ait
1099 5274 1112 5310 :
1146 5254 1296 5312 Unus
1320 5264 1638 5327 prospectus
1683 5257 1755 5312 sit

162 5346 289 5410 tibi,
336 5346 451 5400 ﬁli:
493 5347 538 5401 si
579 5345 670 5400 uni
710 5344 940 5399 Domino
988 5346 1194 5402 servire
1239 5347 1537 5412 desideras,
1581 5348 1754 5402 omni-

157 5439 328 5495 modo
357 5438 610 5494 abscinde
649 5452 680 5491 a
713 5445 765 5491 te
793 5437 1065 5492 carnalem
1095 5453 1334 5493 amorem
1359 5481 1374 5504 ,
1408 5455 1478 5493 ne
1504 5456 1534 5493 a
1577 5448 1630 5494 te
1658 5441 1751 5495 Dei

160 5529 416 5585 excludat
464 5545 725 5584 amorem.
777 5530 918 5584 Vere
959 5529 1102 5585 enim
1150 5531 1283 5585 nihil
1333 5533 1503 5586 amori
1550 5531 1750 5587 Christi

158 5638 480 5693 praeponere
519 5623 798 5687 debemus,
846 5622 899 5677 id
949 5631 1051 5687 est,
1103 5632 1452 5692 anteponere,
1502 5625 1586 5679 vel
1616 5641 1752 5695 pne-

157 5715 332 5772 ferre.
382 5715 549 5770 Amor
583 5715 727 5770 enim
756 5713 957 5769 Christi
986 5713 1222 5768 charitas
1265 5726 1367 5769 est.
1420 5714 1557 5769 Nam
1597 5730 1752 5770 amor

159 5825 294 5871 cum
316 5824 518 5883 pravus
549 5815 654 5876 est,
700 5806 968 5878 cupiditas
998 5804 1084 5864 vel
1126 5804 1291 5863 libido
1318 5815 1572 5877 vocatur;
1621 5821 1747 5865 cum

1841 580 1908 634 sti
1938 581 2079 635 enim
2115 591 2198 637 est
2239 598 2400 638 omne
2446 587 2588 654 quod
2621 601 2945 657 possumus:
2996 587 3088 643 illo
3112 588 3424 649 viviﬁcante

1840 673 2091 740 vivimus,
2129 675 2325 746 illoque
2352 685 2642 748 vegetante
2669 693 2951 734 movemur
2974 687 3031 735 et
3057 695 3246 736 sumus
3270 697 3286 748 ;
3330 683 3423 739 illo

1841 781 1942 821 nos
1992 768 2144 837 prius
2193 769 2448 841 diligente
2500 769 2790 842 diligimus,
2850 773 3078 846 diligens
3127 775 3274 830 enim
3319 791 3422 832 nos

1841 860 2050 912 creavit
2077 868 2132 914 et
2177 861 2508 928 viviﬁcavit;
2552 863 2780 918 nutrivit
2821 874 2876 919 et
2903 865 3224 934 custodivit,
3263 875 3318 924 et
3353 868 3424 924 ad

1842 946 2118 1003 lavacrum
2141 951 2564 1021 regenerationis
2589 952 2868 1022 perduxit;
2894 956 3193 1023 renovavit,
3225 957 3423 1028 guber-

1843 1041 2012 1106 navit,
2043 1050 2098 1096 et
2125 1043 2192 1096 ad
2217 1043 2604 1115 intelligibilem
2625 1052 2840 1100 aetatem
2865 1047 3082 1101 evexit:
3107 1048 3226 1104 haec
3239 1050 3425 1105 omnia
3461 1072 3468 1079 ·

1845 1132 2002 1186 nobis
2030 1133 2454 1190 misericorditer
2480 1143 2536 1190 et
2560 1151 2658 1206 per
2683 1135 3024 1192 dilectionem
3059 1149 3316 1209 operatus
3339 1148 3426 1198 est

1847 1225 2008 1280 Deus.
2049 1225 2212 1295 Aperi
2245 1242 2392 1300 ergo,
2439 1247 2474 1286 o
2501 1230 2790 1297 monache,
2819 1231 3005 1287 oculos
3035 1233 3215 1290 cordis
3247 1237 3341 1301 tui,
3370 1245 3428 1293 et

1847 1317 1902 1371 in
1933 1325 2142 1372 tantum
2173 1326 2228 1373 te
2268 1333 2300 1372 a
2327 1318 2454 1374 Jesu
2482 1318 2697 1376 Christo
2743 1335 3008 1393 cognosce
3035 1321 3321 1391 dilectum,
3368 1333 3430 1382 ut

1845 1427 1948 1481 pro
1975 1419 2026 1464 te
2054 1411 2169 1481 ejus
2198 1413 2514 1483 sanguinem
2540 1429 2647 1468 non
2674 1414 2888 1470 dubites
2917 1414 3115 1471 fusum.
3147 1414 3429 1490 SuSpende

1849 1516 1943 1556 cor
1971 1511 2121 1556 tuum
2147 1501 2215 1556 ad
2245 1503 2582 1559 dilectionem
2612 1502 2751 1573 ejus,
2781 1511 2837 1561 et
2876 1521 2985 1562 non
3015 1506 3285 1562 modicum
3335 1515 3430 1562 aut

1849 1609 1915 1648 ex
1953 1594 2154 1663 aliquo,
2200 1594 2296 1649 sed
2333 1609 2401 1650 ex
2432 1602 2546 1650 toto
2575 1596 2757 1662 corde,
2788 1603 2844 1651 et
2867 1611 2935 1652 ex
2979 1604 3090 1652 tota
3124 1596 3326 1662 anima,
3379 1604 3434 1654 et

1849 1697 1917 1737 ex
1945 1691 2054 1737 tota
2091 1691 2273 1738 mente
2302 1692 2394 1738 tua
2424 1685 2586 1756 dilige
2612 1684 2900 1741 Dominum
2938 1687 3109 1742 Deum
3137 1695 3288 1743 tuum
3310 1729 3325 1751 ,
3357 1687 3432 1742 ita

1851 1782 1913 1828 ut
1952 1775 2150 1829 nullius
2171 1774 2250 1830 rei
2280 1790 2520 1830 amorem
2560 1791 2842 1846 praeponas
2872 1778 3044 1834 amori
3069 1778 3280 1834 Domini
3333 1778 3429 1844 tui,

1851 1865 1968 1936 ipso
1995 1873 2048 1920 te
2070 1865 2320 1932 docente,
2341 1865 2596 1938 intellige.
2615 1867 2707 1922 Ait
2728 1869 2871 1923 enim
2895 1883 2910 1923 :
2943 1867 3048 1935 Qui
3070 1878 3213 1923 amat
3231 1878 3434 1939 patrem

1850 1964 1940 2008 aut
1965 1964 2184 2009 matrem
2209 1954 2326 2026 plus
2345 1973 2504 2026 quam
2543 1973 2642 2022 me,
2664 1973 2770 2011 non
2793 1968 2866 2013 est
2889 1975 2970 2014 me
2999 1959 3189 2029 dignus
3214 1957 3429 2030 (Matth.

1849 2044 1948 2115 vi).
1990 2043 2125 2099 Vere
2154 2044 2300 2099 enim
2325 2045 2370 2099 si
2387 2044 2556 2099 Deum
2585 2053 2698 2101 toto
2723 2047 2887 2102 corde
2912 2063 3177 2113 amamus,
3207 2048 3430 2104 omnino

1851 2137 2022 2193 amori
2051 2135 2167 2204 ejus
2187 2153 2288 2192 nec
2313 2146 2617 2208 parentum,
2649 2154 2749 2195 nec
2775 2139 3007 2196 ﬁliorum
3036 2156 3274 2197 amorem
3299 2156 3436 2212 pra)-

1851 2231 1996 2288 ferre
2024 2232 2299 2286 debemus.
2341 2231 2506 2286 Beata
2531 2241 2613 2288 est
2635 2247 2764 2303 ergo
2785 2233 2959 2290 virtus
2983 2234 3183 2290 amoris
3208 2233 3432 2301 Christi,

1851 2338 1971 2393 qua:
1997 2321 2213 2377 dilectio
2239 2330 2462 2379 vocatur
2488 2329 2544 2377 et
2566 2323 2821 2379 charitas.
2854 2323 3054 2380 Omnes
3082 2324 3226 2380 enim
3256 2324 3435 2395 diligit

1851 2415 2014 2481 Deus,
2043 2423 2099 2470 et
2119 2415 2274 2484 quasi
2304 2414 2465 2468 unius
2494 2413 2726 2484 proximi
2757 2415 2814 2469 in
2845 2415 3043 2472 mentis
3070 2429 3272 2471 arcano
3314 2431 3434 2470 om-

1850 2507 2000 2560 nium
2027 2521 2267 2561 amorem
2306 2505 2567 2560 recondit.
2599 2505 2738 2560 Vere
2766 2504 2946 2574 beata,
2973 2521 3093 2576 quae
3120 2507 3292 2562 nutrit
3316 2507 3432 2560 vir-

1852 2603 1992 2650 tutes
2039 2603 2095 2650 et
2147 2595 2291 2649 delet
2338 2602 2600 2665 peccata,
2654 2595 2914 2665 opprimit
2970 2595 3146 2663 iram,
3204 2594 3437 2651 recludit

1849 2687 2056 2751 odium,
2107 2686 2328 2756 expellit
2357 2686 2667 2750 avaritiam,
2714 2687 3021 2757 comprimit
3060 2687 3235 2743 rixam
3264 2696 3320 2744 et
3347 2687 3433 2742 fu-

1849 2786 1940 2849 gat
1965 2777 2148 2832 omnia
2182 2777 2390 2847 paritcr
2429 2777 2579 2833 vitia.
2619 2778 2811 2833 Omnia
2841 2777 3056 2845 tolerat,
3091 2779 3273 2834 omnia
3309 2791 3433 2832 cre-

1849 2872 1950 2939 dit,
1978 2871 2160 2926 omnia
2190 2879 2392 2941 sperat,
2426 2872 2570 2927 inter
2602 2870 2890 2941 opprobria
2920 2885 3113 2927 secura
3139 2878 3242 2937 est,
3292 2870 3434 2926 inter

1850 2964 1961 3020 iras
1989 2963 2217 3034 placida,
2252 2963 2394 3019 inter
2422 2963 2546 3020 odia
2572 2964 2824 3036 benigna,
2856 2972 2913 3019 et
2939 2964 2996 3019 in
3030 2964 3259 3021 veritate
3285 2979 3430 3021 sem-

1849 3071 1946 3125 per
1975 3065 2258 3126 permanet
2289 3055 2462 3110 ﬁrma.
2507 3056 2555 3110 A
2591 3056 2776 3127 pravis
2804 3056 3297 3129 impugnationibus
3321 3071 3434 3112 non

1850 3149 2104 3213 vincitur,
2150 3164 2181 3203 a
2228 3149 2534 3219 raptoribus
2576 3164 2685 3204 non
2727 3149 3008 3218 diripitur,
3057 3165 3089 3204 a
3131 3149 3437 3212 latronibus

1851 3256 1959 3295 non
1992 3239 2225 3304 furatur,
2262 3240 2330 3294 ab
2360 3240 2610 3294 incendio
2652 3255 2761 3294 non
2785 3248 3077 3307 crematur,
3106 3241 3439 3312 inexpugna-

1847 3331 1971 3387 bilis
1997 3339 2198 3396 manet,
2236 3330 2626 3400 inexplicabilis
2653 3332 2842 3397 durat,
2894 3332 3218 3388 inconcussa
3242 3347 3434 3404 perse-

1847 3433 2020 3489 verat,
2077 3424 2386 3492 incorrupta
2434 3422 2665 3478 laetatur.
2729 3422 3104 3492 Ligamentum
3151 3434 3236 3480 est
3286 3422 3434 3480 enim

1848 3519 2093 3574 omnium
2119 3518 2401 3582 virtutum,
2449 3516 2633 3588 gluten
2679 3523 2765 3571 est
2789 3515 3110 3578 animarum,
3143 3515 3438 3572 concordia

1847 3609 2132 3674 mentium,
2165 3607 2398 3664 societas
2421 3605 2733 3670 electorum,
2777 3613 2834 3660 et
2857 3611 3168 3660 sanctorum
3194 3603 3433 3660 exsulta-

1849 3702 1924 3757 tio
1949 3701 2283 3772 angelorum.
2327 3697 2406 3755 Ne
2433 3697 2851 3753 adversitatibus
2882 3695 3183 3768 frangatur,
3221 3694 3437 3752 fortiter

1847 3802 2084 3850 mentem
2117 3794 2380 3856 roborat;
2437 3806 2506 3846 ne
2536 3789 2988 3860 prosperitatibus
3033 3787 3294 3855 elevetur,
3338 3802 3437 3844 cor

1848 3893 2007 3940 caute
2071 3890 2356 3953 temperat.
2422 3881 2631 3936 Teneat
2678 3897 2809 3951 ergo
2869 3880 3027 3935 istam
3075 3893 3296 3934 necesse
3349 3887 3437 3936 est

1849 3985 1961 4031 tam
2024 3975 2383 4030 clarissimam
2451 3972 2706 4027 virtutem
2771 3970 2962 4026 beatus
3024 3971 3321 4024 monachus
3377 3969 3436 4024 in

1849 4074 2056 4128 mente,
2105 4073 2163 4119 et
2191 4079 2313 4118 cum
2347 4062 2435 4116 illa
2470 4065 2542 4117 sit
2569 4076 2784 4130 semper
2827 4068 2882 4114 et
2910 4075 3030 4113 cum
3062 4057 3152 4112 illa
3198 4066 3438 4122 maneat,

1851 4170 1974 4210 cum
2003 4153 2090 4207 illa
2121 4163 2308 4222 surgat
2332 4159 2387 4204 et
2410 4166 2533 4206 cum
2555 4151 2669 4220 ipsa
2700 4157 2906 4219 pergat,
2937 4155 2993 4202 et
3017 4147 3106 4201 hic
3126 4155 3182 4201 et
3202 4147 3256 4201 in
3283 4157 3438 4203 aeter-

1850 4262 1980 4302 num
2003 4262 2125 4300 cum
2160 4245 2249 4298 illa
2277 4258 2492 4314 semper
2521 4242 2674 4296 laztus
2698 4254 3051 4312 perseverans
3075 4239 3237 4294 vivat.

1919 4338 2106 4393 22-25.
2138 4335 2287 4390 Iram
2315 4352 2418 4390 non
2448 4334 2714 4406 perﬁcere.
2750 4333 3056 4387 lracundim
3082 4341 3285 4402 tempus
3330 4349 3437 4389 non

1849 4445 2112 4484 reservare
2138 4427 2299 4498 (Eph.
2334 4425 2428 4495 tv).
2458 4426 2602 4480 inter
2624 4425 2761 4479 iram
2786 4431 2842 4480 et
2859 4423 3194 4479 iracundiam
3222 4425 3294 4480 ita
3320 4424 3433 4481 dis-

1773 4559 1827 4619 D
1853 4522 2113 4594 tinguitur
2147 4539 2159 4574 :
2212 4520 2291 4575 ira
2327 4535 2569 4591 pnes-ens
2605 4525 2689 4574 est
2734 4516 3060 4589 indignatio,
3110 4531 3230 4587 quae
3257 4517 3436 4574 subito

1854 4628 1922 4668 ex
1969 4612 2149 4680 aliqua
2195 4611 2556 4666 commotione
2605 4609 2770 4664 animi
2819 4608 3105 4676 nascitur;
3143 4609 3436 4665 iracundia:

1854 4704 2044 4757 vitium
2076 4701 2322 4756 naturale
2365 4709 2450 4757 est
2482 4710 2537 4756 et
2562 4708 2900 4771 perpetuum.
2946 4697 3088 4771 Ergo
3134 4699 3304 4755 iratus
3335 4714 3435 4769 pro

1857 4803 2101 4864 tempore
2125 4794 2463 4858 concitatur,
2493 4790 2785 4846 iracundus
2817 4797 2996 4844 autem
3036 4788 3348 4858 frequenter
3380 4797 3436 4845 et

1855 4889 2046 4944 leviter
2083 4886 2374 4949 irascitur;
2425 4868 2492 4939 de
2520 4899 2628 4952 quo
2677 4881 2938 4952 scriptum
2970 4889 3093 4936 est:
3142 4879 3436 4936 Iracundus

1856 4981 2042 5038 effodit
2065 4987 2306 5050 peccata.
2358 4975 2424 5031 Et
2465 4973 2754 5045 Apostolus
2789 4989 2888 5030 nos
2913 4988 3013 5044 per
3037 4972 3174 5026 iram
3209 4985 3435 5042 peccare

1853 5073 2122 5143 prohibet,
2164 5070 2388 5125 dicens:
2416 5065 2736 5130 Irascimini,
2778 5074 2828 5119 et
2870 5063 3029 5118 nolite
3068 5077 3301 5133 peccare.
3343 5057 3437 5114 Sol

1856 5181 1958 5220 non
1994 5161 2198 5216 occidat
2223 5157 2735 5231 superjracundiam
2764 5166 3026 5220 vestram;
3058 5165 3106 5208 et
3153 5151 3312 5206 nolite
3353 5150 3435 5204 lo-

1855 5272 1973 5310 cum
2006 5255 2136 5307 dare
2163 5251 2374 5306 diabolo
2407 5249 2566 5323 (Eph.
2599 5252 2695 5307 rvi.
2747 5247 3040 5304 Considera
3076 5260 3225 5315 ergo,
3277 5244 3434 5299 beate

1854 5347 2140 5411 monache,
2177 5344 2302 5414 quia
2330 5344 2421 5414 qui
2452 5359 2548 5414 per
2575 5344 2712 5398 iram
2739 5342 2794 5396 in
2833 5340 3057 5395 fratrem
3085 5338 3288 5409 expetit
3309 5337 3432 5392 vin-

1855 5437 2080 5503 dictam,
2128 5436 2182 5490 in
2212 5437 2375 5491 corde
2409 5450 2508 5490 suo
2538 5433 2749 5489 diabolo
2775 5432 2842 5486 ad
2877 5430 3227 5486 habitandum
3267 5428 3435 5484 aediﬁ-

1851 5541 1940 5586 cat
1967 5529 2168 5596 locum,
2195 5537 2251 5585 et
2281 5529 2520 5593 Christo,
2556 5527 2644 5596 qui
2673 5539 2834 5579 verus
2857 5532 2940 5580 est
2967 5522 3063 5586 sol,
3092 5531 3350 5592 quantum
3379 5522 3436 5579 in

1851 5622 2141 5690 semetipso
2170 5629 2275 5686 est,
2299 5635 2550 5678 occasum
2582 5623 2870 5686 prmparat.
2919 5614 3065 5686 Fuge
3091 5629 3240 5686 ergo,
3278 5613 3433 5670 auxi-

1849 5711 2015 5767 liante
2040 5713 2170 5780 Deo,
2203 5714 2360 5777 iram,
2383 5722 2437 5766 et
2462 5708 2568 5763 noli
2604 5723 2701 5777 per
2724 5707 2860 5760 iram
2883 5707 3036 5761 fratri
3069 5706 3292 5763 reddere
3315 5706 3435 5760 vin-

1849 5805 2070 5863 dictam.
2115 5805 2350 5864 Attende
2375 5801 2660 5873 diligenter
2704 5798 2834 5874 quid
2857 5815 2958 5859 nos
3000 5798 3199 5857 Paulus
3242 5796 3437 5878 admo-p
