3994 6462
539 274 653 335 763

1857 264 2216 323 SMARAGDI
2252 264 2549 322 ABBATIS

3731 269 3849 330 πει

534 378 679 449 tiens
701 387 865 445 dicat.
888 384 980 441 Ait
1001 384 1179 441 enim:
1208 382 1532 456 Deponentes
1553 382 1609 438 et
1624 396 1717 437 vos
1741 395 1947 435 omnem
1966 381 2124 447 iram,
2153 384 2207 445 Α
2230 380 2591 438 habitatorem
2618 370 2880 454 Spiritum
2901 394 3171 455 sanctum,
3201 388 3337 444 etin
3374 388 3565 447 futuro
3588 390 3847 450 ﬁliorum

534 492 593 539 α
616 481 1056 554 indiga-tiam,
1100 486 1153 535 es
1176 477 1438 534 tristitiam
1462 473 1690 549 (Caloss.
1731 474 1838 546 ιη).
1889 472 2127 531 Iacobus

534 589 761 647 quoque
796 574 967 632 dicit:
998 572 1095 628 Ira
1119 572 1258 627 enim
1295 570 1396 625 uiri
1430 568 1702 639 justitiam
1734 567 1835 622 Dei
1868 583 1973 621 non
2001 582 2125 637 ope-

536 679 696 728 ratur
718 670 864 742 (Jac.
888 668 962 741 ι).·
998 666 1257 723 Salomon
1279 679 1412 721 vero
1436 665 1553 719 ait:
1585 660 1745 717 Zelus
1774 668 1824 715 et
1848 660 2127 716 iracundia

536 762 787 819 asinum
831 760 943 816 dies
979 757 1152 832 (Eccl.
1408 757 1477 812 Et
1522 755 1689 811 alibi:
1728 752 1900 808 Homo
1927 751 2126 807 homini

538 867 712 914 servat
734 859 894 924 iram,
941 864 995 911 et
1036 874 1070 910 ιι
1110 855 1221 910 Deo
1260 853 1448 926 quierit
1472 849 1729 906 medelam
1772 846 1963 922 (Ibid.)
2009 846 2127 917 ipse

537 951 666 1005 dum
696 963 825 1007 caro
851 948 925 1004 sit
958 952 1142 1003 servat
1167 946 1330 1011 iram,
1370 950 1426 1000 et
1449 941 1908 1013 propinationem
1937 938 2074 1009 petis
2092 950 2126 990 a

534 1039 651 1095 Deo
671 1039 916 1096 velocem
944 1046 1004 1095 et
1028 1039 1218 1094 citam.
1253 1036 1360 1104 Qui
1388 1050 1519 1107 ergo
1552 1032 1742 1095 tarus
1769 1031 1872 1086 sibi
1900 1028 2125 1084 fratrem

534 1132 874 1201 reconcilias,
906 1132 1118 1188 tardius
1144 1132 1314 1186 Deum
1340 1128 1446 1187 sibi
1491 1126 1693 1199 placat.
1734 1123 1960 1178 Frustra
1980 1122 2124 1177 enim

532 1226 823 1298 propitiari
851 1226 955 1283 sibi
979 1225 1150 1279 Deum
1178 1224 1399 1293 quaem,
1426 1221 1520 1291 qui
1550 1220 1659 1279 cito
1698 1218 1915 1290 placare
1942 1216 2128 1287 proxi-

532 1326 685 1373 mum
710 1314 954 1388 negligit.
1000 1315 1125 1386 ipse
1157 1326 1375 1384 quoque
1404 1311 1669 1366 Dominus
1710 1316 1916 1374 noster,
1960 1308 2126 1363 totius

529 1405 794 1463 Ecclesia
820 1421 932 1461 sum
958 1406 1124 1461 decus
1146 1414 1203 1460 et
1222 1412 1603 1460 ornamentum
1627 1442 1643 1468 ,
1693 1401 1885 1457 doctor
1913 1408 1971 1454 et
1989 1414 2125 1469 pra:-

529 1497 762 1562 dicator,
788 1506 1022 1564 creator,
1052 1505 1234 1553 rector
1254 1504 1311 1553 et
1341 1496 1697 1568 gubernator,
1742 1493 1812 1547 ah
1839 1492 1921 1547 ira
1943 1506 2043 1547 nos
2068 1491 2125 1545 iu

530 1589 734 1648 fratres
758 1592 981 1648 omnino
1018 1604 1304 1647 removens
1346 1591 1460 1645 ait:
1512 1586 1699 1643 Omnis
1750 1586 1841 1657 qui
1877 1586 2126 1641 irascitur

531 1685 691 1757 fratri
710 1700 829 1751 suo,
854 1700 981 1741 reus
1001 1686 1098 1740 erit
1115 1685 1323 1755 judicio
1354 1682 1569 1754 (Matth.
1598 1681 1675 1753 v).
1708 1679 2019 1735 Cavendum
2042 1684 2124 1733 est

2226 479 2452 548 gloriam
2474 488 2531 534 et
2552 481 2929 537 hmreditatem
2956 483 3288 553 accipiamus
3314 494 3609 540 aeternam.

2295 571 2383 627 ἢεί.
2404 570 2598 626 Pacem
2621 571 2815 642 falsam
2831 590 2937 629 non
2956 574 3085 630 dare
3112 574 3287 648 (Psal.
3308 593 3485 642 um,
3510 576 3542 631 I
3566 576 3696 631 Pet.
3730 577 3841 649 ιιι).

2224 662 2285 719 ld
2306 673 2410 728 est,
2428 665 2676 723 osculum
2701 666 2787 722 vel
2800 667 3038 721 veniam.
3068 667 3302 725 Falsitas
3315 671 3595 746 appellata
3627 687 3663 724 a
3680 670 3845 728 fando

2227 753 2373 808 aliud
2410 770 2580 826 quam
2618 757 2761 826 quod
2788 771 2976 813 verum
3017 769 3120 814 est.
3172 759 3385 832 Negare
3411 763 3567 817 enim
3600 763 3698 818 vel
3732 778 3843 819 ma-

2227 847 2374 919 ligno
2404 847 2588 902 animo
2613 848 2794 905 celare
2816 851 2959 919 quod
2987 866 3175 907 verum
3206 859 3308 915 est,
3334 852 3553 908 falsitas
3581 860 3680 909 est
3704 872 3719 907 :
3743 855 3841 909 sie-

2226 945 2287 992 ut
2316 937 2502 1005 ludas,
2552 941 2645 1009 qui
2688 942 2903 1011 signum
2930 943 3080 1011 pacis
3117 943 3173 997 iu
3213 943 3394 998 dolum
3417 945 3756 1009 convertit,
3792 955 3841 1001 et

2226 1033 2354 1101 quia
2378 1031 2547 1089 falsus
2571 1034 2851 1089 confessor
2879 1035 3077 1102 fuerat,
3104 1044 3161 1091 et
3184 1036 3378 1092 falsam
3405 1054 3615 1110 pacem
3647 1039 3712 1093 in
3744 1039 3840 1095 Ec-

2225 1125 2394 1181 clesia
2447 1126 2734 1199 ﬁgurabat.
2784 1122 2921 1195 Quia
2953 1129 3183 1185 defalsa
3220 1145 3355 1201 pace
3386 1131 3672 1198 diximus,
3725 1148 3839 1201 qua

2226 1226 2522 1293 sunt‘veraa
2544 1220 2692 1289 pacis
2720 1222 3004 1275 commoda
3038 1222 3339 1277 videamus.
3374 1222 3443 1276 Et
3465 1223 3515 1277 si
3548 1238 3667 1293 pax
3716 1239 3839 1279 vera

2226 1317 2346 1375 est,
2390 1312 2658 1366 serenitas
2702 1312 2905 1366 mentis
2927 1320 2982 1367 et
3017 1313 3387 1383 tranquillitas
3412 1313 3639 1379 animi,
3680 1330 3837 1385 quam

2227 1417 2328 1456 nos
2357 1400 2646 1472 Apostolus
2691 1404 2941 1459 hortatur
2983 1405 3186 1459 habere
3230 1405 3456 1460 dicens:
3514 1403 3732 1460 Parens
3760 1423 3835 1460 se-

2222 1494 2488 1565 quimini,
2539 1505 2589 1548 et
2635 1497 3071 1563 sanctimoniam,
3117 1498 3230 1551 sine
3275 1514 3382 1567 qua
3431 1513 3595 1551 mo
3650 1498 3838 1552 ridebit

2226 1582 2398 1638 Deum
2421 1584 2607 1657 (Hebr.
2636 1588 2761 1657 xu).
2810 1587 2930 1657 ipse
2956 1602 3175 1658 quoque
3198 1588 3460 1643 Dominus
3498 1590 3559 1644 in
3580 1587 3836 1661 Evange-

2227 1675 2367 1748 gelio
2384 1676 2462 1730 ait
2486 1695 2498 1729 :
2533 1676 2685 1731 Beati
2705 1677 2938 1749 paciﬁci,
2967 1680 3216 1749 quoniam
3239 1680 3340 1749 ﬁlii
3361 1679 3462 1735 Dei
3496 1681 3835 1735 vocabuntur

529 1755 661 1849 ergo
684 1777 924 1833 maxime
947 1778 1231 1834 monachis
1255 1776 1349 1847 qui
1378 1776 1449 1831 ad
1467 1789 1663 1845 supera
1687 1772 1918 1827 feliciter
1938 1771 2126 1827 volunt
2152 1755 2200 1816 Β
2228 1765 2446 1838 (Matth.
2493 1766 2570 1838 ν).
2626 1768 2693 1821 Et
2734 1769 2975 1839 passioni
3018 1770 3131 1841 jam
3186 1771 3471 1841 proximus
3519 1772 3634 1827 hoc
3682 1774 3831 1829 nolui

528 1869 799 1926 scandere
839 1883 1005 1941 regna
1034 1872 1101 1923 ad
1147 1868 1398 1923 eilectum
1434 1881 1591 1922 suam
1639 1864 1938 1935 perducere
1964 1862 2120 1927 iram,

526 1963 626 2019 sed
654 1962 829 2032 magis
868 1969 1184 2017 mansuetos
1231 1973 1351 2015 esse
1398 1960 1467 2015 ad
1504 1971 1696 2014 omnes
1723 1964 1938 2026 oportet
1964 1963 2125 2024 atque

525 2053 867 2109 mitissimos.
920 2053 988 2107 Et
1016 2054 1061 2107 si
1091 2050 1383 2106 iracundia:
1413 2050 1567 2105 fumr
1599 2064 1788 2106 eorum
1829 2049 2125 2120 pulsaverit

524 2143 768 2198 animum
799 2183 814 2209 ,
867 2140 1143 2198 fraternus
1199 2154 1353 2196 amor
1401 2141 1725 2209 comprimat
1773 2139 1944 2194 illum.
1992 2139 2125 2193 Fra-

526 2239 683 2289 terna
712 2231 941 2287 dulcedo
968 2239 1234 2301 temperet
1262 2229 1599 2285 iracundiam
1616 2270 1629 2294 ,
1668 2228 1911 2282 fraterna
1939 2226 2122 2282 chari-

524 2330 614 2381 tas
641 2333 907 2395 temperet
930 2324 1328 2380 animositatem
1351 2363 1366 2388 ,
1398 2323 1639 2378 fraterna
1670 2321 1888 2377 dilectio
1913 2320 2124 2391 mitiget

523 2415 994 2488 indignationem:
1044 2416 1247 2486 grande
1279 2416 1428 2470 enim
1470 2415 1661 2470 vitium
1702 2423 1789 2470 est
1816 2411 2119 2469 iracundia.

521 2504 631 2567 Per
654 2509 791 2563 iram
819 2508 1083 2580 sapientia
1119 2508 1384 2578 perditur,
1418 2521 1519 2578 per
1546 2509 1685 2561 iram
1712 2505 1925 2575 iustitia
1958 2504 2125 2560 relin-

521 2600 727 2671 lruitur,
769 2614 868 2671 per
912 2600 1049 2654 iram
1077 2602 1311 2655 societas
1341 2598 1581 2654 fraterna
1628 2597 1974 2662 dissolvitur,
2021 2610 2124 2665 per

520 2692 661 2750 iram
690 2694 843 2763 pacis
868 2693 1160 2750 concordia
1208 2694 1477 2762 rumpitur
1498 2734 1513 2759 ,
1563 2707 1663 2763 per
1689 2693 1826 2747 iram
1864 2691 1951 2748 lex
1976 2691 2121 2747 veri~

523 2784 658 2839 tatis
691 2783 979 2839 amittitur.
1023 2783 1324 2838 iracundiae
1351 2783 1588 2838 stimulis
1620 2783 1884 2853 agitatum
1922 2794 2120 2851 corpus

521 2878 700 2932 totum
741 2876 945 2941 tremit,
992 2875 1175 2945 lingua
1218 2874 1478 2938 balbutit,
1526 2873 1709 2928 vultus
1741 2872 1990 2941 ignescit.
2023 2886 2122 2927 cor

521 2967 799 3039 palpitans
836 2966 1119 3030 tremulat,
1168 2973 1225 3021 et
1264 2963 1405 3020 oculi
1449 2964 1650 3020 turbati
1694 2963 1946 3035 caligant.
1993 2963 2120 3019 Hice

2224 1858 2544 1914 mandatum
2578 1861 2978 1916 commendavit
3020 1863 3245 1919 dicens:
3296 1862 3497 1917 Pacem
3541 1881 3727 1918 meca-
3770 1866 3827 1919 ds

2222 1951 2397 2015 vobis,
2439 1967 2622 2021 pacem
2659 1968 2826 2006 nteant
2856 1954 3163 2008 commendo
3186 1955 3329 2009 vobis
3367 1953 3560 2023 (Joan.
3592 1956 3740 2027 xw).
3772 1957 3832 2011 Et

2224 2045 2466 2099 addidit:
2521 2043 2646 2099 Non
2689 2046 2827 2100 sicut
2881 2046 3111 2101 mundus
3156 2046 3289 2113 dat,
3337 2065 3527 2117 pacem
3576 2050 3659 2102 lo
3690 2050 3825 2103 vobis

2222 2134 2420 2209 (ibid.),
2459 2137 2514 2193 id
2540 2147 2645 2203 est,
2675 2153 2785 2194 non
2812 2138 3071 2204 dolosam,
3099 2153 3207 2194 non
3235 2139 3448 2205 falsam,
3484 2141 3631 2196 sicut
3660 2140 3823 2197 Iudas

2218 2235 2278 2282 et
2307 2228 2425 2298 eius
2450 2244 2713 2298 sequaces
2740 2231 2942 2286 donant
2970 2271 2985 2297 ,
3028 2241 3191 2301 quam
3222 2241 3275 2285 et
3306 2232 3395 2286 hic
3440 2234 3609 2287 nobis
3637 2234 3821 2289 beatus

2221 2317 2548 2375 Benedictus
2576 2321 2811 2375 invicem
2848 2322 2983 2377 dare
3027 2330 3218 2385 vetat;
3266 2323 3359 2376 sed
3408 2339 3609 2380 veram
3636 2340 3820 2396 pacm

2220 2413 2522 2469 ascendens
2553 2413 2610 2469 in
2640 2414 2838 2469 etclam
2866 2415 3154 2471 tenendam
3196 2416 3368 2482 dedit,
3420 2426 3478 2471 et
3507 2418 3569 2471 in
3598 2418 3818 2474 har-eti-

2218 2510 2392 2558 tatem
2417 2504 2805 2574 sempiternam
2830 2505 3134 2561 habendam
3157 2505 3399 2577 reliquit.
3432 2505 3619 2573 Quam
3648 2509 3701 2562 si
3725 2508 3820 2563 sie

2220 2608 2351 2651 eero
2386 2594 2551 2651 corde
2585 2603 2774 2651 tenere
2813 2607 2869 2650 et
2896 2597 3051 2667 sequi
3097 2596 3458 2664 voluerimus,
3492 2596 3601 2652 ﬁlii
3634 2599 3735 2653 Dei
3772 2610 3819 2653 et

2220 2687 2466 2743 haircdes
2495 2687 2701 2743 erimus
2724 2687 2950 2743 Christi.
2983 2689 3127 2759 Ergo
3155 2688 3202 2743 si
3234 2686 3331 2743 lilii
3360 2688 3465 2743 Dei
3494 2699 3555 2743 et
3585 2689 3820 2744 medea

2214 2777 2425 2835 Christi
2454 2792 2575 2835 esse
2598 2780 2868 2849 cupimus,
2905 2780 2961 2834 iu
2983 2779 3187 2835 Christi
3214 2795 3352 2851 pace
3375 2795 3687 2836 versamur.
3718 2780 3822 2835 Pa-

2218 2868 2407 2925 ciﬁcos
2453 2870 2599 2925 enim
2648 2884 2771 2927 esse
2813 2879 3029 2941 oportet
3076 2870 3216 2927 ﬁlios
3252 2871 3350 2926 Dei
3374 2912 3391 2937 ,
3454 2879 3515 2928 ot
3571 2872 3816 2938 humiles,

2216 2970 2402 3017 mente
2428 2962 2610 3029 mites,
2639 2963 2803 3018 corde
2822 2963 3117 3034 simplices,
3147 2976 3405 3018 sermone
3426 2977 3629 3034 puros,
3652 2963 3819 3018 animo

522 3064 656 3131 ergo
684 3073 754 3115 ne
779 3060 902 3127 tibi,
948 3060 1233 3125 monacho,
1266 3059 1603 3130 contingant,
1637 3065 1903 3127 quantum
1944 3058 2113 3124 vales,
2149 3120 2186 3131 _
2214 3055 2561 3123 innocentes,
2588 3056 2785 3112 aﬂ'ectu
2815 3057 3135 3127 concordes,
3166 3057 3406 3115 ﬁdeliter
3442 3059 3818 3115 sibinam

520 3120 742 3207 reirena
775 3120 936 3217 iram,
968 3159 1024 3206 et
1049 3120 1231 3206 omnia
1256 3165 1378 3205 cum
1407 3120 1801 3220 tranquillitate
1832 3156 1889 3204 et
1908 3120 2116 3220 ραιὶθῶ
2218 3149 2441 3206 nimiter
2462 3120 2817 3207 cohaerentes.

517 3242 620 3309 tle,
660 3250 721 3298 ut
753 3250 814 3299 et
859 3243 950 3298 hic
978 3250 1032 3297 te
1061 3243 1304 3297 modeste
1330 3249 1386 3297 et
1430 3242 1699 3312 patienter
1738 3242 2032 3313 gubernes,
2060 3249 2118 3298 et

519 3333 578 3393 in
602 3342 866 3391 teternum
891 3335 1087 3390 anima:
1108 3343 1213 3389 tum
1236 3350 1521 3406 possessor
1556 3335 1775 3390 laeteris.

589 3425 680 3481 24.
715 3425 908 3481 Delum
932 3428 992 3481 in
1013 3428 1170 3482 corde
1196 3444 1301 3482 non
1331 3437 1504 3482 tenere
1530 3425 1715 3499 (Prov.
1755 3443 1832 3482 xu
1859 3437 1916 3483 et
1944 3442 2075 3483 xxv:
2098 3443 2115 3495 ;

519 3514 673 3573 Psal.
718 3517 855 3591 ιη).
884 3517 1053 3573 Dolus
1069 3519 1216 3573 enim
1241 3519 1420 3572 dictus
1440 3518 1510 3576 ab
1531 3532 1598 3572 eo
1615 3518 1762 3588 quod
1789 3519 1932 3575 alter
1948 3519 2116 3574 alium

521 3607 761 3664 deludat.
808 3609 967 3664 Aliud
993 3610 1141 3664 enim
1170 3617 1321 3665 tenet
1350 3611 1407 3665 in
1434 3612 1620 3679 corde,
1662 3611 1811 3666 aliud
1845 3626 1905 3668 se
1943 3613 2117 3668 simu-

517 3696 599 3754 lat
620 3713 785 3770 agere
808 3699 866 3754 in
889 3712 1073 3769 opere.
1125 3700 1225 3755 Est
1250 3700 1395 3754 enim
1417 3702 1618 3757 mentis
1638 3701 1928 3768 calliditas,
1957 3711 2014 3759 et
2033 3719 2122 3759 oo-

518 3790 666 3851 eulta
690 3790 895 3847 malitia
923 3792 1136 3847 blandis
1154 3794 1499 3849 sermonibus
1529 3795 1812 3850 adornata.
1860 3796 2015 3864 Quod
2035 3798 2118 3852 vi-

516 3882 657 3942 tium
683 3892 887 3955 quanto
920 3884 1039 3954 plus
1068 3885 1375 3941 occultatur
1406 3886 1462 3941 in
1488 3888 1675 3955 corde,
1706 3894 1858 3945 tanto
1881 3890 2117 3961 amplius

517 3977 717 4036 crescit
756 3976 815 4032 in
852 3976 1208 4048 malignitate.
1257 3976 1600 4034 Publicatum
1638 3988 1818 4037 autem
1850 3984 2118 4039 annihila-

516 4078 609 4127 tur
652 4078 817 4140 atque
856 4076 1100 4124 sanatur.
1154 4068 1295 4137 Quid
1335 4078 1420 4126 est
1462 4070 1610 4126 enim
1655 4072 1805 4127 aliud
1835 4073 2017 4129 dolum
2059 4075 2117 4130 in

516 4165 682 4221 corde
706 4170 912 4228 tenere,
946 4161 1048 4216 nisi
1074 4161 1476 4232 quodammodo
1505 4163 1803 4220 daemonem
1835 4165 1892 4220 in
1928 4174 2113 4221 mente

516 4257 797 4314 recludere
814 4256 840 4310 Ἰ
863 4254 965 4323 Qui
993 4254 1151 4311 aliter
1176 4271 1207 4310 a
1233 4256 1419 4312 dolosa
1448 4273 1556 4313 non
1584 4257 1876 4329 expellitur
1912 4268 2113 4326 mente,

514 4347 622 4405 nisi
651 4346 890 4401 fraterna
916 4345 1222 4402 dilectione.
1277 4346 1558 4419 Scriptum
1599 4357 1683 4405 est
1728 4350 1914 4405 enim:
1964 4349 2118 4405 Tem-

516 4438 664 4511 plum
694 4437 793 4492 Dei
816 4438 961 4503 estis,
1004 4447 1051 4491 et
1076 4438 1294 4509 spiritus
1320 4439 1536 4495 Domini
1563 4441 1769 4497 habitat
1796 4443 1853 4497 in
1895 4442 2039 4498 vobis
2061 4443 2115 4517 (1

2289 3241 2380 3295 96.
2413 3241 2738 3314 (ΑΖξέι-ᾐιαιεπι
2766 3258 2871 3297 non
2899 3240 3260 3314 derelinquere
3286 3239 3478 3311 (Rom.
3511 3256 3624 3308 In,
3653 3238 3688 3294 1
3706 3238 3817 3295 Cet.

2216 3333 2355 3405 ιη).
2380 3304 3346 3405 Win
3369 3334 3555 3389 Deum
3659 3332 3819 3405 proui-

2216 3441 2392 3493 mum,
2417 3443 2581 3498 quam
2610 3429 2703 3500 qui
2743 3427 3089 3499 derelinquit,
3128 3435 3185 3482 et
3222 3427 3396 3481 Deum
3430 3431 3494 3480 et
3517 3426 3816 3497 proximu-

2217 3522 2421 3592 pcrdit.
2470 3521 2597 3577 llaec
2640 3522 2789 3578 enim
2817 3522 2992 3577 virtus
3033 3521 3340 3577 dilectionis
3369 3527 3657 3576 asternum
3681 3533 3815 3573 eon-

2218 3613 2480 3685 plectitur
2521 3628 2785 3670 amorem.
2836 3613 2935 3669 Cui
2962 3614 3213 3685 specialis
3254 3614 3574 3669 secundum
3599 3614 3818 3685 Apes»

2214 3705 2331 3761 ium
2355 3707 2498 3762 inter
2525 3708 2757 3763 virtutes
2785 3706 3023 3763 traditur
3050 3706 3388 3777 principatus
3417 3710 3480 3760 et
3505 3705 3693 3761 cultus
3718 3718 3819 3759 ina-

2218 3813 2356 3855 nens
2384 3800 2441 3853 in
2463 3810 2750 3856 aeternum.
2799 3801 2975 3869 Quam
3004 3816 3115 3857 non
3163 3800 3579 3872 derelinquere,
3619 3813 3817 3855 neeso-

2214 3891 2331 3947 lum
2371 3891 2629 3947 debemus
2658 3894 2726 3948 ad
2762 3899 2978 3963 tempus
3007 3892 3239 3959 habere,
3273 3892 3371 3947 sed
3399 3892 3681 3963 perpetim
3709 3904 3817 3946 ean

2217 3990 2276 4039 et
2300 3983 2536 4039 feliciter
2562 3983 2824 4042 debemus
2854 4000 3026 4056 usque
3066 3984 3122 4040 in
3148 3991 3413 4039 aeternum
3446 3985 3728 4047 retinere,
3773 3988 3820 4036 et

2218 4074 2370 4132 nullo
2399 4084 2641 4145 tempore
2666 4091 2768 4132 nec
2794 4077 2862 4132 ad
2888 4084 3222 4131 momentum
3252 4074 3320 4129 de
3343 4084 3543 4130 nostra
3569 4074 3817 4130 debeas

2219 4175 2402 4223 mente
2434 4168 2685 4224 deiicere.
2733 4166 3009 4239 Scriptum
3037 4175 3121 4224 est
3147 4167 3293 4222 enim
3324 4181 3340 4220 :
3396 4165 3565 4220 Omni
3593 4176 3817 4237 tempore

2218 4259 2324 4315 sint
2350 4261 2656 4316 vestimenta
2688 4269 2781 4315 tua
2825 4260 3078 4325 candida,
3131 4270 3180 4314 et
3212 4258 3387 4313 deum
3430 4258 3503 4313 de
3538 4258 3717 4333 capite
3740 4268 3819 4309 tu

2216 4366 2325 4406 non
2353 4351 2566 4421 deﬁciat
2610 4351 2780 4426 (Eccl.
2816 4353 2916 4423 rx).
2946 4350 3139 4408 Oleum
3170 4352 3225 4406 in
3255 4351 3435 4422 capite
3459 4359 3557 4407 est
3584 4350 3819 4407 Charitas

2216 4445 2275 4501 in
2306 4456 2506 4504 mente.
2558 4446 2604 4499 Α
2631 4445 2809 4517 capite
2850 4445 3031 4501 oleum
3077 4443 3297 4512 deﬁcit,
3343 4459 3475 4499 cum
3501 4444 3755 4499 Charitas
3789 4456 3818 4494 a

514 4509 642 4587 Cor.
675 4530 781 4602 Ill).
822 4529 964 4601 Ergo
992 4529 1038 4586 si
1073 4531 1319 4588 volumus
1368 4533 1607 4604 Spiritus
1636 4535 1810 4591 sancti
1854 4509 2114 4607 templum
2137 4509 2194 4572 Β
2219 4549 2404 4595 mente
2424 4509 2727 4595 descendit.
2758 4536 2899 4593 illuc
2924 4552 3027 4594 nos
3045 4536 3241 4593 Petrus
3261 4509 3552 4607 apostolus
3572 4538 3820 4592 hortatur

515 4621 660 4690 ﬁeri,
704 4621 860 4679 dolus
888 4624 944 4678 in
975 4626 1137 4695 corde
1181 4639 1372 4683 nostro
1410 4640 1518 4682 non
1562 4627 1767 4697 lateat,
1799 4629 1895 4684 scd
1938 4632 2114 4704 magis

513 4712 819 4790 publicatus
845 4716 1160 4786 decrescat,
1192 4730 1248 4775 et
1269 4717 1631 4776 fraternitatis
1655 4722 1710 4777 in
1743 4724 1905 4780 nobis
1925 4739 2113 4782 amore

513 4822 794 4873 Crescente
826 4816 1042 4886 penitus
1078 4825 1385 4872 evanescat.
1441 4816 1756 4874 Cavendum
1798 4827 1882 4875 est
1929 4829 2113 4877 autem

514 4920 858 4978 summopere
883 4909 1166 4969 monachis
1188 4949 1204 4975 ,
1238 4924 1305 4964 ne
1328 4909 1381 4963 in
1416 4911 1582 4969 corde
1625 4912 1857 4967 tenendo
1898 4911 2106 4983 dolum,

510 4998 744 5075 perdant
772 5000 1133 5057 habitatorem
1162 5000 1423 5071 Spiritum
1471 5012 1739 5059 sanctum.
1790 5002 2106 5061 Cavendum

512 5106 586 5148 ne
614 5092 866 5148 desinant
904 5108 1025 5149 esse
1066 5091 1301 5165 Spiritus
1328 5097 1504 5153 sancti
1533 5097 1816 5168 templum,
1866 5108 1921 5153 ct
1947 5098 2103 5169 ﬁant,

511 5178 763 5239 habendo
791 5183 1002 5251 dolum,
1057 5186 1317 5249 dzemonis
1360 5188 1747 5247 habitaculum.
1797 5190 1917 5248 Non
1958 5194 2105 5250 enim

510 5276 717 5350 poterit
745 5293 842 5332 cor
860 5292 1027 5332 unum
1054 5277 1340 5335 Dominum
1364 5283 1601 5339 retinere
1628 5283 1790 5339 simul
1820 5292 1876 5340 et
1895 5284 2102 5341 dolum.

511 5359 633 5425 Non
673 5369 819 5424 enim
844 5362 1104 5427 Dominus
1134 5372 1343 5441 dolosa,
1394 5376 1488 5431 sed
1528 5377 1835 5435 innocentia
1864 5379 2105 5448 possidet

513 5461 699 5518 corda.
726 5460 842 5517 Non
869 5462 991 5519 dolo
1022 5464 1308 5536 pollutam,
1337 5470 1430 5523 sed
1457 5469 1801 5531 innocentem
1832 5478 1885 5527 et
1908 5486 2105 5545 puram

511 5550 689 5625 diligit
715 5555 971 5612 animam.
1027 5558 1176 5615 Unde
1214 5578 1436 5619 necesse
1466 5574 1550 5619 est
1580 5574 1638 5619 ut
1682 5565 2020 5622 dimittamus
2046 5565 2102 5621 in

510 5646 678 5703 corde
700 5655 883 5705 tenere
904 5650 1106 5717 dolum,
1131 5663 1184 5708 et
1209 5654 1478 5731 discamus
1506 5667 1565 5711 ut
1595 5659 1950 5726 nosmetipsos
1981 5656 2102 5712 dili-

509 5752 640 5826 gere
666 5739 979 5815 proximos,
1025 5754 1087 5804 ut
1112 5754 1169 5807 et
1195 5747 1254 5807 in
1279 5752 1536 5823 prmscnti
1573 5751 1768 5811 saeculo
1792 5765 2099 5817 mereamur

2218 4632 2407 4689 dicens
2432 4650 2446 4687 :
2477 4632 2612 4686 Ante
2628 4633 2809 4687 omnia
2832 4640 3073 4686 mutuam
3102 4632 3157 4685 in
3186 4628 3327 4686 vobis
3352 4630 3681 4684 clior-iratam
3707 4644 3817 4682 cos-

2216 4724 2421 4778 tinuam
2452 4723 2698 4778 habentes
2729 4721 2782 4797 (1
2811 4720 2931 4801 Pet.
2963 4723 3061 4797 tv).
3086 4720 3223 4779 Hinc
3247 4721 3450 4778 Paulus
3479 4723 3565 4776 ait
3591 4740 3605 4752 '
3640 4719 3819 4775 Chari-

2214 4822 2298 4871 tas
2324 4815 2674 4886 fraternitatis
2717 4826 2928 4871 maneat
2968 4817 3027 4872 in
3069 4815 3211 4872 vobis
3250 4813 3409 4887 (Heb.
3447 4814 3597 4883 xm).
3650 4813 3818 4867 Debet

2213 4922 2345 4979 ergo
2376 4924 2597 4964 manere
2622 4916 2678 4963 et
2714 4922 3034 4979 permanere
3064 4923 3186 4963 cum
3236 4906 3361 4963 ﬁliis
3408 4906 3505 4961 Dei
3551 4905 3816 4969 charitas,

2211 5009 2273 5055 ut
2300 5001 2434 5055 etin
2462 5000 2715 5071 praesenti
2748 5000 3084 5055 voluntatem
3111 4998 3205 5055 Dei
3233 5013 3329 5055 eos
3364 4997 3558 5055 facetae
3601 4999 3813 5059 doceat.

2210 5103 2267 5151 et
2293 5109 2415 5150 cum
2438 5092 2543 5149 illis
2563 5093 2794 5150 feliciter
2819 5095 2874 5150 in
2895 5102 3161 5150 :eternum
3185 5099 3524 5164 permaneat.
3550 5090 3816 5166 Qui!!!

2209 5197 2295 5245 est
2338 5189 2483 5244 enim
2518 5196 2665 5243 recta
2693 5186 2947 5261 voluntas
2955 5186 3167 5259 jungat
3194 5185 3335 5257 Deo,
3383 5192 3442 5239 et
3467 5179 3817 5254 inseparabi-

2209 5283 2334 5339 liter
2355 5283 2505 5339 unita
2541 5284 2666 5355 igne
2693 5282 2928 5361 quodam
2956 5278 3386 5361 Spiritusmpti
3411 5294 3426 5332 :
3470 5266 3815 5349 θᾟὸἷῖι

2210 5393 2371 5449 quem
2418 5375 2654 5432 refertur
2694 5358 2943 5431 incon—sal
2960 5358 3392 5444 inquinamentis
3430 5370 3700 5426 omnibus
3722 5381 3817 5423 et-

2209 5479 2424 5537 tranea,
2457 5469 2735 5539 corrumpi
2772 5468 2978 5534 nescia,
3032 5466 3166 5523 nulli
3191 5465 3325 5520 vitio
3347 5463 3616 5529 obnoxia,
3645 5470 3814 5532 supra

2204 5566 2391 5622 omnia
2435 5580 2553 5634 qua:
2598 5562 2893 5619 carnaliter
2923 5561 3225 5633 diliguntur
3265 5557 3516 5624 excelsa,
3555 5553 3815 5610 aﬂectio-

2202 5673 2332 5713 num
2363 5657 2604 5712 omnium
2647 5654 3047 5727 potentissima,
3096 5647 3813 5735 divinaeicontemplationis

3620 5266 3789 5279 εὴ

2198 5751 2379 5859 aliis,
2425 5750 2484 5808 in
2525 5749 2780 5810 omnibus
2830 5762 3050 5823 semper
3078 5743 3512 5815 Evicta’fsalus
3557 5759 3807 5811 morum.
