3994 6456
173 372 282 439 765

1214 374 1572 435 COMMENT.
1610 373 1681 431 ιΝ
1716 370 1879 435 REG.
1918 372 1977 430 S.
2018 371 2401 432 BENEDICTI.

3333 375 3434 433 766

170 502 325 547 mors
346 488 659 557 criminum,
694 490 802 555 vita
847 489 1129 559 virtutum,
1176 490 1351 547 virtus
1376 489 1751 563 pugnantium,
1778 490 1833 557 Α
1857 487 2162 559 apostolus,
2216 488 2433 557 Quando
2474 487 2569 555 ait,
2637 488 2768 547 Ante
2814 488 2989 549 omnia
3041 489 3201 553 nolite
3247 491 3437 563 jurare

167 580 355 657 palma
384 582 675 650 victorum,
718 584 1002 655 prmmium
1022 584 1426 657 perfectorum;
1478 586 1534 640 in
1567 599 1759 655 pecca-

170 672 245 731 tis
282 680 527 731 mortuos
555 677 803 741 suscitat,
832 676 1153 747 languentes
1180 687 1362 742 sanat,
1403 678 1645 748 perditus
1675 677 1760 732 in—

168 772 405 831 staurat,
437 782 585 841 spem
631 768 928 840 desperatis
959 771 1205 841 inspirat,
1252 771 1509 842 pacificas
1549 779 1759 833 mentes

170 854 486 922 inhabitat;
514 856 792 925 fructuosa
822 861 875 917 in
907 863 1312 932 paenitentibus,
1362 863 1482 923 laeta
1514 864 1569 919 in
1595 862 1761 933 proli-

166 948 462 1014 cientibus,
494 949 729 1025 gloriosa
758 951 812 1006 in
840 953 1330 1022 perseverantibus,
1354 962 1411 1017 et
1437 969 1667 1025 operosa
1703 954 1760 1013 in

166 1041 426 1097 omnibus
452 1044 676 1101 omnino
710 1044 960 1105 ﬁdelibus
988 1064 1002 1111 ;
1053 1062 1216 1116 quam
1246 1047 1381 1105 lides
1403 1048 1663 1118 concipit,
1691 1047 1759 1109 ad

168 1146 334 1200 quam
364 1147 489 1201 spes
520 1134 714 1199 currit,
756 1135 846 1190 cui
874 1134 1153 1205 profectus
1186 1137 1430 1195 omnium
1464 1137 1653 1201 servit,
1691 1150 1759 1192 ex

167 1237 280 1294 qua
312 1223 574 1299 quidquid
606 1224 840 1287 cstboni
868 1227 1050 1297 operis
1072 1227 1224 1292 vivit,
1253 1228 1354 1285 sub
1375 1241 1484 1297 qua
1509 1225 1763 1283 obedien-

168 1313 244 1368 tia
275 1315 495 1381 crescit,
518 1332 623 1384 per
658 1334 820 1391 quam
849 1320 1111 1389 patientia
1138 1320 1337 1385 vincit,
1368 1320 1485 1374 sine
1502 1336 1617 1390 qua
1642 1319 1762 1375 nul-

168 1402 260 1460 lus
300 1407 410 1461 Deo
451 1407 656 1481 placuit
698 1426 798 1471 nec
832 1410 1103 1481 placebit,
1151 1427 1273 1466 cum
1301 1426 1407 1481 qua
1446 1425 1546 1465 nec
1588 1409 1765 1480 potuit

168 1496 370 1567 aliquis
395 1514 644 1570 peccare,
672 1516 771 1559 nec
796 1502 1018 1572 poterit.
1060 1501 1199 1556 ,Ηωε
1225 1511 1309 1561 εει
1340 1501 1583 1559 alacritas
1609 1515 1762 1566 vera,

165 1602 336 1659 quam
361 1604 462 1644 nos
506 1606 613 1647 non
644 1592 1044 1660 derelinquere,
1096 1592 1192 1647 sed
1240 1592 1458 1649 fortiter
1504 1593 1764 1653 debemus

164 1686 379 1737 tenere.
432 1679 557 1736 Hau:
582 1682 727 1743 enim
757 1682 910 1739 nobis
951 1684 1124 1739 virtus
1170 1700 1335 1754 super
1359 1684 1544 1743 omnia
1572 1697 1765 1739 neces-v

165 1772 315 1828 saria
341 1781 442 1839 est,
472 1790 592 1843 qua:
614 1791 713 1831 nos
733 1785 952 1847 separat
977 1793 1009 1830 a
1036 1777 1271 1843 diabolo,
1302 1778 1553 1853 purificat
1576 1792 1606 1831 a
1636 1791 1761 1845 pee-

1858 580 2000 655 (Jac.
2027 582 2104 654 v),
2131 591 2319 637 cautos
2348 597 2447 638 nos
2474 580 2602 637 fecit
2624 584 2885 645 adversus
2908 583 3150 655 linguam
3171 591 3435 651 nostram,

1856 682 1915 729 ut
1942 674 2285 730 attendamus
2312 681 2367 728 et
2388 672 2697 744 vigilemus,
2742 689 2810 730 ne
2833 674 3090 745 subrepat
3120 675 3278 731 nobis
3305 690 3438 730 con-

1858 762 2336 831 Suetmloiurandi.
2387 762 2527 819 Ante
2557 765 2758 829 omnia,
2790 765 2985 837 inquit,
3020 777 3077 820 ut
3107 774 3160 821 te
3181 766 3442 825 adversus

1858 855 2300 915 consuetudinem
2344 852 2555 921 iurandi
2601 855 3030 912 intentissimum
3058 856 3328 921 redderet,
3381 862 3444 911 ut

1858 948 2040 1009 omnia
2070 957 2125 1001 tu
2171 947 2466 1018 inspiceres
2492 989 2506 1014 ,
2556 955 2611 1002 et
2647 963 2835 1003 omnes
2884 958 3064 1005 motus
3105 949 3305 1021 linguae
3336 959 3441 1005 tuae

1860 1037 2270 1107 diligentissime
2292 1038 2611 1097 custodires.
2663 1035 2956 1109 Sequitur:
2991 1049 3048 1103 ut
3087 1058 3191 1095 non
3220 1042 3276 1095 in
3296 1041 3445 1112 judi-

1860 1131 1940 1189 cio
1983 1129 2255 1185 decidatis.
2305 1130 2470 1199 Ideo,
2517 1129 2717 1200 inquit,
2767 1145 2865 1185 vos
2895 1119 2925 1195 a
2946 1131 3237 1201 iurationis
3284 1133 3444 1204 culpa
3548 1116 3561 1139 ’

1859 1234 2146 1291 compesco
2170 1260 2186 1285 ,
2236 1234 2307 1275 ne
2350 1219 2664 1289 frequenter
2704 1234 2833 1274 vera
2871 1218 3106 1289 iurando
3149 1220 3442 1295 aliquando

1814 1330 1817 1337 ·
1862 1313 2025 1368 etiam
2055 1312 2109 1366 in
2141 1309 2438 1381 periurium
2481 1311 2769 1381 deeidatis,
2801 1310 2894 1366 sed
2937 1326 3003 1366 eo
3030 1310 3239 1385 longius
3264 1327 3295 1369 a
3321 1328 3445 1383 per-

1856 1401 2072 1475 iurandi
2137 1403 2267 1457 vitio
2314 1402 2504 1469 stetis,
2553 1417 2660 1473 quo
2704 1417 2805 1457 nec
2866 1417 2993 1456 vera
3052 1401 3296 1471 deierare
3343 1402 3446 1457 nisi

1860 1495 2106 1565 proxima
2136 1494 2464 1548 necessitate
2492 1491 2689 1549 velitis.
2734 1491 2839 1547 Sed
2864 1499 2918 1547 et
2948 1492 3036 1548 ille
3057 1492 3158 1547 sub
3176 1491 3447 1564 judicium

1864 1595 2047 1639 reatus
2075 1583 2293 1648 decidit,
2342 1584 2433 1654 qui
2461 1583 2559 1645 etsi
2591 1598 2863 1654 nunquam
2908 1581 3174 1653 periurat,
3204 1582 3450 1639 crebrius

1866 1684 2044 1730 tamen
2067 1690 2228 1745 quam
2255 1689 2389 1743 opus
2416 1683 2500 1728 est
2528 1670 2753 1741 dejerat,
2783 1673 2910 1747 quia
2938 1673 3195 1728 nimirum
3226 1672 3340 1743 ipsa
3366 1685 3453 1726 su-

1862 1766 2068 1838 perflua
2110 1766 2395 1820 locutionis
2433 1766 2711 1821 otiositate
2762 1765 3064 1836 delinquit,
3122 1762 3453 1833 offenditque

168 1871 316 1929 cato,
350 1865 666 1921 reconciliat
686 1843 816 1923 Deo:
848 1868 1189 1938 Quapropter
1209 1843 1343 1924 nihil
1362 1870 1517 1927 nobis
1538 1843 1760 1939 peccata
1789 1843 1837 1917 Β
1859 1856 2118 1929 iudicem,
2152 1858 2244 1928 qui
2274 1864 2328 1915 et
2351 1856 2540 1915 inutile
2566 1856 2792 1912 verbum
2816 1864 2872 1912 et
2893 1856 3265 1929 iuramentum
3292 1868 3454 1910 omne

168 1970 456 2011 remanere
481 1967 728 2026 possunt,
779 1974 881 2015 nec
902 1959 1105 2030 aliquid
1128 1959 1256 2015 boni
1281 1961 1477 2025 deerit,
1510 1960 1559 2015 si
1605 1960 1763 2017 nobis

167 2050 436 2109 honorum
477 2055 721 2110 omnium
752 2055 993 2115 cbaritas
1020 2059 1282 2126 magistra
1313 2055 1569 2111 adfuerit.
1619 2054 1762 2121 Quo-

169 2142 319 2197 niam
368 2143 414 2198 si
458 2145 755 2209 seeundum
796 2145 1115 2214 Apostolum
1144 2146 1378 2205 cliaritaa
1423 2147 1628 2215 patiens
1664 2153 1761 2210 est,

171 2231 394 2304 benigna
430 2244 527 2301 est,
559 2252 665 2289 non
708 2234 1016 2301 tumulatur,
1063 2252 1168 2291 non
1197 2237 1305 2305 agit
1332 2254 1625 2307 perperam,
1660 2254 1765 2297 non

166 2323 414 2394 inﬂatur,
436 2343 543 2381 non
575 2336 652 2381 est
675 2326 976 2393 ambitiosa,
1010 2343 1113 2381 non
1143 2330 1333 2398 qurerit
1358 2346 1475 2400 quae
1498 2347 1597 2387 sua
1619 2338 1759 2394 sunt,

169 2427 280 2466 non
306 2415 574 2483 irritatur,
612 2432 720 2470 non
765 2418 957 2487 cogitat
989 2419 1219 2483 malum,
1257 2435 1363 2475 non
1389 2420 1579 2488 gaudet
1607 2436 1766 2489 super

166 2504 481 2577 iniquitate,
524 2510 817 2579 congaudet
848 2520 1024 2564 autem
1050 2511 1283 2577 ueritati,
1331 2513 1510 2571 omnia
1556 2512 1762 2581 aufert,

169 2596 351 2649 omnia
380 2598 562 2662 credit,
614 2600 791 2655 omnia
834 2609 1042 2671 sperat,
1071 2602 1252 2655 omnia
1296 2601 1519 2661 sustinet
1547 2602 1600 2672 (Ι
1637 2601 1764 2659 Cor.

168 2685 318 2758 ιιιι),
347 2689 599 2743 omnibus
623 2690 680 2743 in
710 2691 906 2759 quibus
935 2691 1099 2747 fuerit
1132 2694 1248 2747 haec
1276 2693 1415 2751 bona
1455 2709 1575 2762 quae
1605 2695 1769 2751 habet

172 2776 434 2846 impertit.
482 2778 549 2833 Et
579 2780 708 2849 quid
736 2781 844 2837 illis
872 2796 994 2837 esse
1023 2790 1202 2852 potest
1226 2785 1283 2839 in
1322 2784 1427 2845 hac
1451 2784 1562 2840 vita
1587 2786 1767 2857 perfe-

175 2868 333 2934 ctius,
384 2869 479 2942 qui
508 2872 674 2933 tantis
714 2873 993 2939 abundant
1020 2873 1291 2933 eharitate
1314 2874 1377 2933 in
1418 2889 1480 2931 se
1506 2883 1766 2948 regnante

173 2959 470 3018 virtutibus
492 2962 515 3015 ι

243 3049 332 3107 27.
365 3049 491 3111 Non
506 3052 699 3123 jurare
720 3095 737 3121 ,
780 3072 845 3110 ne
870 3055 1005 3128 forte
1027 3058 1258 3131 perjuret
1286 3055 1500 3131 (Matth.
1530 3056 1606 3129 v).
1647 3056 1765 3115 Non

174 3151 261 3198 est
288 3151 479 3199 contra
521 3144 619 3213 Dei
658 3155 995 3221 praeceptum
1030 3147 1239 3217 iurare,
1291 3149 1417 3220 quia
1461 3147 1551 3202 ille
1587 3147 1759 3209 dixit;

173 3231 280 3289 Per
308 3249 505 3291 nomen
534 3251 718 3295 meum
744 3237 1039 3307 iurabitis;
1073 3240 1169 3297 sed
1199 3240 1330 3296 dum
1349 3239 1527 3295 velum
1545 3237 1764 3311 iurandi

170 3327 404 3387 facimus
426 3368 442 3395 ,
478 3328 703 3401 periurii
734 3330 943 3393 crimen
996 3331 1348 3388 incurrimus.
1408 3328 1644 3385 Necesse
1683 3335 1767 3385 est

172 3434 304 3501 ergo
332 3426 391 3476 ut
430 3433 709 3489 nunquam
754 3417 900 3487 iuret
939 3420 1033 3491 qui
1068 3418 1350 3492 periurare
1392 3420 1567 3475 timet.
1618 3415 1766 3475 Scri-

172 3521 329 3593 ptum
369 3518 455 3567 est
495 3511 682 3569 enim:
739 3512 1013 3577 Juratiani
1056 3530 1164 3569 non
1190 3514 1487 3584 acquiescat
1519 3528 1577 3566 os
1616 3520 1765 3569 tuum

175 3603 345 3681 (Eccl.
378 3602 560 3675 χχιιι).
593 3604 679 3669 Ει,
726 3602 765 3659 Υ
770 3606 818 3659 ir
854 3604 1083 3673 multum
1109 3606 1303 3679 iurans
1349 3604 1632 3677 replebitur
1662 3604 1768 3663 ini.-

173 3697 372 3769 quitate
400 3694 612 3768 (Ibid.).
645 3695 712 3755 Et
737 3694 973 3759 Jacobus
996 3697 1275 3773 apostolus
1303 3713 1373 3753 ne
1387 3696 1634 3769 iuremus
1661 3694 1767 3751 for-

172 3788 304 3853 titer
346 3802 447 3845 nos
493 3787 787 3855 admonet,
834 3788 1064 3844 dicens:
1111 3788 1245 3847 Ante
1289 3787 1465 3845 omnia
1491 3828 1507 3854 ,
1547 3787 1762 3858 fratres,

175 3879 335 3945 nolite
352 3880 565 3957 jurare,
592 3896 755 3951 neque
776 3896 870 3952 per
890 3879 1098 3946 mlum,
1127 3897 1291 3953 neque
1316 3896 1410 3950 per
1431 3888 1646 3945 terram,
1673 3894 1767 3935 ne-

174 3989 274 4057 que
302 3969 450 4027 aliud
468 3973 813 4045 quodcunque
835 3973 1216 4043 iuramentum.
1271 3971 1353 4029 Sit
1390 3981 1567 4027 autem
1595 3988 1765 4027 sermo

173 4076 342 4131 uester
367 4074 442 4119 est
479 4074 575 4129 est,
600 4079 706 4117 non
749 4080 852 4119 non
872 4104 888 4130 ,
918 4072 973 4119 ut
1006 4080 1111 4121 non
1148 4065 1206 4119 in
1226 4063 1493 4133 judicium
1519 4062 1766 4117 incidatis

176 4157 321 4230 (Iac.
365 4158 442 4229 v).
472 4157 542 4213 Et
587 4156 850 4221 Dominus
876 4162 1066 4211 noster
1107 4153 1265 4215 Jesne
1294 4152 1546 4211 Christus
1569 4193 1584 4219 ,
1618 4150 1769 4208 salus

172 4248 419 4307 antliam
447 4256 504 4309 et
524 4246 798 4314 Salvator,
845 4248 940 4319 qui
969 4262 1160 4305 omnes
1182 4246 1298 4303 vult
1337 4245 1518 4301 salvos
1540 4244 1685 4311 ﬁeri,
1712 4252 1770 4301 et

175 4353 209 4403 a
235 4338 377 4399 malo
406 4336 633 4410 periurii
657 4338 923 4402 liberare,
958 4339 1214 4399 admonet
1252 4352 1352 4393 nos
1379 4337 1607 4393 dicens:
1642 4333 1769 4395 Non

169 4431 423 4504 jurabitis
446 4448 542 4503 per
581 4430 790 4498 caelum,
837 4433 963 4502 quia
1001 4432 1146 4487 sedes
1189 4430 1291 4487 Dei
1314 4440 1430 4491 est:
1476 4446 1639 4505 neque
1676 4447 1770 4503 per

174 4531 393 4591 terram,
443 4522 569 4593 quia
617 4521 901 4581 scutellum
936 4522 1127 4595 pedum
1172 4522 1288 4592 ejus
1333 4530 1406 4577 est
1438 4535 1456 4573 :
1486 4538 1649 4593 neque
1672 4537 1765 4593 per
1788 4559 1842 4623 Β

176 4626 337 4689 caput
357 4626 585 4683 uestrum
599 4616 874 4687 jurabitis,
896 4618 1022 4689 quia
1050 4635 1155 4677 non
1175 4618 1387 4689 potestis
1408 4635 1570 4679 unum
1600 4617 1764 4689 capil-

177 4705 291 4771 lum
317 4704 496 4769 album
529 4705 702 4778 facere
722 4747 740 4779 ,
788 4705 864 4765 vel
894 4708 1134 4783 nigrum:
1182 4708 1272 4762 sed
1296 4710 1364 4765 sit
1403 4725 1573 4765 sermo
1599 4719 1765 4765 vester

178 4807 257 4855 est
297 4806 406 4865 est,
443 4813 548 4855 non
589 4814 729 4864 non,
773 4806 821 4855 et
858 4797 998 4868 quod
1046 4796 1278 4873 amplius
1307 4807 1409 4865 est,
1454 4816 1491 4853 α
1521 4798 1661 4855 malo
1687 4806 1765 4857 est

181 4887 399 4977 (Matth.
442 4886 521 4961 v).
574 4886 677 4959 Qui
708 4895 888 4949 autem
928 4903 1035 4949 nun
1063 4885 1254 4957 iurat,
1300 4902 1411 4947 non
1453 4896 1663 4958 peccat,
1712 4894 1768 4943 et

180 4980 344 5053 longe
383 4988 468 5037 est
506 4996 537 5037 a
565 4989 807 5051 peccato.
844 4979 903 5037 Si
932 4980 1219 5037 olleuderit
1266 4981 1449 5050 lapsus
1493 4982 1768 5050 deorsum,

182 5075 317 5147 ruit,
348 5082 403 5129 et
429 5074 699 5145 excipitur
723 5089 755 5131 a
780 5086 939 5147 pcena
972 5070 1215 5143 periurii.
1246 5072 1388 5143 Ergo
1408 5070 1546 5133 falsa
1566 5071 1773 5139 iuratio

182 5168 417 5229 exitiosa
459 5176 561 5235 est,
596 5182 726 5225 vera
759 5164 968 5238 iuratio
1010 5165 1337 5237 periculosa.
1388 5163 1546 5219 Nulla
1572 5160 1776 5233 iuratio

183 5275 320 5327 sana
352 5267 435 5315 est
469 5269 525 5315 et
566 5273 776 5313 secura.
818 5258 967 5315 Dixit
1016 5258 1248 5329 aliquis:
1292 5255 1412 5311 Non
1454 5263 1539 5311 est
1571 5251 1777 5323 iuratio

186 5352 406 5425 quando
435 5353 578 5419 dico,
615 5351 792 5407 Testis
822 5349 956 5409 mihi
1000 5348 1145 5407 Deus
1169 5357 1290 5417 est,
1338 5347 1646 5403 etiTestem
1690 5344 1777 5399 in-

185 5460 327 5507 voco
354 5448 544 5512 Deum,
577 5444 662 5500 vel
693 5444 779 5503 bis
806 5442 1025 5499 similia.
1075 5440 1213 5509 Quid
1243 5449 1327 5496 est
1353 5448 1533 5494 autem
1564 5436 1771 5507 iurare,

186 5540 302 5601 nisi
329 5540 496 5595 Deum
540 5538 815 5601 invocare.
852 5543 910 5595 et
942 5535 1032 5608 ius
1072 5534 1186 5589 Deo
1215 5532 1484 5589 reddere?
1529 5528 1669 5597 Quid
1698 5536 1782 5584 est

187 5634 397 5700 dicere,
431 5630 610 5689 Testis
635 5630 769 5697 mihi
798 5629 942 5685 Deus
964 5635 1070 5693 est,
1100 5626 1206 5682 nisi
1228 5624 1417 5695 iurare
1446 5640 1542 5694 per
1567 5622 1781 5678 Deum?

187 5723 311 5795 Ipse
340 5722 486 5779 enim
515 5724 678 5787 Deus,
705 5736 811 5805 per:
829 5735 989 5801 quem
1011 5716 1180 5789 iurat,
1223 5716 1508 5773 invisibilis
1538 5726 1640 5774 est.
1691 5714 1784 5775 Ju-

189 5817 340 5877 ravit
358 5831 458 5895 per
483 5816 837 5913 invisibilem!
855 5811 1054 5885 feritur
1077 5826 1243 5893 poena
1265 5810 1547 5875 invisibili.
1571 5809 1710 5875 Nam
1730 5817 1786 5883 ει

1863 1950 2053 2005 vetuit.

1935 2042 2024 2096 28.
2065 2038 2348 2093 Veritatem
2375 2055 2440 2092 ea:
2460 2037 2615 2095 corde
2639 2046 2688 2091 et
2736 2054 2826 2093 ore
2847 2035 3081 2108 proferre
3107 2034 3279 2107 (Psal.
3315 2033 3451 2107 xlv).

1862 2131 2014 2187 Multi
2045 2130 2190 2184 aliud
2226 2135 2413 2184 tenent
2441 2129 2496 2182 in
2523 2127 2705 2192 corde,
2750 2124 2893 2183 aliud
2925 2122 3209 2197 proferunt
3239 2139 3307 2180 ex
3337 2138 3450 2181 ore.

1862 2224 2077 2281 Etcum
2106 2222 2218 2277 sint
2240 2221 2317 2276 illi
2345 2220 2582 2275 vanitate
2618 2217 2846 2292 decepti,
2894 2216 3027 2275 alios
3068 2214 3335 2275 fallaciter
3362 2215 3456 2273 de-

1864 2318 2045 2386 cipere
2066 2314 2327 2386 gestiunt.
2376 2311 2445 2365 Et
2476 2311 2604 2385 quia
2648 2325 2757 2366 non
2783 2316 2867 2362 est
2892 2307 2944 2361 in
2974 2320 3069 2362 ore
3098 2320 3285 2363 eorum
3308 2304 3454 2360 veri-

1866 2420 1967 2475 tas,
1998 2411 2116 2467 ideo
2140 2424 2234 2465 cor
2255 2422 2443 2462 eorum
2474 2419 2673 2459 vanum
2705 2412 2808 2458 est.
2841 2400 3135 2455 Monachus
3163 2407 3341 2454 autem
3363 2399 3456 2470 qui

1865 2503 2067 2559 Christi
2085 2500 2308 2571 vestigia
2325 2514 2464 2571 puro
2478 2496 2642 2552 corde
2663 2494 2816 2565 sequi
2839 2492 3131 2559 desiderat,
3163 2491 3256 2562 qui
3283 2490 3419 2545 dixit
3439 2507 3453 2543 :

1865 2594 1999 2666 Εσοε
2026 2611 2141 2651 sum
2165 2595 2273 2657 via,
2326 2592 2517 2646 veritas
2560 2596 2610 2642 et
2634 2588 2737 2643 vita
2771 2585 2953 2660 (Joan.
2986 2581 3119 2656 xlv),
3168 2581 3458 2637 veritatem

1866 2688 2027 2742 debet
2071 2685 2126 2738 in
2173 2682 2337 2738 corde
2381 2690 2590 2744 tenere,
2639 2685 2696 2733 et
2721 2691 2843 2731 eam
2893 2673 3216 2743 simpliciter
3251 2688 3318 2727 ex
3362 2684 3460 2727 ore

1867 2780 2027 2837 debet
2053 2775 2298 2848 proferre
2325 2793 2338 2828 :
2386 2774 2511 2847 quia
2539 2772 2633 2827 ille
2662 2771 2861 2826 dicitur
2893 2769 2948 2823 in
2976 2762 3328 2823 tabernaculo
3354 2766 3460 2823 Do-

1866 2873 1999 2933 mini
2033 2869 2308 2936 babitare,
2342 2875 2397 2921 et
2423 2864 2477 2919 in
2506 2871 2693 2935 monte
2717 2871 2905 2918 saneto
2937 2859 3056 2939 eius
3089 2858 3460 2928 requiescere,

1866 2967 1961 3037 qui
1988 2963 2229 3034 loquitur
2255 2947 2543 3021 veri'tatem
2570 2957 2623 3023 in
2660 2954 2823 3013 corde
2845 2970 2944 3015 suo
2963 2995 2977 3023 ,
3004 2963 3060 3008 et
3085 2968 3194 3017 non
3224 2950 3338 3024 agit
3365 2949 3463 3005 do-

1869 3058 1978 3114 lum
2004 3057 2058 3112 in
2088 3056 2270 3124 lingua
2298 3068 2414 3108 sua.
2461 3050 2612 3105 Tunc
2636 3048 2792 3109 dolus
2824 3048 2885 3102 ﬁt
2910 3048 2965 3102 in
2997 3046 3204 3117 lingua,
3244 3042 3463 3119 quando

1870 3157 1926 3202 et
1949 3149 2005 3203 in
2034 3146 2197 3201 corde
2240 3143 2448 3199 celatur
2492 3141 2695 3201 veritas
2720 3148 2777 3196 et
2811 3154 2875 3195 ex
2902 3154 2997 3194 ore
3025 3144 3185 3194 sonat
3221 3133 3460 3201 fallacia.

1869 3237 2093 3293 Vanitas
2122 3243 2206 3290 est
2235 3233 2379 3288 enim
2421 3239 2477 3287 et
2506 3246 2700 3301 magna
2737 3229 2959 3284 miseria
3001 3227 3146 3282 aliud
3174 3232 3362 3281 tenere
3406 3222 3463 3278 in

1866 3328 2051 3392 corde,
2079 3332 2133 3381 et
2159 3323 2305 3379 aliud
2325 3321 2480 3376 fratri
2505 3318 2737 3393 proferri
2759 3333 3030 3374 sermone.
3057 3312 3297 3371 Vanitati
3316 3313 3465 3369 enim

1865 3418 2101 3473 humana
2135 3415 2377 3485 subiecta
2425 3421 2510 3467 est
2537 3419 2813 3476 creatura,
2862 3417 2916 3465 ει
2943 3407 3064 3463 ideo
3109 3422 3217 3463 non
3248 3413 3359 3461 stat
3404 3403 3464 3459 in

1866 3510 2095 3565 veritate
2125 3507 2279 3574 fleta,
2315 3506 2406 3563 sed
2439 3516 2656 3575 semper
2692 3503 2761 3557 ad
2807 3499 3101 3557 fallendum
3150 3497 3463 3569 proximum

1864 3616 2058 3674 prona.
2090 3597 2339 3657 Monachi
2368 3604 2571 3659 autem,
2622 3610 2760 3672 quos
2780 3592 3039 3651 Dominus
3066 3591 3132 3646 de
3156 3588 3372 3647 fallacia
3409 3593 3467 3642 et

1864 3678 2105 3751 vanitate
2130 3690 2315 3751 saeculi
2340 3690 2503 3761 huius
2527 3687 2781 3761 dignatus
2801 3693 2886 3741 est
2905 3695 3214 3757 segregare,
3260 3677 3466 3737 verita-

1866 3796 1978 3843 tem
2021 3787 2220 3842 debent
2243 3798 2311 3838 ex
2340 3782 2503 3838 corde
2532 3789 2590 3836 et
2615 3795 2710 3835 ore
2744 3776 3012 3851 proferre.
3056 3772 3285 3846 Semper
3318 3770 3465 3826 enim

1866 3877 1923 3932 in
1953 3876 2117 3933 corde
2142 3889 2332 3929 eorum
2359 3872 2560 3929 veritas
2585 3870 2815 3936 habitet,
2845 3875 2901 3924 et
2930 3867 2986 3921 in
3011 3879 3107 3920 ore
3133 3878 3322 3919 eorum
3369 3874 3466 3916 ηεξ

1867 3983 2021 4023 εεεεε
2047 3973 2131 4021 est
2154 3972 2215 4020 ut
2234 3963 2437 4018 veritas
2458 3970 2633 4017 sonet.
2665 3960 2725 4016 ιιι
2748 3958 2988 4031 cogitatu
3013 3955 3238 4029 veritas,
3266 3952 3321 4007 in
3345 3964 3463 4006 ser-

1867 4073 2028 4113 mone
2050 4059 2283 4120 veritas,
2323 4055 2380 4108 in
2406 4054 2551 4109 facto
2580 4052 2783 4108 Veritas
2804 4090 2819 4116 ,
2865 4057 2921 4103 et
2952 4048 3007 4103 in
3048 4045 3321 4106 omnibus,
3369 4054 3469 4111 per

1868 4150 2070 4215 omnia,
2119 4148 2334 4203 illorum
2359 4144 2666 4200 actionibus
2692 4153 2917 4197 necesse
2942 4146 3029 4192 est
3049 4142 3109 4189 ut
3154 4131 3468 4203 resplende-

1868 4255 2027 4297 seens
2055 4239 2232 4292 luceat
2260 4243 2315 4291 et
2357 4249 2572 4306 semper
2610 4232 2665 4288 in
2713 4231 2795 4290 eis
2833 4228 2943 4289 fixa
2986 4229 3323 4299 permaneat.
3370 4218 3468 4275 Est

1868 4333 2014 4390 enim
2048 4332 2103 4388 in
2130 4329 2336 4401 angelis
2368 4328 2595 4393 veritas,
2638 4324 2691 4382 iu
2736 4319 3064 4393 patriarchis
3106 4323 3163 4377 et
3188 4310 3467 4385 prophetis

1867 4425 2091 4489 veritas,
2122 4422 2176 4478 in
2201 4419 2462 4492 apostolis
2489 4424 2545 4474 et
2566 4414 2874 4489 virginibus
2902 4410 3128 4472 veritas,
3170 4406 3224 4459 in
3256 4411 3464 4492 marty-

1874 4517 2024 4571 ribus
2050 4522 2104 4569 et
2132 4491 2536 4568 eonfessoribus
2559 4507 2765 4563 veritas
2785 4545 2800 4570 ,
2847 4509 2905 4558 et
2949 4500 3005 4556 in
3028 4497 3281 4555 omnibus
3313 4491 3467 4549 habi-

1868 4608 2111 4665 tantibus
2138 4606 2193 4660 in
2222 4605 2360 4660 ecelo
2384 4603 2607 4665 veritas,
2641 4607 2695 4655 et
2724 4599 2779 4652 in
2806 4594 3060 4652 omnibus
3087 4587 3292 4646 sanctis
3318 4599 3467 4641 com-

1870 4698 2208 4755 morantibus
2235 4696 2289 4749 in
2329 4693 2531 4755 mundo
2565 4690 2789 4745 veritas.
2838 4686 2899 4740 ln
2928 4684 3015 4739 his
3056 4689 3236 4737 autem
3264 4685 3468 4731 etcum

1873 4791 1960 4848 his
1984 4788 2236 4844 omnibus
2272 4798 2486 4855 semper
2511 4789 2596 4837 est
2619 4779 2883 4834 Dominus
2908 4783 3094 4831 noster
3131 4770 3289 4827 Jesus
3314 4765 3467 4822 Chri-

1874 4892 2007 4948 stus,
2038 4882 2131 4953 qui
2157 4888 2242 4936 est
2278 4878 2390 4944 via,
2416 4876 2623 4931 veritas
2650 4879 2706 4928 et
2742 4874 2876 4938 vita,
2899 4876 2957 4926 et
2979 4865 3222 4953 omnium
3252 4867 3467 4918 ειιιειοο

1876 4991 1997 5031 rum
2024 4973 2172 5031 salus
2196 4978 2252 5027 et
2276 4970 2446 5042 gloria
2476 4967 2659 5041 (Joan.
2694 4966 2829 5034 xxv).

1948 5068 2038 5123 29.
2075 5064 2279 5121 Malum
2302 5079 2398 5135 pro
2428 5060 2568 5114 malo
2598 5076 2703 5113 non
2728 5055 2942 5111 reddere
2972 5051 3025 5126 (I
3054 5050 3233 5106 Thess.
3258 5046 3334 5121 v).
3369 5046 3468 5101 Se-

1878 5163 2114 5218 cundum
2140 5165 2469 5232 praeceptum
2503 5161 2702 5211 sanctae
2730 5149 2970 5227 Regulae,
3000 5145 3324 5201 oblivionem
3351 5152 3470 5194 om-

1878 5257 2009 5313 nino
2038 5255 2235 5310 debent
2259 5248 2508 5306 monachi
2553 5248 2758 5319 fugere,
2788 5255 2843 5300 et
2883 5242 3011 5316 quid
3038 5240 3157 5296 illos
3185 5252 3281 5308 per
3307 5233 3470 5289 mini-

1879 5357 2024 5409 stros
2047 5360 2173 5400 suos
2201 5341 2437 5413 Spiritus
2467 5348 2686 5395 sanctus
2712 5337 3033 5398 admoneat,
3062 5330 3347 5401 diligenter
3374 5340 3471 5379 au—
3510 5374 3528 5413 ἱ

1881 5439 2019 5497 dire.
2053 5435 2236 5504 Neque
2269 5434 2413 5489 enim
2452 5433 2608 5487 decet
2635 5430 2937 5486 auditorem
2977 5423 3331 5491 obliviosum,
3374 5416 3469 5475 sed
3515 5408 3530 5419 “

1881 5524 2142 5584 factorem
2168 5524 2348 5595 cperis
2373 5536 2495 5578 esse
2526 5521 2871 5576 monachum.
2894 5515 3193 5571 Audiamus
3215 5524 3343 5581 ergo
3362 5522 3468 5566 non

1881 5622 2055 5681 solum
2083 5636 2213 5675 aure
2241 5617 2501 5691 corporis,
2543 5614 2636 5670 sed
2662 5612 2827 5669 etiam
2867 5609 3064 5668 mentis
3084 5651 3097 5671 ,
3132 5615 3187 5662 et
3218 5602 3471 5677 operibus

1882 5728 2245 5785 exsequamur
2269 5709 2398 5780 quid
2421 5723 2520 5762 nos
2542 5721 2640 5776 per
2674 5702 2898 5761 Petrum
2926 5700 3289 5776 apostolorum
3323 5693 3473 5764 prin-

1884 5810 2060 5887 cipem
2089 5804 2363 5875 admanet,
2392 5798 2608 5869 dicens:
2634 5796 2839 5873 Estote,
2859 5795 3058 5871 inquit,
3082 5785 3470 5857 misericprdes,
