3994 6462
559 401 662 458 767

1865 385 2215 450 SMARAGDI
2252 383 2543 446 ABBATIS

3725 391 3842 451 768

555 517 797 583 humiles,
822 532 926 571 non
947 513 1215 570 reddentes
1241 512 1438 567 malum
1462 527 1556 582 pro
1583 510 1724 564 malo
1756 507 1841 582 (II
1873 506 1987 562 Pet.
2017 506 2125 579 in).
2154 510 2206 570 Α
2230 515 2335 570 tur,
2368 505 2654 575 probatum
2681 512 2864 559 autem
2888 502 3052 571 foras,
3079 504 3235 577 cujus
3265 506 3336 561 sit
3363 505 3618 576 fulgoris,
3653 523 3836 578 appa-

554 613 721 669 Vides
745 627 875 683 ergo
901 611 1026 680 quia
1065 609 1121 662 in
1166 607 1441 662 reddendo
1487 605 1689 661 malum
1733 618 1831 674 pro
1857 602 2037 667 malo,
2077 608 2134 656 et

553 703 942 760 misericordia:
993 716 1128 771 opus
1175 708 1230 755 et
1278 698 1601 755 humilitatis
1632 696 1834 751 amittis
1873 693 2126 750 ofﬁcium.

555 799 826 869 Scriptum
858 803 941 852 est
969 795 1112 850 enim
1139 812 1152 849 :
1196 791 1322 847 Noli
1361 793 1495 847 vinci
1527 808 1559 845 a
1591 789 1764 856 malo,
1796 789 1885 843 sed
1909 790 2050 843 vince
2074 789 2131 842 in

554 893 687 945 bono
717 887 914 943 malum
946 885 1126 960 (Rom.
1158 884 1281 954 xu).
1308 883 1557 938 Vincitur
1588 898 1619 936 a
1659 882 1824 946 malo,
1859 881 1949 950 qui
1976 880 2131 935 malis

551 993 874 1053 provocatus
905 979 1083 1034 reddit
1104 978 1326 1032 malum.
1358 976 1415 1030 In
1447 977 1586 1031 bono
1613 984 1794 1030 autem
1821 975 1989 1029 vincit
2015 989 2132 1028 ma-

550 1075 696 1141 lum,
726 1074 817 1144 qui
845 1071 1082 1142 acceptis
1111 1070 1269 1125 malis
1299 1069 1474 1124 reddit
1503 1069 1721 1124 bonum.
1748 1069 1840 1124 llle
1872 1068 2015 1122 enim
2050 1066 2131 1121 di-

550 1167 693 1221 citur
724 1164 920 1220 vicisse
940 1162 1127 1225 alium,
1158 1161 1249 1232 qui
1279 1176 1401 1215 eum
1430 1160 1495 1215 ad
1525 1175 1676 1214 suam
1701 1159 1984 1214 adduxerit
2001 1173 2130 1229 par-

553 1266 679 1313 tem.
720 1255 779 1312 Si
818 1271 948 1327 ergo
977 1263 1030 1310 te
1072 1253 1263 1309 fecerit
1312 1253 1413 1307 sibi
1459 1252 1682 1307 reddere
1709 1251 1905 1316 vicem,
1945 1249 2034 1305 ille
2074 1257 2130 1305 te

548 1348 680 1403 vicit
701 1346 950 1403 faciendo
980 1347 1080 1403 sibi
1111 1345 1365 1401 similem.
1391 1343 1588 1400 Paulus
1613 1358 1826 1414 quoque
1855 1343 2128 1414 apostolus

550 1440 663 1495 ait:
705 1438 886 1494 Nolite
930 1456 1040 1494 esse
1081 1439 1360 1510 prudentes
1403 1438 1544 1508 apud
1590 1438 1950 1507 vosmetipsos,
1997 1436 2128 1490 nulli

550 1529 747 1584 malum
770 1547 863 1602 pro
888 1529 1026 1585 malo
1057 1531 1327 1586 reddentes
1362 1527 1534 1598 (Rom.
1569 1528 1690 1596 xu).
1723 1528 1779 1582 Si
1818 1527 2015 1582 malum
2041 1529 2126 1582 in-

550 1621 692 1676 ferre
720 1637 947 1691 peccare
971 1630 1076 1688 est,
1107 1622 1332 1677 reddere
1371 1620 1572 1676 malum
1609 1635 1708 1690 pro
1743 1619 1884 1674 malo
1919 1617 2127 1687 justum

551 1728 655 1767 non
687 1721 802 1779 est,
833 1715 925 1770 sed
965 1715 1140 1770 simile
1175 1723 1456 1785 peccatum
1501 1721 1583 1768 est
1619 1729 1683 1768 ac
1723 1711 1956 1783 gravius.
1989 1711 2126 1766 Nam

551 1803 638 1858 ille
666 1805 755 1874 qui
783 1806 931 1874 prior
951 1806 1149 1859 malum
1179 1805 1376 1868 intulit,
1411 1803 1637 1859 forsitan
1662 1819 1766 1858 non
1795 1803 2121 1868 meditando,

2233 599 2391 664 rebit,
2415 599 2489 652 ita
2513 599 2777 653 bonorum
2804 599 3192 654 monachorum
3213 601 3518 656 constantia
3542 603 3601 656 in
3628 602 3842 658 seculo

2231 690 2650 759 contemptibilis
2671 690 2907 755 videtur,
2950 691 3046 746 sed
3072 690 3164 746 ubi
3206 700 3417 763 tempus
3440 695 3844 752 retributionis

2231 780 2530 844 advenerit,
2557 789 2772 850 quantae
2803 779 3005 836 fuerint
3044 779 3204 836 facile
3232 785 3536 853 apparebit.
3585 785 3748 855 Ergo
3783 795 3840 841 ut

2232 871 2440 925 animas
2464 880 2679 926 nostras
2699 872 2978 941 possidere
2997 873 3296 938 valeamus,
3325 874 3590 931 virtutem
3619 879 3816 946 patien

2231 961 2319 1017 tia:
2345 961 2554 1018 fortiter
2588 971 2884 1019 teneamus.
2915 963 2986 1018 Et
3021 972 3081 1020 ut
3113 964 3336 1035 perfecti
3371 976 3425 1021 et
3455 967 3678 1038 integri
3712 984 3838 1038 pos.

2231 1053 2399 1109 simus
2424 1054 2478 1109 in
2511 1055 2758 1110 omnibus
2787 1056 2986 1111 nostris
3024 1057 3327 1113 actionibus
3365 1073 3523 1126 esse,
3548 1062 3840 1130 patientes

2231 1145 2404 1201 simus
2431 1145 2499 1201 ad
2526 1162 2716 1202 omnes
2737 1147 2792 1201 in
2825 1148 2972 1204 nullo
2995 1148 3326 1206 deficientes.
3353 1150 3549 1221 Magna
3572 1162 3670 1206 est
3693 1154 3838 1208 enim

2230 1236 2401 1291 virtus
2427 1237 2729 1306 patientiae,
2773 1255 2894 1309 quae
2939 1238 3221 1295 laedentem
3265 1256 3325 1298 se
3354 1259 3462 1300 non
3495 1244 3694 1308 laedit,
3749 1245 3840 1298 sed

2229 1326 2440 1397 diligit;
2480 1342 2599 1396 quae
2625 1327 2904 1397 injurianti
2935 1330 3159 1400 injurias
3183 1333 3431 1399 remittit,
3463 1349 3579 1388 non
3614 1334 3834 1398 reddit;

2228 1417 2314 1471 cui
2341 1432 2534 1473 nocere
2553 1428 2732 1487 potest
2753 1435 2859 1474 non
2887 1433 3064 1487 nocet,
3093 1424 3186 1477 sed
3207 1424 3399 1494 parcit.
3421 1424 3712 1480 Patientia
3733 1437 3834 1491 est,

2227 1521 2346 1576 qua:
2392 1523 2491 1563 nos
2539 1508 2652 1564 Deo
2700 1511 3046 1566 commendat
3092 1520 3149 1567 et
3185 1529 3217 1568 a
3262 1515 3420 1570 malis
3461 1518 3741 1571 omnibus
3786 1518 3836 1572 in

2227 1605 2406 1654 mente
2451 1606 2594 1654 tutos
2639 1609 2947 1656 conservat.
2980 1601 3102 1672 Ipsa
3147 1610 3233 1659 est
3268 1605 3469 1670 virtus,
3517 1622 3649 1677 quae
3702 1609 3836 1663 iram

2225 1697 2505 1762 temperat,
2541 1691 2778 1762 linguam
2811 1693 3072 1761 refrenat,
3110 1704 3346 1751 mentem
3382 1698 3685 1769 gubernat.
3719 1699 3835 1770 Ipsa

2224 1793 2326 1851 est,
2356 1801 2474 1856 quae
2503 1801 2693 1855 pacem
2720 1788 2980 1854 custodit,
3013 1789 3348 1859 disciplinam
3379 1793 3675 1847 moderate
3703 1797 3833 1864 agit,

550 1894 644 1950 sed
675 1868 854 1951 subito
879 1895 1024 1951 fecit.
1053 1894 1154 1962 Qui
1190 1904 1370 1951 autem
1401 1895 1578 1951 reddit
1607 1895 1805 1950 malum
1832 1909 1931 1965 pro
1963 1893 2124 1959 malo,

2232 1875 2468 1932 libidinis
2490 1878 2750 1947 impetum
2781 1877 2999 1934 fortiter
3026 1879 3244 1952 frangit.
3278 1882 3396 1952 Ipsa
3425 1893 3548 1948 est,
3598 1900 3730 1953 qua
3755 1885 3834 1940 fu-

547 1987 852 2042 voluntarie
879 1997 934 2043 et
962 1989 1270 2044 meditando
1290 1989 1483 2044 reddit.
1507 1989 1706 2044 Iterum
1730 1988 1989 2058 scriptum
2012 1996 2127 2042 est:

547 2076 674 2132 Non
696 2096 785 2133 vos
809 2079 1164 2149 defendentes,
1207 2080 1522 2146 charissimi,
1554 2082 1644 2136 sed
1674 2082 1796 2135 date
1825 2080 1996 2134 locum
2035 2081 2130 2136 ira:

547 2167 868 2240 (Ibid.).l|le
895 2170 1072 2224 locum
1103 2172 1193 2225 dat
1219 2171 1332 2235 irae,
1350 2172 1442 2242 qui
1469 2187 1528 2227 se
1557 2187 1663 2226 non
1696 2169 2006 2227 ulciscendo
2037 2170 2130 2225 de-

544 2257 738 2326 fendit,
767 2259 857 2330 qui
883 2260 1126 2316 convicio
1153 2263 1449 2317 convicium
1474 2278 1581 2316 non
1612 2261 1808 2327 reddit,
1832 2261 1920 2330 qui
1946 2261 2128 2316 manui

543 2362 764 2402 manum
792 2364 896 2405 non
925 2351 1158 2422 ingerit,
1197 2353 1286 2421 qui
1323 2353 1530 2423 injuriae
1563 2352 1812 2421 injuriam
1843 2368 1948 2406 non
1975 2350 2126 2418 facit,

544 2435 758 2506 alapam
798 2453 896 2507 pro
920 2439 1072 2509 alapa
1104 2455 1210 2494 non
1249 2440 1455 2507 reddit,
1501 2440 1595 2497 sed
1640 2442 1708 2496 ad
1753 2442 2128 2512 accipiendum

545 2528 768 2584 alteram
801 2531 1077 2586 maxillam
1107 2542 1392 2603 praeparat,
1431 2543 1486 2590 et
1529 2536 1712 2589 omnia
1741 2550 1860 2603 quae
1907 2534 1984 2588 illi
2030 2535 2129 2588 ad-

545 2635 701 2675 versa
748 2623 1044 2678 acciderint
1093 2624 1146 2678 in
1193 2625 1449 2695 patientia
1491 2626 1708 2681 tolerat.
1756 2625 1908 2682 Unde
1949 2634 2005 2681 et
2041 2639 2128 2680 se-

544 2714 729 2782 quitur
753 2733 766 2767 :

617 2803 706 2860 30.
740 2805 1005 2875 Injuriam
1049 2825 1152 2862 non
1186 2809 1376 2877 facere,
1416 2810 1507 2864 sed
1543 2819 1590 2864 et
1632 2811 1828 2880 factam
1870 2811 2128 2881 patienter

543 2897 763 2966 sit/ferre
787 2897 839 2968 (Ι
863 2897 985 2952 Cor.
1009 2899 1106 2969 vi).
1136 2899 1331 2968 lnjuria
1355 2909 1440 2956 est
1457 2902 1803 2967 contumelia,
1822 2902 2124 2957 convicium

544 2988 628 3042 vel
662 2988 914 3057 quaelibet
940 2990 1222 3060 injustitia.
1265 2991 1415 3046 Dicta
1444 3000 1623 3047 autem
1653 2991 1847 3061 injuria
1887 3008 1951 3048 eo
1981 2994 2126 3063 quod

544 3089 731 3136 contra
755 3079 896 3150 juris
917 3083 1159 3138 ordinem
1182 3083 1293 3138 fiat.
1309 3083 1487 3141 Multis
1513 3087 1656 3140 enim
1681 3087 1852 3142 modis
1872 3087 2124 3156 injuriam

545 3171 726 3229 facere
757 3173 1066 3230 hominibus
1093 3177 1268 3233 solent
1297 3179 1562 3235 homines.
1603 3179 1904 3251 Aliquoties
1942 3193 2122 3238 autem

542 3265 799 3321 conviciis
811 3265 1162 3337 Iacescentes,
1175 3270 1461 3342 aliquoties
1474 3274 1909 3330 accusationibus
1925 3275 2124 3347 suggil—
2151 3236 2196 3300 Ο

541 3355 736 3422 iantes,
770 3357 1055 3428 aliquoties
1087 3361 1336 3417 manibus
1362 3363 1720 3434 impingentes
1741 3375 1794 3420 et
1815 3367 2124 3436 exspolian—

542 3455 644 3515 tes,
676 3451 961 3522 aliquoties
986 3469 1116 3509 vero
1155 3455 1317 3510 etiam
1356 3458 1740 3525 percutieutes.
1766 3459 1910 3525 Quas
1939 3475 2127 3516 mona-

540 3541 676 3597 chus
704 3542 790 3597 vel
817 3545 1039 3599 omnino
1077 3546 1254 3600 omnis
1286 3547 1583 3602 catholicus
1628 3547 1975 3605 Christianus
2015 3566 2124 3605 non

545 3633 719 3687 solum
749 3633 870 3689 aliis
906 3651 1014 3690 non
1043 3635 1242 3702 facere,
1280 3637 1376 3695 sed
1399 3639 1563 3693 etiam
1588 3641 1654 3693 ab
1683 3641 1804 3694 aliis
1831 3641 2006 3697 illatas
2035 3658 2125 3712 pa-

546 3722 745 3776 tienter
771 3724 932 3778 etiam
979 3741 1100 3780 cum
1131 3727 1313 3782 dolore
1355 3729 1513 3784 debet
1557 3729 1798 3786 sufferre.
1849 3732 2126 3804 Scriptum

543 3821 628 3867 est
656 3813 800 3868 enim
826 3833 839 3868 :
881 3813 948 3870 In
977 3815 1159 3873 dolore
1193 3819 1410 3884 sustine,
1443 3829 1491 3873 et
1521 3822 1573 3874 in
1602 3822 1894 3877 lmmilitate
1921 3833 2010 3878 tua
2037 3842 2128 3895 pa-

542 3903 778 3958 tientiam
799 3905 953 3970 habe,
984 3908 1110 3978 quia
1125 3909 1179 3962 in
1198 3909 1315 3978 igne
1335 3909 1591 3978 probatur
1610 3927 1820 3976 aurum,
1847 3921 1903 3968 et
1921 3913 2126 3984 reliqua

539 3993 711 4066 (Eccl.
759 3994 844 4066 η).
881 3996 948 4053 Ut
987 4013 1117 4071 ergo
1163 4001 1418 4071 probetur
1465 4002 1517 4056 in
1563 4005 1828 4059 monacho
1853 4007 2124 4074 patientia:

537 4088 734 4153 virtus,
768 4101 1029 4160 appareat
1051 4093 1102 4146 in
1127 4093 1441 4162 injuriarum
1468 4096 1750 4152 tolerantia
1777 4098 2121 4168 fortissimus,

537 4180 682 4249 quia,
708 4190 768 4235 ut
793 4184 997 4238 dictum
1025 4193 1126 4248 est,
1161 4186 1300 4240 sicut
1339 4188 1391 4241 in
1421 4186 1643 4244 fornace
1675 4190 1816 4262 ignis
1862 4193 2124 4262 probatur

538 4285 754 4337 aurum,
782 4273 858 4328 ita
889 4275 944 4328 in
981 4276 1344 4333 tribulationis
1385 4281 1600 4335 camino
1630 4284 1890 4352 probatur
1933 4300 2122 4339 mona-

537 4361 690 4428 chus,
722 4362 888 4420 Paulo
936 4374 1090 4431 teste,
1135 4370 1226 4438 qui
1267 4370 1344 4424 ait
1375 4389 1388 4424 :
1421 4371 1654 4428 Scieutes
1683 4376 1807 4444 quia
1852 4376 2121 4430 tribulatio

535 4454 844 4522 patientiam
883 4465 1165 4524 operatur,
1211 4461 1466 4529 patientia
1509 4475 1683 4517 autem
1722 4465 2076 4533 probationem
2100 4506 2117 4534 ,

534 4541 774 4611 probatio
814 4561 931 4599 vero
952 4562 1113 4617 spem,
1147 4557 1252 4604 etc.
1289 4549 1468 4621 (Rom.
1493 4553 1569 4625 v).
1607 4553 1800 4610 Petrus
1830 4572 1959 4612 vero
1999 4558 2113 4612 ait:

539 4634 607 4689 Ut
625 4637 865 4707 probatio
887 4639 1011 4709 ﬁdei
1032 4653 1212 4698 vestrte
1230 4644 1394 4702 multo
1414 4649 1691 4719 pretiosior
1715 4651 1782 4704 sit
1802 4668 1956 4718 auro,
1980 4653 2119 4724 quod

533 4746 626 4800 per
654 4730 823 4800 ignem
853 4734 1102 4803 probatur
1139 4735 1204 4808 (I
1245 4734 1364 4792 Pet.
1395 4739 1486 4811 ιι).
1521 4739 1781 4797 Dominus
1815 4758 2030 4815 quoque
2063 4744 2118 4799 in

535 4821 823 4895 Evangelio
848 4828 954 4882 ait:
996 4827 1063 4882 In
1091 4832 1344 4900 patientia
1368 4844 1537 4888 vestra
1558 4836 1889 4906 possidebitis
1912 4839 2118 4894 animas

533 4925 732 4972 vestras
759 4918 910 4990 (Luc.
961 4921 1100 4994 χχι).
1147 4920 1400 4978 Salomon
1442 4939 1656 4996 quoque
1703 4929 1814 4982 ait:
1859 4927 2116 4983 Doctrina

534 5005 632 5060 viri
652 5023 744 5076 per
757 5011 1065 5078 patientiam
1092 5015 1325 5068 noscitur
1354 5012 1535 5085 (Prov.
1578 5017 1714 5088 tux).
1757 5017 1955 5074 Paulus
1983 5034 2117 5088 quo-

534 5112 636 5166 que
663 5099 766 5152 ait:
796 5098 1152 5157 Consolamini
1171 5104 1551 5175 pusillanimes,
1579 5109 1825 5179 suscipite
1850 5108 2113 5178 inﬁmos,

531 5190 784 5260 patientes
809 5201 968 5247 estote
996 5195 1065 5247 ad
1091 5212 1266 5250 omnes
1301 5195 1354 5269 (Ι
1382 5197 1560 5252 Thess.
1589 5200 1665 5270 v).
1695 5198 1930 5255 Iacobus
1958 5218 2114 5256 nam-

533 5296 637 5351 que
659 5282 826 5339 dicit:
857 5283 1124 5341 Patientia
1155 5297 1331 5343 autem
1370 5307 1497 5361 opus
1524 5291 1812 5361 perfectum
1840 5293 2111 5361 habemus,

531 5382 588 5425 ut
609 5374 723 5428 sitis
744 5375 958 5445 perfecti
983 5387 1031 5431 et
1045 5379 1251 5449 integri,
1280 5379 1334 5434 in
1350 5380 1493 5436 nullo
1515 5382 1810 5451 deﬁcientes
1825 5383 2030 5454 (Iacob.
2046 5382 2109 5456 ι).

533 5462 600 5516 Et
626 5465 754 5520 alibi
779 5482 793 5519 :
835 5465 1107 5540 Tanquam
1145 5487 1334 5524 aurum
1362 5473 1415 5525 in
1441 5473 1655 5542 fornace
1682 5475 1918 5545 probavit
1952 5474 2072 5530 illos
2091 5517 2106 5542 ,

533 5562 583 5607 et
602 5558 754 5625 quasi
781 5559 1085 5615 holocausta
1108 5565 1302 5634 accepit
1326 5561 1444 5617 illos
1471 5563 1619 5636 (Sap.
1648 5566 1766 5636 Ill);
1799 5566 1925 5636 quia
1951 5565 2113 5620 nimi-

533 5661 654 5700 rum
676 5662 813 5717 quos
840 5650 894 5703 in
915 5652 1128 5707 camino
1155 5653 1515 5710 tribulationis
1550 5657 1896 5726 probaverit,
1924 5657 2024 5711 hos
2055 5657 2111 5713 in

533 5736 727 5806 gaudio
751 5740 1124 5797 retributionis
1154 5744 1308 5813 quasi
1349 5744 1666 5814 placabilem
1695 5746 1926 5800 hostiam
1956 5761 2110 5804 assu-

531 5830 654 5890 mit.
681 5829 834 5890 Sicut
857 5835 1003 5893 enim
1032 5851 1226 5895 aurum
1245 5838 1302 5896 in
1321 5837 1541 5898 fornace
1563 5838 1806 5898 clausum
1832 5841 2110 5903 examina-

2231 1966 2370 2020 roris
2413 1967 2727 2023 violentiam
2779 1971 3121 2040 comprimit,
3172 1973 3479 2028 incendium
3534 1975 3832 2031 simultatis

2231 2058 2556 2126 exstinguit,
2603 2067 2819 2116 coercet
2847 2061 3143 2130 potentiam
3181 2070 3584 2134 tyrannorum,
3627 2065 3829 2122 refovet

2230 2147 2467 2217 inopiam
2494 2164 2814 2221 pauperum.
2841 2152 2960 2221 ipsa
2989 2162 3103 2220 est,
3146 2168 3266 2222 qua:
3309 2152 3441 2209 facit
3487 2155 3728 2211 humiles
3769 2159 3825 2213 in
3927 2199 3930 2202 ι

2228 2242 2524 2310 prosperis,
2555 2254 2613 2298 et
2638 2242 2810 2300 fortes
2831 2244 2886 2298 in
2915 2245 3177 2302 adversis.
3208 2246 3327 2317 Ipsa
3366 2250 3712 2304 tentationes
3739 2265 3825 2305 ex-

2228 2343 2449 2403 pugnat,
2477 2338 2883 2406 persecutiones
2906 2337 3120 2404 tolerat,
3157 2349 3210 2394 et
3239 2347 3300 2393 ut
3329 2347 3518 2394 tenere
3557 2343 3827 2410 possimus

2229 2426 2394 2492 viam,
2414 2425 2664 2483 Christus
2688 2444 2786 2484 nos
2809 2430 3087 2485 moderate
3109 2439 3165 2486 et
3186 2428 3334 2498 juste
3359 2432 3661 2500 gubernat.
3687 2431 3826 2487 Hanc

2228 2533 2356 2587 ergo
2384 2534 2589 2584 amare,
2631 2521 2770 2578 hanc
2814 2523 3074 2593 diligere,
3113 2532 3319 2579 etcum
3359 2525 3579 2595 gaudio,
3614 2535 3677 2580 et
3708 2528 3823 2581 totis

2227 2614 2435 2670 viribus
2457 2615 2709 2686 amplecti
2735 2616 2950 2678 debent,
2985 2632 3093 2672 non
3120 2617 3293 2674 solum
3326 2617 3626 2683 monachi,
3654 2618 3752 2674 sed
3775 2627 3823 2673 et

2226 2721 2416 2762 omnes
2445 2708 2699 2763 catholici
2726 2707 3044 2764 Christiani.

2297 2802 2387 2857 51.
2417 2803 2670 2858 Inimicos
2692 2803 2908 2874 diligere
2939 2803 3152 2876 (Matth.
3177 2804 3254 2876 v).
3302 2803 3446 2872 Quia
3491 2804 3586 2859 ﬁlii
3608 2804 3706 2859 Dei
3731 2817 3824 2857 su-

2228 2909 2371 2958 mus,
2399 2893 2616 2948 Patrem
2652 2902 2921 2960 nostrum,
2965 2895 3018 2950 in
3049 2904 3308 2965 quantum
3339 2911 3681 2965 possumus,
3713 2895 3820 2948 imi-

2227 2987 2330 3041 tari
2358 2985 2640 3042 debemus.
2677 2987 2774 3041 llle
2801 2987 2944 3042 enim
2975 2987 3224 3043 inimicos
3244 2987 3456 3052 dilexit,
3489 2991 3717 3058 quando
3735 3001 3819 3058 pro

2228 3079 2360 3148 ipsis
2387 3079 2828 3151 crucifigentibus
2863 3096 2921 3135 se
2950 3081 3122 3134 oravit
3151 3079 3336 3135 dicens
3363 3094 3379 3134 :
3405 3077 3610 3146 Pater,
3628 3082 3820 3151 ignosce

2225 3169 2354 3234 illis,
2381 3171 2504 3241 quia
2536 3170 2771 3225 nesciunt
2792 3171 3143 3242 quidfaciunt
3173 3169 3384 3243 (Ibid.).
3413 3171 3490 3226 Et
3520 3171 3685 3227 nobis
3706 3172 3818 3227 dili-

2227 3276 2356 3332 gere
2385 3261 2634 3317 inimicos
2659 3271 2714 3316 et
2752 3277 2908 3317 orare
2938 3277 3038 3333 pro
3078 3262 3185 3317 illis
3222 3264 3525 3332 praecepit,
3573 3265 3672 3319 ubi
3715 3266 3814 3319 ait:

2226 3351 2441 3424 Diligite
2464 3355 2704 3409 inimicos
2735 3365 2960 3417 vestros.
2996 3355 3121 3408 bene
3148 3355 3304 3424 facite
3339 3356 3422 3410 his
3466 3359 3567 3428 qui
3608 3359 3817 3413 oder-ut

2225 3461 2340 3509 vos,
2371 3455 2419 3499 et
2443 3456 2591 3499 orate
2615 3463 2708 3516 pro
2733 3447 3152 3516 persequentibus
3181 3455 3228 3500 et
3250 3445 3714 3504 calumniantibus
3739 3467 3815 3503 eo-

2232 3537 2332 3604 bis,
2361 3547 2416 3591 ut
2444 3537 2558 3591 sitis
2584 3537 2684 3605 filii
2712 3534 2891 3590 Patris
2921 3537 3072 3590 vestri
3103 3537 3194 3608 qui
3232 3547 3308 3591 est
3335 3540 3396 3592 in
3424 3540 3578 3593 acetis
3617 3540 3814 3610 (Ibid).

2225 3629 2524 3698 Diligamus
2569 3643 2699 3698 ergo
2748 3629 3024 3692 inimicos,
3071 3629 3196 3698 quia
3244 3629 3389 3684 Deus
3434 3643 3672 3694 noster,
3706 3646 3814 3685 cum

2227 3721 2403 3776 adhuc
2431 3722 2633 3776 inimici
2658 3737 2920 3785 essemus,
2944 3723 3093 3792 prior
3117 3739 3220 3778 nos
3236 3724 3462 3790 dilexit,
3496 3735 3557 3780 et
3580 3742 3683 3795 per
3707 3741 3816 3780 san-

2227 3811 2443 3882 guinem
2469 3811 2586 3865 Filii
2619 3814 2698 3866 sui
2727 3829 2824 3868 nos
2855 3813 3244 3886 reconciliavit.
3273 3813 3635 3871 Commendat
3656 3827 3812 3871 nutet!

2224 3901 2388 3957 Deus.
2423 3904 2499 3957 ait
2518 3903 2825 3974 Apostolus.
2854 3923 3007 3960 suam
3042 3907 3352 3961 charitatem
3380 3910 3437 3961 in
3469 3910 3660 3974 nobis,
3694 3926 3812 3980 quo-

2226 3997 2367 4051 niam
2397 4015 2514 4052 cum
2540 3999 2714 4052 adhuc
2745 4009 3038 4070 peccatores
3069 4017 3327 4062 essemus.
3361 4001 3417 4055 id
3447 4011 3559 4066 est,
3590 4003 3812 4069 inimici,

2226 4086 2466 4143 Christus
2493 4107 2585 4159 pro
2611 4090 2754 4144 nobis
2778 4100 3016 4145 mortuus
3039 4102 3148 4157 est,
3195 4108 3289 4145 nos
3321 4093 3680 4146 reconcilians
3718 4092 3815 4146 Deo

2225 4177 2400 4250 (Rom.
2423 4178 2500 4249 v).
2531 4179 2762 4235 Grandis
2788 4181 2933 4236 enim
2972 4191 3027 4236 et
3069 4183 3332 4253 spiritalis
3359 4192 3446 4238 est
3483 4185 3668 4240 virtus
3707 4184 3815 4239 dili-

2225 4283 2352 4340 gere
2381 4269 2649 4335 inimicos,
2681 4285 2842 4341 quam
2869 4271 3048 4327 nullus
3073 4273 3353 4328 hominum
3383 4275 3595 4330 habe'e
3623 4277 3812 4346 potuit,

2221 4374 2404 4434 p0test
2426 4366 2513 4421 vel
2547 4366 2775 4438 poterit,
2811 4367 2913 4421 nisi
2945 4367 3030 4422 cui
3074 4367 3219 4422 illam
3261 4369 3534 4422 bonorum
3576 4369 3814 4423 omnium

2222 4457 2434 4515 dederit
2465 4458 2625 4514 Deus.
2655 4458 2946 4530 Diligamus
2971 4473 3100 4530 ergo
3136 4458 3405 4524 inimicos,
3438 4460 3588 4514 sicut
3615 4473 3814 4529 praece-

2221 4551 2302 4620 pit
2326 4551 2491 4616 Deus,
2515 4561 2568 4607 et
2589 4552 2980 4608 humanitatem
3004 4552 3133 4618 illis,
3160 4552 3212 4606 in
3235 4560 3496 4623 quantum
3519 4555 3811 4623 possimus,

2220 4643 2577 4712 praebeamus.
2614 4642 2885 4713 Scriptum
2906 4652 2990 4699 est
3013 4644 3187 4698 enim:
3213 4641 3271 4698 Si
3295 4645 3546 4698 esuriem
3569 4645 3811 4699 inimicus

2223 4744 2363 4798 tuus,
2407 4734 2522 4788 ciba
2549 4734 2741 4801 illum;
2779 4737 2825 4790 si
2848 4737 2994 4801 sitit,
3023 4747 3203 4806 potum
3240 4736 3309 4789 da
3344 4735 3464 4800 illi,
3506 4748 3567 4792 et
3609 4738 3810 4808 reliqua

2222 4822 2414 4898 (Prov.
2451 4827 2609 4897 xxv).
2660 4826 2812 4881 Tunc
2840 4828 2982 4881 enim
3019 4828 3302 4883 verissime
3339 4828 3554 4884 inimici
3598 4831 3810 4885 dilectis

2220 4919 2541 4984 custoditur,
2583 4933 2708 4972 cum
2735 4933 2837 4974 nec
2875 4919 2942 4974 de
2985 4920 3142 4974 ruina
3173 4919 3318 4976 illius
3345 4923 3686 4991 gaudemus.
3717 4933 3809 4980 nec

2219 5010 2284 5066 de
2310 5010 2552 5080 profectu
2587 5011 2934 5066 tabescimus.
2967 5011 3157 5084 Magna
3182 5020 3266 5068 est
3291 5013 3652 5070 inimicorum
3682 5016 3809 5070 dile-

2215 5104 2327 5158 ctio
2350 5112 2405 5158 et
2430 5103 2582 5158 valde
2604 5105 2789 5168 ardua,
2821 5104 2916 5159 sed
2942 5105 3291 5176 implentibus
3325 5123 3385 5162 se
3424 5118 3642 5165 :eterna
3672 5127 3805 5182 prae-

2215 5202 2373 5263 parat
2396 5195 2634 5263 praemia.
2663 5193 3010 5250 lnimicorum
3029 5210 3161 5269 ergo
3187 5197 3404 5255 dilectio
3425 5215 3526 5255 nos
3549 5202 3652 5256 Dei
3676 5202 3806 5256 ﬁlius

2215 5292 2271 5339 et
2293 5285 2604 5356 angelorum
2639 5283 2803 5340 edicit
2843 5287 3052 5354 socios;
3104 5289 3258 5344 nobis
3299 5289 3368 5345 de
3409 5291 3658 5347 inimicis
3682 5294 3805 5346 facit

2216 5379 2448 5445 amicos,
2477 5388 2531 5435 et
2553 5379 2618 5435 de
2648 5381 2940 5437 contrariis
2965 5383 3194 5450 charos,
3233 5391 3288 5438 et
3329 5387 3395 5440 de
3423 5385 3640 5442 odiosis
3677 5388 3804 5442 dile-

2217 5475 2485 5530 ctissimos
2529 5473 2746 5531 fratres.
2785 5475 2912 5531 Haec
2948 5491 3049 5532 nos
3093 5476 3417 5534 fraternitati
3463 5479 3645 5534 sociat
3667 5488 3722 5534 et
3751 5478 3802 5532 in

2216 5575 2474 5622 tetemum
2504 5566 2848 5638 inseparabili
2875 5569 3139 5624 charitate
3161 5569 3517 5640 conglutinat,
3551 5580 3617 5624 ut
3641 5581 3696 5626 et
3719 5570 3804 5624 hic

2216 5658 2544 5715 unanimiter
2586 5660 2641 5714 in
2691 5659 2932 5714 fraterna
2978 5661 3261 5716 dilectione
3309 5650 3594 5727 vivamus,
3642 5673 3702 5718 et
3747 5665 3800 5716 in

2214 5760 2472 5807 aeternum
2494 5751 2699 5821 pariter
2726 5766 3139 5824 conregnemus.
3169 5753 3516 5810 lnimicorum
3550 5771 3690 5828 ergo
3723 5756 3804 5810 di-

2211 5841 2393 5909 lectio,
2427 5851 2689 5916 quantum
2724 5842 2783 5902 in
2809 5844 3117 5919 peragenda
3142 5845 3392 5919 gravior,
3424 5855 3642 5905 tantum
3688 5847 3800 5903 erit
