3994 6506
202 401 327 469 789

1248 404 1610 466 COMMENT.
1648 404 1722 463 IN
1757 405 1920 466 REG.
1962 406 2022 464 S.
2059 403 2441 464 BENEDICTI.

3367 408 3479 465 770

201 525 268 585 in
296 520 654 582 retributione
685 521 921 590 felicior;
952 529 1214 593 quantum
1240 521 1295 578 in
1325 521 1668 594 adimplendo
1695 537 1791 577 an-
1817 527 1870 589 Α
1963 523 2052 578 35.
2087 519 2483 577 Persecutiones
2506 537 2601 590 pro
2629 521 2845 592 justitia
2865 523 3122 580 sustinere
3155 521 3371 596 (Matth.
3394 525 3474 598 v).

199 617 448 692 gustior,
465 624 674 672 tantum
694 617 797 672 erit
813 616 866 672 in
889 616 1211 686 recipiendis
1231 618 1543 670 muneribus
1567 615 1794 686 largior;

202 717 481 779 quantum
521 709 608 764 hic
642 708 929 771 laboriosa,
977 716 1183 763 tantum
1229 707 1280 761 in
1324 707 1504 762 futuro
1535 707 1639 761 erit
1682 706 1799 761 sine

205 800 383 856 dubio
421 798 674 872 gloriosa.
709 800 826 869 Ipsa
871 800 1017 855 enim
1057 815 1154 854 nos
1192 799 1532 854 inimicorum
1581 797 1799 852 dilectio

204 898 499 961 separata
545 891 772 956 mundo,
803 900 857 947 et
901 891 1179 962 conjungit
1220 890 1448 946 feliciter
1485 889 1632 955 Deo;
1683 890 1798 960 ipsa

202 998 316 1039 nos
346 985 415 1038 ab
444 982 746 1038 actionibus
769 983 1106 1038 saecularium
1129 982 1467 1037 discriminat
1494 981 1794 1046 hominum,

202 1083 266 1131 et
294 1085 608 1132 sanctorum
647 1076 851 1146 pariter
871 1075 1052 1147 jungit
1078 1084 1134 1131 et
1160 1074 1472 1144 angelorum
1499 1074 1794 1130 consortio.

281 1165 374 1222 52.
410 1165 784 1222 Maledicentes
810 1183 865 1222 se
904 1183 1008 1221 non
1050 1167 1453 1231 rematedicere,
1496 1165 1588 1221 sed
1628 1167 1796 1237 magis

204 1254 520 1311 benedicere
549 1255 702 1327 (Luc.
730 1255 826 1328 v1).
862 1256 930 1311 Et
953 1256 1010 1311 in
1039 1257 1144 1312 hoc
1169 1257 1326 1312 nobis
1359 1255 1688 1326 impossibile
1720 1257 1798 1310 vi-

207 1348 411 1403 deatur
456 1348 704 1420 implere,
737 1348 938 1406 Paulus
974 1350 1222 1420 exemplo
1262 1366 1360 1406 suo
1390 1367 1490 1407 nos
1517 1351 1792 1416 admonet,

205 1439 437 1496 dicens:
481 1438 870 1504 Maledicimur,
900 1450 950 1496 et
977 1441 1324 1496 benedicimus
1343 1482 1358 1509 ,
1388 1442 1794 1512 persecutionem

203 1533 466 1603 patimur,
511 1542 560 1587 et
601 1534 919 1590 sustinemus
949 1533 1146 1606 (Rom.
1189 1533 1317 1605 xu).
1361 1535 1552 1590 Petrus
1579 1548 1794 1604 quoque

204 1623 468 1694 princeps
492 1625 861 1694 apostolorum
880 1626 1147 1682 hortando
1167 1641 1266 1681 nos
1288 1628 1551 1696 praecipit,
1575 1627 1788 1683 dicens:

207 1713 342 1770 Non
368 1715 642 1771 reddentes
667 1713 865 1771 malum
884 1734 979 1788 pro
1004 1717 1145 1771 malo
1162 1758 1177 1783 ,
1216 1735 1310 1772 nec
1337 1717 1675 1772 maledictum
1699 1735 1794 1788 pro

207 1805 512 1873 maledicto,
538 1807 630 1862 sed
655 1825 683 1862 e
703 1811 968 1864 contrario
1011 1809 1367 1864 benedicentes
1387 1849 1404 1874 ,
1446 1810 1571 1880 quia
1611 1810 1666 1864 in
1695 1809 1796 1864 hoc

1898 613 2158 670 Dominus
2199 613 2250 666 in
2281 611 2571 683 Evangelio
2597 612 2711 666 ait:
2749 613 2900 669 Beati
2945 615 3037 687 qui
3069 617 3479 686 persecutionem

1895 706 2172 776 patiuntur
2191 713 2398 774 propter
2415 703 2703 772 justitiam,
2735 705 2982 776 quoniam
3015 706 3251 776 ipsorum
3290 717 3367 762 εει
3397 725 3479 764 τε.

1897 810 2058 866 gnum
2080 793 2348 848 caelorum.
2385 793 2498 849 Non
2526 795 2658 848 dixit
2700 805 2921 868 propter
2951 797 3294 868 iniquitatem
3323 815 3477 856 suam

1896 886 2178 958 patiuntur
2202 886 2652 956 persecutionem,
2674 887 2767 941 sed
2797 889 3075 960 signantcr
3101 887 3328 956 addidit,
3351 905 3476 960 pro-

1895 988 2010 1050 pter
2029 978 2312 1049 justitiam.
2343 978 2492 1034 Multi
2521 978 2665 1034 enim
2694 989 2917 1050 propter
2947 996 3042 1036 sua
3067 989 3290 1051 peccata
3307 996 3481 1052 perse-

1896 1073 2156 1126 cutionem
2179 1070 2585 1141 patiuntur,sed
2612 1086 2715 1127 nec
2733 1069 2887 1139 justi,
2914 1086 3015 1128 nec
3033 1071 3176 1128 beati
3203 1073 3475 1128 dicuntur.

1898 1159 2004 1216 Sed
2023 1161 2098 1217 illi
2128 1161 2228 1217 soli
2257 1170 2463 1216 tantum
2483 1161 2619 1234 justi
2643 1161 2913 1218 habentur
2931 1162 3022 1232 qui
3046 1163 3479 1232 persecutionem

1895 1263 2116 1325 propter
2151 1252 2422 1321 justitiam
2465 1258 2764 1324 patiuntur.
2806 1252 2944 1308 Hinc
2969 1253 3164 1308 Petrus
3204 1253 3479 1324 apostolus

1895 1343 2009 1397 ait:
2048 1341 2155 1399 Sed
2183 1353 2231 1396 et
2259 1343 2304 1396 si
2337 1343 2464 1413 quid
2491 1343 2731 1414 patimini
2769 1352 2979 1414 propter
3009 1343 3310 1413 justitiam,
3342 1344 3480 1399 beati

1893 1435 2038 1489 eritis
2069 1433 2120 1506 (I
2153 1433 2269 1509 Pet.
2302 1434 2409 1506 ιιι).
2446 1433 2562 1490 Non
2610 1433 2803 1498 solum,
2843 1434 3040 1504 inquit,
3072 1433 3147 1488 nil
3173 1444 3354 1502 nocet,
3385 1437 3479 1506 qui

1892 1528 2048 1583 vobis
2087 1529 2283 1584 bonum
2326 1527 2646 1584 facientibus
2694 1528 2837 1583 mala
2879 1529 3110 1599 irrogat,
3154 1529 3248 1585 sed
3277 1529 3474 1594 etiam,

1893 1633 1992 1672 vos
2012 1633 2135 1674 cum
2160 1621 2332 1675 hostis
2359 1620 2662 1689 insequitur
2692 1627 2913 1690 propter
2941 1621 3082 1675 bona
3119 1635 3240 1690 quae
3275 1619 3476 1687 facitis,

1892 1723 2114 1764 causam
2147 1711 2302 1767 vobis
2341 1710 2566 1780 majoris
2603 1711 2952 1766 beatitudinis
2991 1712 3398 1778 subministrat,
3425 1718 3482 1767 et

1892 1804 2171 1874 patientia:
2199 1814 2392 1862 vestrae
2417 1807 2562 1862 vires
2590 1808 2928 1863 corroborat.
2966 1808 3099 1864 Item
3138 1807 3330 1864 Petrus
3363 1809 3474 1865 ait:

207 1896 381 1949 vocati
420 1897 544 1951 estis
563 1938 578 1962 ,
623 1907 680 1952 ut
707 1898 1114 1953 benedictionem
1152 1898 1456 1954 haereditate
1479 1899 1789 1970 possideatis

1895 1892 2086 1949 Melius
2105 1905 2182 1950 est
2218 1897 2356 1950 enim
2399 1896 2810 1968 benefacientes,
2834 1899 2882 1953 si
2924 1897 3043 1954 uelit
3082 1898 3322 1956 voluntas
3357 1898 3478 1967 Dei,

207 1985 267 2057 (Ι
293 1984 414 2041 Pet.
438 1987 544 2060 ιιι).
593 1989 696 2057 Qui
737 1990 882 2046 enim
926 1990 978 2044 in
1022 1989 1337 2045 haereditate
1374 1989 1491 2044 vult
1515 1992 1792 2060 possidere

207 2087 472 2136 :etemam
493 2082 951 2146 benedictionem,
972 2081 1248 2136 inimicum
1269 2081 1590 2138 benedicere
1609 2081 1790 2146 debet,

207 2186 319 2226 non
364 2173 710 2230 maledicere.
755 2173 974 2229 Grande
1006 2173 1151 2228 enim
1197 2180 1253 2228 et
1288 2189 1395 2229 non
1434 2188 1658 2242 parvum
1707 2182 1793 2228 est

207 2263 409 2320 malum
437 2266 852 2323 maledicentem
880 2280 940 2321 se
968 2265 1312 2321 maledicere.
1335 2264 1479 2320 Leve
1497 2264 1640 2320 enim
1662 2264 1793 2319 illud

205 2368 242 2408 a
265 2353 474 2411 levibus
498 2356 712 2411 videtur
733 2356 1060 2421 hominibus,
1085 2355 1179 2411 sed
1199 2355 1342 2410 inter
1360 2354 1543 2426 gravia
1563 2354 1791 2409 crimina

206 2442 342 2500 illud
379 2444 673 2516 Apostolus
699 2454 999 2516 computat,
1029 2447 1108 2501 ait
1145 2445 1329 2502 enim:
1369 2444 1552 2518 Neque
1579 2444 1789 2511 ebriosi,

207 2552 378 2606 neque
398 2537 697 2607 fornicarii,
722 2555 886 2610 neque
905 2536 1170 2604 maledici,
1200 2553 1416 2609 regnum
1442 2536 1540 2591 Dei
1559 2537 1794 2608 posside-

207 2624 339 2679 bunt
369 2625 422 2698 (Ι
447 2624 571 2682 Cor.
597 2627 692 2699 vr).
720 2627 896 2683 Grave
919 2628 1087 2691 enim,
1109 2637 1171 2682 ut
1197 2627 1452 2692 diximus,
1487 2627 1792 2682 maledictio

206 2727 496 2791 peccatum
523 2729 628 2786 est,
653 2723 796 2792 quod
819 2722 1216 2792 possessionem
1236 2719 1390 2791 regni
1419 2719 1631 2785 adimit,
1661 2726 1717 2775 et
1737 2720 1792 2775 in

209 2808 408 2866 inferni
451 2818 715 2866 tartarum
759 2812 1033 2869 hominem
1079 2813 1306 2885 mergit,
1344 2820 1401 2867 et
1441 2822 1504 2869 ut
1535 2827 1791 2884 vaporem

209 2898 344 2957 fumi
384 2901 442 2958 in
485 2903 608 2972 igne
639 2911 844 2960 aeterno
886 2905 1126 2973 perimit.
1171 2905 1450 2979 Scriptum
1493 2914 1578 2961 est
1604 2904 1786 2961 enim:

209 2993 342 3049 Ante
367 2994 538 3064 ignem
563 3011 725 3065 vapor
743 3005 793 3049 et
819 2995 1022 3064 fumus,
1045 3005 1094 3050 et
1134 3005 1254 3053 ante
1291 2998 1601 3068 sanguinem
1628 2995 1792 3050 male-

211 3084 355 3139 dicta
387 3093 439 3140 et
479 3085 809 3141 contumelia:
850 3085 1056 3157 (Eccli.
1105 3086 1274 3159 xm).
1314 3086 1618 3143 Maledictis
1644 3085 1790 3143 enim

212 3176 303 3233 ubi
329 3177 512 3234 sedule
537 3179 763 3244 sederit,
799 3178 868 3234 de
887 3178 1013 3234 ﬁliis
1038 3179 1134 3235 Dei
1164 3179 1296 3235 facit
1327 3178 1465 3235 filios
1495 3180 1617 3244 iraa,
1643 3188 1699 3235 et
1724 3179 1793 3234 de

1890 1987 2021 2056 pati,
2055 2005 2214 2059 quam
2240 1987 2628 2059 malefacientes
2660 1990 2709 2062 (Ι
2742 1989 2861 2046 Pet.
2899 1991 3005 2063 ιιι).
3046 1991 3174 2046 Ητθο
3204 1992 3475 2048 sententia

1892 2077 2109 2133 illorum
2134 2079 2422 2134 stultitiam
2444 2081 2720 2149 eleganter
2745 2082 2941 2152 arguit,
2973 2083 3064 2150 qui
3089 2097 3212 2137 cum
3241 2097 3342 2152 pro
3365 2081 3481 2136 cui»

1891 2169 1978 2240 pis
2006 2177 2328 2240 arguuntur,
2360 2171 2442 2226 vel
2467 2172 2629 2226 etiam
2654 2187 2753 2241 pro
2781 2173 2894 2226 suis
2916 2171 3073 2228 factis
3093 2173 3271 2244 dignis
3303 2173 3480 2245 pinnis

1897 2267 2219 2316 coercentur
2251 2275 2282 2315 a
2319 2258 2579 2316 fratribus
2602 2261 2686 2316 vel
2715 2261 3038 2328 senioribus,
3066 2263 3338 2334 patienter
3363 2279 3480 2319 om-

1890 2351 2022 2407 nino
2052 2351 2308 2408 tolerant.
2333 2352 2440 2408 Sed
2463 2354 2508 2408 si
2531 2353 2735 2424 absque
2754 2353 2910 2426 culpa
2932 2355 3018 2410 vel
3038 2354 3326 2412 verborum
3349 2372 3478 2413 con-

1893 2441 2168 2508 tumelias,
2198 2441 2285 2496 vel
2313 2443 2541 2499 adversa
2573 2459 2799 2515 quaeque
2826 2445 3108 2514 patiuntur
3134 2461 3165 2500 a
3191 2447 3476 2517 proximis,

1891 2550 2020 2592 mox
2045 2535 2114 2590 ad
2140 2534 2474 2590 iracundiam
2496 2544 2879 2607 prorumpunt,
2905 2546 2963 2593 et
2987 2537 3079 2606 qui
3104 2537 3369 2594 hactenus
3397 2538 3478 2594 vi-

1891 2628 2159 2684 debantur
2176 2628 2380 2683 innoxii
2396 2632 2494 2699 per
2515 2629 2908 2699 impatientiam
2923 2638 2980 2686 et
2994 2632 3481 2688 murmurationem

1891 2735 1952 2775 se
1979 2719 2172 2775 noxios
2193 2720 2464 2786 reddunt;
2507 2720 2815 2778 nescientes
2839 2723 2966 2793 quia
2989 2723 3183 2781 melius
3205 2732 3350 2780 esset
3374 2723 3481 2780 illis

1890 2822 1952 2868 ut
1978 2828 2078 2884 pro
2096 2813 2310 2883 justitia
2339 2829 2501 2885 quam
2547 2829 2649 2885 pro
2697 2815 2985 2886 iniquitate
3023 2831 3122 2872 sua
3166 2826 3483 2888 paterentur

1890 2903 2133 2973 injurias.
2159 2905 2262 2974 Qui
2283 2920 2415 2976 ergo
2437 2904 2618 2974 justus
2647 2907 2877 2976 patitur,
2904 2906 3180 2964 Christum
3204 2908 3478 2975 imitatur;

1890 2995 1984 3066 qui
2008 3012 2139 3054 vero
2162 3012 2263 3068 pro
2281 2997 2396 3052 suis
2417 2995 2578 3054 factis
2602 2997 2828 3070 ﬂagellis
2852 2999 3164 3070 corrigitur,
3187 2999 3480 3066 latronem,

1890 3089 1984 3158 qui
2012 3089 2066 3142 in
2095 3104 2259 3144 cruce
2285 3089 2563 3144 Christum
2590 3091 2872 3161 cognovit,
2898 3098 2954 3146 et
2989 3099 3116 3162 post
3138 3106 3358 3147 crucem
3387 3107 3484 3163 pa-

1891 3179 2130 3234 radisum
2161 3179 2384 3234 intravit
2411 3195 2532 3235 cum
2564 3179 2804 3236 Christo.
2853 3182 2953 3248 Qui
3001 3191 3182 3238 autem
3209 3197 3312 3238 nec
3341 3183 3484 3239 inter

211 3267 518 3323 hmredibus
546 3266 676 3323 facit
699 3276 1008 3330 extraneos,
1056 3278 1112 3324 et
1150 3270 1216 3325 de
1258 3268 1474 3336 injustis
1496 3268 1624 3323 facit
1650 3267 1788 3337 inju-
1815 3253 1860 3316 C
1895 3268 2102 3340 ﬂagella
2126 3269 2335 3323 desistit
2357 3285 2388 3322 a
2408 3269 2600 3338 culpis,
2624 3270 2904 3325 sinistrum
2931 3272 3172 3327 imitatur
3190 3272 3480 3338 latronem,

212 3364 342 3413 stos.
375 3357 536 3413 Tollit
557 3359 816 3415 cmlorum
848 3375 1070 3431 regnum
1101 3370 1157 3416 et
1177 3362 1372 3430 mergit
1402 3361 1455 3415 in
1502 3368 1786 3415 tartarum.

213 3446 540 3505 Sanctorum
568 3450 704 3506 tollit
729 3451 953 3521 gloriam
975 3461 1031 3507 et
1046 3451 1242 3509 inferni
1261 3456 1460 3523 premit
1481 3455 1534 3507 in
1556 3453 1788 3509 foveam.

214 3535 378 3592 Suam
407 3539 627 3595 Christo
661 3540 799 3595 tollit
841 3551 1060 3612 nuptam
1105 3551 1162 3598 et
1202 3543 1414 3597 diatolo
1451 3542 1640 3597 tribuit
1674 3541 1792 3596 ani-

211 3643 375 3682 mam.
407 3629 499 3685 Sic
521 3631 665 3685 enim
698 3632 957 3702 scriptum
984 3643 1103 3689 est:
1143 3634 1280 3688 Dum
1305 3635 1567 3691 maledicit
1596 3636 1788 3705 impius

212 3720 500 3788 diabolum,
530 3722 794 3778 maledicit
825 3726 1058 3780 animam
1097 3744 1247 3782 suam
1287 3727 1476 3798 (Eccli.
1511 3727 1648 3797 ut).
1690 3727 1790 3783 Hic

209 3810 354 3867 enim
374 3813 612 3868 ostendit
630 3813 906 3885 Scriptura
927 3817 1054 3886 quia
1076 3818 1319 3874 diabolus
1338 3819 1584 3874 maledici
1609 3819 1786 3873 anima

211 3910 312 3957 est.
355 3903 615 3960 Dominus
660 3914 839 3962 autem
875 3909 1032 3964 nobis
1073 3924 1181 3964 non
1227 3910 1293 3964 ad
1332 3911 1785 3976 maledicendum,

211 3997 307 4052 sed
335 3997 513 4065 potius
540 3999 606 4052 ad
634 3997 1055 4056 benedicendum
1074 4018 1136 4056 os
1157 4003 1420 4058 concessit
1449 4013 1507 4057 et
1530 4003 1782 4072 linguam.

213 4084 326 4140 Nos
349 4096 549 4154 autem,
577 4090 716 4144 sicut
736 4088 967 4146 Iacobus
987 4094 1260 4161 apostolus
1284 4093 1380 4158 ait,
1405 4109 1469 4147 ea:
1495 4095 1605 4162 ipsa
1637 4094 1788 4147 bene-

209 4179 432 4234 dicimus
454 4179 756 4242 Dominum.
790 4193 838 4236 et
866 4193 1090 4253 patrem,
1121 4195 1170 4238 et
1191 4201 1256 4238 ea:
1283 4188 1398 4254 ipsa
1427 4184 1786 4240 maledicimus

207 4272 460 4338 homines,
499 4275 590 4344 qui
630 4275 698 4328 ad
724 4275 1118 4330 similitudinem
1165 4276 1256 4330 Dei
1281 4277 1410 4345 facti
1451 4287 1604 4340 sunt,
1642 4285 1688 4329 et
1723 4292 1788 4330 ea:

209 4364 318 4434 ipso
349 4374 525 4420 nostra
553 4383 656 4420 uno
700 4383 789 4420 ore
825 4367 1057 4436 procedit
1083 4365 1378 4420 maledictio
1419 4376 1464 4419 et
1501 4367 1786 4421 benedictio

207 4453 414 4528 (Iacob.
442 4455 547 4528 ιιι).
579 4456 685 4513 Sed
712 4459 841 4527 quid
875 4459 952 4512 ait
978 4458 1119 4513 idem
1163 4458 1434 4528 apostolus
1463 4457 1782 4513 audiamus:

204 4547 334 4604 Non
361 4558 582 4620 oportet,
617 4549 810 4620 inquit,
842 4549 953 4603 lucc
994 4551 1067 4602 ita
1090 4550 1206 4619 ﬁeri
1224 4591 1239 4615 ,
1282 4549 1492 4616 fratres.
1530 4549 1786 4621 Nunquid

202 4641 324 4711 fons
355 4640 420 4694 de
443 4641 622 4695 eodem
666 4641 922 4709 foramine
959 4652 1171 4696 emanat
1215 4641 1416 4695 dulcem
1459 4652 1506 4696 et
1545 4659 1785 4697 amaram

203 4750 399 4806 aquam
425 4733 652 4807 (Ibid)?
675 4735 752 4789 Ac
779 4734 823 4789 si
844 4733 1086 4790 diceret:
1130 4734 1284 4791 Sicut
1309 4735 1482 4790 dulcis
1521 4746 1576 4791 et
1601 4750 1788 4791 amara

203 4842 345 4897 aqua
371 4843 478 4882 non
503 4837 682 4897 potest
719 4828 786 4883 de
814 4844 920 4883 una
959 4829 1118 4883 simul
1151 4827 1313 4884 fontis
1357 4845 1581 4884 manare
1625 4844 1785 4895 vena,

204 4919 288 4975 sic
308 4920 611 4976 benedictio
639 4930 695 4976 et
720 4921 1026 4978 maledictio
1055 4923 1121 4979 de
1148 4939 1251 4977 una
1282 4923 1440 4977 simul
1474 4940 1577 4977 non
1610 4932 1787 4993 potest

201 5026 459 5069 emanare
486 5013 664 5069 cordis
689 5014 848 5068 rima.
889 5013 995 5069 Sed
1040 5017 1348 5086 quicunque
1377 5018 1455 5070 sic
1485 5018 1652 5072 Deum
1683 5019 1783 5073 be-

202 5104 455 5161 nedicere
479 5107 686 5161 orando
707 5106 791 5160 vel
817 5107 1162 5176 praedicando
1188 5109 1486 5170 consuevit,
1518 5117 1577 5161 ut
1616 5109 1785 5163 male-

205 5196 384 5254 dicere
407 5196 680 5252 hominem
707 5211 814 5251 non
852 5199 1165 5264 cessaverit,
1207 5198 1324 5252 sine
1361 5200 1522 5254 dubio
1549 5199 1787 5254 dulcedi-

207 5303 326 5346 nem
349 5288 736 5344 benedictionis
761 5288 876 5358 ejus
904 5291 1206 5345 amaritudo
1237 5290 1630 5347 maledictionis
1658 5307 1788 5347 con-

204 5379 388 5435 sumit.
417 5379 522 5436 Sed
546 5388 809 5450 quantum
829 5381 1028 5435 malum
1055 5389 1140 5436 est
1163 5381 1558 5438 maledictionis
1573 5382 1787 5450 vitium,

206 5483 358 5530 tanto
389 5480 561 5546 magis
589 5485 675 5530 est
711 5475 1103 5530 benedictionis
1144 5475 1344 5530 bonum
1384 5474 1641 5531 otlicium.
1683 5474 1788 5530 Per

207 5567 336 5623 illud
365 5566 513 5623 enim
537 5565 932 5622 maledictionis
953 5566 1305 5636 conqueritur
1325 5581 1503 5632 paena,
1530 5580 1625 5637 per
1643 5565 1787 5621 istud

206 5661 600 5720 benedictionis
627 5661 802 5732 gratia
827 5669 883 5716 et
913 5661 1100 5731 gloria.
1129 5660 1234 5716 Per
1264 5659 1390 5714 illud
1433 5660 1784 5731 opprobrium

209 5755 261 5808 in
309 5754 540 5820 inferno,
585 5769 685 5826 per
725 5754 869 5810 istud
914 5754 968 5809 in
1013 5753 1150 5810 ctelo
1195 5753 1478 5824 praemium
1523 5753 1788 5824 accipitur

209 5849 618 5918 sempiternum.

1809 4604 1864 4664 D

1891 3360 1984 3430 qui
2005 3368 2228 3430 propter
2254 3369 2477 3429 peccata
2505 3361 2752 3415 ascendit
2777 3361 2830 3414 in
2862 3376 3099 3427 crucem,
3125 3371 3179 3416 et
3201 3372 3325 3434 post
3353 3378 3477 3420 cru-

1889 3467 2008 3508 cem
2042 3452 2150 3505 ruit
2179 3451 2232 3505 in
2260 3459 2543 3504 tartarum.
2570 3450 2712 3522 Ergo
2738 3450 2909 3504 multo
2944 3451 3136 3507 melius
3164 3462 3250 3508 est
3284 3469 3480 3525 quam-

1888 3544 2022 3599 libet
2049 3543 2103 3598 in
2128 3543 2383 3612 praesenti
2423 3541 2623 3598 SiBClllO
2669 3543 3010 3598 innocentem
3047 3551 3102 3598 et
3136 3559 3237 3614 pro
3267 3543 3480 3614 justitia

1888 3637 1998 3708 pati
2031 3636 2487 3706 persecutionem,
2512 3642 2568 3688 et
2587 3633 2640 3687 in
2664 3633 2847 3688 futuro
2867 3649 2990 3689 cum
3015 3633 3138 3688 ﬁliis
3164 3634 3257 3688 Dei
3281 3635 3484 3693 laboris

1889 3729 1972 3783 sui
1997 3728 2245 3798 accipere
2277 3726 2714 3789 retributionem,
2759 3740 2919 3794 quam
2949 3740 3070 3780 cum
3105 3727 3483 3796 peccatoribus

1887 3831 2230 3892 peccatorem
2255 3818 2534 3890 ﬂagellari,
2569 3825 2621 3872 et
2653 3826 2776 3887 post
2814 3826 3046 3872 mortem
3086 3831 3210 3872 cum
3234 3820 3479 3889 reprobis

1889 3911 2182 3981 reprobum
2215 3910 2268 3963 in
2301 3907 2575 3963 infernum
2603 3906 2794 3976 mergi.

1959 4004 2049 4060 54.
2087 4002 2211 4057 Non
2254 4018 2363 4056 esse
2409 4000 2707 4070 superbum.
2761 3997 2864 4054 Per
2907 3997 3198 4053 Jeremiam
3243 4002 3476 4072 pr0phe-

1889 4105 1998 4149 tam
2061 4097 2127 4149 ad
2165 4094 2456 4163 superbum
2507 4091 2768 4144 Dominus
2815 4089 3194 4154 comminatur,
3244 4089 3475 4145 dicens:

1889 4186 2026 4240 Ecce
2071 4201 2164 4254 ego
2201 4184 2270 4236 ad
2299 4192 2378 4246 te,
2422 4180 2659 4251 superbe,
2689 4179 2814 4232 dicit
2841 4178 3097 4232 Dominus
3122 4180 3477 4249 exercituum,

1887 4281 2010 4352 quia
2039 4279 2202 4333 veniet
2229 4277 2340 4331 dies
2377 4285 2497 4329 tuus
2526 4285 2725 4343 tempus
2754 4273 3061 4328 uisitationis
3098 4281 3224 4337 tua',
3257 4283 3305 4326 et
3329 4272 3480 4329 cadet

1887 4372 2167 4443 superbus,
2213 4380 2260 4424 et
2310 4377 2544 4430 corruet,
2576 4375 2624 4420 et
2655 4381 2758 4420 non
2799 4366 2898 4418 erit
2939 4366 3027 4435 qui
3069 4364 3282 4418 suscitet
3324 4381 3476 4432 eum,

1887 4477 1937 4520 et
1977 4468 2290 4520 succendunt
2336 4463 2507 4531 ignem
2551 4461 2605 4515 in
2662 4459 2876 4513 urbibus
2929 4457 3076 4527 ejus,
3119 4468 3167 4513 et
3213 4459 3480 4518 demrabit

1889 4559 2064 4613 omnia
2102 4559 2156 4612 in
2197 4557 2420 4611 circuitu
2447 4553 2562 4624 ejus
2591 4550 2808 4624 (Jerem.
2838 4548 2913 4622 ι).
2953 4549 3020 4603 Ει
3057 4549 3184 4604 alibi
3213 4551 3480 4621 scriptum

1888 4661 2007 4707 est:
2063 4647 2254 4704 Perdet
2309 4647 2450 4702 Deus
2495 4643 2801 4700 memoriam
2841 4641 3218 4711 superborum,
3271 4651 3322 4695 et
3373 4659 3480 4698 non

1885 4742 2139 4810 relinquet
2179 4740 2483 4794 memoriam
2522 4733 2802 4789 humilium
2831 4731 3021 4799 (Eccli.
3056 4731 3134 4804 χ).
3165 4731 3300 4788 Nam
3330 4742 3384 4787 et
3411 4733 3480 4790 de

1885 4833 2000 4903 ipsa
2039 4830 2286 4900 superbia
2331 4829 2410 4884 sic
2457 4827 2696 4895 loquitur
2739 4823 2916 4880 divina
2969 4822 3286 4894 Scriptura:
3345 4821 3479 4876 0di-

1884 4923 2025 4989 bilis,
2064 4921 2259 4992 inquit,
2293 4935 2471 4974 coram
2497 4917 2606 4971 Deo
2645 4925 2693 4970 et
2731 4913 3026 4968 hominibus
3067 4913 3330 4985 superbia.
3371 4913 3476 4980 Qui

1882 5025 2058 5070 autem
2106 5012 2328 5067 tenuerit
2372 5007 2556 5074 illam,
2605 5004 2975 5076 adimplcbitur
3018 5003 3475 5059 maledictionibus

1887 5105 2118 5179 (Ibid.).
2162 5105 2260 5167 Et,
2307 5101 2528 5156 Initium
2559 5099 2726 5154 omnis
2754 5096 2954 5167 peccati
2988 5094 3229 5165 superbia
3258 5093 3475 5167 (Ibid.).

1887 5199 2004 5254 Non
2029 5199 2106 5252 ait
2136 5195 2386 5264 alicujus,
2420 5191 2512 5246 sed
2538 5191 2715 5246 omnis
2743 5186 2972 5259 peccati,
2997 5193 3057 5240 ut
3079 5186 3358 5240 evidenter
3381 5200 3474 5242 os-

1887 5290 2135 5346 tenderet
2180 5289 2352 5357 ipsam
2394 5299 2515 5339 esse
2541 5290 2886 5353 peccatorum
2925 5277 3168 5333 omnium
3208 5289 3471 5344 causam;

1890 5386 2147 5454 quoniam
2188 5395 2295 5436 non
2333 5378 2504 5434 solum
2536 5383 2821 5446 peccatum
2850 5382 2935 5426 est
2976 5369 3124 5439 ipsa,
3169 5369 3263 5422 sed
3305 5367 3473 5424 etiam

1889 5473 2098 5530 nullum
2124 5479 2406 5543 peccatum
2441 5468 2555 5523 fieri
2585 5463 2777 5538 potuit,
2814 5468 2994 5532 potest
3016 5466 3109 5511 aut
3139 5458 3341 5527 poterit
3357 5458 3476 5512 sine

1889 5568 2026 5638 ipsa.
2065 5564 2308 5636 Superba
2339 5562 2590 5618 voluntas
2613 5557 2742 5614 facit
2765 5553 2858 5610 Dei
2883 5559 3151 5622 praecepta
3173 5550 3471 5614 contemni.

1889 5651 2112 5717 humilis
2130 5657 2413 5714 custodiri.
2429 5651 2694 5725 Superbia
2710 5664 2778 5703 ex
2801 5643 3005 5714 angelis
3027 5645 3302 5698 dtrmones
3325 5642 3471 5709 fecit,

1889 5752 2168 5809 humilitas
2193 5750 2443 5806 homines
2469 5745 2674 5799 sanctis
2698 5737 2905 5811 angelis
2926 5735 3130 5794 similes
3159 5735 3354 5792 reddit.
3379 5733 3474 5791 llla

1890 5842 2120 5902 rebelles
2150 5838 2365 5899 diabolo
2406 5832 2620 5898 subdit,
2651 5831 2767 5887 haec
2795 5826 3044 5884 humiles
3071 5825 3289 5883 Christo
3335 5838 3471 5881 con-
