3994 6532
223 1817 268 1848 ει

255 1862 282 1890 ο

519 408 616 466 771

1817 392 2173 454 SMARAGDI
2208 392 2496 450 ABBATIS

3683 395 3796 454 ’ΠΩ

513 515 713 590 jungit.
766 513 845 570 De
889 511 1144 585 superbia
1192 523 1428 584 namque
1473 517 1775 583 sequuntur
1820 511 2053 565 haereses
2075 549 2092 574 ,
2121 509 2173 578 Α
2195 508 2251 562 in
2275 505 2570 574 dulcedine,
2599 494 2851 578 quoniam
2886 509 3036 578 periit
3080 508 3143 562 ab
3182 523 3272 563 ore
3319 518 3489 564 uestro
3523 509 3701 579 (Joel.
3731 516 3795 584 ι).

521 611 837 672 schismata,
866 607 1246 672 detractiones,
1274 605 1506 668 invidia,
1538 605 1858 667 verbositas,
1890 601 2100 671 iactan-

523 703 618 766 tia,
643 701 1042 764 contentiones,
1071 699 1465 763 animositates,
1489 698 1733 763 ambitio,
1759 697 1940 758 elatio,
1963 711 2101 764 prte-

521 795 780 864 sumptio,
796 793 1028 856 vanitas,
1051 791 1384 861 inquietudo,
1402 789 1763 853 mendacium,
1778 787 2093 858 periurium,

521 895 581 942 et
608 894 804 944 caetera
841 883 1009 939 multa
1042 882 1207 937 mala.
1246 881 1365 936 Jam
1413 897 1556 936 nunc
1584 882 1863 935 videamus
1905 879 2101 948 quibus

525 978 738 1032 indiciis
791 976 962 1046 possit
1017 975 1272 1043 superbia
1317 971 1666 1041 deprehendi.
1722 970 1926 1025 Omitto
1979 969 2100 1023 illos

523 1084 659 1139 quos
705 1069 820 1138 ipse
869 1068 1084 1122 habitus
1115 1073 1172 1120 et
1203 1066 1445 1119 incessus
1487 1063 1750 1132 superbos
1789 1061 2097 1125 ostendunt,

521 1171 751 1227 quorum
783 1165 964 1212 erecta
995 1154 1197 1216 cervix,
1230 1151 1397 1207 facies
1435 1159 1584 1206 torva
1605 1191 1620 1216 ,
1664 1158 1843 1205 truces
1881 1150 2020 1204 oculi
2047 1157 2102 1204 et

525 1265 708 1304 sermo
733 1248 989 1304 terribilis
1016 1246 1215 1300 nudam
1237 1243 1544 1314 superbiam
1567 1242 1819 1296 clamant.
1845 1241 1966 1296 lllos
1985 1249 2102 1295 tan-

525 1349 641 1396 tum
673 1341 860 1396 dolens
883 1339 1110 1394 ostendo
1129 1377 1145 1402 ,
1174 1348 1336 1405 atque
1375 1351 1560 1391 eorum
1589 1335 1834 1404 exempla
1864 1334 2103 1388 cavenda

523 1432 812 1496 denuntio,
841 1445 978 1499 quos
1002 1430 1116 1500 iam
1146 1443 1440 1486 conversos
1473 1433 1532 1481 et
1556 1425 1948 1495 aliquantulum
1973 1440 2103 1494 pro-

523 1527 770 1586 ﬁcientes
797 1524 1050 1594 superbia
1094 1522 1305 1578 occulte
1347 1523 1599 1591 captivat,
1628 1537 1765 1590 quos
1793 1521 1848 1574 in
1878 1517 2102 1589 profun-

519 1617 656 1682 dum
682 1615 948 1670 malorum
973 1614 1314 1668 fraudulenta
1345 1613 1686 1668 damnatione
1707 1612 2026 1682 praecipitat,
2051 1617 2107 1664 et

419 1733 450 1754 ρ·
518 1723 599 1763 ate
623 1708 746 1764 inde
767 1719 1004 1776 unquam
1026 1716 1321 1776 assurgunt
1337 1704 1540 1772 iugiter
1568 1704 1759 1758 calcat.
1779 1704 1844 1757 111
1870 1711 1994 1757 sunt
2014 1702 2104 1770 qui

525 1801 803 1858 seniorum
835 1813 1053 1854 suorum
1082 1813 1187 1852 non
1228 1798 1519 1851 observant
1547 1796 1793 1865 imperia,
1840 1795 1934 1850 sed
1955 1793 2105 1861 judi-

525 1898 669 1947 oant.
705 1891 782 1945 De
810 1891 924 1948 suis
952 1889 1293 1960 negligentiis
1314 1886 1582 1958 obiurgati
1610 1894 1704 1940 aut
1734 1887 1998 1942 rebellant
2024 1887 2105 1940 in-

523 1983 784 2048 solenter,
825 1989 918 2037 aut
944 1987 1306 2037 murmurant.
1352 1979 1428 2035 De
1465 1980 1581 2034 loco
1609 1979 1888 2049 superiore
1918 1980 2104 2048 dispu-

524 2083 662 2140 tant,
699 2073 957 2144 pmel‘erre
984 2074 1150 2129 etiam
1190 2087 1250 2127 se
1282 2071 1599 2126 melioribus
1624 2071 1994 2141 imprudenter
2021 2067 2104 2123 af-

450 2145 459 2158 ’
519 2165 762 2232 fectant,
809 2163 1213 2234 simplicitatem
1253 2162 1570 2232 spiritalium
1611 2161 1833 2216 Patrum
1872 2176 2103 2231 exagge-

523 2266 671 2321 rant,
702 2271 830 2311 suas
856 2256 1155 2312 sententias
1178 2255 1729 2325 procaciteriactant,
1758 2269 1865 2307 non
1887 2261 2106 2308 servant

523 2350 830 2406 senioribus
859 2350 912 2404 in
941 2348 1202 2418 obsequio
1227 2348 1607 2412 reverentiam,
1635 2347 1689 2401 in
1718 2360 1969 2402 sermone
1987 2361 2106 2401 mo-

527 2442 779 2505 destiam,
809 2455 910 2496 nee
937 2440 992 2495 in
1026 2440 1269 2496 moribus
1309 2439 1667 2508 disciplinam.
1689 2422 1914 2495 Habent
1936 2438 1993 2492 in
2025 2439 2107 2492 in-

524 2531 764 2587 tentione
798 2531 1174 2602 pertinaciam,
1206 2531 1262 2587 in
1291 2531 1454 2586 corde
1494 2531 1780 2595 duritiam,
1808 2531 1862 2585 in
1899 2545 2107 2586 sermo-

523 2625 798 2680 cinatione
833 2623 1188 2693 iactantiam;
1231 2625 1287 2679 in
1336 2624 1646 2684 humilitate
1688 2622 1906 2678 fallaces
1929 2664 1945 2689 ,
1980 2624 2107 2680 odio

523 2718 852 2788 pertinaces,
886 2716 1223 2785 subiectione
1251 2717 1626 2786 impatientes;
1663 2717 1916 2770 omnibus
1951 2717 2108 2772 bonis

523 2807 775 2872 odibiles,
824 2807 892 2860 ad
937 2822 1073 2876 opus
1099 2809 1301 2864 bonum
1329 2807 1492 2878 pigri,
1526 2807 1596 2861 ad
1624 2807 1939 2876 obsequium
1965 2806 2105 2871 duri,

528 2900 598 2962 ad
627 2899 955 2969 loquendum
981 2901 1125 2969 quod
1153 2901 1406 2956 nesciunt
1431 2901 1702 2970 prompti;
1742 2901 2019 2956 temerarii
2051 2901 2110 2955 in

531 2991 822 3058 audiendo,
846 2991 1072 3047 clamosi
1099 2993 1151 3046 in
1175 2991 1723 3061 loqoendo,eii‘renati
1749 2993 1803 3046 in
1824 2993 2105 3048 cachinno.

527 3080 656 3137 Haec
680 3089 809 3137 sunt
850 3081 1115 3150 superbiae
1152 3083 1450 3153 grassantis
1493 3082 1712 3146 indicia,
1742 3082 1937 3152 quibus
1965 3081 2110 3139 Deus

525 3173 817 3228 offenditur
855 3182 910 3229 et
939 3175 1172 3240 recedit,
1217 3173 1466 3230 diabolus
1514 3175 1772 3229 invitatur
1806 3184 1864 3230 ut
1887 3178 2105 3243 veniat;

527 3264 613 3330 bis
641 3266 801 3322 malis
843 3268 1095 3322 omnibus
1125 3267 1374 3323 diabolus
1401 3275 1588 3337 pastus
1618 3269 1888 3333 exsultat,
1919 3284 2107 3338 supcr-

526 3357 624 3412 bas
649 3367 858 3414 mentes
886 3360 1076 3424 intrat,
1109 3367 1170 3413 ut
1199 3368 1402 3426 teneat,
1431 3360 1628 3430 erigat,
1654 3359 1850 3425 elidat;
1881 3361 2027 3416 fovet
2048 3368 2110 3415 ut

526 3449 754 3518 perdat;
797 3459 972 3517 tenet,
1010 3459 1070 3506 ut
1097 3453 1373 3522 possideat
1396 3459 1451 3507 et
1484 3453 1667 3508 omnia
1695 3453 1836 3507 mala
1865 3467 1961 3522 per
1989 3452 2110 3507 illos

527 3551 798 3597 exerceat.
841 3541 1118 3613 Superbia:
1161 3551 1342 3598 autem
1383 3546 1598 3613 gemina
1641 3553 1727 3599 est
1767 3543 2104 3599 differentia:

527 3648 632 3686 una
653 3647 774 3703 quas
795 3635 1064 3703 spiritales
1084 3651 1184 3706 pro
1197 3636 1489 3691 virtutibus
1509 3636 1880 3705 superbientes
1900 3637 2104 3706 deiicit;

527 3724 700 3779 altera
735 3724 1000 3789 carnalis,
1047 3742 1166 3794 quae
1195 3741 1323 3797 erga
1356 3727 1633 3781 seniorum
1663 3727 1889 3796 imperia
1917 3727 2108 3782 inobo-

530 3815 741 3871 dientes
780 3815 976 3870 reddit.
1025 3816 1178 3872 Alius
1202 3831 1435 3885 namque
1460 3832 1527 3872 ex
1562 3818 1725 3872 rebus
1760 3817 2111 3873 saecularibus

529 3908 787 3977 possidet,
819 3924 957 3977 quos
989 3925 1054 3963 ex
1084 3910 1376 3966 virtutibus
1403 3911 1612 3965 extollit
1638 3911 1991 3981 spiritalibus.
2020 3913 2110 3968 Di-

529 4007 618 4053 cta
642 4007 823 4054 auwm
853 4002 1124 4069 superbia,
1159 4001 1283 4070 quia
1307 4017 1470 4072 super
1489 4003 1603 4056 vult
1629 4004 1771 4072 quod
1799 4009 1902 4056 est.

599 4088 688 4144 55.
720 4088 845 4144 Non
874 4089 1188 4145 vinolentum
1213 4091 1268 4164 (Ι
1294 4091 1427 4146 Tim.
1457 4108 1534 4156 ix,
1567 4091 1668 4146 Tit.
1701 4091 1762 4162 ι).
1795 4093 2114 4149 Vinolentus

529 4179 746 4244 dicitur,
774 4181 867 4250 qui
897 4191 950 4235 et
975 4182 1108 4237 satis
1129 4183 1288 4246 bibit,
1318 4193 1375 4236 et
1401 4182 1614 4237 difﬁcile
1634 4183 1950 4238 inebriatur.
1975 4185 2110 4240 Hinc

528 4272 695 4330 Isaias
715 4273 822 4326 ait:
854 4271 979 4328 Vm!
1001 4273 1090 4344 qui
1110 4282 1340 4344 potentes
1368 4274 1490 4328 estis
1518 4274 1587 4326 ad
1611 4274 1886 4329 bibendum
1912 4275 2108 4341 vinum,

529 4372 577 4416 et
599 4363 695 4417 viri
725 4363 883 4433 fortes
917 4364 986 4416 ad
1015 4363 1333 4418 miscendam
1365 4363 1664 4419 ebrietatem
1703 4365 1838 4437 (Isa.
1865 4366 1942 4439 v).
1975 4366 2114 4422 Hinc

531 4454 752 4522 sapiens
797 4453 1013 4522 quidam
1061 4453 1228 4507 dicit:
1272 4452 1469 4507 Multos
1505 4457 1863 4510 exterminavit
1902 4458 2108 4523 vinum,

529 4543 669 4613 quod
692 4542 914 4596 multum
934 4551 1188 4612 potatum,
1211 4543 1576 4608 irritationem,
1599 4556 1651 4600 et
1677 4548 1833 4612 iram,
1856 4557 1904 4602 et
1932 4551 2112 4604 ruinas

533 4609 726 4694 multas
754 4634 901 4704 facit.
932 4609 1242 4690 dmuritudo
1272 4636 1490 4703 animae,
1522 4640 1696 4694 vinum
1719 4609 1942 4695 multum
1963 4652 2114 4713 pota—
2137 4609 2190 4669 Β

533 4735 665 4780 tum.
711 4723 902 4780 Vinum
926 4725 981 4780 in
996 4726 1332 4796 iucunditate
1354 4738 1588 4784 creatum
1607 4740 1703 4798 est,
1733 4749 1837 4787 non
1865 4733 1920 4789 in
1946 4733 2112 4790 ebrie-

534 4826 679 4871 tate:
719 4817 923 4872 sanitas
955 4825 1032 4872 est
1074 4819 1306 4888 corporis
1341 4827 1391 4874 et
1429 4820 1621 4876 anima:
1667 4823 1873 4880 sobrius
1917 4835 2109 4896 potus:

532 4907 798 4964 ebrietatis
819 4925 938 4962 vero
959 4910 1285 4978 animositas,
1313 4913 1658 4984 imprudentis
1679 4920 1895 4986 o/fensio
1918 4919 2107 4992 (Eccli.

535 4999 714 5070 uxr).
731 4999 981 5056 Ebrietas
1001 5009 1182 5057 autem
1204 5005 1666 5072 perturbationem
1694 5010 1864 5078 gignit
1883 5011 2111 5076 mentis;

534 5090 774 5148 furorem
802 5093 983 5148 cordis
1009 5102 1066 5148 et
1095 5094 1368 5152 ﬂammam
1393 5099 1622 5154 suscitat
1663 5099 1900 5156 libidinis
1917 5142 1931 5167 ,
1958 5110 2013 5156 et
2039 5102 2113 5157 ita

538 5194 773 5242 inuitem
797 5185 1015 5254 alienat,
1046 5195 1108 5243 ut
1143 5189 1235 5244 ubi
1263 5189 1336 5244 sit
1363 5191 1589 5246 nesciat.
1638 5192 1790 5248 Unde
1831 5202 1887 5249 et
1914 5195 2114 5251 malum

537 5290 644 5336 non
665 5277 902 5334 stertitur
936 5279 1079 5349 quod
1103 5295 1202 5350 per
1221 5281 1540 5338 ebrietatem
1563 5285 1937 5341 committitur.
1979 5285 2116 5342 Hinc

538 5367 730 5425 beatus
750 5367 981 5424 Basilius
1006 5369 1114 5426 ait:
1155 5369 1308 5425 Multi
1347 5385 1445 5441 per
1481 5373 1665 5428 vinum
1711 5389 1743 5428 a
1783 5375 2119 5434 daemonibus

537 5460 682 5529 capti
704 5466 852 5515 sunt.
880 5459 992 5516 Nec
1022 5469 1108 5517 est
1129 5461 1275 5524 aliud
1298 5462 1535 5520 ebrietas
1555 5479 1717 5533 quam
1744 5467 2122 5523 manifestissi-

541 5564 661 5606 tuus
684 5551 913 5607 dmmon.
937 5552 1073 5608 Hinc
1093 5552 1365 5626 Pcopbeta
1402 5557 1478 5612 ait
1502 5575 1515 5610 :
1554 5554 1863 5614 Fornicatio
1880 5568 1931 5614 et
1952 5561 2120 5615 ebrie-

541 5650 622 5696 tas
645 5643 890 5712 auferunt
916 5662 1007 5701 cor
1026 5645 1173 5717 (Ose.
1197 5646 1294 5720 Iv).
1318 5649 1522 5714 Quibus
1543 5646 1658 5704 Joel
1678 5651 1938 5719 propheta
1961 5652 2116 5721 quasi

541 5734 596 5789 in
638 5734 961 5792 alienatione
991 5740 1188 5794 mentis
1213 5740 1606 5796 dormientibus
1642 5742 1869 5809 clamat,
1896 5744 2113 5799 dicens:

544 5823 1000 5898 Expergiscimini,
1025 5829 1251 5903 ebrii,fet
1272 5833 1412 5902 ﬂete,
1436 5849 1614 5889 omnes
1637 5833 1729 5906 qui
1752 5833 1923 5891 bibitis
1941 5836 2120 5892 uinum

2268 598 2356 653 56.
2385 598 2435 652 Ν
2442 616 2509 652 on
2536 599 2758 653 multum
2781 599 2990 653 edacem
3015 599 3203 672 (Eccli.
3223 600 3396 672 xxxi).
3421 603 3654 670 Quanto
3682 621 3798 660 am-

2197 693 2338 763 plius
2365 692 2611 747 edacitas
2653 692 2887 747 carnalis
2916 693 3022 747 cibi
3067 693 3234 748 nimia
3279 695 3465 764 implet
3496 703 3791 761 ventrem.

2200 792 2351 840 tanto
2381 801 2409 838 a
2440 785 2731 839 virtutibus
2761 785 3131 854 spiritualibus
3171 802 3403 842 vacuam
3451 789 3594 844 facit
3635 807 3790 846 men—

2201 884 2328 931 tem.
2362 875 2575 940 Quanto
2603 876 2773 945 magis
2816 891 3014 944 corpus
3062 877 3199 931 edax
3245 882 3597 948 pinguescit,
3646 891 3796 939 tanta

2201 970 2384 1024 anima
2408 986 2437 1023 a
2463 972 2754 1026 virtutibus
2773 971 3026 1040 ieiunans
3055 971 3372 1044 languescit.
3409 976 3686 1030 Edacitas
3711 993 3797 1031 au-

2199 1067 2309 1114 tem
2333 1075 2550 1116 carnem
2576 1062 2712 1116 facit
2727 1065 2956 1120 obesam
2983 1072 3038 1118 et
3065 1073 3299 1118 mentem
3327 1078 3570 1120 vacuam
3594 1108 3610 1128 ,
3642 1067 3794 1121 fortis

2201 1154 2446 1222 corporis
2470 1155 2740 1218 membra,
2765 1163 2822 1208 et
2854 1154 3166 1225 languidam
3195 1155 3321 1211 facit
3347 1158 3631 1211 animam.
3667 1157 3795 1211 Eda-

2201 1246 2338 1300 citas
2383 1247 2522 1315 parit
2551 1246 2916 1317 pigrcdinem,
2957 1249 3184 1316 pigredo
3226 1250 3473 1306 immittit
3519 1267 3789 1321 soporem,

2203 1352 2364 1406 sopor
2385 1338 2785 1408 negligentiam.
2829 1339 3166 1410 Negligentia
3195 1355 3325 1396 vero
3359 1352 3609 1414 generat
3640 1345 3793 1398 ntale-

2203 1430 2514 1492 dictionem,
2541 1433 2680 1485 sicut
2702 1431 2966 1500 scriptum
2991 1441 3109 1486 est:
3151 1434 3474 1491 Maledictis:
3502 1441 3693 1492 omnis
3717 1442 3794 1509 qui

2203 1520 2332 1590 {acit
2346 1538 2476 1591 opus
2499 1521 2712 1576 Domini
2728 1523 3274 1594 negligenter(lerem.
3299 1530 3524 1600 nvm).
3547 1531 3793 1586 Edacitas

2203 1625 2332 1664 vero
2361 1611 2526 1666 nimia
2573 1621 2797 1680 generat
2838 1614 3135 1682 crapulam,
3167 1619 3386 1687 crapula
3434 1631 3635 1675 autem
3667 1624 3793 1692 parit

2201 1701 2635 1756 soninolentiam.
2670 1702 3051 1759 Somnolentus
3078 1719 3183 1762 non
3226 1717 3373 1762 amat
3403 1710 3635 1779 vigilias
3657 1753 3673 1774 ,
3709 1727 3792 1767 net.

2205 1797 2448 1860 tempore
2486 1808 2726 1863 congruo
2757 1795 2867 1850 Deo
2913 1804 3096 1851 cantat
3139 1797 3518 1866 psalmodiam.
3567 1803 3790 1858 Mentem

2131 1867 2179 1928 Β
2206 1881 2274 1935 ad
2303 1882 2501 1938 omium
2529 1899 2630 1938 nec
2656 1885 2837 1956 erigit,
2867 1901 2967 1941 nec
2993 1889 3062 1941 ad
3090 1893 3531 1960 compunctionis
3565 1896 3789 1964 gratiam

2204 1973 2478 2038 ascendit,
2531 1985 2632 2029 nec
2676 1975 2744 2030 ad
2789 1978 3260 2047 contemplationis
3306 1983 3570 2037 sublimia
3627 1986 3791 2040 elevat

2203 2066 2462 2122 animam.
2495 2067 2705 2124 Tardus
2726 2076 2812 2125 est
2840 2070 2905 2125 ad
2930 2073 3252 2138 orationem,
3294 2073 3620 2132 fastidiosus
3639 2078 3693 2132 in
3721 2079 3793 2133 le-

2202 2158 2410 2224 ctione,
2447 2159 2616 2215 durus
2643 2161 2712 2215 ad
2741 2160 2956 2216 Domini
2982 2164 3206 2217 verbum
3236 2163 3674 2236 intelligendum,
3711 2170 3792 2237 pi-

2202 2265 2300 2324 ger
2325 2253 2632 2309 senioribus
2657 2254 2727 2308 ad
2754 2255 3115 2310 obediendum
3133 2297 3149 2321 ,
3177 2264 3236 2312 et
3273 2259 3329 2313 in
3353 2261 3621 2316 omnibus
3645 2263 3789 2317 limis

2203 2346 2416 2416 tepidus
2459 2346 2529 2400 ad
2568 2347 2924 2416 operandam.
2961 2349 3070 2406 Sed
3117 2351 3244 2420 qula
3287 2365 3399 2407 non
3423 2354 3550 2409 vult
3593 2354 3790 2426 Regula

2204 2439 2533 2495 monachum
2563 2439 2792 2493 multum
2825 2441 3048 2495 edacem
3084 2451 3187 2498 nec
3211 2443 3587 2510 vinolentum,
3621 2447 3791 2517 itaque

2203 2529 2318 2584 vult
2368 2529 2426 2584 in
2467 2531 2723 2585 omnibus
2769 2540 3148 2601 temperatum.
3186 2533 3471 2592 Generalis
3507 2540 3693 2604 enim,
3741 2551 3792 2594 ut

2206 2623 2400 2678 beatus
2426 2623 2504 2676 ait
2529 2623 2801 2694 prrazm,
2820 2625 2911 2680 hic
2931 2629 3276 2683 continentiae
3301 2633 3496 2686 modus
3520 2642 3604 2687 est.
3629 2643 3687 2687 ut
3716 2650 3794 2690 se-

2207 2715 2440 2768 cundum
2463 2715 2818 2784 capacitatem
2840 2718 3060 2782 virium,
3083 2720 3168 2774 vel
3199 2723 3468 2791 corporis,
3496 2725 3577 2779 vel
3592 2729 3792 2796 :etatis,

2210 2812 2420 2861 tantum
2449 2807 2665 2861 sibimet
2683 2809 2791 2862 cibi
2821 2809 2906 2863 vel
2930 2818 3090 2879 potus
3117 2814 3493 2883 unusquisque
3512 2819 3791 2883 concedat,

2209 2906 2470 2967 quantum
2516 2899 2840 2954 sustentatio
2871 2899 3080 2967 carnis,
3129 2917 3235 2958 non
3279 2913 3556 2973 quantum
3595 2908 3793 2964 desides

2210 2989 2351 3042 rium
2378 2989 2684 3044 saturitatis
2704 2992 2970 3060 exposcit.
2993 2993 3050 3047 in
3075 3001 3308 3065 utraque
3328 2998 3482 3052 enim
3505 3008 3664 3068 parte
3694 3017 3797 3055 sus-

2211 3078 2402 3133 tinebit
2447 3093 2700 3150 magnum
2733 3080 3118 3136 detrimentum
3168 3085 3421 3156 quisquis
3465 3088 3796 3159 humaniter

2216 3175 2408 3224 tenens
2435 3185 2540 3225 nec
2560 3178 2803 3225 ventrem
2829 3170 3156 3240 ieiuniorum
3177 3177 3438 3232 ariditate
3457 3183 3794 3250 constringit,

2215 3276 2316 3316 nec
2343 3275 2593 3316 escarum
2622 3263 2904 3320 nimietate
2937 3267 3177 3321 resolvit.
3227 3268 3378 3324 Mens
3417 3273 3580 3326 enim
3607 3275 3796 3327 voraci-

2215 3355 2340 3409 tatis
2368 3356 2648 3412 nimietate
2674 3372 2864 3430 pressa
2891 3362 3142 3417 emittere
3170 3363 3238 3417 ad
3267 3363 3444 3419 Deum
3482 3381 3684 3436 preces
3708 3384 3796 3422 non

2214 3446 2414 3514 poterit
2440 3461 2626 3515 puras.
2669 3446 2853 3503 Sancti
2897 3452 3136 3519 quandiu
3164 3453 3218 3505 in
3261 3454 3364 3508 hac
3403 3455 3525 3508 vita
3569 3458 3800 3512 habitant

2215 3551 2314 3606 pro
2339 3537 2609 3592 desiderio
2633 3539 2787 3609 regni
2811 3541 3072 3596 ctelorum
3095 3557 3292 3612 corpus
3319 3546 3548 3601 aridum
3569 3559 3794 3618 portant.

2216 3626 2370 3683 Unde
2397 3637 2454 3682 et
2482 3628 2766 3684 Psalmista
2788 3630 2901 3685 ait:
2929 3630 3100 3686 Sitivit
3128 3635 3184 3686 in
3212 3643 3262 3688 te
3286 3636 3474 3689 anima
3506 3654 3630 3692 mea
3660 3656 3800 3710 quam

2214 3716 2594 3786 multipliciter,
2630 3729 2676 3773 et
2713 3737 2840 3774 caro
2873 3737 2990 3776 mea
3029 3719 3204 3793 (Psal.
3252 3725 3407 3795 tht).
3465 3727 3628 3783 Tunc
3671 3731 3800 3783 enim

2217 3821 2345 3863 caro
2399 3807 2567 3862 Deum
2611 3810 2765 3874 sitit,
2821 3812 3037 3880 quando
3081 3828 3180 3882 per
3231 3811 3634 3872 abstinentiam
3693 3835 3799 3874 are-

2216 3899 2336 3954 scit.
2377 3897 2510 3954 Nam
2536 3903 2848 3969 spernitur,
2877 3912 2940 3957 ut
2967 3919 3129 3974 supra
3155 3906 3358 3959 dictum
3385 3914 3492 3970 est,
3520 3907 3802 3978 ieiunium,

2217 3990 2358 4058 quod
2393 3989 2448 4044 in
2471 4005 2761 4060 vesperum
2795 3995 3092 4064 repletione
3125 3997 3374 4052 ciborum
3404 4000 3674 4056 refiu‘tur.
3707 4002 3804 4058 Ne-

2218 4093 2321 4148 que
2354 4080 2497 4134 enim
2523 4084 2820 4150 rcputanda
2851 4093 2935 4138 est
2962 4085 3311 4152 abstinentia,
3353 4089 3445 4144 ubi
3489 4089 3662 4147 fuerit
3687 4109 3804 4149 ven-

2216 4169 2317 4224 tris
2356 4171 2611 4228 saturitas
2651 4174 2930 4229 obsecuta.
2972 4175 3093 4230 Nou
3129 4188 3212 4232 est
3238 4194 3369 4249 ergo
3399 4186 3630 4253 corpori
3659 4187 3802 4241 adhi-

2215 4261 2390 4319 benda
2420 4265 2775 4321 immoderata
2807 4267 3156 4333 abstinentia,
3177 4286 3244 4325 ne
3268 4272 3398 4326 dum
3427 4277 3674 4346 amplius
3696 4296 3804 4349 gra-

2215 4365 2372 4410 vatur
2394 4357 2594 4424 iuedia,
2616 4360 2758 4427 quod
2781 4360 2982 4414 bonum
3009 4376 3170 4433 agere
3190 4364 3374 4433 coepit,
3406 4381 3518 4420 non
3543 4370 3798 4437 perﬁciat.

2218 4449 2325 4506 Sed
2353 4451 2587 4507 discreto
2613 4453 2791 4508 carnis
2820 4462 2904 4508 est
2932 4453 3260 4510 moderanda
3290 4461 3558 4515 materies
3577 4502 3592 4525 ,
3628 4478 3699 4517 ne
3725 4467 3804 4515 aut

2219 4539 2428 4612 integre
2455 4543 2832 4614 exstinguatur
2851 4553 2945 4599 aut
2969 4546 3322 4605 immoderate
3349 4549 3590 4606 laxetur.
3613 4553 3806 4624 Corpo-

2216 4631 2293 4686 ris
2319 4632 2468 4687 enim
2497 4633 2748 4689 debilitas
2775 4636 2921 4692 vires
2959 4639 3154 4694 animai
3181 4640 3413 4712 frangit,
3441 4652 3501 4698 et
3535 4647 3803 4715 ingenium

2217 4725 2414 4780 mentis
2437 4740 2772 4782 marcescere
2801 4726 2948 4783 facit.
2988 4729 3122 4785 Na
3158 4733 3417 4802 quidquid
3447 4751 3581 4790 cum
3606 4747 3807 4810 tempo-

2216 4825 2463 4872 ramento
2491 4816 2571 4881 lit,
2600 4817 2826 4874 salutem
2851 4822 3097 4890 corporis
3118 4833 3176 4878 et
3202 4823 3397 4880 animae
3417 4829 3617 4882 nutrit.

2286 4905 2375 4960 57.
2418 4906 2541 4962 Νοη
2570 4908 2973 4968 somnolentum.
3009 4912 3141 4967 Post
3175 4917 3592 4986 castigationem
3623 4929 3801 4976 autem

2215 4999 2497 5055 edacitatis
2537 5009 2592 5056 et
2619 5003 2928 5060 vinolentia:
2971 5021 3209 5078 congrue
3245 5019 3495 5080 sequitur
3516 5014 3805 5084 castigatio

2219 5093 2605 5152 somnolentiai.
2653 5094 2806 5152 Sicut
2849 5097 2996 5152 enim
3036 5115 3146 5156 non
3190 5102 3306 5157 vult
3352 5104 3540 5175 regula
3577 5108 3803 5160 multum

2214 5187 2434 5243 edacem
2463 5196 2520 5243 et
2542 5189 2900 5257 vinolentum,
2929 5192 3011 5249 sic
3034 5209 3144 5249 non
3164 5196 3281 5250 vult
3303 5199 3634 5254 monacham
3658 5214 3802 5254 som-

2215 5280 2513 5336 nolentum.
2554 5282 2706 5339 Sicut
2733 5285 2880 5339 enim
2909 5286 3066 5342 miles
3095 5288 3265 5343 multo
3285 5303 3454 5344 onere
3486 5305 3801 5364 praegran-

2217 5379 2307 5428 tus
2338 5375 2667 5444 prtepeditur
2699 5376 2768 5430 ad
2803 5377 3025 5444 bellum,
3068 5378 3142 5433 ita
3171 5379 3465 5450 impeditur
3504 5384 3802 5439 maiusculis

2219 5468 2287 5522 ad
2327 5467 2539 5538 vigilias
2586 5469 2877 5526 multarum
2923 5473 3174 5528 satietate
3214 5487 3464 5529 escarum
3517 5485 3797 5546 gravatus.

2221 5559 2338 5616 Non
2363 5562 2503 5617 enim
2524 5577 2811 5633 possumus
2829 5564 3076 5636 vigilare,
3097 5581 3220 5621 cum
3242 5567 3470 5637 dapibus
3490 5570 3664 5623 fuerit
3687 5581 3800 5620 ven-

2221 5661 2307 5709 ter
2350 5663 2534 5710 noster
2557 5664 2805 5723 onustus,
2840 5659 2935 5714 sed
2983 5661 3227 5729 oppressi
3275 5676 3466 5716 somno
3495 5663 3796 5731 vigiliarum

2221 5745 2430 5801 fructus
2464 5749 2783 5816 amittimus,
2828 5758 2884 5806 et
2919 5755 3158 5808 maxime
3191 5752 3579 5810 detrimentum
3613 5756 3797 5808 anima:

2223 5846 2423 5897 nostra:
2451 5840 2807 5911 acquirimus,
2833 5850 2890 5898 et
2929 5851 3226 5916 egestatem
3254 5845 3516 5902 virtutum
3542 5847 3796 5916 spiritua-
