3994 6456
184 384 306 443 775

1232 376 1581 440 COMMENT.
1618 376 1691 433 ιη
1726 376 1887 433 RBG.
1928 375 1987 431 S.
2024 372 2411 436 MEDICTI.

3354 380 3460 438 774

182 499 330 555 lium
358 504 411 553 et
440 496 811 568 pauperhtein
837 493 1045 565 pariter
1076 494 1427 561 sustinemus,
1459 494 1599 550 sicut
1633 506 1775 548 εει-ιρ-
1803 495 1855 555 Α
1880 490 2104 557 fractos,
2143 492 2306 560 agere
2338 491 2480 547 bona
2530 491 2854 550 dissimuht.
2902 491 2974 550 Et
3010 508 3135 551 cum
3165 509 3334 568 pam
3364 499 3459 553 ad-

178 600 348 663 ptum
371 598 454 645 est
485 607 499 643 :
528 589 827 661 Usquequo,
862 588 1027 659 piger,
1054 587 1290 642 dormis?
1323 588 1532 659 quando
1561 603 1779 642 consur-

180 701 285 754 ges
312 702 347 738 ι
370 698 553 739 somno
584 684 717 738 tuo!
755 680 1042 737 Paululum
1069 681 1316 747 dormies,
1344 678 1619 752 paululum
1655 680 1779 733 dor-

181 778 429 843 mitabis,
481 775 757 848 paululum
801 786 1038 829 censeres
1076 786 1289 839 manus,
1326 781 1384 826 ut
1428 772 1685 837 dormias,
1728 780 1778 826 et

182 873 363 928 veniet
389 872 485 926 tibi
524 871 675 942 quasi
709 870 881 925 viator
907 876 1126 940 egestas,
1157 876 1207 923 et
1224 868 1498 939 pauperies
1523 866 1675 938 quasi
1699 867 1781 921 vir

180 972 438 1018 ειν-ηιατυς
460 958 645 1035 (Prov.
670 960 769 1035 vr).
797 961 948 1025 item,
967 960 1095 1015 Noli
1118 960 1333 1031 diligere
1357 972 1619 1025 somnum,
1646 974 1710 1012 ne
1728 967 1779 1014 te

180 1066 397 1126 egestas
416 1056 681 1127 opprimat
696 1053 894 1125 ;-aperi
921 1052 1097 1108 oculos
1128 1061 1268 1119 tuos,
1293 1061 1342 1108 et
1368 1061 1612 1107 saturare
1630 1052 1781 1123 parti-

182 1147 289 1202 bus
320 1142 502 1216 (Prov.
540 1145 657 1217 xx).
686 1144 892 1201 Cavere
924 1140 1183 1199 debemus
1218 1158 1287 1199 ne
1326 1143 1440 1213 ipsa
1472 1143 1653 1197 anima
1682 1155 1780 1197 no-

182 1245 308 1293 stra
329 1237 580 1292 dormiat.
601 1234 836 1292 Somnus
851 1235 1044 1291 animm
1054 1242 1138 1290 est
1152 1233 1397 1291 oblivisci
1414 1235 1583 1290 Deum
1596 1248 1773 1289 suum.

178 1330 538 1399 Quaecumque
564 1328 743 1383 anima
768 1328 935 1384 oblita
956 1327 1121 1384 fuerit
1140 1329 1309 1384 Deum
1336 1338 1512 1392 suum,
1544 1327 1776 1395 dormit;

178 1422 315 1477 mo
341 1416 821 1491 dicithpostoius:
852 1417 1040 1491 surge,
1072 1420 1161 1490 qui
1180 1418 1399 1485 duratis,
1431 1427 1479 1472 et
1510 1414 1780 1472 illumina-

176 1514 261 1569 *σε
286 1514 337 1569 te
356 1512 597 1569 Christus
623 1512 785 1585 (Eph.
817 1511 894 1584 v).
922 1513 1217 1568 Monachus
1243 1522 1424 1567 autem
1464 1512 1775 1567 somnolen-

176 1611 281 1660 ωε
307 1603 362 1659 in
383 1603 638 1674 cperibus
661 1604 778 1659 suis
803 1604 983 1658 mollis
1009 1612 1114 1668 est,
1144 1602 1357 1672 tepidus
1379 1610 1436 1657 et
1458 1603 1773 1660 dissolutus.

179 1697 264 1753 De
289 1706 400 1767 quo
425 1696 687 1766 scriptum
719 1703 804 1751 est
832 1712 846 1749 :
872 1694 983 1761 Qui
1006 1694 1182 1748 mollis
1218 1703 1268 1749 et
1301 1693 1590 1749 dissolutus
1618 1700 1694 1749 est
1720 1694 1779 1748 in

179 1798 340 1859 opere
357 1797 473 1852 suo,
497 1786 666 1855 frater
683 1794 758 1839 est
772 1794 870 1839 sua
884 1798 1040 1857 opera
1055 1785 1360 1854 dissipantis
1384 1783 1566 1857 (Prov.
1590 1783 1773 1857 xvm).

1879 598 2038 639 versa
2066 583 2257 639 metuit
2279 585 2517 654 operari,
2554 586 2788 642 maxima
2814 587 3202 658 praetermittit.
3250 588 3327 644 De
3351 605 3457 660 quo

1879 676 2018 731 bene
2042 675 2327 732 subditur:
2361 675 2684 732 Hendicabit
2717 689 2919 746 (suate,
2946 689 2997 735 et
3027 694 3130 734 non
3153 680 3366 735 dabitur
3409 681 3458 736 ei

1879 768 2091 842 (Ibid).
2143 768 2279 835 Quia
2305 770 2607 825 monachus
2633 770 2725 841 qui
2754 786 2899 827 nunc
2926 772 2981 826 in
3004 770 3162 828 bonis
3199 772 3456 844 operibus

1878 868 1988 916 non
2012 861 2247 927 laborat,
2276 861 2331 916 in
2378 860 2560 917 fultura
2594 863 2797 918 saeculo
2834 864 2966 919 nihil
2991 866 3264 936 accipiens
3299 866 3453 937 quasi

1878 962 2066 1009 testate
2110 954 2401 1010 mendicat.
2455 954 2595 1012 Hine
2641 957 2903 1027 scriptum
2950 965 3033 1014 est
3065 972 3082 1013 :
3116 959 3225 1014 Per
3266 977 3453 1032 agrum

1876 1043 2104 1097 hominis
2141 1044 2279 1114 pigri
2308 1045 2547 1111 transivi,
2585 1052 2635 1101 et
2671 1060 2788 1101 ecce
2805 1054 2973 1102 totum
3018 1049 3337 1120 repleverant
3364 1068 3455 1105 ur-

1877 1135 2019 1200 ticae,
2063 1140 2167 1189 etc.
2201 1132 2391 1207 (Prov.
2428 1135 2599 1207 xm).
2644 1137 2784 1206 Quid
2835 1145 2920 1194 est
2952 1150 3046 1210 per
3089 1153 3277 1215 agrum
3315 1144 3455 1216 pigri

1879 1224 2116 1279 hominis
2150 1225 2403 1291 transire,
2453 1227 2557 1281 nisi
2599 1226 2887 1296 cujuslibet
2928 1229 3095 1285 vitam
3135 1218 3456 1306 negligentis

1876 1318 2129 1372 monachi
2165 1317 2435 1389 inspicere
2459 1326 2515 1374 et
2548 1318 2664 1389 eius
2696 1335 2859 1390 opera
2885 1322 3257 1389 considerare;
3291 1343 3455 1397 quam

1876 1411 2068 1465 urticae
2090 1410 2174 1466 vel
2197 1411 2366 1481 spinat
2396 1412 2623 1482 replent,
2654 1414 2780 1484 quia
2810 1415 2864 1469 in
2892 1417 3055 1473 corde
3071 1417 3454 1489 negligentiam

1877 1502 2271 1556 monachorum
2316 1509 2535 1559 terrena
2572 1504 2843 1562 desideria
2898 1515 2956 1564 et
3010 1510 3456 1583 compunctiones

1875 1590 2144 1658 pullulant
2159 1594 2438 1649 vitiorum.

1945 1684 2036 1739 59.
2081 1678 2206 1740 Non
2250 1698 2642 1743 mur-murorum
2688 1688 2744 1763 (Ι
2768 1690 2892 1746 Cor.
2935 1707 2994 1760 ι,
3040 1691 3185 1750 Phil.
3216 1692 3303 1769 π).
3352 1694 3461 1754 Aut

1875 1774 2021 1828 enim
2047 1786 2351 1832 murmth
2392 1781 2693 1836 monachus
2738 1788 2928 1837 contra
2969 1783 3183 1840 Domini
3228 1784 3457 1858 ﬂagella,

180 1876 520 1935 Econtrario
543 1878 610 1933 de
642 1872 773 1933 forti
791 1872 1045 1946 operario
1067 1876 1329 1945 scriptum
1356 1882 1443 1931 est
1474 1892 1488 1929 :
1516 1874 1623 1941 Qui
1652 1888 1773 1946 ope-
1799 1863 1851 1924 Β
1875 1871 1967 1920 In!
1995 1876 2183 1922 contra
2212 1866 2317 1924 sibi
2343 1885 2374 1923 ε
2413 1872 2719 1929 senioribus
2744 1873 3051 1945 impositam
3098 1872 3455 1949 disciplinam,

177 1979 337 2023 ratur
374 1976 571 2023 terram
610 1980 786 2035 worn,
815 1960 1143 2023 saturabitur
1179 1966 1402 2037 panibus
1430 1964 1614 2039 (Prov.
1644 1967 1771 2040 xu),

178 2062 240 2118 id
262 2069 371 2129 est,
393 2062 485 2132 qui
508 2060 564 2117 in
585 2062 697 2116 vita
718 2076 818 2117 sua
843 2059 1062 2128 subiicit
1088 2068 1287 2129 corpus
1307 2073 1487 2124 suum,
1513 2066 1569 2112 et
1596 2059 1654 2113 in
1674 2058 1774 2114 Dei

177 2157 501 2211 servitutem
546 2154 763 2225 redigit,
818 2158 882 2207 ut
918 2152 998 2207 illi
1044 2152 1259 2222 placeat
1290 2151 1566 2220 operando
1600 2150 1689 2206 cui
1714 2162 1776 2208 se

176 2246 426 2304 subdidit
450 2247 774 2311 obediendo,
819 2251 943 2315 post
969 2243 1295 2299 solutionem
1328 2243 1575 2313 corporis
1609 2242 1777 2299 satia-

174 2339 351 2404 bitur,
391 2338 677 2409 praemium
705 2336 1095 2405 sempiternum
1136 2333 1467 2403 accipiendo.
1514 2332 1575 2386 in
1617 2332 1775 2387 bonis

174 2431 329 2486 enim
351 2431 609 2500 operibus
640 2429 938 2484 monachus
966 2426 1128 2483 fortis
1150 2439 1273 2481 esse
1292 2425 1456 2480 debet
1483 2432 1540 2480 et
1560 2424 1771 2491 doctus,

176 2521 443 2575 robustus
466 2526 524 2575 et
545 2519 774 2584 validus,
823 2532 933 2575 non
974 2517 1155 2574 mollis
1184 2523 1241 2572 et
1280 2516 1592 2573 dissolutus.
1635 2516 1775 2573 liinc

168 2610 423 2667 lsidorus
440 2611 520 2665 ait
548 2626 563 2664 :
592 2609 698 2677 Qui
718 2622 826 2665 non
849 2609 1023 2680 rigido
1044 2608 1347 2664 intentione
1370 2608 1625 2662 monachi
1647 2612 1772 2677 pro-

172 2706 478 2762 fessiOnem
514 2713 819 2771 sectantur,-
848 2712 1057 2775 quanto
1086 2702 1305 2774 superni
1347 2706 1551 2761 amoris
1575 2718 1775 2775 propo-

176 2798 350 2852 ttituin
376 2796 642 2853 dissolute
682 2801 962 2867 appetunt,
989 2802 1142 2850 tanto
1173 2796 1469 2866 proclivius
1489 2796 1557 2851 ad
1583 2795 1772 2851 mundi

179 2892 426 2944 amorem
450 2888 630 2944 denuo
654 2888 1007 2943 reducuntur.
1040 2887 1176 2942 Nam
1218 2888 1483 2959 professio
1511 2900 1620 2943 non
1641 2902 1771 2958 per-

178 2980 327 3037 fecta
350 2981 639 3052 prmsentis
662 2980 791 3034 vitae
819 2978 1014 3049 repetit
1034 2978 1336 3047 desideria;
1363 2981 1418 3034 in
1446 2980 1644 3049 quibus
1665 2979 1771 3034 etsi

180 3072 421 3130 nondum
446 3087 511 3129 se
548 3072 850 3127 monachus
876 3069 1060 3142 alliget
1084 3084 1270 3142 opere,
1298 3070 1413 3141 jam
1435 3076 1620 3128 tamen
1647 3069 1770 3126 alli-

180 3170 276 3237 gat
298 3163 641 3235 cogitationis
670 3168 876 3218 amore.

1875 1965 1972 2014 aut
1996 1968 2187 2016 contra
2216 1958 2516 2030 iniunctam
2555 1964 2660 2021 sibi
2687 1981 2715 2020 a
2746 1966 3044 2037 majoribus
3071 1971 3455 2041 obedientiam,

1875 2058 1968 2103 aut
1994 2052 2334 2109 solummodo
2369 2057 2577 2126 proprii
2628 2058 2833 2114 ventris
2860 2059 3113 2131 ingluvie.
3143 2063 3246 2131 Qui
3274 2065 3320 2120 si
3362 2081 3461 2122 au-

1874 2139 2020 2193 ditor
2044 2140 2339 2197 obliviosus
2373 2156 2483 2197 non
2512 2152 2676 2213 esset,
2704 2145 2771 2202 de
2797 2146 2883 2203 his
2917 2151 3168 2208 omnibus
3212 2155 3459 2213 consola-

1872 2232 2075 2315 tionem
2103 2231 2511 2304 Scripturarum
2538 2235 2795 2305 audisset,
2825 2246 2880 2295 et
2906 2256 3015 2297 non
3038 2254 3452 2304 murmurasset.

1870 2320 2017 2375 Dicit
2037 2321 2182 2376 enim
2207 2321 2491 2394 Scriptura
2517 2340 2531 2379 :
2562 2324 2830 2398 Flagellet
2859 2328 3003 2385 Deus
3044 2348 3247 2389 omnem
3286 2335 3459 2406 ﬁlium

1872 2426 2026 2481 quem
2056 2413 2237 2481 recipit
2282 2413 2440 2483 (Heb.
2473 2416 2594 2486 xu).
2635 2415 2770 2472 item
2796 2416 2930 2473 dicit
2961 2438 2975 2473 ε
3021 2417 3133 2475 Fili
3160 2424 3257 2490 mi,
3303 2424 3464 2482 disci-

1873 2501 2076 2572 plinam
2101 2504 2318 2559 Domini
2355 2521 2422 2559 ne
2466 2507 2710 2577 abjicius,
2738 2511 2864 2580 quia
2891 2513 2981 2581 qui
3021 2512 3193 2586 diligit
3230 2517 3465 2589 αἰθήριὶ-

1874 2610 2020 2661 nam,
2083 2596 2257 2667 diligit
2317 2599 2589 2653 scientiam
2637 2597 2820 2672 (Prov.
2852 2618 2921 2672 v,
2957 2603 3116 2660 Prov.
3160 2604 3283 2682 xu).
3330 2610 3465 2668 Item

1873 2687 2007 2741 dicit
2037 2704 2049 2741 :
2086 2686 2277 2742 Melior
2306 2697 2381 2744 est
2417 2690 2711 2748 obedientia
2738 2710 2896 2766 quam
2921 2698 3132 2753 victima
3163 2694 3332 2771 (Eccl.
3362 2701 3465 2778 tv).

1874 2778 2044 2833 Debet
2070 2790 2203 2852 ergo
2232 2784 2531 2839 monachus
2559 2786 2660 2841 has
2688 2800 2879 2843 omnes
2922 2786 3329 2861 Scripturarnm
3369 2808 3466 2852 au-

1874 2870 2156 2926 ctoritates
2183 2876 2485 2941 attendere,
2544 2884 2601 2931 et
2634 2878 2711 2932 ita
2760 2878 2879 2935 sine
2922 2886 3352 2943 murmuratione
3379 2887 3467 2943 vi-

1870 2976 2022 3030 vere,
2057 2972 2117 3019 ut
2144 2980 2253 3020 non
2284 2966 2340 3021 in
2384 2969 2835 3026 murmurationis
2878 2969 3123 3028 incurrat
3149 2972 3375 3045 malum,
3409 2987 3468 3036 et

1866 3048 2076 3113 laboris
2105 3058 2187 3112 sui
2212 3059 2404 3128 perdat
2430 3061 2732 3129 praemium.
2765 3061 2905 3119 Hinc
2948 3079 3047 3121 nos
3092 3078 3216 3122 cum
3268 3082 3468 3141 magno

1872 3154 2087 3205 terrore
2114 3149 2402 3221 Apostolus
2427 3154 2681 3222 prohibet
2712 3168 3059 3211 murmurare
3104 3158 3296 3215 dicens
3318 3157 3468 3215 :‘Ne-

254 3255 342 3312 38.
367 3220 510 3310 "Non
534 3256 740 3326 pigrum
769 3253 953 3327 (Prov.
983 3220 1156 3324 xxvi).
1188 3252 1249 3309 id
1275 3258 1379 3319 est,
1405 3262 1513 3308 nun
1532 3254 1770 3321 tardum,
1796 3220 1847 3287 (ἶ
1876 3257 1975 3311 que
1996 3220 2467 3311 murmuraveritis,
2502 3249 2640 3303 sicut
2667 3249 2885 3319 quidam
2905 3262 3387 3321 marmuraverunt,
3413 3262 3463 3310 et

180 3347 270 3403 vel
323 3347 549 3414 lentum,
602 3358 711 3401 non
766 3347 1004 3416 tepidum
1042 3344 1128 3400 vel
1179 3344 1530 3401 desidiosum.
1586 3344 1776 3401 Dictus

178 3442 361 3496 autem
388 3439 560 3512 piger,
587 3436 741 3510 quasi
771 3440 1000 3510 pedibus
1034 3452 1221 3511 aeger:
1261 3446 1346 3494 est
1386 3439 1531 3494 enim
1582 3438 1775 3494 tardus

184 3532 252 3588 ad
270 3532 643 3588 incedendum.
670 3533 823 3600 Quod
847 3546 1044 3587 nomen
1070 3546 1171 3602 per
1196 3545 1354 3586 usum
1392 3529 1595 3585 transit
1622 3534 1680 3584 et
1704 3528 1776 3585 ad

182 3624 450 3690 animam,
498 3633 559 3679 ut
596 3625 751 3697 pigra
798 3622 1034 3692 dicatur,
1090 3636 1213 3679 cum
1255 3623 1422 3679 fuerit
1477 3622 1768 3678 desidiosa.

182 3713 243 3771 In
267 3713 572 3770 Proverbiis
606 3715 749 3769 enim
777 3716 1040 3785 scriptum
1071 3722 1156 3771 est
1193 3732 1206 3769 :
1233 3713 1451 3769 Desidia
1482 3712 1671 3768 occidit
1698 3713 1775 3785 pi-

183 3823 355 3878 grum,
383 3805 663 3862 noluerunt
698 3808 838 3862 enim
862 3806 1149 3879 quidquam
1171 3823 1359 3861 manus
1404 3806 1519 3877 ejus
1563 3806 1775 3877 operari

183 3892 367 3969 (Prov.
394 3897 531 3971 xxi).
558 3897 691 3954 item
718 3898 791 3954 ibi
812 3899 1077 3968 scriptum
1099 3907 1183 3953 est
1215 3915 1229 3952 :
1274 3895 1396 3952 Vult
1444 3907 1495 3953 et
1525 3913 1631 3952 non
1662 3895 1773 3952 vult

183 3989 356 4059 piger;
388 3990 565 4042 anima
592 3998 767 4043 autem
793 3990 1121 4060 operantium
1149 3987 1565 4060 impinguabitur
1584 3987 1770 4058 (Prov.

185 4078 325 4151 xui).
374 4079 541 4136 Recte
580 4080 722 4150 pigri
763 4080 1025 4135 vocabulo
1065 4082 1382 4147 denotatur,
1411 4079 1647 4150 quivult
1690 4093 1776 4133 re-

184 4185 351 4244 gnare
374 4185 498 4227 cum
520 4171 760 4237 Christo,
806 4178 862 4225 et
884 4186 991 4225 non
1017 4170 1134 4225 vult
1158 4170 1372 4240 operari
1396 4185 1497 4241 pro
1521 4169 1631 4224 illo.
1665 4160 1772 4225 De-

186 4262 391 4317 lectant
416 4260 640 4332 praemia
667 4270 889 4326 mterna,
922 4267 980 4314 et
1032 4259 1228 4330 refugit
1268 4258 1541 4314 laboriosa
1586 4271 1769 4328 opera.

189 4352 316 4408 Vult
336 4353 537 4408 habere
562 4354 733 4408 otium
762 4352 1082 4422 temporale,
1113 4359 1169 4405 et
1198 4360 1457 4405 mternam
1487 4350 1602 4404 vult
1629 4350 1775 4406 acci-

187 4460 318 4519 pere
348 4446 672 4502 mercedem.
703 4446 897 4500 Anima
940 4454 1121 4500 autem
1151 4444 1494 4514 operantium
1522 4459 1622 4515 pro
1670 4444 1775 4499 Do-

1876 3346 1912 3386 s
1940 3334 2264 3404 serpentibus
2307 3338 2574 3406 perierunt
2622 3336 2677 3410 (I
2706 3338 2833 3394 Cor.
2876 3339 2955 3413 x).
3002 3338 3081 3397 Ac
3129 3343 3175 3398 si
3215 3345 3461 3403 diceret':

1875 3421 1943 3476 Et
1968 3423 2235 3478 custodite
2257 3439 2355 3480 vos
2393 3439 2424 3479 a
2467 3428 2917 3484 murmurationls
2944 3428 3119 3497 maio;
3153 3431 3278 3502 quia
3323 3432 3469 3490 sicut

1873 3513 1954 3569 illi
1988 3513 2084 3584 qui
2111 3515 2168 3569 in
2215 3528 2402 3571 eremo
2427 3524 2909 3574 murmuraverunt
2933 3528 3126 3577 contra
3153 3521 3464 3591 Dominum,

1872 3614 1931 3663 et
1957 3608 2230 3664 morsibus
2258 3616 2571 3679 serpentum
2615 3609 2855 3667 dilaniati
2900 3613 3245 3681 interierunt,
3297 3615 3371 3671 ita
3413 3624 3469 3673 et
3528 3658 3531 3661 -

1870 3710 1972 3754 vos
2014 3713 2046 3753 a
2090 3700 2368 3755 morsibus
2415 3700 2696 3757 dilacerati
2748 3701 3137 3760 daemonicum)
3186 3705 3465 3777 peribitis,

1870 3789 1979 3845 nisi
2004 3802 2102 3846 vos
2132 3805 2164 3847 a
2195 3793 2643 3849 murmurationis
2685 3794 2830 3850 maio
2877 3797 3269 3854 custodieritis.
3328 3798 3467 3856 Hinc

1870 3880 2074 3936 iterum
2104 3884 2368 3954 scriptum
2388 3891 2477 3939 est
2510 3902 2524 3939 :
2560 3883 2834 3940 Custodite
2862 3901 2984 3959 ergo
3004 3903 3092 3943 vos
3116 3906 3148 3942 a
3169 3904 3469 3946 murmura-

1868 3971 2031 4035 tione,
2065 3988 2184 4043 qua
2212 3974 2345 4028 nihil
2368 3974 2579 4044 prodest
2609 3974 2758 4046 (Sap.
2791 3975 2855 4046 ι).
2885 3975 3032 4032 Nihil
3069 3978 3215 4033 enim
3244 3980 3471 4049 prodest

1870 4063 2157 4117 monachis
2206 4061 2406 4132 iniusta
2433 4066 2813 4131 murmuratio,
2844 4067 2970 4136 quia
3019 4066 3087 4122 de
3133 4067 3466 4126 inobedienti

1868 4158 1928 4204 et
1947 4153 2289 4208 contentieso
2315 4155 2562 4225 procedit
2584 4156 2789 4212 animo.
2810 4156 2882 4213 8e
2905 4156 3051 4212 enim
3074 4161 3467 4219 murmurando

1873 4244 2229 4312 condemnat,
2287 4254 2344 4301 et
2392 4246 2543 4302 illum
2595 4249 2860 4305 adversus
2911 4260 3074 4320 quem
3126 4259 3465 4323 murmurat,

1870 4351 1981 4393 non
2010 4339 2285 4394 emendat.
2339 4339 2728 4397 Murmurando
2775 4341 2922 4398 enim
2952 4344 3273 4415 magistrum
3313 4343 3469 4402 incu-

1872 4438 1978 4495 sat,
2011 4438 2068 4487 et
2094 4433 2200 4487 sibi
2227 4446 2420 4503 poenas
2444 4433 2789 4505 multiplicat.
2820 4434 2890 4490 Et
2933 4434 2981 4493 si
3006 4436 3171 4491 etiam
3194 4437 3468 4511 peregerit

187 4542 337 4598 mino
387 4546 592 4594 mterno
637 4538 1060 4609 impinguabitur
1084 4536 1401 4591 muneribus
1430 4536 1772 4606 sempiternis
1796 4578 1851 4640 Β
1874 4527 2268 4640 ωξιηηυηωξιο
2296 4541 2432 4640 0911³
2460 4526 2797 4640 Ῐηὶυηίξίιξωέ
2812 4538 2920 4640 ῐξοξι
2949 4526 3053 4640 Sibi
3094 4528 3299 4640 Ῑδῐκέιςῖε
3325 4538 3466 4634 υνξε-

186 4636 243 4692 in
264 4644 451 4704 regno.
480 4630 582 4697 Qui
606 4630 751 4685 enim
779 4630 865 4685 hic
890 4630 995 4698 piis
1018 4638 1117 4699 pro
1144 4628 1374 4683 Domino
1405 4628 1661 4683 insudant
1695 4629 1773 4683 la-

187 4726 427 4790 boribus,
490 4723 696 4780 cosiesti
743 4728 964 4793 accepta
1015 4720 1311 4777 reiectione
1361 4722 1684 4794 gaudebunt,
1720 4729 1777 4778 et

189 4820 338 4878 illam
365 4816 778 4875 desiderabilem
809 4829 999 4870 vocem
1018 4802 1232 4869 Dumini
1258 4813 1481 4870 audient
1505 4812 1770 4870 dicentis:

197 4908 380 4967 Venite
401 4908 469 4964 ad
491 4925 592 4975 me,
624 4922 801 4962 omnes
829 4906 919 4979 qui
942 4904 1194 4960 laboratis
1227 4911 1274 4960 et
1305 4904 1507 4959 onerati
1544 4906 1689 4972 estis,
1725 4910 1776 4960 et

191 5020 285 5079 ego
302 5005 533 5075 reﬁciam
558 5020 643 5059 vos
671 5000 886 5076 (Matth.
911 5000 1011 5076 χι).
1036 4999 1170 5057 item
1187 5000 1450 5071 scriptum
1466 5007 1550 5054 est
1573 5015 1586 5052 :
1603 4996 1673 5052 In
1695 4996 1776 5051 la-

191 5097 312 5171 pide
334 5096 469 5151 luteo
491 5094 756 5168 lapidatus
776 5102 851 5149 est
869 5095 1037 5166 piger,
1052 5102 1105 5149 et
1126 5106 1302 5148 omnes
1327 5091 1604 5165 loquentur
1623 5104 1779 5161 super

194 5190 611 5260 aspernationem
640 5184 784 5241 illius
810 5185 1002 5259 (Eccli.
1039 5186 1199 5257 xxxi).
1232 5183 1365 5239 item
1393 5182 1469 5238 ibi
1498 5200 1511 5236 :
1548 5180 1776 5253 Pigredo

193 5281 428 5340 tramittit
476 5292 710 5353 soporem
753 5275 937 5351 (Prov.
984 5279 1125 5348 xu).
1173 5276 1334 5346 Piger
1381 5274 1527 5331 enim
1577 5271 1778 5329 dicitur

196 5375 373 5434 omnis
400 5372 723 5438 desidiosus,
763 5370 855 5441 qui
885 5375 1033 5425 recte
1057 5366 1340 5424 sentiendo
1384 5362 1539 5437 quasi
1565 5362 1775 5435 vigilat,

199 5465 441 5540 quamvis
465 5462 600 5520 nihil
634 5461 911 5535 operando
937 5466 1232 5531 torpescat.
1267 5455 1376 5513 Sed
1421 5455 1648 5528 pigredo
1697 5470 1781 5511 so-

199 5573 384 5634 porem
428 5556 693 5624 immittit,
735 5552 865 5609 dum
900 5560 1052 5607 recte
1102 5550 1343 5606 sentiens
1385 5547 1627 5620 vigiliam
1669 5560 1779 5604 non

200 5650 336 5707 bene
372 5648 646 5720 operando
688 5645 907 5702 amittit.
933 5641 1071 5698 item
1110 5641 1369 5710 scriptum
1394 5646 1478 5693 est
1509 5657 1521 5693 ε
1558 5636 1780 5709 Propter

204 5744 368 5816 frigus
405 5743 551 5815 piger
572 5756 725 5795 arare
756 5737 923 5793 noluit
962 5732 1144 5809 (Prov.
1175 5732 1290 5804 xx).
1338 5730 1565 5800 Propter
1606 5729 1779 5802 frigus

205 5836 400 5906 quippe
427 5836 580 5905 piger
631 5850 740 5892 non
765 5840 906 5901 arat,
956 5830 1087 5887 dum
1136 5826 1358 5886 desidiae
1380 5833 1598 5899 torpore
1640 5839 1781 5897 prce-

1880 4616 2073 4683 mium,
2122 4617 2218 4673 sed
2263 4619 2459 4674 animus
2488 4617 2723 4689 acquirit
2766 4618 3168 4674 detrimentum.
3200 4618 3291 4676 Sic
3318 4620 3466 4682 enim

1880 4707 1939 4761 in
1966 4707 2069 4763 hac
2096 4709 2287 4765 eadem
2329 4710 2472 4765 beati
2501 4710 2776 4766 Benedicti
2804 4712 3066 4782 scriptum
3095 4720 3180 4768 est
3215 4712 3418 4786 Regula
3447 4732 3463 4771 :

1881 4796 2019 4853 Nam
2047 4813 2175 4855 cum
2194 4800 2339 4855 malo
2368 4800 2573 4869 animo,
2598 4801 2796 4871 inquit,
2827 4816 2873 4858 si
2899 4802 3115 4859 obediat
3145 4804 3463 4875 disciplinae,

1879 4898 1938 4949 et
1960 4906 2068 4948 non
2107 4892 2284 4949 solum
2311 4908 2429 4961 ore,
2467 4894 2563 4950 sed
2590 4895 2753 4950 etiam
2782 4895 2840 4950 in
2866 4896 3029 4952 corde
3067 4896 3112 4951 si
3155 4910 3467 4951 murmura-

1877 4989 2042 5054 verit,
2072 4987 2286 5044 etiamsi
2315 4986 2535 5058 impleat
2556 4986 2889 5059 iussionem,
2940 4995 3126 5044 tamen
3170 4985 3284 5059 jam
3314 5000 3469 5044 acce-

1879 5086 2034 5151 ptum
2056 5092 2163 5135 non
2185 5078 2289 5135 erit
2323 5078 2455 5145 Deo,
2479 5079 2573 5150 qui
2594 5092 2691 5134 cor
2717 5076 2836 5149 ejus
2864 5078 3087 5150 respicit
3117 5092 3468 5134 murmuran-

1877 5172 1972 5240 tis,
1995 5182 2054 5229 et
2096 5187 2201 5243 pro
2227 5171 2324 5228 tali
2378 5171 2523 5229 iacto
2567 5172 2771 5229 nullam
2810 5170 3163 5245 consequitur
3208 5170 3464 5245 gratiam,

1879 5264 1990 5321 imo
2020 5278 2242 5337 prunam
2276 5266 2773 5322 murmurationem
2796 5264 3050 5333 incurrit,
3098 5263 3144 5320 si
3186 5277 3297 5319 non
3340 5276 3468 5319 cum

1881 5352 2258 5411 satisfactione
2282 5355 2671 5413 emendaverit.

1954 5449 2045 5505 κιο.
2100 5448 2227 5505 Non
2261 5448 2611 5506 detrectarent
2637 5447 2821 5523 (Prov.
2850 5445 2949 5521 tv).
2993 5440 3052 5504 id
3081 5452 3182 5511 est,
3228 5459 3337 5502 non
3366 5444 3464 5503 de-

1882 5541 2230 5608 famatorem,
2260 5544 2710 5615 reprehensorem
2738 5538 2826 5598 vel
2869 5541 3315 5612 vituperatorem.
3364 5539 3468 5596 De-

1884 5639 2105 5693 trahere
2136 5638 2286 5692 enim
2338 5637 2556 5702 dicitUr,
2586 5635 2679 5706 qui
2704 5634 2903 5689 bonum
2949 5641 3123 5689 mutat
3150 5633 3206 5689 in
3236 5631 3464 5689 malum.

1884 5728 2019 5785 Nam
2040 5730 2133 5801 qui
2169 5730 2304 5785 dicit
2329 5728 2529 5784 malum
2566 5739 2685 5782 esse
2706 5725 2849 5796 quod
2871 5724 3071 5780 malum
3096 5735 3201 5793 est,
3232 5741 3339 5781 non
3371 5739 3467 5780 aua-

1885 5833 2005 5881 ctor
2032 5822 2406 5889 detractionis,
2436 5817 2533 5876 sed
2558 5816 2766 5875 amicus
2789 5817 3051 5877 dicendus
3077 5830 3162 5877 eSt
3194 5813 3464 5877 veritatis.
