3994 6480
551 396 654 453 775

1831 379 2184 441 SMARAGDI
2217 377 2510 435 ABBATIS

3717 373 3834 429 ’7⁸18

552 515 608 566 In
635 525 699 565 eo
727 506 872 564 enim
916 505 1060 576 quod
1087 502 1320 559 virtutes
1353 500 1588 573 eligit'et
1610 498 1742 554 vitia
1769 497 2010 561 damnat,
2038 493 2122 547 di-
2148 493 2202 554 Α
2224 500 2484 562 protector
2525 503 2707 543 eorum
2735 494 2812 542 est
2858 485 3031 557 (Psal.
3059 484 3236 558 cxm).
3290 485 3451 560 Cingi
3486 501 3551 543 se
3601 487 3837 560 cingulo

553 602 689 656 vinas
739 614 836 670 per
887 597 1064 653 omnia
1105 595 1371 649 voluntati
1423 593 1778 662 obtemperat.
1814 588 1934 659 lpse
1978 585 2124 641 enim

552 691 812 746 Dominus
855 687 932 742 ait
972 702 1069 758 per
1105 685 1450 741 Psalmistam
1501 681 1668 737 David
1709 696 1723 734 :
1758 677 2124 733 Detrahentem

551 782 787 852 proximo
813 794 907 833 suo
937 779 1073 832 hunc
1101 777 1444 848 persequebar
1483 771 1656 842 (Psal.
1703 771 1774 839 c).
1827 770 1883 824 ln
1917 776 2124 822 tantum

551 886 678 940 ergo
726 884 832 924 non
886 875 1102 938 oportet
1131 865 1438 921 consentire
1486 859 1812 920 detrahenti,
1849 855 2122 920 utetiam,

550 970 807 1034 quantum
837 962 893 1016 in
944 960 1102 1018 nobis
1153 970 1256 1024 est,
1309 955 1708 1014 consentiamus
1756 950 2023 1013 Domino,
2071 954 2127 1002 et

550 1069 654 1108 una
704 1067 829 1108 cum
886 1050 981 1106 illo
1034 1047 1268 1121 proximi
1315 1059 1706 1118 persequamur
1737 1041 2123 1101 detractorem,

548 1143 890 1214 providentes
918 1142 972 1196 in
999 1149 1229 1211 utroque
1247 1138 1558 1202 utilitatem,
1581 1143 1822 1190 nostram
1876 1131 2128 1186 videlicet

547 1245 602 1291 et
629 1236 774 1291 illius
800 1234 893 1305 qui
918 1233 1174 1298 detrahit,
1206 1239 1267 1286 ut
1293 1246 1395 1285 nec
1417 1244 1515 1284 nos
1556 1228 1790 1282 libenter
1816 1223 2124 1285 audiamus,

548 1344 647 1383 nec
679 1327 828 1382 illum
867 1339 1094 1395 peccare
1134 1323 1395 1378 laxemus.
1447 1321 1618 1391 Majas
1654 1319 1800 1373 enim
1843 1323 2128 1386 peccatum

548 1427 650 1485 est,
674 1420 720 1475 si
767 1418 882 1472 ﬁeri
909 1424 1108 1488 potest,
1139 1415 1446 1480 detrahere,
1496 1428 1660 1483 quam
1702 1409 1979 1466 fornicari.
2025 1406 2128 1475 Qui

548 1509 690 1564 enim
717 1507 1033 1572 fornicatur,
1061 1521 1120 1562 se
1149 1514 1358 1560 tantum
1400 1504 1617 1560 occidit.
1653 1502 1752 1570 Qui
1789 1517 1916 1556 vero
1945 1503 2127 1555 detra-

549 1599 659 1665 hit,
698 1611 752 1654 et
799 1614 858 1654 se
894 1607 951 1654 et
986 1598 1412 1654 consentientem
1462 1596 1564 1652 sibi
1609 1594 1664 1649 in
1695 1593 1886 1648 mortis
1916 1591 2129 1648 foveam

548 1690 761 1761 mergit.
792 1690 931 1746 Hinc
961 1690 1017 1744 in
1065 1689 1377 1744 Proverbiis
1406 1689 1666 1757 scriptum
1690 1693 1775 1740 est
1803 1703 1816 1738 :
1851 1684 2071 1739 Remove
2098 1700 2131 1736 a

2223 582 2377 654 quasi
2394 580 2619 651 justitiae
2642 581 2706 635 de
2739 578 3110 634 misericordia
3137 579 3396 649 postulet,
3450 588 3510 634 et
3542 579 3622 635 de
3667 582 3836 634 venia

2223 690 2330 729 non
2373 673 2642 743 desperet,
2686 672 2812 742 quia
2849 671 3110 740 scriptum
3136 681 3263 727 est:
3299 671 3600 742 Sperantes
3655 682 3836 726 autem

2222 766 2278 820 in
2318 765 2542 820 Domino
2591 763 2954 820 misericordia
3001 763 3348 818 circumdabit
3399 763 3586 835 (Psal.
3652 767 3832 832 xxxi).

2223 858 2356 916 Fide
2377 868 2525 915 recta
2555 867 2610 914 et
2649 858 2852 914 sanctis
2876 858 3132 927 operibus
3172 857 3450 912 adhzereat
3475 857 3624 922 Deo,
3665 864 3726 910 et
3767 857 3840 912 di-

2223 958 2313 1006 cat
2337 968 2349 1004 :
2383 949 2512 1020 Spes
2533 967 2649 1004 mea
2674 949 2934 1004 Dominus
2963 948 3282 1018 ajuventute
3303 965 3419 1002 mea
3449 945 3646 1019 (Psal.
3680 949 3832 1014 us).

2225 1042 2313 1108 Et,
2354 1041 2558 1098 Memor
2594 1049 2712 1097 esto
2751 1040 2903 1094 verbi
2949 1040 3028 1094 tui
3075 1054 3232 1094 servo
3259 1047 3373 1102 tuo,
3424 1039 3484 1092 in
3534 1051 3665 1108 quo
3711 1037 3836 1091 ihi

2227 1149 2380 1204 spem
2431 1132 2627 1189 dedisti
2669 1152 2681 1188 :
2715 1133 2842 1203 quia
2873 1131 3070 1188 melius
3109 1139 3194 1187 est
3229 1145 3454 1200 sperare
3501 1130 3564 1184 in
3604 1128 3838 1185 Domino

2226 1239 2389 1295 quam
2419 1239 2642 1294 sperare
2673 1225 2725 1279 in
2759 1224 2999 1280 homine.

2297 1318 2386 1372 42.
2417 1311 2622 1372 Bonum
2647 1317 2859 1389 aliquod
2888 1319 2945 1372 in
2966 1335 3021 1373 se
3044 1334 3163 1372 cum
3184 1317 3387 1380 viderit,
3428 1316 3546 1371 Deo
3580 1316 3835 1387 applicet,

2229 1425 2334 1463 non
2365 1409 2462 1463 sibi
2493 1409 2787 1481 (Jacob.t).
2834 1409 3104 1480 Quidquid
3151 1410 3294 1465 enim
3342 1410 3474 1465 boni
3523 1411 3837 1467 monachus

2229 1498 2285 1553 in
2314 1513 2374 1555 se
2404 1499 2622 1566 viderit,
2644 1499 2756 1554 Deo
2778 1499 3019 1570 applicet,
3049 1500 3200 1566 dicit,
3225 1500 3278 1556 id
3315 1508 3420 1565 est,
3449 1500 3572 1556 Deo
3609 1501 3835 1566 tribuat,

2233 1590 2346 1646 Deo
2392 1591 2588 1645 exinde
2619 1591 2826 1662 gratias
2862 1599 3010 1662 agat,
3040 1599 3098 1646 et
3120 1607 3226 1647 non
3254 1607 3411 1647 suum
3461 1591 3607 1648 illud
3677 1592 3833 1657 dicat,

2231 1681 2327 1735 sed
2362 1681 2458 1737 Dei
2497 1696 2616 1737 esse
2645 1689 2954 1752 cognoscat.
2987 1681 3183 1738 Omnia
3212 1683 3359 1737 enim
3407 1682 3558 1738 bona
3585 1699 3722 1753 qua
3773 1685 3836 1738 ab

548 1790 598 1834 te
643 1797 699 1834 os
739 1797 977 1852 pravum,
1024 1788 1074 1835 et
1105 1779 1435 1834 detrahentia
1477 1778 1618 1831 labia
1647 1778 1750 1831 sint
1795 1773 2036 1846 procula
2085 1782 2132 1827 te
2162 1843 2205 1852 _
2234 1771 2545 1828 hominibus
2571 1773 2862 1839 habentur,
2888 1788 2919 1826 a
2955 1772 3073 1828 solo
3099 1772 3210 1829 Deo
3231 1772 3655 1828 ministrantnr.
3701 1774 3836 1828 Deus

549 1843 860 1944 (Prou'tv).
901 1843 1054 1939 Quod
1109 1871 1316 1927 duobus
1357 1870 1532 1924 modis
1579 1843 1804 1938 intelligi
1845 1873 2046 1937 potest,
2079 1866 2134 1922 id
2160 1843 2209 1902 B
2240 1864 2386 1919 enim
2432 1864 2657 1933 spiritus
2676 1871 2762 1919 est
2793 1882 2805 1916 :
2833 1862 2904 1918 Et
2928 1863 3021 1918 alii
3045 1881 3142 1934 per
3171 1863 3429 1935 Spiritum
3472 1865 3836 1919 daturum

547 1971 652 2028 est,
691 1972 747 2018 et
786 1979 848 2019 os
876 1971 1118 2018 nostrum
1160 1977 1230 2016 ne
1270 1960 1522 2030 loquatur
1555 1958 1757 2028 aliquid
1801 1971 2051 2028 pravum,
2080 1963 2136 2010 et

546 2053 692 2108 labia
729 2060 916 2108 nostra
951 2068 1020 2108 ne
1051 2052 1340 2108 detrahant
1362 2050 1632 2120 proximo,
1664 2049 1810 2103 omni
1857 2062 2134 2103 servemus

545 2141 810 2198 custodia.
839 2141 905 2196 Et
933 2141 1068 2197 alios
1097 2154 1451 2211 quoscunque
1479 2137 1608 2193 huic
1651 2138 1785 2192 vitio
1837 2137 2134 2191 viderimus

545 2233 773 2298 deditos,
804 2248 912 2288 non
951 2232 1338 2288 consentiendo
1392 2231 1691 2301 proximos,
1745 2228 1842 2285 sed
1899 2245 1932 2282 a
1975 2230 2132 2284 nobis

544 2325 732 2394 procul
787 2323 1102 2394 expellendo
1139 2322 1403 2378 faciamus
1451 2322 1678 2386 alienos,
1708 2337 1776 2376 ne
1810 2320 2027 2390 utrique
2077 2321 2132 2375 in

544 2415 898 2473 detractionis
925 2414 1056 2468 vitio
1081 2427 1387 2484 pereamus,
1419 2411 1546 2482 quia
1568 2411 1829 2482 scriptum
1851 2421 1936 2467 est
1959 2429 1974 2466 :
1997 2410 2128 2478 Fili,

544 2511 667 2564 time
717 2506 985 2573 Deum,.et
1014 2521 1132 2559 cum
1187 2502 1569 2559 detractoribus
1615 2519 1678 2555 ne
1722 2503 2125 2568 commiscearis,

541 2616 788 2672 quoniam
817 2607 1022 2669 repente
1045 2596 1313 2666 consurgit
1366 2594 1640 2666 prwdictio
1688 2610 1868 2648 eorum
1897 2603 1946 2647 et
1974 2595 2130 2648 ruina

543 2693 812 2762 utriusque
841 2689 1026 2762 (Prov.
1053 2688 1228 2760 xxiv),
1261 2687 1315 2741 id
1338 2694 1443 2751 est,
1468 2694 1522 2740 et
1542 2683 1659 2753 ejus
1685 2685 1779 2755 qui
1811 2685 2048 2740 detrahit
2075 2693 2132 2740 et

542 2785 657 2855 ejus
679 2783 771 2854 qui
793 2782 1097 2838 detrahenti
1117 2779 1408 2836 consentit.
1443 2777 1718 2850 Scriptum
1747 2787 1832 2834 est
1857 2797 1871 2833 :
1903 2779 1964 2835 Si
1992 2796 2129 2834 mor-

543 2875 666 2930 deat
711 2889 920 2944 serpens
965 2872 1022 2927 in
1059 2871 1290 2937 silentio,
1339 2869 1470 2924 nihil
1517 2886 1577 2924 eo
1633 2870 1805 2924 minus
1835 2870 1987 2924 habet
2038 2871 2129 2942 qui

543 2969 743 3026 occulte
787 2968 1016 3022 detrahit
1041 2964 1211 3037 (Eccl.
1262 2962 1341 3036 x).
1371 2963 1509 3019 Hinc
1533 2961 1763 3018 Jacobus
1797 2963 1913 3018 ait:
1947 2961 2126 3016 Nolite

543 3059 816 3114 detrahere
843 3055 1156 3111 alterutrum
1176 3096 1191 3117 ,
1223 3055 1413 3124 fratres
1447 3053 1569 3117 mei,
1597 3053 1721 3122 quia
1755 3053 1847 3122 qui
1898 3052 2126 3109 detrahit

543 3150 719 3220 fratri,
750 3157 840 3204 aut
869 3149 958 3219 qui
975 3147 1183 3218 judicat
1208 3146 1426 3217 fratrem
1467 3161 1642 3211 suum,
1670 3144 1897 3199 detrahit
1929 3144 2031 3216 legi
2074 3153 2125 3201 et

533 3243 746 3314 judicat
775 3243 937 3314 legem
964 3241 1172 3314 (Iacob.
1198 3241 1295 3313 iv).

612 3335 701 3388 41.
739 3333 898 3400 Spem
949 3351 1100 3388 suam
1130 3333 1242 3388 Deo
1271 3334 1590 3388 committere
1629 3331 1801 3403 (Psal.
1833 3348 1942 3394 ut,
1974 3331 2125 3387 Psal.

541 3425 771 3498 Lxxvn).
805 3425 943 3496 Spes
972 3425 1114 3480 enim
1161 3425 1357 3479 dicitur
1380 3423 1645 3480 bonorum
1678 3426 2011 3495 exspectatio
2049 3424 2130 3480 lu-

541 3526 809 3582 turorum,
832 3533 951 3587 qua:
971 3516 1229 3586 exprimit
1242 3516 1566 3571 humilitatis
1586 3516 1838 3571 affectum
1857 3524 1910 3570 et
1931 3516 2130 3571 sedulae

543 3609 820 3664 servitutis
851 3608 1188 3676 obsequium.
1227 3606 1363 3676 Spes
1406 3618 1586 3662 autem
1619 3617 1828 3669 vocata,
1870 3607 2014 3677 quod
2059 3607 2130 3661 sit

542 3699 912 3771 progredienti
937 3713 1052 3768 pes,
1079 3698 1233 3768 quasi
1256 3705 1340 3751 est
1371 3712 1482 3766 pes.
1519 3697 1673 3752 Unde
1700 3713 1730 3751 e
1754 3697 2029 3751 contrario
2056 3697 2132 3752 di-

544 3803 632 3850 cta
659 3791 996 3862 desperatio;
1027 3791 1177 3846 deest
1204 3790 1349 3844 enim
1375 3790 1447 3843 illi
1479 3789 1854 3860 progrediendi
1879 3789 2124 3857 facultas,

543 3885 692 3955 quia,
719 3883 844 3937 dum
872 3881 1101 3951 quisque
1130 3889 1411 3950 peccatum
1438 3890 1604 3943 amat,
1635 3878 1869 3933 futuram
1903 3879 2128 3950 gloriam

544 3990 651 4030 non
690 3980 988 4044 exspectat.
1035 3971 1234 4027 Beatus
1268 3980 1352 4027 est
1383 3973 1524 4026 enim
1564 3972 1653 4027 ille
1681 3973 1771 4042 qui
1800 3989 1948 4042 Spem
1973 3989 2126 4028 suam

542 4066 654 4122 Deo
683 4065 990 4128 committit,
1013 4073 1069 4120 et
1094 4066 1146 4119 in
1176 4072 1376 4119 aiterna
1397 4063 1652 4119 felicitate
1674 4073 1729 4119 et
1755 4065 1922 4135 gloria
1950 4066 2124 4134 ponit.

540 4160 737 4216 Beatus
767 4168 850 4216 est
870 4157 1023 4228 cujus
1053 4173 1198 4228 spes,
1234 4169 1294 4212 ut
1323 4158 1376 4212 in
1419 4167 1682 4214 aeternum
1713 4160 1876 4224 vivat,
1929 4160 1982 4214 in
2024 4160 2128 4215 Do-

542 4252 693 4306 mino
717 4251 893 4320 posita
916 4248 1120 4320 jugiter
1159 4257 1488 4319 perseverat.
1529 4249 1663 4304 Hinc
1688 4249 1974 4304 Psalmista
2001 4251 2078 4305 ait
2107 4267 2120 4304 :

543 4343 677 4398 Mihi
706 4351 880 4396 autem
903 4341 1169 4396 adhaerere
1206 4339 1312 4395 Deo
1339 4341 1531 4395 bonum
1562 4352 1657 4405 est,
1686 4359 1876 4412 ponere
1917 4344 1973 4396 in
2019 4343 2126 4396 Do-

540 4434 683 4486 mino
712 4449 852 4502 spem
876 4447 1044 4484 meam
1076 4429 1250 4502 (Psal.
1278 4435 1468 4499 Lxxu).
1497 4432 1588 4486 Ille
1616 4432 1760 4487 enim
1786 4433 1922 4488 bene
1945 4434 2125 4489 adhm—

539 4531 628 4578 ret
655 4522 766 4576 Deo
787 4522 878 4590 qui
916 4535 1064 4592 spem
1100 4535 1253 4574 suam
1294 4523 1448 4591 ponit
1477 4522 1529 4575 in
1561 4523 1668 4581 illo,
1700 4523 1826 4591 quia
1855 4525 1986 4578 nihil
2024 4539 2121 4594 ρο-
2147 4551 2201 4614 D

450 4618 454 4622 '
539 4620 647 4668 test
690 4628 808 4668 esse
855 4613 1065 4668 beatius
1105 4627 1264 4680 quam
1295 4611 1365 4665 illi
1419 4612 1599 4665 omnia
1643 4613 1983 4669 committere
2025 4616 2118 4683 qui

535 4704 691 4762 novit
709 4702 825 4758 suis
848 4702 1142 4757 cultoribus
1167 4701 1344 4756 futura
1371 4709 1645 4770 praestare.
1676 4701 1812 4758 Hinc
1831 4704 2119 4773 Apostolus

540 4797 658 4852 ait:
696 4794 800 4865 Spe
839 4794 1120 4865 gaudentes
1151 4792 1323 4865 (Rom.
1368 4795 1486 4859 xu).
1522 4793 1629 4849 Sed
1656 4795 1746 4848 ille
1793 4796 2012 4852 omnino
2052 4799 2118 4854 de

538 4903 634 4959 spe
663 4887 869 4942 caelesti
898 4886 1056 4941 debet
1085 4886 1339 4956 gaudere,
1368 4887 1493 4955 quia
1524 4886 1818 4942 auxiliante
1864 4888 1975 4942 Deo
2004 4890 2118 4959 jam

536 4993 762 5052 pravum
784 4986 962 5034 cessat
986 4992 1164 5048 agere.
1195 4976 1331 5031 Nam
1361 4979 1450 5047 qui
1476 4979 1674 5032 malum
1703 4994 1864 5050 agere
1892 4996 2000 5036 non
2031 4981 2120 5038 de-

538 5071 754 5130 sistunt,
809 5084 948 5123 vana
998 5083 1093 5139 spe
1139 5068 1344 5138 decepti
1395 5069 1778 5140 indulgentiam
1824 5085 1856 5122 a
1903 5070 2013 5126 Deo
2065 5081 2122 5127 et

535 5166 704 5220 vitam
739 5170 997 5217 aeternam
1029 5163 1344 5231 requirunt;
1377 5177 1538 5231 quam
1572 5171 1718 5218 recte
1767 5172 2033 5233 quaerent,
2073 5165 2121 5222 si

538 5255 608 5311 ab
663 5254 875 5308 actione
928 5266 1096 5322 prava
1149 5261 1447 5306 cessarent.
1480 5250 1667 5307 Omnis
1713 5253 1910 5324 quippe
1939 5252 2120 5322 justus

539 5361 688 5418 spem
721 5354 777 5400 et
799 5343 1144 5399 formidinem
1171 5343 1331 5399 debet
1359 5343 1580 5408 habere,
1610 5352 1666 5398 et
1689 5361 1830 5400 nunc
1875 5346 2020 5402 illum
2051 5347 2120 5404 ad

535 5437 790 5510 gaudium
819 5443 1082 5491 aeternum
1130 5448 1252 5504 spes
1278 5433 1509 5506 erigere,
1542 5450 1683 5491 nunc
1704 5436 1861 5490 debet
1890 5438 1956 5492 ad
2008 5437 2118 5493 for-

537 5526 796 5584 midinem
850 5525 1113 5596 gehennae
1171 5533 1349 5580 terror
1402 5525 1674 5581 addicere.
1728 5525 1939 5581 Timeat
1985 5544 2116 5600 ergo

536 5615 836 5672 monachus
888 5615 1176 5670 Dominum
1200 5655 1216 5681 ,
1259 5624 1313 5671 et
1356 5631 1580 5686 sperans
1609 5616 1662 5671 in
1693 5632 1758 5672 eo
1784 5617 1984 5688 jugiter
2017 5619 2117 5672 im-

532 5706 713 5780 ploret
749 5706 1041 5773 auxilium,
1097 5708 1221 5778 quia
1269 5709 1532 5778 scriptum
1589 5716 1676 5762 est
1715 5726 1730 5761 :
1785 5708 1884 5773 Qu:
1933 5710 2115 5763 timent

536 5795 823 5856 Dominum
871 5807 1204 5854 saeraverunt
1237 5798 1292 5852 in
1326 5797 1576 5864 Domino,
1605 5798 1821 5867 adjutor
1857 5815 2035 5854 eorum
2064 5808 2112 5853 et

2237 1956 2526 2025 sapientim,
2549 1954 2642 2010 alii
2669 1971 2837 2012 sermo
2858 1955 3108 2019 scientiis,
3129 1954 3225 2008 alii
3251 1971 3445 2026 genera
3500 1954 3832 2025 linguarum,

2241 2044 2336 2099 alii
2379 2047 2738 2116 interpretatio
2771 2061 3069 2100 semonum
3111 2043 3173 2116 (I
3213 2043 3336 2099 Cor.
3367 2045 3498 2118 xu),
3541 2055 3601 2099 et
3644 2054 3834 2101 cetera

2237 2137 2324 2194 his
2349 2137 2546 2192 similia
2578 2139 2648 2192 ab
2681 2153 2792 2192 uno
2820 2137 3024 2192 sanctis
3048 2137 3422 2194 conceduntur
3443 2137 3706 2198 Domino.
3750 2139 3832 2193 cui

2228 2229 2434 2300 jugiter
2485 2229 2690 2300 gratias
2723 2243 2885 2301 agere
2912 2229 3074 2286 debet
3123 2230 3302 2284 omnis
3347 2230 3544 2285 homo.
3590 2229 3652 2285 Si
3691 2231 3825 2284 eni

2235 2322 2415 2377 omnia
2465 2323 2604 2378 bona
2652 2337 2685 2377 a
2722 2321 2951 2376 Domino
2995 2321 3326 2392 accepimus,
3376 2336 3488 2376 non
3530 2322 3718 2385 nobis,
3747 2321 3830 2376 sed

2235 2412 2310 2468 illi
2345 2413 2411 2466 de
2439 2413 2692 2468 omnibus
2742 2414 2947 2484 gratias
2973 2428 3135 2484 agere
3163 2413 3443 2469 debemus.
3500 2412 3654 2479 Quid
3695 2412 3826 2468 enim

2234 2504 2422 2570 habes,
2457 2519 2491 2558 o
2511 2505 2695 2570 homo,
2727 2505 2806 2558 ait
2834 2504 3150 2574 Apostolus,
3198 2504 3340 2574 quod
3369 2519 3479 2559 non
3511 2505 3827 2574 acceperis?

2233 2601 2423 2657 Melius
2463 2616 2624 2672 ergo,
2681 2600 2776 2671 qui
2803 2600 3088 2672 gloriatur,
3119 2599 3174 2654 in
3222 2599 3474 2663 Domino,
3506 2614 3626 2654 non
3675 2598 3730 2652 in
3779 2615 3830 2655 se

2231 2692 2510 2764 glorietur,
2558 2692 2700 2747 sicut
2749 2693 3007 2762 scriptum
3056 2698 3177 2747 est:
3208 2688 3316 2744 Fili
3377 2689 3480 2755 mi,
3539 2690 3599 2743 in
3650 2691 3828 2745 timore

2233 2784 2446 2839 Domini
2461 2783 2528 2838 sit
2553 2781 2797 2853 gloriatio
2821 2791 2913 2836 tua
2928 2781 3100 2853 (Eccl.
3132 2797 3172 2844 ι,
3191 2779 3339 2835 Eccl.
3357 2779 3467 2852 ix).
3483 2779 3617 2835 Cum
3643 2791 3831 2836 autem

2234 2860 2508 2932 dixisset:
2546 2873 2670 2930 Scio
2697 2882 2746 2927 et
2783 2871 3073 2938 humiliari,
3105 2882 3154 2926 et
3180 2871 3483 2937 abundare,
3526 2881 3580 2925 et
3629 2871 3828 2936 satiari,

2235 2979 2283 3024 et
2303 2971 2522 3033 esurire,
2548 2977 2595 3022 et
2617 2966 2891 3038 penuriam
2915 2965 3026 3037 pati
3055 2961 3222 3036 (Phil.
3251 2963 3352 3032 tv),
3396 2963 3625 3018 addidit
3649 2981 3666 3017 :
3710 2961 3830 3018 On-

2232 3061 2322 3115 nia
2345 3076 2558 3130 possum
2574 3059 2628 3112 in
2653 3074 2712 3112 eo
2738 3059 2827 3129 qui
2851 3073 2934 3111 me
2955 3056 3267 3127 confortavit
3301 3053 3527 3127 (Ibid.).
3548 3055 3672 3112 Sibi
3701 3058 3830 3112 enim

2231 3151 2363 3206 nihil
2404 3150 2622 3216 tribuit,
2681 3149 2807 3220 quia
2851 3164 3013 3204 omne
3045 3162 3105 3203 se
3139 3163 3299 3218 posse
3326 3163 3440 3204 non
3473 3149 3532 3204 in
3567 3150 3690 3205 suis
3716 3151 3832 3204 viri-

2231 3244 2353 3306 bus,
2379 3247 2470 3299 sed
2499 3243 2552 3297 in
2593 3242 2684 3296 illo
2711 3241 2802 3312 qui
2825 3257 2948 3296 eum
2986 3240 3351 3303 confortabat,
3398 3256 3536 3296 esse
3561 3242 3825 3312 cognorit.

2230 3336 2299 3392 Et
2320 3337 2374 3391 in
2405 3336 2512 3390 alio
2538 3335 2654 3391 loco
2676 3350 2800 3390 cum
2839 3334 3046 3389 diceret
3072 3350 3086 3388 :
3121 3331 3253 3388 Plus
3275 3335 3533 3389 omnibus
3583 3334 3827 3398 laborari,

2230 3438 2420 3483 utnon
2452 3426 2581 3482 illud
2630 3427 2729 3482 sibi
2757 3426 3070 3496 applicaret,
3101 3427 3194 3481 sed
3223 3427 3354 3491 Deo,
3403 3425 3633 3482 addidit
3664 3447 3680 3481 :
3717 3425 3828 3481 Non

2231 3536 2344 3590 ego,
2378 3520 2468 3574 sed
2509 3519 2680 3589 gratia
2728 3518 2825 3573 Dei
2854 3535 3055 3572 mecum
3084 3517 3136 3590 (Ι
3179 3517 3302 3572 Cor.
3351 3521 3481 3588 xv).
3525 3519 3647 3575 Deo
3697 3520 3828 3574 enim

2232 3611 2494 3665 debemus
2539 3608 2683 3678 quod
2725 3623 2935 3674 sumus,
2993 3608 3135 3676 quod
3161 3607 3416 3670 vivimus,
3447 3610 3606 3678 quod
3638 3608 3825 3665 intelli-

2231 3701 2430 3772 gimus,
2472 3702 2614 3770 quod
2664 3700 2914 3755 homines
2956 3715 3163 3764 sumus,
3199 3699 3349 3770 quod
3399 3701 3552 3757 bene
3589 3711 3649 3758 et
3695 3703 3826 3772 jusle

2229 3794 2486 3856 viximus,
2515 3792 2659 3862 quod
2700 3801 2847 3847 recte
2881 3800 2936 3847 et
2985 3791 3252 3846 catholice
3283 3791 3675 3864 intelligimus.
3729 3794 3826 3849 Deo

2228 3900 2327 3956 per
2367 3886 2548 3940 omnia
2573 3885 2849 3940 debemus.
2900 3884 3153 3939 Nostrum
3199 3884 3344 3939 enim
3394 3886 3532 3939 nihil
3583 3898 3682 3942 est
3735 3888 3825 3941 nisi

2227 3987 2508 4047 peccatum
2536 3986 2591 4031 et
2633 3976 2835 4030 malum
2879 3977 3022 4046 quod
3043 3976 3254 4047 operati
3311 3993 3528 4034 sumus.
3574 3979 3726 4036 Unde
3779 3990 3827 4034 et

2230 4069 2443 4138 sequitu
2455 4084 2478 4121 r
2500 4087 2512 4121 :
2905 4123 2908 4126 .

2297 4159 2388 4214 45.
2430 4159 2633 4214 Malum
2668 4175 2790 4215 vero
2816 4177 3016 4232 semper
3055 4178 3089 4215 a
3129 4179 3184 4217 se
3222 4162 3422 4232 factum
3453 4166 3630 4232 sciat,
3663 4177 3715 4221 et
3737 4166 3825 4221 sibi

2229 4263 2428 4324 reputet
2453 4253 2627 4323 (Osew
2648 4255 2792 4315 xm).
2815 4254 3088 4325 Quidquid
3115 4270 3242 4326 ergo
3266 4256 3320 4310 in
3354 4272 3414 4312 se
3445 4258 3662 4314 malum
3686 4261 3823 4314 inve-

2228 4345 2373 4398 nerit
2412 4344 2708 4399 monachus
2752 4343 2979 4411 factum,
3009 4360 3039 4399 a
3069 4361 3128 4400 se
3171 4345 3301 4401 illud
3331 4349 3616 4403 veraciter
3644 4351 3824 4405 credat

2230 4435 2524 4497 inventum,
2557 4445 2649 4490 aut
2675 4451 2707 4489 a
2727 4435 2944 4492 diabolo
2974 4435 3311 4508 instigatum,
3341 4453 3447 4493 non
3475 4454 3510 4493 a
3541 4441 3659 4496 Deo
3678 4457 3822 4496 crea-

2229 4533 2340 4580 tum
2377 4544 2388 4579 :
2424 4527 2548 4596 quia
2596 4527 2736 4581 Deus
2774 4526 2974 4581 malum
3015 4543 3120 4581 non
3170 4526 3319 4594 fecit,
3367 4543 3470 4584 nec
3509 4530 3721 4587 lmtatm
3772 4532 3820 4586 in

2227 4617 2528 4686 perditione
2577 4617 2839 4672 vivorum.
2898 4617 3179 4682 Diabolus,
3232 4633 3356 4673 cum
3407 4633 3561 4676 esset
3599 4623 3821 4693 angelus

2225 4707 2423 4771 bonus,
2455 4707 2811 4776 superbiendo
2839 4705 3015 4762 lactus
3049 4717 3150 4764 est‘
3175 4708 3369 4775 malus,
3416 4719 3471 4764 et
3517 4713 3819 4780 hominem,

2227 4797 2316 4865 qui
2359 4797 2678 4850 naturaliter
2723 4805 2841 4851 erat
2894 4797 3071 4854 factus
3111 4799 3305 4865 bonus,
3343 4801 3673 4871 decipiendo
3696 4807 3824 4861 fecit

2226 4889 2376 4944 illum
2425 4889 2626 4942 malum
2657 4900 2818 4960 atque
2862 4893 3184 4961 superbum;
3212 4899 3266 4946 ct
3296 4892 3375 4948 sic
3415 4908 3583 4950 omne
3609 4895 3820 4966 peccati

2225 4977 2427 5032 malum
2458 4993 2554 5048 per
2580 4978 2791 5047 culpam
2823 4979 2981 5048 primi
3011 4981 3245 5036 hominis
3273 4982 3521 5038 introivit
3554 4987 3608 5040 in
3646 5002 3817 5058 genus

2226 5067 2539 5124 humanum.
2568 5069 2719 5136 Quod
2747 5070 2906 5124 etiam
2930 5086 3030 5140 per
3051 5071 3266 5141 longum
3291 5089 3450 5129 usum
3476 5079 3643 5146 quasi
3672 5092 3823 5134 natu-

2226 5160 2414 5215 raliter
2453 5169 2603 5217 tenet
2630 5169 2686 5214 et
2730 5172 3020 5231 operatur;
3067 5171 3124 5217 et
3164 5173 3224 5218 ut
3268 5163 3353 5219 lex
3400 5170 3702 5232 naturalis,
3747 5172 3819 5225 sic

2225 5261 2507 5322 peccatum
2551 5253 2608 5308 in
2643 5254 2900 5309 membris
2930 5266 3123 5326 regnat
3152 5257 3429 5322 humanis,
3465 5268 3520 5314 et
3550 5271 3820 5333 repugnat

2225 5347 2328 5417 legi
2369 5347 2563 5402 mentis
2609 5354 2665 5402 et
2709 5347 2960 5403 omnibus
2986 5349 3277 5406 virtutibus
3309 5353 3536 5407 sanctis.
3575 5353 3739 5410 Unde
3767 5361 3822 5407 et

2222 5439 2511 5507 Apostolus
2538 5440 2613 5493 ait
2646 5457 2658 5492 :
2697 5437 2856 5494 Video
2887 5452 3062 5496 autem
3092 5442 3253 5496 aliam
3281 5444 3441 5514 legem
3475 5447 3530 5499 in
3566 5448 3819 5502 membris

2223 5531 2349 5585 meis
2394 5540 2762 5600 repugnantem
2801 5530 2901 5602 legi
2933 5534 3120 5588 mentis
3151 5551 3299 5599 mete,
3343 5545 3392 5588 et
3427 5541 3698 5606 captiuum
3738 5555 3820 5594 me

2220 5623 2490 5678 ducentem
2530 5623 2586 5676 in
2633 5622 2742 5694 lege
2787 5625 3002 5694 peccati,
3040 5643 3157 5697 quae
3190 5636 3266 5681 est
3309 5628 3363 5681 in
3401 5630 3658 5686 membris
3683 5634 3816 5686 meis

2222 5713 2396 5784 (Rom.
2424 5714 2541 5786 vn).
2573 5714 2873 5784 Cognoscat
2909 5731 3041 5787 ergo
3081 5720 3377 5774 monachus
3416 5737 3449 5774 a
3492 5737 3555 5776 se
3605 5723 3816 5778 factum

2222 5804 2418 5858 malum
2469 5815 2523 5860 et
2572 5821 2730 5862 omne
2776 5817 3078 5876 peccatum,
3116 5819 3172 5865 et
3211 5811 3311 5866 sibi
3351 5824 3617 5882 reputans
3661 5817 3815 5872 dicat
