3994 6458
231 512 335 571 777

1257 497 1614 572 contuear.
1656 509 1725 570 IN
1760 510 1923 571 nec.
1966 509 2025 570 s.
2065 506 2441 569 BENEDICTI.

3378 515 3484 575 778

232 633 343 687 Deo
374 645 389 685 :
414 626 530 685 Tibi
552 627 653 684 soli
672 626 899 700 peccaui,
926 636 975 684 et
995 626 1193 683 malum
1214 645 1391 684 coram
1408 640 1457 685 te
1476 629 1574 700 feci
1622 626 1796 702 (Psal.
1825 629 1880 694 Α
1902 635 2093 685 contra
2140 637 2361 698 peccata
2412 624 2671 682 auxilium
2714 640 2825 684 non
2858 624 3163 699 quaesistis?
3202 627 3358 685 Unde
3386 645 3484 687 ne-

232 722 309 789 L).
337 720 607 791 Agnoscat
628 728 683 775 et
699 720 978 790 poeniteat.
1003 729 1057 775 et
1073 720 1382 792 lacrymans
1397 738 1520 777 cum
1542 722 1803 792 propheta

232 812 376 867 dicat
404 828 416 864 :
441 810 604 865 Plane
632 812 747 866 haec
767 811 1024 881 iniquitas
1040 827 1159 867 mea
1180 821 1286 877 est,
1308 821 1363 868 et
1382 814 1608 882 portabo
1634 813 1800 867 illam.

232 905 429 960 lterum
458 904 816 975 ingemiscens
853 920 976 959 cum
1015 906 1182 960 David
1214 907 1354 961 dicat
1384 923 1396 959 :
1429 904 1665 975 Amplius
1688 904 1805 959 lava

229 1012 311 1049 me
360 995 423 1048 ab
472 994 742 1065 iniquitate
768 1012 905 1060 mea,
942 1005 989 1049 et
1034 1014 1066 1049 a
1102 1006 1309 1065 peccato
1336 1012 1448 1049 meo
1482 995 1677 1049 munda
1703 1012 1803 1060 me,

228 1088 477 1157 quoniam
515 1087 839 1157 iniquitatem
864 1104 1032 1141 meam
1057 1104 1148 1157 ego
1174 1104 1456 1158 cognosco,
1484 1097 1531 1141 et
1562 1086 1805 1140 delictum

230 1194 400 1231 meum
452 1193 628 1231 coram
678 1193 760 1230 me
784 1188 856 1231 est
905 1193 1105 1247 semper
1138 1176 1367 1248 (Ibid.).
1400 1178 1475 1231 De
1504 1177 1649 1231 omni
1679 1191 1807 1247 ergo

228 1282 392 1336 opere
420 1282 587 1337 pravo
614 1283 713 1322 nos
753 1283 1028 1333 accusare,
1060 1268 1321 1338 nobisque
1350 1268 1608 1323 debemus
1635 1268 1807 1337 impu-

232 1367 368 1423 tare,
400 1367 456 1413 et
488 1375 555 1414 ex
595 1368 711 1415 toto
752 1360 913 1415 corde
956 1360 1330 1430 paenitentiam
1379 1374 1559 1430 agere.
1600 1358 1806 1413 Bonum

232 1459 413 1505 autem
446 1450 664 1520 aliquod
694 1451 749 1505 in
777 1450 955 1516 nobis,
987 1451 1126 1505 sicut
1149 1465 1311 1521 supra
1335 1450 1537 1505 dictum
1568 1455 1672 1514 est,
1698 1463 1807 1504 non

229 1543 437 1597 viribus
472 1544 676 1599 nostris
704 1558 879 1613 neque
905 1544 1137 1609 meritis,
1160 1546 1257 1599 sed
1284 1543 1358 1598 illi
1387 1544 1687 1597 tribuamus
1713 1542 1805 1611 qui

228 1634 435 1689 habitat
463 1635 519 1692 in
564 1636 736 1699 ccelis,
782 1644 836 1690 et
873 1636 940 1691 de
980 1636 1236 1691 thesauro
1270 1650 1367 1690 suo
1394 1636 1620 1690 virtutes
1645 1634 1808 1689 mini-

227 1730 366 1778 strat
400 1723 651 1778 omnibus
697 1724 919 1780 sanctis.
964 1724 1022 1779 In
1054 1722 1271 1779 Christo
1295 1723 1441 1779 enim
1474 1737 1663 1777 omnes
1688 1722 1807 1778 the-

228 1815 373 1868 sauri
399 1814 676 1885 sapientia:
697 1822 754 1869 et
780 1813 1021 1869 scientiae
1050 1813 1144 1868 Dei
1166 1813 1431 1869 reconditi
1455 1810 1689 1884 (Coloss.
1718 1812 1804 1883 ιι),

228 1911 285 1957 et
308 1904 364 1958 in
390 1903 481 1958 illo
511 1905 743 1959 donante
767 1902 1060 1959 secundum
1086 1900 1202 1972 ejus
1222 1902 1598 1973 dispositiones
1617 1916 1807 1956 omnes

1908 733 2059 774 cesse
2086 726 2171 773 est
2200 718 2357 773 modo
2387 725 2467 785 ut,
2514 718 2642 773 dum
2678 719 2909 774 vivimus
2934 726 2989 775 et
3023 718 3284 785 valemus,
3311 720 3479 775 decli-

1906 824 2096 864 nemus
2138 826 2169 865 a
2215 809 2356 864 malo
2395 816 2449 865 et
2494 808 2754 865 faciamus
2799 811 3022 877 bonum,
3052 819 3106 865 et
3152 812 3205 865 in
3234 812 3484 868 omnibus

1898 900 2102 973 jugiter
2130 903 2247 973 ejus
2291 917 2595 973 quaeramus
2635 901 2981 970 adjutorium,
3014 913 3076 959 ut
3103 905 3158 959 in
3184 906 3344 971 bono,
3374 920 3483 975 quo

1907 992 2189 1061 caepimus,
2222 1006 2403 1062 opere,
2436 992 2528 1046 illo
2553 990 2839 1060 adiuvante
2866 1009 3269 1062 perseveremus
3309 1010 3484 1064 usque

1908 1082 1964 1137 in
1988 1083 2178 1149 ﬁnem;
2205 1092 2264 1137 ut
2290 1084 2345 1138 in
2369 1084 2453 1139 die
2467 1082 2658 1151 judicii
2680 1098 2801 1137 cum
2824 1084 2976 1153 agnis
3002 1100 3033 1138 a
3056 1086 3265 1141 dextris
3288 1085 3446 1154 positi
3462 1124 3479 1150 ,

1917 1170 2119 1239 Venite,
2142 1172 2440 1239 audiamus,
2471 1172 2722 1227 benedicti
2747 1170 2947 1238 Patris,
2973 1174 3218 1243 percipite
3245 1191 3481 1245 regnum,

1907 1264 2045 1336 quod
2082 1264 2225 1318 vobis
2261 1274 2505 1335 paratum
2545 1272 2621 1319 est
2667 1263 2732 1319 ab
2776 1262 2976 1335 origine
3021 1264 3203 1318 mundi
3253 1263 3480 1336 (Matth.

1911 1355 2066 1428 xxv).
2091 1356 2260 1411 Amen

1977 1444 2066 1500 45.
2100 1442 2399 1500 Gehennam
2418 1462 2769 1517 expavescere.
2797 1443 3057 1502 Cebenna
3076 1451 3159 1499 est
3176 1442 3325 1499 locus
3345 1443 3487 1515 ignis

1908 1544 1965 1592 et
1984 1536 2273 1608 sulphuris,
2297 1552 2456 1607 quem
2482 1536 2739 1608 appellari
2767 1544 2961 1609 putant
2984 1552 3017 1591 a
3039 1536 3179 1591 valle
3198 1536 3339 1591 idolo
3359 1551 3489 1591 con-

1908 1636 2122 1683 secrata
2168 1642 2288 1698 quae
2325 1636 2410 1683 est
2439 1625 2597 1696 juxta
2634 1643 2849 1683 murum
2891 1627 3248 1684 Hierusalem.
3275 1626 3353 1682 lbi
3383 1625 3489 1684 He-

1906 1718 2040 1773 braei
2063 1717 2201 1773 ﬁlios
2222 1733 2349 1774 suos
2371 1718 2788 1775 immolaverunt
2808 1718 3161 1775 dietnonibus.
3188 1718 3315 1775 Fuit
3341 1719 3490 1774 enim

1906 1807 2062 1863 vallis
2084 1808 2315 1863 ﬁliorum
2343 1807 2591 1874 Hennon,
2617 1818 2673 1865 et
2696 1809 2765 1865 ab
2784 1809 2889 1866 hoc
2908 1808 3280 1881 appellabatur
3294 1810 3491 1882 gehen-

1906 1913 2036 1965 nou,
2086 1899 2143 1954 in
2191 1914 2297 1969 qua
2344 1899 2513 1954 multa
2557 1900 2781 1971 iacuere
2824 1901 3092 1957 cadavera
3128 1910 3486 1958 mortuorum.

226 1994 401 2049 sancti
434 1994 706 2064 accipiunt
741 1992 1037 2064 portiones.
1074 1992 1143 2047 Et
1182 1993 1303 2047 ideo
1356 2008 1461 2047 non
1511 1992 1687 2047 solum
1740 1992 1808 2047 de
1836 1992 1883 2051 B
1909 1985 2101 2041 Futuri
2131 2001 2260 2057 ergo
2291 1986 2539 2056 supplicii
2560 1988 2732 2053 locus,
2760 1988 2853 2043 ubi
2873 1998 3187 2058 peccatores
3210 1992 3490 2047 cruciandi

226 2088 529 2143 substantia
570 2086 811 2157 pecuniae
834 2101 996 2156 quam
1020 2084 1343 2155 pauperibus
1371 2098 1675 2156 erogamus,
1709 2083 1804 2138 sed

226 2178 390 2233 etiam
416 2179 482 2233 de
510 2176 721 2233 cunctis
743 2176 903 2231 bonis
930 2175 1188 2243 operibus
1215 2188 1334 2243 qua:
1363 2174 1596 2244 agimus,
1618 2180 1676 2227 et
1699 2171 1807 2225 mi-

225 2269 635 2325 nistrationibus
660 2265 847 2338 gratia:
866 2280 1027 2334 quam
1048 2264 1407 2333 percepimus,
1438 2262 1609 2318 Deum
1637 2262 1808 2317 hono-

226 2376 350 2417 rare
376 2370 433 2416 et
469 2361 586 2431 ejus
632 2361 687 2414 in
731 2357 983 2413 omnibus
1034 2365 1089 2411 et
1144 2370 1250 2411 non
1301 2362 1544 2410 nostram
1591 2352 1806 2409 laudem

226 2466 470 2525 quaerere
499 2451 778 2505 debemus.

298 2542 386 2597 ιι.
429 2542 578 2595 Diem
598 2540 792 2611 judicii
835 2539 1036 2592 timere.
1082 2534 1374 2591 Timendus
1401 2542 1486 2589 est
1506 2533 1664 2588 valde
1695 2530 1808 2588 dies

218 2630 409 2702 judicii
438 2631 842 2702 peccatoribus,
874 2628 1000 2697 quia
1030 2627 1278 2697 quamvis
1323 2626 1472 2680 mitis
1519 2625 1591 2679 sit
1618 2623 1805 2693 justis,

225 2721 485 2777 terribilis
541 2720 695 2775 valde
749 2728 831 2775 est
894 2717 1269 2787 peccatoribus
1315 2724 1370 2771 et
1422 2716 1657 2785 iniquis,
1714 2716 1805 2785 qui

224 2812 463 2867 audituri
518 2818 645 2865 sunt
673 2809 763 2864 illo
804 2808 934 2865 die:
964 2806 1222 2862 Discedite
1274 2824 1307 2861 a
1358 2823 1456 2869 me,
1519 2805 1802 2870 maledicti,

222 2902 281 2956 in
306 2902 473 2971 ignem
501 2909 777 2965 teternum,
802 2899 891 2968 qui
929 2908 1255 2968 purpuratus
1281 2908 1355 2951 est
1393 2895 1600 2951 diabolo
1629 2906 1677 2950 et
1704 2913 1805 2949 an-

222 2991 352 3061 gelis
382 2991 491 3043 suis
531 2988 748 3060 (Matth.
777 2986 927 3059 xxv).
958 2989 1034 3044 De
1070 2990 1173 3043 hac
1201 2988 1345 3043 enim
1378 2988 1610 3042 terribili
1639 2986 1726 3042 die
1750 2986 1805 3040 in

224 3082 489 3152 propheta
519 3080 792 3151 Sophonia
820 3081 1081 3151 scriptum
1108 3088 1223 3134 est:
1250 3078 1418 3132 Juxta
1453 3088 1527 3133 est
1566 3079 1677 3133 dies
1702 3078 1808 3132 Do-

225 3172 355 3225 mini
379 3188 621 3242 magnus,
644 3172 825 3243 juxta,
858 3180 906 3225 et
927 3169 1074 3225 velox
1102 3170 1277 3223 nimis.
1318 3168 1433 3223 Vox
1460 3169 1566 3223 diei
1594 3168 1805 3223 Domini

224 3280 435 3328 amara,
464 3263 799 3318 tribulabitur
830 3264 903 3317 ibi
932 3263 1104 3333 fortis.
1134 3262 1257 3317 Dies
1280 3261 1398 3327 irx,
1423 3262 1532 3315 dies
1559 3260 1669 3325 illa,
1697 3262 1806 3314 dies

1907 2089 2053 2144 sunt,
2086 2072 2245 2147 hujus
2294 2078 2399 2133 loci
2444 2079 2706 2135 vocabulo
2744 2080 3077 2152 designatur.
3110 2083 3315 2151 Duplex
3343 2084 3489 2141 enim

1907 2170 2285 2225 damnatorum
2314 2184 2472 2239 ptena
2504 2179 2589 2225 est
2607 2171 2661 2224 in
2690 2171 2933 2241 gehenna
2952 2212 2967 2239 ,
2999 2189 3231 2244 quorum
3258 2182 3313 2230 et
3336 2190 3493 2231 men-

1908 2269 1991 2316 tes
2027 2260 2138 2316 urit
2164 2260 2404 2327 tristitia,
2436 2268 2492 2315 et
2519 2276 2715 2330 corpus
2743 2260 2976 2317 ﬂamma.
3020 2264 3174 2320 Hunc
3206 2266 3351 2320 enim
3378 2274 3492 2322 tam

1907 2351 2205 2407 terribilem
2247 2350 2424 2406 locum
2474 2366 2580 2405 non
2618 2351 2791 2407 solum
2835 2355 3150 2419 monachus,
3183 2357 3280 2412 sed
3313 2357 3493 2413 omnis

1909 2442 2069 2498 debet
2087 2430 2446 2511 expavescere
2466 2440 2822 2497 Christianus.
2844 2442 2975 2498 Illuc
2996 2445 3140 2499 enim
3162 2461 3353 2502 omnes
3372 2461 3493 2502 crn-

1908 2532 2086 2588 ciandi
2115 2531 2471 2602 projiciuntur
2494 2532 2754 2595 damnati,
2785 2532 2851 2587 de
2871 2534 3065 2603 quibus
3088 2534 3345 2591 Dominus
3373 2536 3487 2591 ait:

1906 2622 2105 2695 Ligatis
2134 2624 2375 2677 manibus
2408 2632 2455 2677 et
2477 2624 2714 2693 pedibus,
2744 2625 2981 2695 projicite
3021 2624 3140 2680 illos
3164 2626 3221 2681 in
3253 2628 3492 2684 tenebras

1907 2717 2206 2781 exteriores,
2244 2716 2317 2770 ibi
2344 2717 2443 2769 erit
2472 2718 2624 2786 ﬂetus
2648 2725 2697 2770 et
2719 2717 2915 2770 stridor
2944 2717 3175 2773 dentium
3201 2735 3219 2773 :
3250 2720 3337 2774 ubi
3380 2737 3494 2776 ver-

1906 2807 2006 2861 mis
2045 2823 2226 2860 eorum
2264 2823 2367 2860 non
2390 2807 2664 2872 morietur,
2704 2815 2753 2860 et
2788 2806 2921 2877 ignis
2948 2824 3130 2863 eorum
3165 2826 3268 2864 non
3296 2812 3493 2866 exstin-

1907 2906 2096 2969 guetur
2118 2896 2335 2969 (Matth.
2358 2912 2505 2960 xxn;
2533 2895 2703 2951 Marc.
2728 2896 2828 2967 ιχ).
2854 2898 3216 2969 Expavendus
3241 2910 3326 2957 est
3339 2901 3492 2961 valde

1907 2998 2015 3044 tam
2047 2990 2306 3046 terribilis
2330 2989 2479 3046 locus
2502 2991 2625 3056 iste,
2658 2990 2745 3046 ubi
2770 2999 2852 3047 est
2876 2994 3097 3064 grandis
3121 3003 3175 3049 et
3199 2995 3493 3051 multorum

1907 3080 2086 3147 ﬂetus,
2116 3082 2403 3137 continuus
2432 3082 2695 3150 gemitus,
2728 3085 3001 3139 cruciatus
3047 3092 3305 3153 aeternus,
3339 3087 3499 3143 dolor

1906 3173 2204 3228 acerrimus
2236 3180 2291 3227 et
2334 3172 2565 3241 poenalis
2613 3187 2824 3229 sensus.
2864 3173 2942 3229 lbi
2974 3175 3165 3231 animae
3200 3176 3493 3247 impiorum

1906 3272 2245 3333 torquentur,
2296 3279 2396 3319 nec
2440 3264 2727 3331 deficiunt;
2769 3281 2997 3335 corpora
3043 3268 3355 3337 puniuntur,
3391 3284 3495 3325 nec

224 3354 579 3409 tribulationis
602 3364 650 3409 et
679 3354 955 3425 angustiis,
987 3353 1096 3407 dies
1125 3352 1442 3407 calamitatis
1481 3362 1529 3406 et
1559 3353 1801 3419 miserim,
1832 3368 1875 3430 ρ
1908 3354 2189 3410 ﬁniuntur.
2238 3354 2381 3425 Ignis
2432 3354 2885 3426 inexstinguihilis
2938 3356 3128 3423 durat,
3166 3366 3228 3412 ut
3278 3373 3495 3429 semper

224 3444 336 3498 dies
365 3445 693 3499 tenebrarum
728 3454 776 3498 et
815 3443 1076 3515 caliginis,
1110 3444 1221 3498 dies
1250 3442 1451 3498 nebula:
1480 3453 1529 3498 et
1559 3444 1803 3510 turbinis,

224 3536 337 3590 dies
364 3537 500 3591 tuba:
528 3546 576 3591 et
599 3537 883 3608 clangoris.
916 3537 994 3593 lbi
1037 3537 1439 3593 tribulabuntur
1466 3538 1733 3605 homines,
1758 3547 1807 3593 et

226 3627 567 3681 ambulabunt
614 3638 673 3681 ut
714 3629 862 3694 circi,
912 3628 1036 3700 quia
1072 3628 1299 3683 Domino
1340 3640 1702 3700 peccaverunt,
1758 3640 1807 3685 et

224 3716 525 3785 eiundetur
548 3718 761 3787 sanguis
796 3731 974 3771 eorum
1003 3718 1137 3771 sicut
1161 3718 1372 3783 humus,
1405 3727 1453 3772 et
1494 3734 1681 3788 corpus
1715 3736 1805 3773 eo-

227 3822 345 3860 rum
375 3808 506 3862 sicut
531 3818 761 3863 stercora
792 3808 980 3881 (Soph.
1014 3809 1076 3880 ι).
1107 3808 1365 3866 Timenda
1393 3819 1478 3867 est
1512 3811 1667 3867 valde
1690 3811 1807 3868 dies

227 3901 318 3958 illa
354 3918 384 3956 a
412 3904 805 3973 peccatoribus,
838 3907 963 3975 quia
993 3907 1045 3961 in
1071 3916 1311 3979 tempore
1334 3916 1389 3963 et
1415 3909 1471 3963 in
1510 3909 1598 3966 die
1636 3911 1727 3966 illo
1751 3912 1807 3966 in

226 3991 353 4063 igne
378 3994 477 4049 zeli
504 3994 714 4050 Domini
735 3996 1082 4052 devorabitur
1106 4000 1285 4055 omnis
1307 4009 1452 4055 terra
1476 4003 1533 4055 in
1555 4017 1809 4059 consum-

227 4084 487 4149 matione,
520 4102 643 4140 cum
688 4085 1030 4143 festinatione
1077 4093 1599 4148 consummationem
1648 4095 1811 4152 faciet

227 4173 488 4231 Dominus
512 4177 722 4232 cunctis
742 4177 1134 4235 habitatoribus
1162 4189 1318 4236 terrae
1340 4183 1398 4236 in
1429 4162 1647 4239 die'illa.
1671 4185 1810 4241 Hinc

223 4276 285 4319 et
315 4266 603 4336 Apostolus
649 4267 725 4322 ait
755 4285 767 4321 :
804 4266 1069 4323 Terribilis
1113 4287 1333 4340 namque
1371 4282 1447 4326 est
1494 4276 1808 4344 exspectatio

217 4357 437 4427 judicii,
456 4369 503 4412 et
524 4359 659 4430 ignis
688 4358 1110 4432 temulatio,qute
1135 4372 1507 4434 consumptum
1527 4374 1603 4419 est
1630 4366 1811 4420 adver-

224 4452 396 4506 sarios
420 4453 474 4506 in
487 4454 693 4523 judicio
714 4452 881 4525 (Hebr
924 4454 1002 4526 x).
1016 4453 1267 4528 Cogitare
1284 4457 1463 4524 modo,
1483 4457 1700 4525 fratres,
1717 4460 1810 4516 dc-

225 4540 439 4607 bemus,
469 4542 598 4611 quid
620 4540 798 4598 facere
822 4545 1117 4606 poterimus
1150 4562 1273 4602 cum
1311 4548 1378 4603 ad
1403 4548 1533 4604 illud
1560 4549 1808 4606 ultimum

218 4632 504 4705 iudicandi
531 4633 788 4701 judicium
833 4638 1156 4693 venerimus.
1189 4639 1329 4706 Quid
1356 4639 1638 4709 faciemus,
1682 4659 1806 4698 cum

1908 3447 2117 3501 animas
2161 3445 2513 3516 reproborum
2541 3454 2750 3511 exurat,
2792 3455 2849 3501 et
2892 3447 2961 3502 ad
2995 3446 3281 3505 dolendum
3316 3450 3492 3523 magis

1908 3551 2072 3606 quam
2105 3536 2172 3591 ad
2208 3536 2494 3592 lncendum
2523 3537 2817 3600 contineat,
2848 3547 2903 3592 et
2929 3538 3173 3594 viventes
3199 3554 3414 3611 semper
3438 3540 3503 3617 in

1908 3626 2024 3682 suis
2052 3625 2285 3681 flammis
2327 3626 2603 3682 vivacibus
2641 3627 2869 3683 occidat.
2909 3626 3109 3685 Omnes
3134 3629 3280 3685 enim
3308 3631 3401 3700 qui
3438 3630 3496 3685 in

1907 3717 2153 3788 gehenna
2190 3716 2442 3770 dicuntur
2493 3715 2691 3782 occidi,
2728 3732 2835 3772 non
2867 3717 2970 3772 hoc
3010 3734 3135 3773 cum
3163 3718 3268 3775 illis
3296 3720 3493 3789 agitur,

1906 3816 1967 3864 ut
1995 3809 2299 3879 consumpti
2321 3806 2595 3863 doloribus
2624 3808 2910 3877 aliquando
2930 3808 3203 3875 deficiant,
3232 3810 3326 3865 sed
3352 3810 3494 3868 utin

1908 3899 2016 3955 illis
2042 3899 2330 3970 poenaliter
2355 3898 2556 3953 vivant.
2589 3898 2717 3954 Haec
2741 3906 2795 3954 et
2820 3899 2907 3955 his
2930 3899 3125 3955 similia
3140 3899 3347 3971 jugiter
3367 3910 3495 3957 ante

1909 3993 2097 4049 oculos
2125 3992 2322 4047 mentis
2366 3999 2565 4046 nostra:
2596 3990 2855 4046 debemus
2882 3990 3169 4057 adducere,
3205 4001 3259 4046 et
3297 3993 3496 4061 gehen-

1909 4100 2036 4140 nam
2064 4086 2204 4155 ignis
2233 4084 2423 4139 arterni
2450 4084 2764 4139 terribiliter
2785 4099 3163 4154 expavescere,
3194 4092 3249 4140 et
3272 4085 3498 4156 insuper

1909 4175 2318 4246 diligentissime
2359 4184 2415 4231 et
2462 4178 2663 4247 apertis
2701 4177 2871 4233 oculis
2906 4179 3104 4234 mentis
3134 4180 3497 4240 intentissima

1910 4268 2150 4337 cogitare
2186 4268 2466 4335 debemus,
2499 4269 2658 4339 quale
2686 4269 2886 4325 malum
2930 4271 3001 4326 sit
3049 4272 3118 4326 ab
3165 4271 3256 4327 illo
3298 4272 3495 4343 gaudio

1910 4358 2104 4414 divinae
2145 4359 2613 4430 contemplationis
2652 4360 2889 4428 excludi,
2914 4370 2972 4417 et
3001 4362 3054 4417 in
3082 4362 3281 4419 inferni
3325 4373 3497 4421 tarta-

1908 4463 2031 4504 rum
2052 4457 2107 4504 et
2133 4450 2390 4521 gehenna:
2413 4451 2588 4507 locum
2611 4452 2872 4523 demergi,
2913 4454 3226 4509 beatissima
3251 4456 3493 4519 omnium

1909 4542 2167 4597 societate
2209 4542 2412 4613 privari
2461 4552 2789 4607 sanctorum,
2832 4552 2888 4599 et
2911 4545 3243 4601 damonibus
3271 4547 3489 4613 sociari,

1910 4628 2026 4684 fieri
2054 4630 2290 4687 caelestis
2314 4632 2507 4699 patriae
2535 4641 2805 4699 extorres,
2830 4640 2884 4688 et
2903 4648 3023 4690 esse
3066 4634 3262 4691 inferni
3284 4636 3493 4693 habita-

224 4724 460 4793 cmperit
493 4722 656 4792 judex
697 4734 907 4781 secreta
950 4728 1127 4784 cordis
1171 4732 1341 4787 nostri
1383 4732 1593 4799 rimari,
1620 4743 1675 4789 et
1699 4751 1809 4791 non
1828 4719 1886 4785 .D
1912 4731 2077 4789 tores.
2123 4724 2263 4779 mori
2304 4726 2427 4780 νὶιω
2465 4726 2657 4793 δαείω,
2700 4726 2882 4782 Vivere
2919 4729 3080 4783 morti
3125 4730 3487 4801 sempiternas.

224 4814 405 4871 solum
431 4824 585 4870 actus
603 4825 819 4873 nostros
841 4826 897 4874 et
924 4818 1106 4886 verba,
1136 4822 1229 4877 sed
1263 4823 1427 4878 etiam
1452 4824 1807 4896 cogitationes

224 4906 548 4963 ostendere?
577 4906 715 4974 Quid
744 4908 1003 4966 faciemus
1029 4912 1128 4967 sub
1150 4912 1499 4983 tantivjudicis
1524 4915 1808 4986 majestate

225 4998 429 5071 positi?
458 4998 568 5054 Sub
590 5001 742 5071 cujus
765 5000 1031 5071 fugiemus
1061 5006 1341 5072 auxilium,
1373 5007 1457 5062 vel
1478 5007 1631 5078 cujus
1657 5025 1806 5080 qua:-

228 5105 415 5147 remus
443 5092 790 5163 adjutorium,
834 5104 927 5151 aut
960 5097 1088 5167 quid
1121 5101 1485 5157 excusationis
1511 5104 1810 5172 poterimus
1840 5155 1852 5159 μ

228 5182 564 5239 obtendere?
606 5184 721 5252 Qua
758 5202 858 5241 nos
896 5186 1225 5247 defensionis
1262 5202 1377 5249 arte
1411 5195 1811 5264 pugnabimus?

231 5271 367 5339 Qua:
394 5288 490 5327 nos
527 5273 856 5331 snbventnra
884 5288 967 5332 est
1007 5281 1346 5349 paenitentia,
1377 5297 1541 5353 quam
1569 5299 1729 5355 agere
1754 5284 1809 5341 in

230 5365 341 5419 hac
386 5364 493 5419 vita
537 5368 997 5438 contempsimus?
1034 5369 1164 5437 Quae
1210 5388 1309 5429 nos
1360 5373 1649 5430 defensura
1684 5385 1812 5432 sunt

228 5467 399 5525 Opera
432 5454 594 5521 bona,
622 5471 741 5526 qua:
766 5456 819 5511 in
843 5457 945 5512 hac
971 5472 1134 5515 carne
1156 5477 1263 5517 non
1283 5460 1543 5518 fecimus?
1566 5462 1649 5519 Ad
1674 5479 1809 5536 quos

228 5553 453 5601 sanctos
495 5544 780 5617 fugiemus,
821 5564 1051 5618 quorum
1077 5552 1322 5623 exempla
1357 5554 1516 5608 simul
1547 5562 1601 5610 et
1641 5557 1806 5613 verba

228 5636 606 5707 despeximus?
639 5638 778 5706 Quid
803 5653 933 5715 ergo
963 5643 1273 5712 responsuri
1297 5659 1484 5701 sumus
1503 5661 1628 5701 cum
1652 5645 1808 5703 nobis

228 5729 493 5787 Dominus
537 5732 764 5803 coeperit
808 5732 862 5787 in
908 5733 1114 5804 judicio
1163 5735 1389 5791 dicere:
1425 5735 1483 5793 Si
1532 5739 1804 5809 potuistis,

224 5832 402 5891 quare
448 5836 554 5877 non
602 5821 801 5877 bonum
834 5823 1045 5895 egistis,
1073 5832 1127 5880 et
1152 5834 1499 5897 peccatorum
1525 5828 1809 5887 desideriis

227 5926 347 5978 non
382 5914 691 5971 restitistis?
719 5913 777 5970 Si
824 5930 955 5972 vero
990 5932 1099 5975 non
1124 5920 1397 5994 potuistis,
1427 5936 1597 5994 quare
1624 5938 1809 5991 meum

582 6007 868 6105 'Pnaon.
912 6007 1045 6075 CII.

1908 4811 1985 4868 lbi
2010 4814 2155 4868 enim
2182 4830 2287 4870 non
2315 4817 2546 4871 sentitur
2572 4817 2716 4886 quod
2738 4817 3027 4901 illuminat,
3056 4822 3288 4876 sentitur
3310 4831 3491 4876 tamen

1909 4906 2053 4974 quod
2082 4905 2309 4971 cruciat,
2356 4914 2411 4961 et
2444 4907 2623 4961 omnia
2670 4922 2791 4978 quae
2819 4908 2895 4965 ibi
2924 4918 3050 4966 sunt
3079 4912 3182 4967 sita
3226 4926 3335 4965 non
3369 4910 3490 4966 luce

1910 4994 1997 5051 vel
2036 4996 2229 5067 gaudio
2272 4995 2495 5064 referta,
2543 4997 2639 5055 sed
2678 4999 2938 5069 tenebris,
2966 5000 3241 5058 doloribus
3266 5010 3322 5058 et
3356 5018 3487 5059 cru-

1910 5087 2142 5145 ciatibus
2171 5098 2300 5145 sunt
2328 5090 2505 5162 plena.

1980 5178 2071 5233 46.
2121 5176 2292 5235 Vitam
2323 5191 2571 5236 (eternam
2597 5184 2737 5238 omni
2784 5186 3201 5258 concupiscentia
3222 5184 3488 5256 spirituali

1910 5269 2209 5326 desiderare
2255 5271 2421 5343 (Phil.
2453 5272 2515 5342 ι).
2562 5273 2721 5330 Omni
2776 5277 3007 5346 spiritali
3050 5276 3485 5346 concupiscentia

1912 5361 2267 5421 desideranda
2303 5374 2388 5421 est
2412 5382 2443 5422 a
2472 5370 2675 5425 sanctis
2714 5370 2995 5426 monachis
3021 5371 3131 5425 vita
3169 5378 3393 5439 aeterna,
3419 5372 3489 5428 ad

1911 5472 2075 5527 quam
2098 5474 2222 5513 cum
2243 5460 2511 5529 venerint,
2550 5461 2717 5519 multa
2736 5471 2791 5518 et
2821 5461 3197 5518 inenarrabilia
3218 5463 3490 5534 accipient

1909 5551 2072 5609 bona.
2102 5553 2179 5610 lbi
2212 5555 2356 5611 enim
2385 5565 2509 5613 sunt
2534 5558 2715 5612 omnia
2736 5555 2825 5611 illa
2842 5553 3186 5625 diligentibus
3210 5555 3378 5612 Deum
3402 5572 3490 5611 re-

1910 5646 2126 5701 condita
2174 5647 2241 5704 de
2285 5649 2482 5719 quibus
2506 5648 2705 5706 Paulus
2740 5646 3013 5718 apostolus
3054 5648 3303 5705 dicebat:
3332 5649 3487 5716 Quod

1910 5736 2093 5792 oculus
2120 5754 2223 5793 non
2257 5740 2409 5807 uidit,
2435 5756 2526 5797 nec
2554 5739 2699 5793 auris
2730 5739 3056 5806 audivitptec
3076 5742 3132 5795 in
3153 5757 3243 5795 cor
3261 5740 3487 5795 hominis

1910 5829 2164 5896 ascendit,
2188 5848 2305 5903 quur
2331 5831 2646 5901 pritparavit
2680 5829 2818 5885 Deus
2839 5830 3172 5903 diligentibus
3198 5848 3252 5886 se
3281 5829 3334 5904 (Ι
3358 5830 3483 5887 Cor.

1909 5919 1995 5998 ιι).
2033 5919 2353 5981 Desiderato
2376 5921 2521 5982 enim
2558 5922 2754 5982 debent
2797 5923 2963 5980 vitam
2993 5931 3251 5981 :eternam
3297 5937 3487 5981 mona-

2924 6014 3005 6078 25
