3994 6460
491 498 498 505 ,
544 449 651 507 783

1826 440 2182 500 SMARAGDI
2217 439 2508 500 ABBATIS

3741 449 3856 506 ’πει

539 563 752 637 quium,
776 558 923 630 quod
962 572 994 612 a
1024 556 1282 636 vanitatis
1318 555 1562 628 procedit
1607 555 1824 624 fomite,
1864 565 1921 612 et
1979 556 2132 626 quasi
2161 565 2328 628 Acer
2349 557 2635 611 stultorum
2679 555 2771 610 ubi
2799 554 2987 612 laetitia
3025 555 3254 631 (Eccles.
3295 559 3416 632 vn).
3449 557 3596 616 Hinc
3640 560 3862 617 item

537 652 820 711 suadendo
843 659 898 706 et
922 648 1304 705 leniterlevem
1331 648 1532 718 decipit
1559 648 1853 704 hominem.
1879 647 2132 704 Estenim

535 748 754 803 vanitas
787 745 980 801 levitas
1005 743 1174 798 animi
1220 741 1567 814 loquacitatis
1603 741 1890 812 superflua:
1911 750 1969 798 et
1995 743 2134 798 otio-

537 839 720 897 sitatis
747 852 962 907 semper
990 837 1047 891 in
1074 836 1239 891 corde
1276 845 1502 906 portans
1538 835 1781 892 fomitem
1805 876 1820 901 ,
1867 845 1922 892 et
1955 836 2011 892 in
2037 850 2133 892 ore

534 945 737 986 vanum
761 943 973 998 semper
1012 926 1223 998 profert
1249 941 1578 982 sermonem.
1610 926 1706 981 Est
1731 926 1878 981 enim
1902 926 2130 983 simula-

537 1023 612 1078 tio
636 1021 884 1092 quaedam
937 1020 1221 1084 virtutum,
1251 1018 1510 1089 appetitio
1549 1017 1901 1089 dignitatum,
1952 1033 2086 1073 cava
2111 1060 2126 1086 ,

532 1115 781 1171 morbida
805 1123 862 1169 et
886 1113 1219 1178 turbulenta,
1251 1112 1424 1167 dulcis
1461 1111 1711 1176 miseris,
1761 1127 1948 1166 amara
2007 1127 2131 1182 per—

532 1206 708 1272 fectis,
737 1206 1039 1278 periculosa
1075 1206 1227 1260 duris
1251 1245 1265 1269 ,
1316 1203 1605 1273 imperiosa
1661 1200 1948 1270 subjectis;
1980 1202 2128 1258 leves

531 1299 792 1368 captivat,
819 1299 1118 1366 captivatos
1144 1295 1380 1352 oblectat
1408 1335 1422 1360 ,
1477 1293 1792 1348 ambitiosos
1818 1302 1998 1358 vexat,
2026 1309 2126 1347 an-

532 1401 721 1466 gustos
758 1389 942 1454 inﬂat,
991 1389 1160 1444 elatos
1204 1387 1497 1442 humiliat:
1537 1386 1623 1441 cui
1667 1385 1910 1440 serviunt
1966 1385 2129 1439 tumi-

532 1490 608 1554 di,
639 1491 738 1545 sub
761 1504 867 1558 qua
894 1488 1078 1558 jacent
1105 1485 1256 1551 elati,
1295 1501 1458 1556 quam
1497 1485 1780 1539 inveniunt
1814 1483 2032 1554 perditi,
2059 1483 2127 1538 ad

531 1595 696 1652 quam
729 1587 959 1635 currunt
987 1579 1208 1650 lapsuri.
1241 1577 1367 1632 Haec
1395 1584 1480 1632 est
1497 1576 1710 1631 vanitas
1737 1592 1858 1646 qua:
1895 1591 2002 1631 non
2029 1575 2128 1629 ali-

529 1692 670 1746 quas
691 1676 941 1740 virtutes,
986 1683 1046 1728 ut
1081 1681 1324 1743 putatur,
1357 1670 1670 1741 exangulat,
1704 1670 1800 1725 sed
1847 1669 2125 1724 licentiam

531 1768 794 1823 vitiorum
820 1782 943 1821 cum
961 1764 1124 1819 fuerit
1141 1772 1379 1834 recepta,
1397 1763 1737 1820 corroborat.
1761 1761 1896 1817 Nam
1913 1770 2124 1816 mentes

527 1857 826 1914 virtutibus
858 1855 1046 1927 plenas
1073 1855 1294 1910 omnino
1349 1871 1457 1910 non
1486 1862 1755 1925 penetrat,
1784 1867 1985 1909 vacuos
2011 1853 2122 1908 vir—

528 1949 739 2005 tutibus
793 1956 988 2013 tentat,
1023 1945 1311 2002 dilectores
1345 1960 1473 2000 suos
1491 1945 1830 2015 praecipitat,
1854 1958 1948 1999 eos
1975 1943 2123 1999 vide-

528 2040 661 2096 licet
694 2040 784 2110 qui
817 2055 876 2094 se
897 2039 1130 2109 turpiter
1145 2035 1358 2106 iactant
1378 2045 1434 2091 et
1457 2051 1516 2092 se
1552 2035 1622 2091 ab
1649 2035 1902 2092 omnibus
1923 2035 2122 2107 praedi-

526 2133 642 2189 cari
683 2148 782 2202 per
809 2130 962 2187 nefas
989 2129 1278 2185 delectant.
1322 2128 1425 2196 Qui
1455 2126 1875 2183 salutationibus
1933 2141 2124 2182 occur-

521 2225 765 2280 rentium
799 2223 1056 2294 gaudent,
1086 2221 1200 2276 suis
1229 2219 1602 2275 adulatoribus
1629 2217 1836 2284 favent,
1870 2216 2120 2287 volupta-

521 2319 670 2374 tibus
692 2325 903 2389 parent,
949 2315 1259 2370 hominibus
1287 2314 1534 2384 turpibus
1563 2313 1816 2384 placent,
1872 2313 2116 2384 gestiunt

520 2411 719 2468 docere
752 2411 896 2482 quod
945 2412 1217 2476 nesciunt,
1250 2408 1542 2465 credidisse
1587 2408 1838 2465 sublimia
1890 2408 2119 2475 volunt,

519 2500 1226 2572 delectabilibus‘gaudent,
1265 2499 1652 2570 appellationes
1677 2501 1942 2555 virtutum
1972 2500 2120 2556 vitiis

516 2596 637 2651 suis
672 2595 973 2664 imponunt,
1017 2595 1226 2662 seipsos
1271 2592 1494 2661 fallunt,
1544 2593 1786 2648 faventes
1839 2592 1939 2648 sibi
1971 2592 2117 2648 deci-

515 2687 676 2758 piunt
706 2705 718 2739 :
752 2687 807 2740 in
841 2686 1201 2756 promissione
1245 2685 1479 2752 veloces,
1509 2686 1564 2740 in
1591 2685 1929 2741 exhibitione
1966 2702 2118 2741 men-

519 2779 704 2845 daces,
735 2780 790 2833 in
816 2780 982 2835 verbo
1007 2794 1219 2850 graves,
1248 2778 1303 2832 in
1333 2779 1515 2834 animo
1537 2787 1746 2848 turpes,
1776 2778 1978 2848 ubique
2013 2778 2115 2832 fal-

513 2867 686 2935 laces,
716 2869 826 2925 laeti
852 2871 922 2924 ad
969 2885 1251 2940 prospera,
1283 2867 1502 2940 fragiles
1541 2871 1609 2925 ad
1648 2871 1906 2936 adversa,
1945 2869 2113 2926 inflati

513 2961 590 3016 ad
617 2961 918 3032 obsequia,
968 2961 1115 3014 anxii
1171 2962 1237 3016 ad
1261 2957 1584 3030 opprobria,
1648 2955 1992 3016 immoderati
2046 2961 2114 3017 ad

513 3054 736 3128 gaudia.
765 3053 882 3109 Hoc
936 3063 1019 3110 est
1043 3055 1234 3109 vitium
1281 3054 1557 3120 vanitatis,
1584 3054 1728 3125 quod
1757 3055 1978 3113 omnino
2004 3073 2113 3113 non

511 3147 719 3204 debent
740 3148 939 3203 habere
964 3147 1239 3213 monachi,
1267 3147 1362 3203 sed
1392 3146 1674 3218 diligentes
1703 3156 1757 3202 et
1772 3162 1838 3203 ex
1867 3150 2031 3205 corde
2056 3159 2111 3205 et

509 3255 610 3296 ore
635 3239 974 3310 proferentes
998 3241 1284 3295 veritatem
1335 3237 1609 3294 Christum
1638 3238 1928 3294 Dominum
1955 3239 2108 3311 sequi

509 3331 730 3402 debent,
764 3340 819 3387 et
848 3331 1050 3386 imitari
1081 3371 1096 3397 ,
1137 3338 1197 3384 ut
1227 3345 1349 3384 cum
1386 3329 1477 3385 illo
1524 3326 1756 3386 feliciter
1794 3331 2007 3400 possint
2053 3331 2108 3386 in

509 3431 775 3479 aeternum
801 3439 1050 3496 regnare.
1094 3422 1221 3478 llaec
1243 3431 1425 3478 autem
1462 3423 1773 3494 supradicta
1804 3425 2017 3479 vanitas
2052 3425 2108 3479 in

509 3528 652 3570 vano
675 3516 859 3582 corde,
890 3515 944 3570 in
989 3530 1132 3570 vano
1162 3522 1408 3570 moratur
1456 3523 1511 3570 et
1542 3523 1847 3586 peccatore.
1883 3516 2110 3585 Semper

507 3607 658 3662 enim
682 3606 817 3661 alios
846 3606 1046 3671 ridere,
1088 3620 1301 3674 semper
1357 3605 1584 3660 aliorum
1636 3607 1930 3662 cachinnos
1977 3606 2110 3662 facit

507 3703 788 3752 excutere.
844 3695 1010 3764 Cujus
1046 3695 1304 3751 indicium
1352 3704 1408 3749 et
1457 3696 1512 3750 in
1540 3697 1890 3765 vaniloquio,
1943 3707 1999 3751 et
2051 3697 2105 3752 in

504 3789 682 3845 multo
699 3798 756 3844 et
777 3804 1010 3846 excusso
1027 3803 1169 3859 saepe
1193 3788 1618 3860 deprehenditur
1641 3804 1762 3845 esse
1787 3789 1918 3844 risu.
1949 3788 2104 3846 Unde

508 3886 568 3932 et
600 3879 853 3933 subditur
885 3894 898 3933 :

577 3968 666 4024 55.
708 3969 896 4025 Risum
927 3971 1152 4026 multum
1169 3981 1261 4026 aut
1292 3987 1569 4026 excussum
1587 3987 1691 4025 non
1713 3988 1912 4026 amare.
1929 3971 2102 4044 Opor-

501 4069 584 4118 tet
615 4063 761 4118 enim
795 4063 1094 4119 monachos
1125 4064 1358 4134 amplius
1403 4063 1532 4119 flere
1554 4079 1716 4133 quam
1745 4063 1942 4130 ridere,
1975 4064 2101 4134 quia

498 4156 770 4226 scriptum
809 4165 894 4211 est
923 4175 936 4210 :
963 4155 1120 4211 Risus
1172 4155 1353 4210 dolore
1398 4157 1729 4220 miscebitur,
1770 4164 1817 4210 et
1869 4166 2099 4210 extrema

498 4247 683 4318 gaudii
708 4247 878 4302 luctus
911 4257 1128 4318 occupat
1156 4245 1337 4318 (Prov.
1363 4247 1534 4318 xnv).
1578 4247 1637 4300 In
1672 4245 1970 4316 Evangelio
1999 4261 2099 4300 au-

497 4347 614 4394 tem
642 4339 904 4394 Dominus
929 4342 1048 4394 ait:
1096 4339 1248 4394 Beati
1290 4339 1380 4410 qui
1425 4337 1644 4408 lugent,
1692 4338 1939 4408 quoniam
1999 4337 2099 4408 ipsi

499 4431 917 4485 consolabuntur
952 4431 1168 4501 (Matth.
1193 4431 1271 4502 ν).
1296 4431 1354 4484 ln
1377 4430 1514 4485 valle
1538 4431 1683 4484 enim
1734 4429 2096 4501 lacrymarum

497 4536 712 4588 sumus,
739 4531 794 4576 et
824 4521 945 4576 ideo
972 4536 1080 4576 non
1128 4521 1328 4586 ridere,
1351 4521 1444 4575 sed
1474 4521 1657 4590 lugere
1683 4519 1963 4574 debemus.
1994 4520 2099 4575 La-

499 4625 720 4682 crymas
750 4613 892 4666 enim
925 4628 1023 4683 pro
1057 4611 1298 4682 peccatis
1322 4612 1546 4676 nostris,
1565 4610 1834 4681 lacrymas
1855 4626 1955 4680 pro
1985 4611 2092 4666 dis-

495 4699 769 4756 solutione
815 4703 1089 4771 corporis,
1135 4701 1407 4774 lacrymas
1442 4717 1542 4771 pro
1592 4700 1862 4756 desiderio
1915 4703 2087 4757 nostri

495 4789 917 4862 Redemptoris,
961 4802 1016 4848 et
1056 4793 1316 4849 societate
1364 4793 1605 4865 omnium
1652 4793 1994 4863 angelorum,
2036 4802 2092 4848 et

494 4885 742 4941 omnium
774 4883 974 4938 habere
1003 4884 1262 4939 debemus
1315 4891 1649 4948 sanctorum,
1677 4882 1945 4953 lacrymas
1972 4891 2086 4937 uta

492 4973 675 5046 poenis
725 4975 921 5029 inferni
971 4983 1028 5030 et
1071 4990 1102 5028 a
1148 4975 1357 5046 laqueis
1396 4975 1690 5030 liberemur
1722 4973 1940 5028 diaboli.
1985 4973 2088 5038 Qui

491 5066 662 5133 enim,
696 5067 772 5120 ait
792 5067 1100 5134 Psalmista,
1128 5069 1183 5122 in
1211 5068 1459 5139 lacrymis
1501 5068 1783 5132 seminant,
1819 5068 1873 5120 in
1895 5066 2087 5138 gaudio

492 5164 685 5209 metent
707 5153 883 5228 (Psal.
917 5157 1104 5230 cxxv),
1132 5158 1187 5213 id
1211 5167 1316 5225 est,
1345 5159 1436 5228 qui
1463 5159 1738 5214 orationes
1757 5173 1880 5212 cum
1913 5156 2086 5229 lacry-

489 5246 598 5302 mis
623 5255 678 5301 et
702 5249 929 5319 gemitu,
955 5250 1084 5304 dum
1122 5249 1175 5304 in
1202 5250 1417 5305 mortali
1444 5266 1670 5322 corpore
1711 5250 1916 5313 vivunt,
1964 5249 2085 5303 fun-

491 5335 627 5390 dunt
647 5338 715 5391 ad
734 5339 1040 5406 Dominum,
1071 5350 1196 5411 post
1223 5342 1430 5397 obitum
1458 5343 1662 5397 laboris
1683 5343 1765 5397 sui
1799 5342 2083 5412 prtemium

487 5425 548 5482 in
571 5430 768 5499 gaudio
795 5441 1000 5488 metent
1027 5443 1266 5490 :eterno:
1295 5435 1349 5489 in
1381 5437 1578 5506 gaudio
1605 5437 1858 5493 videlicet
1880 5436 1992 5503 illo,
2017 5436 2084 5491 de

488 5535 600 5591 quo
629 5523 905 5594 discipulis
932 5527 1043 5582 suis
1069 5528 1330 5585 Dominus
1369 5531 1447 5584 ait
1476 5548 1488 5584 :
1530 5529 1733 5585 Iterum
1759 5531 1942 5585 videbo
1973 5548 2080 5598 vos,

486 5622 539 5667 et
566 5613 810 5684 gaudebit
865 5634 956 5672 cor
993 5629 1241 5687 vestrum,
1269 5630 1319 5676 et
1367 5621 1621 5692 gaudium
1675 5631 1898 5676 vestrum
1932 5638 2082 5676 nemo

488 5705 632 5760 tollet
655 5726 687 5762 a
714 5711 852 5763 vobis
876 5711 1056 5782 (Joan.
1097 5715 1230 5785 XVI).
1262 5713 1390 5770 Plus
1419 5731 1551 5786 ergo
1579 5716 1847 5770 monacho
1877 5714 2083 5771 saluta-

487 5808 604 5850 rem
623 5799 895 5854 tristitiam
922 5817 1084 5871 quam
1111 5820 1306 5859 vanam
1319 5805 1787 5861 convenithabere
1810 5805 2076 5862 laatitiam.

486 5882 766 5961 Scriptum
791 5895 1036 5949 estenim
1067 5915 1078 5951 :
1110 5896 1212 5952 Cor
1239 5899 1552 5970 sapientium
1598 5898 1685 5954 ubi
1727 5899 1978 5971 tristitia,
2027 5912 2076 5958 et

2235 651 2499 722 scriptum
2533 658 2648 706 est:
2679 647 2870 705 Melior
2887 660 2964 706 est
2991 653 3075 707 ira
3094 654 3227 720 risu,
3251 654 3374 725 quia
3421 671 3518 724 per
3561 655 3860 710 tristitiam

2232 746 2404 801 vultus
2456 746 2740 816 corrigitur
2779 745 2988 802 animus
3032 748 3382 819 delinquentis
3432 747 3681 821 (Eccles.
3728 749 3853 820 vn).

2232 837 2369 894 Hinc
2398 854 2496 894 nos
2521 836 2754 894 Jacobus
2795 839 3076 910 apostolus
3113 840 3435 896 terribiliter
3465 841 3749 896 admonet
3780 842 3859 896 di-

2231 946 2361 986 cens
2386 949 2398 985 :
2437 929 2619 985 Miseri
2642 940 2824 998 estote,
2850 931 3020 1003 lugete
3048 941 3096 986 et
3143 932 3365 1002 plorate.
3396 932 3566 987 Risus
3595 944 3784 987 vester
3803 935 3856 988 in

2230 1021 2428 1077 luctum
2456 1032 2802 1090 convertetur,
2829 1033 2878 1077 et
2920 1024 3176 1094 gaudium
3222 1025 3279 1078 in
3307 1041 3594 1078 manarent
3637 1023 3849 1097 (Iacob.

2229 1114 2326 1185 iv).
2346 1114 2483 1169 Hinc
2497 1114 2758 1170 Dominus
2789 1115 2867 1169 ait
2893 1134 2904 1169 :
2945 1113 3036 1169 Va:
3055 1115 3198 1168 vobis
3225 1117 3314 1186 qui
3341 1116 3554 1180 ridetis,
3588 1116 3852 1186 quoniam

2226 1205 2500 1278 plorabitis
2519 1215 2567 1260 et
2594 1207 2786 1276 ﬂebitis
2820 1206 2972 1278 (Luc.
3006 1212 3106 1278 vi).
3138 1206 3255 1262 Non
3284 1207 3523 1262 multum
3562 1208 3764 1274 debet,
3785 1209 3854 1260 ri-

2226 1298 2358 1354 dere
2381 1300 2702 1364 monachus,
2734 1300 2826 1369 qui
2877 1299 3041 1355 corde
3065 1300 3303 1354 contrito
3327 1309 3386 1354 et
3420 1299 3736 1354 humiliato
3765 1300 3851 1354 de-

2226 1391 2319 1446 bet
2345 1391 2550 1446 servire
2577 1389 2824 1447 Domino.
2845 1390 2960 1446 Non
2983 1407 3274 1447 excussum
3300 1391 3504 1457 risum,
3536 1391 3597 1445 id
3627 1401 3741 1454 est,
3764 1393 3848 1461 qui
3887 1462 3894 1470 ι

2226 1482 2335 1538 alta
2358 1499 2490 1540 voce
2513 1485 2786 1540 excutitur
2812 1493 2870 1541 et
2903 1486 3269 1541 excutientem
3299 1501 3357 1540 se
3403 1486 3661 1550 excutit,
3693 1486 3849 1540 debet

2227 1589 2408 1630 amare
2434 1575 2756 1640 monachus,
2793 1591 2861 1631 ne
2888 1575 3086 1630 stultus
3112 1583 3330 1630 notetur
3371 1575 3441 1630 ab
3473 1575 3808 1632 hominibus
3829 1620 3842 1642 ,

2225 1667 2350 1736 quia
2377 1675 2642 1737 scriptum
2665 1676 2750 1722 est
2774 1685 2786 1720 :
2819 1666 3026 1723 Stultus
3052 1667 3107 1722 in
3132 1670 3241 1724 risu
3257 1668 3460 1723 exultat
3476 1686 3668 1724 vocem
3700 1689 3843 1725 sua

2223 1756 2408 1830 (Prov.
2438 1758 2572 1831 xw).
2601 1759 2688 1825 Et,
2711 1759 2849 1814 sicut
2883 1761 3086 1814 sonitus
3116 1761 3394 1831 spinarum
3441 1763 3550 1816 sub
3602 1763 3744 1830 olla,
3775 1767 3844 1819 sic

2223 1850 2362 1904 risus
2383 1850 2438 1904 in
2473 1867 2561 1905 ore
2589 1851 2737 1906 stulti
2767 1850 2994 1923 (Eccles.
3040 1851 3160 1922 vn).
3198 1851 3547 1908 Naturaliter
3574 1869 3670 1910 est
3698 1859 3838 1912 eni

2225 1943 2404 2000 ridere
2431 1944 2656 2009 homini,
2689 1953 2745 2000 et
2783 1945 2905 2000 ideo
2929 1961 3037 2002 non
3063 1953 3241 2016 potest
3280 1947 3443 2002 homo
3509 1946 3588 2002 illi
3621 1951 3838 2018 penitus

2223 2035 2536 2105 prohibere,
2560 2037 2656 2092 sed
2683 2045 2743 2091 ut
2767 2053 3072 2108 suppresse,
3104 2051 3264 2094 caute
3297 2038 3394 2094 iiat
3415 2048 3475 2094 et
3505 2040 3748 2096 honeste
3775 2041 3836 2097 ιε-

2223 2136 2313 2186 cet
2333 2128 2410 2184 itii
2444 2129 2764 2196 concedere,
2793 2131 2938 2200 quod
2962 2139 3019 2186 et
3052 2138 3246 2186 natura
3277 2131 3658 2202 compellente
3689 2136 3833 2205 peni-

2223 2229 2312 2278 tus
2336 2237 2444 2277 non
2471 2229 2652 2292 potest
2687 2222 2850 2278 homo
2877 2222 3204 2294 relinquere.

2292 2311 2381 2366 56.
2424 2311 2692 2368 Lectiones
2737 2322 2949 2370 sanctas
2998 2313 3220 2369 libenter
3270 2315 3458 2371 audire
3511 2317 3678 2389 (Luc.
3739 2323 3825 2389 xi).

2221 2403 2495 2461 Lectionis
2527 2406 2674 2461 enim
2709 2421 2882 2463 sacra:
2926 2408 3164 2478 cognitio
3197 2408 3509 2465 cultoribus
3566 2413 3690 2467 suis
3719 2427 3829 2468 scn-

2221 2511 2316 2553 sus
2340 2512 2568 2553 acumen
2609 2498 2914 2563 ministrat,
2965 2499 3301 2556 intellectum
3331 2501 3700 2572 multiplicat,
3728 2515 3827 2560 tor-

2219 2602 2407 2658 porem
2455 2590 2691 2656 excutit,
2740 2592 2911 2646 otium
2965 2601 3209 2657 amovet,
3270 2594 3441 2648 vitam
3507 2600 3824 2667 componit,

2218 2699 2402 2740 mores
2431 2687 2677 2758 corrigit,
2705 2687 2981 2742 salubrem
3008 2688 3270 2759 gemitum
3295 2689 3433 2746 facit
3457 2700 3519 2746 et
3553 2693 3828 2764 lacrymas

2204 2785 2542 2858 'compuncto
2571 2777 2734 2833 corde
2781 2779 3058 2848 producit;
3096 2779 3350 2850 loquendi
3397 2783 3590 2838 tribuit
3627 2784 3830 2840 facun-

2218 2865 2362 2920 diam
2389 2875 2444 2922 et
2465 2876 2670 2923 aeterna
2716 2867 3092 2925 laborantibus
3123 2873 3393 2942 promittit
3424 2874 3689 2943 praemia;
3720 2877 3825 2946 spi-

2217 2959 2405 3014 ritales
2432 2960 2649 3016 divitias
2665 2970 2845 3033 auget,
2873 2963 3242 3033 vaniloquium
3263 2965 3658 3035 vanitatesque
3681 2984 3823 3023 eom—

2213 3052 2404 3123 pescit,
2431 3060 2486 3106 et
2513 3053 2841 3108 desiderium
2875 3053 3078 3110 Christi
3105 3056 3408 3126 patriaeque
3440 3059 3699 3116 celestis
3736 3077 3822 3116 ac-

2214 3143 2416 3209 cendit,
2443 3160 2565 3215 qua:
2593 3223 2596 3226 Α
2625 3160 2843 3216 semper
2879 3147 3113 3202 orationi
3147 3148 3295 3202 socia
3341 3163 3687 3224 semperque
3708 3169 3818 3208 ora-

2215 3234 2348 3289 tioni
2372 3236 2532 3290 debet
2559 3252 2681 3292 esse
2738 3253 3001 3293 connexa.
3036 3237 3387 3295 Orationibus
3415 3243 3575 3297 enim
3604 3246 3819 3300 munda-

2213 3342 2358 3393 mur,
2381 3327 2702 3385 lectionibus
2731 3340 2912 3387 autem
2941 3331 3280 3388 instruimur.
3325 3334 3394 3389 Et
3426 3336 3562 3392 ideo
3595 3341 3687 3409 qui
3713 3341 3817 3395 vult

2211 3433 2335 3473 cum
2363 3419 2476 3475 Deo
2497 3436 2713 3492 semper
2736 3437 2878 3489 esse,
2907 3421 3223 3493 frequenter
3256 3425 3423 3482 debet
3450 3445 3622 3487 orare
3647 3441 3701 3487 et
3720 3433 3817 3488 ire-

2209 3521 2440 3579 quenter
2470 3512 2671 3584 legere.
2701 3510 2838 3567 Nam
2882 3530 3004 3569 cum
3027 3531 3248 3571 oramus
3273 3516 3398 3586 ipsi,
3429 3535 3564 3576 cum
3611 3523 3720 3578 Deo
3749 3523 3816 3578 lo-

2209 3602 2459 3672 quimur;
2491 3619 2613 3658 cum
2643 3619 2774 3659 vero
2796 3605 3046 3677 legimus,
3065 3607 3208 3662 Deus
3230 3609 3527 3665 nobiscum
3559 3613 3810 3683 loquitur.

2207 3695 2398 3753 Omnis
2433 3698 2577 3753 enim
2604 3698 2880 3770 perfectus
2900 3701 2954 3755 in
2984 3701 3249 3768 lectione,
3286 3705 3551 3761 oratione
3574 3719 3633 3763 et
3654 3709 3812 3763 medi-

2207 3788 2414 3842 tatione
2444 3790 2706 3858 procedit.
2742 3789 2870 3858 Quae
2897 3792 3040 3846 enim
3059 3793 3355 3860 nescimus,
3383 3795 3635 3853 lectione
3663 3800 3810 3854 disci-

2204 3893 2354 3945 mus;
2397 3894 2518 3948 quae
2561 3889 2742 3935 autem
2773 3882 3144 3949 didicerimus,
3188 3885 3660 3944 meditationibus
3690 3907 3810 3947 con—

2202 3982 2501 4036 servamus,
2531 3981 2586 4027 et
2616 3982 2674 4027 ut
2695 3984 3013 4030 conservata
3039 3991 3069 4029 a
3097 3976 3255 4031 nobis
3292 3977 3660 4048 impleantur,
3686 3999 3810 4038 ora-

2202 4059 2348 4115 tione
2375 4061 2747 4131 adipiscimur.
2806 4064 3094 4120 Geminum
3133 4069 3279 4123 enim
3338 4071 3565 4128 confert
3614 4075 3810 4130 donum

2201 4161 2512 4208 sanctarum
2542 4153 2702 4210 lectio
2725 4154 3148 4227 Scripturarum,
3171 4160 3285 4215 sive
3312 4162 3445 4231 quia
3474 4164 3808 4221 intellectum

2200 4243 2401 4298 mentis
2425 4245 2625 4310 erudit,
2653 4260 2747 4300 seu
2790 4247 2933 4316 quod
2963 4264 2993 4302 a
3021 4249 3204 4303 mundi
3229 4251 3576 4310 vanitatibus
3604 4257 3809 4310 abstn-

2200 4341 2347 4388 ctum
2375 4335 2650 4391 hominem
2696 4336 2765 4391 ad
2806 4353 3048 4392 amorem
3075 4339 3170 4393 Dei
3199 4342 3476 4411 perducit.
3507 4344 3654 4401 Hinc
3673 4347 3806 4401 Pau-

2199 4425 2283 4481 lus
2311 4426 2655 4483 Timotheum
2685 4429 2941 4486 admonet
2967 4432 3151 4487 dicens
3182 4453 3194 4486 :
3237 4433 3373 4489 Dum
3404 4440 3806 4505 νεήλατα(

2198 4517 2407 4573 lectioni
2441 4519 2720 4588 doctrinis,
2755 4523 2866 4576 hate
2895 4523 3185 4591 meditare,
3243 4537 3292 4581 et
3345 4528 3398 4580 in
3421 4529 3512 4584 liis
3540 4545 3656 4585 esto
3685 4575 3699 4599 ,
3752 4543 3803 4585 It

2195 4614 2460 4684 profectus
2504 4624 2626 4670 tuus
2659 4618 2968 4689 manifestus
2999 4622 3066 4674 sit
3117 4623 3358 4677 omnibus
3401 4624 3461 4695 (1
3514 4627 3659 4683 Tim.
3708 4630 3799 4700 iv).

2192 4707 2361 4763 Nemo
2393 4709 2538 4764 enim
2562 4727 2783 4766 sensum
2811 4713 3107 4785 Scriptura:
3133 4733 3302 4772 sacrze
3332 4719 3575 4790 pleniter
3613 4740 3802 4796 cog-no-

2195 4814 2345 4854 scere
2370 4801 2592 4869 poterit,
2610 4804 2711 4858 nisi
2735 4805 2949 4861 assidue
2975 4807 3226 4880 legendo,
3245 4821 3339 4866 aut
3362 4813 3669 4881 audiendo,
3687 4818 3800 4885 ejus

2193 4887 2615 4946 familiaritatem
2677 4895 2956 4962 habuerit,
3012 4900 3154 4956 sicut
3201 4902 3465 4974 scriptum
3494 4913 3580 4961 est
3621 4927 3636 4961 :
3671 4910 3799 4962 Aine

2192 4981 2361 5048 illam,
2384 4994 2431 5037 et
2461 4986 2713 5041 exaltabit
2757 4998 2827 5054 te,
2849 4990 3230 5060 gloriﬁcaberis
3275 4995 3339 5049 ab
3368 5012 3429 5050 ea
3457 5037 3474 5062 ,
3529 5015 3660 5054 cum
3686 5019 3800 5055 ea

2193 5073 2355 5144 fueris
2385 5077 2714 5148 amplexatus
2742 5079 2924 5152 (Prov.
2958 5083 3054 5156 tv).

2259 5169 2346 5223 57.
2389 5171 2632 5227 Orationi
2657 5173 3264 5245 frequenterincumbere
3285 5181 3504 5254 (Matth.
3537 5199 3636 5251 vi;
3666 5187 3796 5241 Luc.

2189 5257 2288 5329 ιι).
2317 5259 2632 5318 incumbere
2660 5264 2816 5332 dicit,
2851 5267 3075 5335 instare,
3107 5271 3192 5325 vel
3228 5273 3509 5329 incubare.
3563 5275 3642 5330 Et
3675 5295 3802 5334 con-

2190 5367 2322 5423 grue
2367 5370 2467 5410 nos
2523 5366 2646 5427 post
2683 5357 2930 5417 lectionis
2962 5363 3291 5421 auditionem
3338 5368 3578 5424 orationi
3632 5370 3804 5439 jussit

2190 5441 2503 5514 frequenter
2526 5447 2862 5506 incumbere.
2892 5452 3007 5509 Non
3030 5456 3173 5510 enim
3212 5471 3242 5510 a
3262 5457 3495 5514 lectione
3529 5460 3802 5517 dissentit

2191 5537 2386 5603 oratio,
2415 5553 2517 5593 nec
2543 5540 2612 5595 ab
2657 5543 2905 5598 oratione
2935 5544 3108 5601 aliena
3133 5557 3216 5602 est
3253 5547 3434 5604 lectio.
3476 5549 3804 5620 Aliquotia

2189 5635 2366 5682 autem
2389 5628 2670 5698 proferunt
2696 5649 2884 5702 unum,
2905 5634 3191 5706 aliquoties
3208 5652 3334 5693 vero
3357 5639 3672 5695 diversum.
3689 5641 3804 5699 Sed

2187 5717 2314 5786 quia
2339 5719 2514 5775 oratio
2537 5721 2736 5778 dicitur
2749 5725 2862 5781 oris
2893 5727 3055 5794 ratio,
3079 5737 3271 5784 neutra
3288 5730 3503 5784 illarum
3515 5734 3806 5790 orationis

2186 5811 2403 5866 nomine
2437 5823 2605 5877 caret,
2633 5822 2866 5886 utroque
2895 5819 3287 5876 rationabiliter
3329 5833 3525 5886 caute,
3551 5832 3806 5896 utroque

2154 5913 2314 5962 .vero
2343 5902 2736 5962 rationabiliter
2775 5917 2902 5965 sunt
2928 5911 3163 5969 dictata.
3186 5912 3413 5971 Multum
3439 5917 3589 5973 enim
3646 5914 3806 5996 apud
