3994 6458
1525 330 1690 343 --.-μσι-ι-
1717 323 1830 338 ..νισι-ι-

135 417 266 476 735
1170 391 1558 498 nonnum;
1580 401 1658 463 IN
1693 390 1866 461 nec;
1897 402 1955 459 s.
1994 397 2373 458 BENEDICTL
3293 377 3300 384 '
3330 391 3442 448 786

138 533 450 594 Dominum
476 518 706 604 utraque
729 528 832 587 sibi
862 539 1172 584 necessario
1191 522 1602 604 commendatur
1624 560 1638 585 ,
1691 527 1749 572 ut
1775 517 1829 578 Α
1851 514 1999 569 daris
2026 513 2250 566 Domino
2278 508 2517 579 conﬁteri
2541 513 2755 604 peccata
2780 513 2873 561 tua
2901 503 3074 577 (Eccl.
3105 503 3208 574 tv).
3242 500 3442 604 Certus

141 626 409 684 oratione
431 595 698 694 operatio,
722 629 778 677 et
811 634 972 690 opere
1000 617 1256 672 fulciatur
1275 597 1470 670 oratio.
1504 611 1658 668 Unde
1698 617 1755 664 et
1854 606 2226 701 unusquisque
2254 611 2503 701 nostrum
2555 600 2881 701 confiteantur
2921 606 3148 669 peccata
3172 595 3442 701 sua-‘Dof

142 715 426 774 Jeremias
457 693 574 768 ait:
606 711 856 765 Levemus
887 708 1251 761 cordanostra
1275 721 1392 759 cum
1417 701 1658 755 manibus
1685 699 1754 752 ad
1854 699 2004 756 mino
2041 739 2056 763 ,
2117 696 2244 768 quia
2297 695 2343 750 si
2401 694 2457 747 in
2509 693 2832 762 poenitentia
2893 693 3325 791 perseveraverit
3386 697 3446 745 et

144 803 686 877 Dominum(1’hren.
709 800 814 874 ιιι).
848 799 956 856 Cor
979 799 1125 855 enim
1165 814 1290 854 cum
1320 794 1567 850 manibus
1588 793 1754 858 levat,
1857 788 2137 843 confessus
2175 785 2384 840 fructus
2423 782 2614 884 dignos
2662 782 3008 884 pcenite‘ntiae.
3032 779 3273 884 fecerit,
3331 793 3446 833 non

146 898 251 972 qui
301 873 603 952 orationem
658 909 781 948 cum
829 906 990 962 opere
1045 889 1308 945 sublevat.
1377 886 1455 940 De
1498 883 1758 939 instantia
1859 878 2032 934 solum
2068 884 2449 972 peccatorum“
2466 873 2717 938 veniam,
2939 873 3298 972 etiamoc‘ivis
3352 884 3444 970 su:

147 961 307 1044 enim
326 984 589 1040 orationis
615 961 950 1038 nos-Paulus
977 982 1234 1037 admonet
1254 978 1482 1034 dicens:
1515 973 1759 1030 Orationi
1857 983 2040 1039 perna:
2078 966 2316 1023 civitatis
2371 961 2597 1019 effectus
2623 1002 2638 1029 ,
2694 961 2920 1034 praemia
2972 961 3200 1033 recipiet
3251 961 3452 1030 sempi-

148 1080 444 1142 instantes,
490 1084 538 1130 et
581 1084 790 1130 orantes
823 1074 963 1128 omni
1005 1083 1230 1143 tempore
1262 1072 1317 1125 in
1364 1069 1552 1141 spiritu
1583 1064 1756 1138 (Rom.

149 1167 286 1241 xu).
317 1167 454 1236 Quia
482 1166 626 1221 enim
653 1165 801 1220 omni
830 1172 1072 1233 tempore
1099 1161 1437 1222 offendimus,
1467 1159 1610 1213 sicut
1632 1155 1762 1210 scri-

149 1269 315 1332 ptum
363 1266 478 1314 est:
514 1257 583 1311 In
613 1257 790 1310 multis
816 1256 1130 1325 o/fendimus
1181 1269 1362 1308 omnes
1393 1249 1603 1322 (Iacob.
1638 1247 1757 1320 ιιι);

153 1352 314 1409 omni
343 1359 588 1421 tempore
615 1365 716 1420 pro
740 1349 965 1404 offensis
985 1363 1144 1403 orare
1170 1347 1450 1402 debemus.
1489 1343 1629 1397 Hinc
1663 1343 1764 1398 ite-

155 1460 288 1506 rum
317 1443 515 1497 Paulus
544 1443 619 1496 ait
644 1462 657 1497 :
691 1441 818 1498 Sine
833 1441 1218 1496 intermissione
1244 1449 1390 1493 orate
1413 1436 1466 1510 (I
1486 1434 1759 1508 Thess.v).

157 1529 307 1588 Hinc
331 1532 527 1588 Petrus
556 1532 688 1588 dicit
712 1551 723 1585 :
757 1531 940 1585 Estote
967 1531 1143 1601 itaque
1165 1529 1448 1601 prudentes
1477 1535 1524 1581 et
1549 1524 1764 1596 vigilate

155 1625 220 1678 in
255 1622 585 1677 orationibus
615 1621 669 1694 (1
701 1620 848 1675 Petr.
881 1619 976 1693 tv).
1011 1619 1244 1686 Quoties
1269 1618 1414 1673 enim
1440 1631 1656 1686 cunque
1685 1614 1766 1668 vi-

160 1714 244 1768 tio
267 1713 511 1784 quolibet
542 1713 814 1783 tangimur
831 1752 846 1777 ,
876 1711 945 1765 ad
973 1711 1278 1764 orationem
1301 1724 1402 1763 nos
1425 1707 1657 1762 subdere
1679 1705 1765 1760 de-

158 1806 382 1871 bemus,
408 1805 534 1875 quia
564 1803 818 1875 frequens
847 1803 1024 1860 oratio
1067 1802 1328 1857 vitiorum
1368 1807 1452 1855 est
1483 1800 1766 1869 impugna-

161 1897 265 1952 tio.
298 1896 485 1954 Oratio
510 1905 692 1951 autem
717 1911 830 1967 non.
871 1895 1137 1951 labiorum
1173 1892 1554 1948 tantummodo
1603 1889 1764 1945 debet
1789 1877 1838 1937 Β

159 2001 308 2054 ωδε,
341 1990 434 2045 sed
480 1997 535 2045 et
561 1988 825 2044 cordium.
885 1986 1004 2042 Non
1034 1985 1182 2042 enim
1231 1984 1550 2053 multiplicia
1593 1982 1762 2037 verba

160 2079 312 2134 Deus
338 2081 587 2145 attendit,
629 2061 724 2135 sed
759 2078 966 2132 orantis
994 2092 1091 2132 cor
1128 2076 1342 2146 aspicit.
1369 2073 1657 2142 Nunquam
1680 2079 1765 2128 est

163 2168 290 2226 sine
317 2171 520 2241 gemitu
568 2171 854 2234 orandum,
885 2183 1009 2222 nam
1052 2173 1402 2237 peccatorum
1459 2164 1764 2219 recordatio

162 2275 462 2316 maerorem
492 2261 682 2333 gignit.
709 2261 849 2314 Dum
877 2259 1020 2314 enim
1057 2273 1298 2322 oramus,
1325 2256 1395 2310 ad
1445 2256 1765 2310 memoriam

163 2352 482 2407 reducimus
508 2351 743 2421 culpam,
776 2359 833 2406 et
863 2351 1034 2420 magis
1093 2363 1216 2403 reos
1250 2356 1377 2402 tunc
1404 2362 1505 2401 nos
1530 2360 1651 2401 esse
1676 2361 1767 2401 co-

165 2443 504 2512 gnoscimus.
535 2442 770 2512 Ideoque
792 2457 915 2497 cum
944 2441 1056 2495 Deo
1102 2440 1428 2503 assistimus,
1455 2453 1671 2509 gemere
1714 2445 1770 2492 et

163 2533 305 2587 ﬂere
339 2531 614 2596 debemus,
639 2531 1050 2586 reminiscentes
1069 2545 1232 2599 quam
1268 2529 1453 2600 gravia
1500 2538 1625 2584 sunt
1649 2543 1764 2584 sce-

166 2623 288 2678 lera
341 2638 461 2692 qua:
509 2622 900 2686 commisimus,
939 2636 1210 2692 quamque
1241 2622 1363 2676 dira
1389 2619 1590 2674 inferni
1641 2635 1766 2690 sup-

166 2711 335 2781 plicia
365 2725 488 2779 quas
510 2711 783 2765 timemus.
813 2709 964 2765 Mens
1001 2709 1215 2779 qualem
1260 2723 1319 2764 se
1348 2709 1404 2764 in
1427 2709 1674 2765 oratione
1694 2709 1770 2764 of-

171 2799 305 2865 fert,
333 2800 497 2856 talem
520 2815 580 2855 se
620 2809 743 2870 post
770 2801 1074 2856 orationem
1099 2808 1405 2856 conservet.
1456 2799 1594 2854 Nam
1635 2799 1768 2854 nihil

173 2889 392 2961 proﬁcit
417 2891 614 2954 oratio,
667 2891 713 2944 si
752 2891 928 2946 denuo
969 2889 1329 2946 committitur
1372 2890 1518 2945 unde
1556 2889 1670 2958 jam
1713 2889 1768 2944 in

175 2983 335 3038 venia
362 2985 686 3055 postulatur.
720 2985 810 3040 Ille
849 2986 995 3040 enim
1033 2985 1087 3040 in
1122 2985 1380 3054 precibus
1403 2984 1770 3040 desideratum

177 3073 431 3131 eﬂ'ectum
453 3077 574 3132 sine
601 3077 765 3132 dubio
792 3078 1045 3148 percipit,
1074 3077 1220 3149 quod
1245 3079 1454 3134 orando
1482 3077 1628 3134 ablui
1673 3091 1771 3148 po-

177 3166 365 3232 stulat,
395 3167 760 3239 delinquendq
778 3184 885 3224 non
911 3170 1091 3224 iterat.

251 3257 339 3312 58.
381 3257 529 3313 Mala
564 3276 661 3313 sua
699 3277 818 3314 cum
855 3260 1102 3332 lacrymis
1129 3259 1208 3316 vel
1231 3265 1426 3332 gemitu
1446 3263 1681 3332 quotidie
1711 3263 1770 3316 in

180 3349 422 3405 oratione
454 3349 564 3404 Deo
594 3351 832 3419 conﬁteri
863 3350 1040 3422 (Psal.
1080 3353 1180 3424 Vl).
1225 3353 1510 3410 Confessio
1559 3357 1769 3412 duobus

183 3439 363 3496 modis
418 3441 738 3514 intelligitur
775 3461 788 3497 :
822 3451 916 3498 aut
945 3444 1002 3499 in
1042 3445 1221 3511 laude,
1250 3455 1310 3500 ut
1333 3447 1482 3501 Patri
1513 3448 1772 3504 Dominus

187 3531 269 3585 ait
294 3532 480 3589 dicens
505 3551 518 3587 :
549 3532 817 3604 Conﬁteor
845 3536 963 3602 tibi,
982 3535 1146 3592 Pater
1169 3538 1283 3592 caeli
1309 3549 1356 3593 et
1381 3548 1536 3594 terra:
1552 3539 1769 3612 (Matth.

186 3637 274 3688 :1;
320 3621 449 3677 Luc.
479 3624 535 3693 ι)
553 3665 568 3689 ,
601 3632 695 3678 aut
721 3626 849 3679 dum
877 3627 1000 3696 quis
1025 3628 1317 3683 confitetur
1333 3645 1430 3684 sua
1454 3639 1680 3700 peccata
1704 3633 1773 3686 ab

185 3725 257 3766 eo
284 3711 640 3783 indulgenda,
697 3715 852 3785 cujus
894 3725 980 3772 est
1027 3717 1343 3774 indeﬁciens
1377 3720 1770 3776 misericordia.

184 3806 378 3863 Adhuc
428 3809 574 3864 enim
614 3811 719 3866 hoc
767 3812 964 3868 saeculo
1021 3814 1214 3882 positis
1265 3815 1650 3872 confitentibus
1677 3816 1773 3873 Dei

188 3886 562 3956 misericordia
611 3903 902 3970 subvenit;
943 3913 1068 3974 post
1102 3915 1336 3962 mortem
1374 3917 1558 3964 autem
1601 3910 1776 3980 paeni-

189 3993 398 4059 tentia,
454 3995 608 4050 dolor
658 4005 714 4052 et
744 4000 976 4069 gemitus
1005 4001 1215 4056 animas
1260 4004 1540 4070 cruciant,
1606 4006 1701 4060 sed
1743 4020 1774 4060 a

187 4083 395 4152 peccati
441 4086 705 4156 supplicio
729 4103 836 4143 non
861 4089 1114 4145 liberant.
1138 4091 1256 4146 Non
1271 4095 1415 4147 enim
1442 4095 1666 4149 celanda
1693 4102 1778 4150 est

187 4170 367 4241 culpa,
396 4191 515 4244 qua:
537 4178 732 4231 anima:
753 4186 876 4247 post
898 4187 1130 4234 mortem
1152 4188 1412 4236 aeternam
1440 4183 1638 4253 ingerit
1661 4198 1777 4254 pte-

186 4279 335 4318 nam.
367 4263 523 4332 Nam,
557 4268 699 4322 sicut
727 4268 1019 4325 Cassianus
1048 4271 1144 4336 ait,
1169 4287 1276 4326 non
1302 4274 1503 4342 poterit
1532 4275 1776 4330 diabolus

188 4359 583 4416 circumvenire
606 4361 956 4429 vel_dejicere
993 4361 1248 4430 juvenem
1279 4367 1628 4431 monachum,
1671 4367 1776 4422 nisi

186 4467 312 4507 eum
337 4469 499 4522 quem
524 4455 722 4509 viderit
745 4463 838 4509 aut
862 4470 960 4525 per
987 4458 1298 4528 superbiam
1327 4501 1340 4523 ,
1382 4468 1476 4513 aut
1504 4475 1601 4530 per
1622 4477 1776 4516 vere-

1862 1069 2018 1116 terna

1935 1172 2003 1227 Et
2058 1173 2123 1227 de
2172 1173 2298 1244 ipsis
2328 1171 2486 1227 malis
2539 1171 2603 1225 de
2629 1179 2816 1225 caetero
2851 1171 3149 1224 emendare.
3198 1169 3295 1225 llle
3321 1182 3457 1241 ergo

1861 1264 2244 1336 pcenitentiam
2266 1257 2426 1334 digne
2453 1263 2597 1332 agit,
2631 1261 2725 1332 qui
2757 1260 2838 1316 sic
2879 1260 3155 1330 pmterita
3185 1259 3328 1340 mala
3357 1259 3454 1314 de-

1863 1355 2074 1425 plorat,
2137 1364 2196 1409 ut
2253 1353 2432 1409 futura
2463 1355 2660 1408 iterum
2687 1369 2794 1408 non
2823 1351 3148 1408 committat.
3181 1349 3315 1405 Nam
3359 1349 3459 1422 qui

1866 1447 2074 1517 plangit
2114 1454 2432 1517 peccatum,
2465 1455 2520 1501 et
2581 1445 2778 1500 iterum
2835 1443 3073 1498 admittit
3137 1450 3458 1512 peccatum,

1867 1540 2026 1609 quasi
2061 1540 2107 1595 si
2142 1540 2264 1610 quis
2311 1539 2454 1594 lavet
2498 1528 2728 1594 laterem
2777 1537 3024 1602 crudum,
3057 1551 3220 1605 quem
3249 1543 3458 1606 quanto

1867 1631 2042 1703 magis
2082 1632 2320 1697 laverit,
2363 1638 2514 1686 tanto
2546 1630 2779 1700 amplius
2818 1630 2992 1684 lutum
3011 1627 3163 1684 facit.
3201 1627 3296 1683 llle
3323 1641 3458 1698 ergo

1866 1722 2247 1794 pmnitentiam
2281 1721 2440 1793 digne
2477 1722 2622 1792 agit,
2662 1722 2786 1791 qui,
2829 1736 2952 1791 qua:
2989 1719 3307 1786 commisit,
3339 1719 3458 1789 jam

1856 1803 1977 1868 non
2015 1813 2330 1877 committit,
2376 1813 2472 1869 sed
2508 1828 2633 1867 cum
2671 1811 3049 1868 satisfactione
3096 1811 3165 1865 de
3208 1810 3296 1865 his
3337 1825 3465 1879 quin

1866 1905 2068 1977 gessit,
2109 1903 2546 1961 emendationem
2607 1903 2897 1974 promittit.
2938 1903 3252 1958 .Festinare
3315 1902 3465 1958 enim

1866 1997 2026 2052 debet
2071 1997 2140 2052 ad
2187 1997 2479 2051 Dominum
2543 1996 2859 2065 paenitendo
2903 1994 3280 2064 unusquisque
3334 1995 3468 2048 dum

1864 2092 2088 2154 potest,
2156 2099 2227 2138 ne
2285 2084 2374 2149 si,
2412 2084 2541 2138 dum
2587 2091 2769 2154 potest
2796 2125 2810 2145 ,
2849 2083 3114 2148 noluerit,
3155 2097 3278 2137 cum
3305 2082 3466 2138 tarde

1867 2175 2119 2241 voluerit,
2172 2175 2394 2229 omnino
2424 2190 2534 2229 non
2591 2174 2784 2245 possit.
2824 2174 2963 2230 Hinc
3015 2174 3282 2246 propheta
3337 2174 3464 2228 ait:

1871 2268 2103 2334 Quwrite
2155 2267 2463 2332 Dominum,
2511 2267 2637 2320 dum
2684 2267 2909 2321 inveniri
2959 2276 3162 2337 potest;
3225 2267 3467 2320 invocata

1869 2373 2007 2420 eum,
2038 2357 2165 2409 dum
2191 2372 2349 2426 prope
2374 2364 2448 2410 est
2464 2354 2602 2425 (Isa.
2620 2354 2731 2427 Lv).
2748 2353 2867 2410 Non
2891 2356 3038 2411 enim
3060 2362 3273 2427 oportet
3289 2355 3467 2425 paeni-

1869 2455 2072 2502 tentem
2095 2447 2159 2501 de
2178 2447 2418 2517 peccatis
2445 2447 2558 2501 suis
2581 2447 2782 2501 habere
2805 2447 3175 2503 securitatem.
3197 2446 3336 2501 Nam
3366 2462 3457 2503 se-

1869 2540 2075 2595 curitas
2097 2539 2481 2611 negligentiam
2508 2541 2672 2610 parit,
2691 2539 3021 2611 negligentia
3043 2549 3226 2596 autem
3246 2540 3316 2595 ad
3330 2541 3465 2597 vitia

1870 2631 2103 2702 pristina
2130 2630 2405 2686 hominem
2430 2631 2616 2685 trahit.
2634 2628 2742 2686 Sed
2761 2632 3033 2702 paenitens
3053 2633 3352 2704 praevidere
3372 2633 3467 2689 de-

1869 2723 1961 2778 bet
1983 2722 2208 2777 callidas
2227 2730 2417 2777 contra
2439 2737 2498 2778 se
2524 2722 2700 2779 hostis
2725 2723 2974 2791 insidias,
2991 2733 3171 2782 utnec
3195 2727 3264 2782 ad
3287 2735 3468 2784 trans-

1873 2819 1994 2866 acta
2013 2811 2145 2866 vitia
2170 2813 2395 2878 reverti,
2427 2827 2529 2868 nec
2549 2813 2784 2884 amplius
2809 2816 2954 2886 quod
2981 2815 3186 2873 malum
3212 2826 3298 2874 est
3317 2818 3463 2874 ulte-

1871 2907 1987 2962 rius
2013 2905 2208 2962 debeat
2229 2921 2411 2974 agere.

1942 3021 2032 3076 59.
2069 3020 2349 3076 Desideria
2370 3023 2546 3077 carnis
2576 3039 2680 3077 non
2700 2978 2952 3094 perﬁcere
2977 3022 3182 3097 (Galat.
3215 3023 3294 3098 ν).
3350 3025 3462 3081 De-

1872 3112 2073 3168 sideria
2101 3113 2288 3169 carnis
2311 3114 2445 3169 dicit
2478 3114 2787 3185 voluptates
2815 3116 2902 3172 vel
2927 3117 3254 3189 cupiditates
3279 3133 3466 3190 corpo~

1796 3229 1841 3292 ρ
1875 3207 1972 3262 ris.
2005 3205 2128 3260 Non
2154 3207 2403 3277 perﬁcere
2436 3207 2569 3262 dicit
2602 3208 2670 3262 ad
2692 3208 2944 3264 eﬂ‘ectum
2985 3225 3094 3265 non
3123 3211 3426 3280 perducere
3445 3251 3462 3276 ,

1800 3339 1802 3341 ›
1872 3299 1928 3355 id
1957 3307 2060 3364 est,
2106 3298 2361 3369 operibus
2400 3314 2507 3354 non
2532 3299 2777 3369 implere.
2807 3299 2946 3356 Hinc
2969 3300 3168 3356 Paulus
3196 3302 3312 3356 ait:
3342 3300 3468 3372 Spi-

1875 3390 1982 3444 ritu
2035 3388 2337 3454 ambulate,
2393 3398 2443 3443 et
2499 3389 2764 3444 desideria
2802 3393 2979 3446 carnis
3032 3409 3139 3446 non
3185 3393 3469 3464 perﬁcietis

1876 3481 2086 3553 (Ibid.).
2126 3481 2404 3536 Desideria
2451 3485 2634 3538 carnis
2676 3482 2942 3554 perlicere
2991 3493 3076 3540 est
3109 3485 3292 3540 carnis
3335 3499 3470 3540 con-

1874 3572 2238 3643 cupiscentias
2268 3579 2324 3627 et
2354 3581 2534 3628 motus
2580 3575 2828 3644 corporis
2884 3575 3206 3646 temporales
3246 3576 3313 3631 ad
3341 3575 3472 3633 effe-

1876 3671 2022 3720 ctum
2051 3664 2232 3734 operis
2245 3664 2562 3734 perducere.
2594 3663 2734 3719 Hinc
2761 3663 2956 3721 Petrus
2979 3667 3054 3721 ait
3084 3684 3097 3719 :
3132 3666 3468 3734 Charissimi,

1876 3757 2086 3810 obsecro
2117 3771 2226 3820 vos,
2252 3765 2505 3828 tanquam
2527 3757 2757 3812 advenas
2787 3767 2835 3812 et
2860 3759 3185 3829 peregrinos,
3211 3759 3473 3816 abstinere

1875 3864 1963 3902 vos
2002 3865 2035 3901 a
2082 3846 2384 3901 carnalibus
2423 3848 2700 3904 desideriis
2723 3891 2738 3917 ,
2800 3867 2918 3921 qua:
2959 3849 3188 3906 militant
3218 3852 3471 3908 adversus

1865 3937 2108 3991 'animam
2134 3935 2188 4008 (Ι
2210 3936 2358 3991 Petr.
2386 3937 2470 4010 ιι).
2496 3937 2637 3992 Dum
2665 3938 2810 3994 enim
2838 3940 3296 4010 concupiscentiis
3316 3941 3473 3998 blan-

1877 4027 2148 4081 dientibus
2169 4041 2298 4081 caro
2325 4029 2602 4082 enerviter
2637 4028 2979 4099 objurgatur,
3027 4030 3287 4084 vitiorum
3313 4046 3473 4085 exer-

1877 4118 2019 4172 citus
2040 4117 2271 4172 ﬁrmiter
2301 4119 2566 4173 adversus
2601 4105 2836 4172 animam
2863 4126 3131 4174 armatur.
3191 4119 3472 4176 Desideria

1878 4207 2024 4261 enim
2050 4207 2292 4275 carnalia
2321 4216 2449 4262 sunt
2490 4206 2716 4263 elfectus
2743 4207 2976 4262 sordidae
3016 4208 3387 4264 delectationis
3416 4216 3474 4265 et

1879 4298 2148 4353 illecebrae
2176 4299 2477 4354 carnalium
2525 4300 2814 4366 vitiorum,
2870 4302 3067 4370 quibus
3110 4302 3320 4359 illectus
3348 4319 3472 4362 mo-

1880 4392 2088 4446 nachus
2107 4431 2121 4457 ,
2172 4392 2328 4447 vanis
2357 4391 2554 4449 fabulis
2579 4402 2634 4449 et
2661 4395 2843 4450 verbis
2883 4395 3185 4451 delectatur
3215 4413 3472 4468 superva-

1881 4482 2032 4549 cuis,
2075 4491 2131 4538 et
2158 4484 2483 4553 spectaculis
2530 4500 2714 4540 rerum
2765 4487 3111 4542 terrestrium
3150 4495 3206 4542 et
3235 4487 3472 4547 terrenis

186 4545 444 4600 cundiam
491 4560 615 4600 suas
667 4547 1023 4616 cogitationes
1075 4549 1269 4604 celare.
1322 4551 1458 4605 Nam
1498 4552 1769 4608 evidenter

1882 4545 2092 4645 gaudiis
2142 4545 2488 4643 delectatur;
2530 4577 2763 4649 ingluvie
2811 4578 3022 4634 ventris
3077 4587 3132 4634 et
3195 4578 3468 4636 desiderio

185 4633 512 4689 diabolicam
541 4635 921 4704 cogitationem
962 4636 1154 4692 Patres
1176 4651 1294 4691 eam
1319 4641 1579 4705 dixerint,
1614 4659 1775 4712 quam

181 4725 370 4796 junior
399 4726 599 4779 seniori
628 4725 976 4780 confunditur
1007 4730 1239 4797 aperire.
1292 4731 1484 4787 Melius
1523 4743 1607 4787 est
1630 4735 1774 4789 enim

187 4817 418 4873 Domino
473 4819 717 4873 conﬁteri
771 4829 1012 4890 peccata,
1044 4831 1099 4876 et
1142 4823 1208 4877 de
1259 4825 1632 4880 misericordia
1661 4826 1778 4896 ejus

187 4910 513 4965 ﬁducialiter
551 4927 768 4981 sperare
799 4914 1013 4966 veniam
1045 4955 1060 4979 ,
1101 4930 1262 4984 quam
1296 4916 1348 4969 in
1399 4918 1607 4974 modico
1637 4927 1776 4974 tem-

187 5001 336 5073 poris
362 5003 540 5056 celare
571 5003 846 5070 delictum,
881 5014 937 5060 et
980 5014 1243 5061 aeternum
1298 5010 1492 5065 animze
1527 5013 1773 5080 recipere

188 5092 594 5150 detrimentum.
628 5093 766 5149 Hinc
797 5095 1056 5153 Salomon
1085 5098 1160 5152 ait
1185 5119 1197 5152 :
1225 5097 1329 5164 Qui
1354 5100 1622 5155 abscondit
1663 5120 1774 5157 sce-

189 5184 303 5240 lera
330 5202 452 5251 sua,
486 5203 588 5240 non
616 5187 914 5258 dirigetur:
947 5191 1036 5260 qui
1082 5201 1257 5244 autem
1303 5192 1569 5261 confessus
1615 5193 1773 5262 fuerit

191 5287 240 5333 et
275 5277 540 5348 reliquerit
589 5296 672 5344 ea,
713 5280 1128 5335 misericordiam
1186 5293 1530 5354 consequetur
1575 5283 1768 5356 (Prov.

192 5370 408 5443 xxvm).
437 5371 672 5427 Facilius
699 5372 842 5427 enim
895 5373 999 5428 sibi
1051 5374 1219 5429 Deum
1265 5375 1488 5445 placat,
1539 5377 1631 5446 qui
1659 5393 1770 5433 non

191 5465 432 5521 humano
459 5472 543 5519 est
572 5465 747 5520 victus
767 5465 1003 5536 judicio,
1037 5467 1131 5522 sed
1169 5468 1313 5525 ultro
1343 5470 1549 5526 crimen
1578 5484 1775 5541 cogno-

195 5555 298 5612 scit
339 5555 655 5624 admissum,
684 5565 740 5612 et
777 5555 954 5614 factus
987 5559 1312 5631 sibimetipsi
1349 5562 1515 5634 judex
1546 5573 1602 5618 et
1631 5565 1776 5621 ultor

192 5655 348 5727 punit
369 5655 625 5726 lacrymis
649 5656 792 5727 quod
810 5657 962 5727 prius
990 5659 1263 5716 commisit
1292 5662 1570 5732 operibus,
1587 5672 1644 5719 et
1663 5681 1771 5721 non

193 5743 466 5804 erubescit
490 5745 703 5804 ﬂetibus
725 5749 862 5804 bene
875 5749 1068 5819 punire
1092 5753 1238 5822 quod
1263 5769 1372 5809 non
1395 5756 1611 5812 erubuit
1633 5758 1774 5817 male

194 5836 550 5896 committere.
579 5837 716 5898 Hinc
744 5840 939 5898 iterum
967 5844 1228 5914 scriptum
1257 5855 1374 5904 est:
1401 5847 1526 5905 Non
1547 5851 1774 5923 confun-

1884 4667 2119 4736 gutturis
2149 4676 2432 4733 exaestuat,
2487 4668 2782 4723 ambitione
2835 4668 3106 4724 honorum
3162 4669 3469 4736 coniicitur,

1883 4765 1937 4810 et
1963 4756 2214 4812 humanis
2240 4759 2488 4813 laudibus
2515 4759 2600 4814 vel
2631 4759 2901 4814 illecebris
2943 4776 3095 4816 vanae
3124 4761 3310 4833 gloria:
3336 4761 3470 4816 deli-

1880 4849 2060 4916 nitur;
2103 4866 2198 4923 cor
2237 4852 2497 4906 miserum
2525 4852 2579 4905 in
2628 4854 2877 4922 superbia
2908 4855 3118 4923 elevat,
3158 4865 3212 4911 et
3247 4857 3303 4910 in
3352 4872 3470 4911 om-

1880 4939 2031 4994 nium
2071 4921 2326 4996 vﬁiorum
2384 4942 2785 4999 multitudinem
2835 4946 3166 5003 malesanum
3217 4947 3468 5018 principi-

1882 5036 1979 5081 tat.
2024 5028 2092 5083 At
2143 5039 2332 5086 contra
2387 5033 2684 5089 monachus
2715 5075 2730 5100 ,
2795 5036 2884 5092 cui
2949 5035 3219 5092 desideria
3285 5037 3466 5094 carnis

1880 5119 2102 5190 implere
2143 5122 2367 5178 minime
2407 5123 2673 5192 delectat,
2718 5127 3012 5184 virtutibus
3068 5129 3241 5185 sacris
3281 5144 3464 5184 arma-

1879 5219 1998 5277 tus,
2041 5220 2231 5266 contra
2280 5213 2553 5270 desideria
2588 5217 2674 5272 vel
2712 5221 2846 5275 vitia
2885 5222 3068 5278 carnis
3113 5221 3326 5278 fortiter
3363 5238 3463 5294 pu-

1877 5311 2036 5374 gnat,
2078 5312 2133 5358 et
2170 5305 2430 5362 adversus
2461 5308 2696 5379 impetus
2720 5312 2978 5367 vitiorum
3023 5314 3315 5370 contrariis
3352 5313 3465 5369 vir-
3529 5314 3542 5374 ’ζ

1879 5395 2081 5451 tutibus
2122 5395 2364 5451 dimicat.
2390 5398 2590 5455 Contra
2613 5401 2883 5457 luxuriam
2911 5403 3060 5459 enim
3087 5405 3310 5462 adhibet
3331 5419 3464 5462 cor

1882 5487 1965 5541 dis
2004 5487 2358 5555 munditiam,
2397 5490 2677 5549 libidinem
2707 5493 3036 5550 abstinentia
3085 5496 3288 5553 domat.
3319 5495 3463 5554 Con-
3540 5486 3549 5531 Ῡ

1879 5587 1964 5635 tra
2001 5581 2184 5638 odium
2214 5583 2556 5642 dilectionem
2599 5593 2886 5658 praeparat,
2951 5598 3139 5645 contra
3181 5591 3320 5646 iram
3363 5606 3462 5663 op-

1877 5670 2030 5741 ponit
2058 5672 2372 5743 patientiam
2397 5716 2412 5741 ,
2454 5683 2645 5731 contra
2672 5676 2925 5733 timorem
2954 5678 3226 5747 fiduciam,
3293 5680 3460 5753 largi-

1879 5772 2045 5821 tatem
2068 5775 2257 5823 contra
2283 5767 2569 5822 avaritiam
2592 5808 2607 5834 ,
2650 5768 3009 5826 humilitatem
3049 5781 3239 5829 contra
3265 5785 3458 5844 snper-

1877 5855 2044 5913 biam.
2068 5859 2137 5915 Et
2160 5860 2238 5916 sic
2262 5857 2488 5929 singulis
2510 5859 2656 5917 vitiis
2688 5861 2928 5933 singulas
2950 5865 3177 5936 opponit
3196 5865 3457 5932 virtutes,
