3994 6474
3242 360 3383 374 ιιι-.,ἣν
3402 362 3543 381 ι,¹.“,θσ

556 432 666 504 ’187
1469 491 1472 494 .
1850 442 2136 504 SMARAG‘

2242 408 2529 507 assius
2965 411 2973 415 ἤ
3744 442 3855 515 'm

562 569 626 617 ut
654 574 760 616 non
788 559 870 641 eis
895 568 1183 633 superatus
1206 559 1545 629 succumbat,
1573 562 1689 629 sed,
1713 561 1821 618 illis
1848 562 2139 635 superatis,
2170 564 2225 628 Α
2249 562 2555 620 sanctitatis
2581 559 2767 619 volunt
2790 560 2996 620 habere
3018 603 3034 631 ,
3075 559 3170 620 sed
3210 556 3524 621 sanctitatis
3560 576 3714 639 opus
3741 581 3856 626 non

565 652 745 709 victor
771 652 986 711 existat.
2247 654 2473 723 cupiunt
2524 668 2799 727 exercere.
2856 655 2998 727 Ergo
3022 654 3117 727 qui
3161 656 3472 712 sanctitatis
3504 672 3723 713 nomen
3756 659 3859 714 ha-

642 746 977 803 Voluntatem
1014 749 1285 820 propriam
1328 748 1497 805 odire.
1545 747 1832 820 Propriam
1886 742 2053 816 dicit,
2087 747 2144 806 id
2240 742 2373 799 bere
2397 741 2709 810 desiderat,
2747 759 2971 801 necesse
2996 753 3159 801 estut
3182 746 3334 817 prius
3361 749 3695 805 sanctitatis
3720 765 3855 825 opus

564 848 651 897 est
691 839 957 913 privatam
986 881 1003 908 ,
1039 841 1125 896 vel
1173 841 1520 914 singulariter
1548 858 1733 909 suam,
1771 858 1935 914 quam
1962 841 2142 901 nullus

563 934 702 989 alius
732 937 1023 1011 approbat,
1077 935 1258 994 nullus
1273 936 1480 1009 justam
1508 952 1628 994 esse
1656 938 1982 1008 proclamat,
2013 938 2141 1007 quia

561 1024 664 1079 etsi
694 1024 836 1080 bona
858 1025 933 1080 illi
960 1027 1173 1083 videtur
1200 1026 1291 1097 qui
1322 1044 1440 1085 eam
1486 1037 1714 1084 conatur
1747 1028 1990 1097 implere,
2019 1028 2140 1084 ideo

558 1132 667 1173 non
692 1126 776 1175 est
802 1121 945 1176 bona
966 1161 981 1187 ,
1010 1121 1148 1191 quia
1174 1123 1391 1193 propria
1413 1163 1428 1187 ,
1468 1129 1523 1177 et
1571 1122 1698 1192 quia
1727 1122 1929 1177 nullius
1958 1120 2138 1176 Patris

559 1208 786 1266 consilio
810 1217 1123 1282 approbata.
1155 1209 1295 1268 Hinc
1332 1212 1475 1267 enim
1520 1211 1783 1282 scriptum
1818 1217 1904 1267 est
1944 1229 1957 1264 :
2007 1206 2139 1265 Post

559 1296 1006 1371 concupiscentias
1056 1308 1175 1355 tuas
1221 1316 1325 1355 non
1385 1316 1508 1368 eas,
1555 1309 1606 1355 et
1652 1318 1684 1355 a
1739 1298 2004 1355 uoluntate
2047 1306 2139 1353 tua

556 1396 788 1444 auertere
809 1386 978 1462 (Eccl.
1010 1389 1189 1464 xvm).
1222 1389 1363 1446 Hinc
1391 1390 1653 1447 Dominus
1682 1390 1759 1446 ait
1796 1407 1810 1443 :
1874 1390 2000 1445 Non
2022 1389 2138 1445 ueni

558 1474 733 1547 facere
794 1479 1110 1536 voluntatem
1167 1496 1335 1537 meam
1368 1524 1382 1549 ,
1443 1483 1537 1538 sed
1575 1481 1692 1554 ejus
1739 1481 1831 1554 qui
1868 1497 1952 1536 me
1998 1480 2139 1535 misit

558 1568 744 1644 (Joan.
774 1570 874 1646 γι).
902 1570 1087 1628 Sancti
1131 1572 1273 1641 viri,
1312 1575 1563 1647 proprias
1609 1574 1917 1630 voluntates
1943 1587 2139 1627 renun-

558 1663 797 1733 tiantes,
855 1665 935 1722 sic
984 1666 1114 1724 huic
1167 1667 1370 1725 mundo
1417 1666 1745 1734 moriuntur,
1786 1674 1847 1722 ut
1891 1665 1992 1722 soli
2026 1665 2139 1721 Deo

559 1765 745 1823 vivere
772 1767 1125 1825 delectentur.
1160 1770 1229 1826 Et
1259 1778 1464 1841 quanto
1490 1784 1549 1826 se
1576 1769 1645 1824 ab
1662 1766 1825 1840 hujus
1848 1769 2140 1841 voluptati-

552 1857 658 1913 bus
675 1859 1017 1926 subtrahunt,
1046 1870 1198 1917 tanto
1214 1862 1559 1932 praesentiam
1580 1860 1675 1916 Dei
1697 1868 1751 1916 et
1769 1856 2028 1932 angelicae
2052 1876 2139 1917 so-

2244 850 2407 906 agere
2442 851 2550 909 non
2579 836 2827 894 desistat.
2867 836 3130 893 Dominus
3166 844 3346 894 autem
3375 839 3508 897 ﬁliis
3530 840 3721 897 Israel
3750 860 3852 900 non

2242 924 2382 980 dixit
2415 923 2713 983 :Dicimini
2758 926 2955 991 sancti,
3010 929 3139 1000 quia
3168 934 3225 1001 et
3274 946 3375 1002 ego
3400 943 3646 988 sanctus
3680 932 3850 999 dicor,

2243 1015 2335 1070 sed
2354 1057 2371 1081 ,
2402 1013 2601 1081 Estote,
2634 1016 2848 1091 inquit,
2881 1019 3052 1077 sancti
3075 1062 3090 1087 ,
3129 1021 3256 1093 quia
3279 1030 3326 1076 et
3354 1039 3450 1095 ego
3481 1035 3723 1079 sanctas
3744 1043 3848 1079 sua

2240 1105 2498 1163 Dominus
2539 1107 2683 1163 Deus
2710 1117 2878 1166 vester
2928 1108 3114 1183 (Leuit.
3144 1127 3226 1180 ιι,
3268 1128 3360 1168 xxx
3406 1120 3466 1169 et
3494 1113 3629 1186 xx).
3701 1113 3845 1171 Unde

2236 1213 2463 1271 necesse
2489 1206 2575 1254 est
2598 1210 2656 1255 ut
2675 1200 2768 1271 qui
2793 1200 2909 1256 vult
2941 1201 3048 1258 dici
3084 1211 3321 1272 sanctus,
3352 1204 3691 1262 sanctitatis
3705 1209 3842 1277 prius

2238 1288 2464 1345 festinet
2514 1306 2676 1364 agere
2701 1308 2854 1363 opus,
2889 1299 2943 1348 et
2971 1293 3246 1366 spiritales
3292 1296 3576 1368 sagaciter
3609 1313 3849 1370 quaerere

2239 1378 2487 1446 fructus.
2536 1383 2733 1452 quibus
2776 1384 3010 1442 refertus
3058 1385 3205 1455 juste
3252 1388 3426 1458 possit
3475 1384 3594 1444 dici
3656 1399 3719 1447 et
3746 1407 3848 1446 esse

2243 1482 2484 1529 sanctus.
2526 1472 2696 1531 Nemo
2726 1475 2830 1532 rite
2870 1477 3074 1549 poterit
3130 1477 3237 1535 dici
3271 1488 3499 1537 sanctus
3529 1523 3548 1549 ,
3606 1480 3729 1538 nisi
3770 1484 3846 1554 qui

2240 1561 2480 1635 Spiritus
2509 1566 2687 1622 sancti
2728 1568 2994 1623 meruerit
3033 1569 3283 1640 accipere
3326 1567 3575 1629 fructus.
3616 1572 3845 1630 Fructus

2242 1666 2417 1711 autem
2464 1657 2681 1728 spiritus
2709 1668 2808 1725 est,
2853 1669 2915 1716 ut
2941 1660 3018 1716 ait
3043 1659 3334 1735 Apostolus
3359 1704 3376 1730 ,
3416 1664 3703 1732 citatius,
3731 1684 3847 1739 gas-

2244 1748 2390 1803 dium
2409 1790 2424 1817 ,
2462 1768 2600 1822 pax,
2632 1750 3032 1826 longanimitas,
3083 1752 3310 1824 bonitas,
3338 1757 3681 1833 benignitas,
3699 1760 3843 1831 ﬁdes,

2242 1843 2521 1909 modestia,
2553 1847 2901 1902 mansuetudo
2935 1845 3138 1920 (Galat.
3172 1848 3249 1922 v),
3284 1859 3340 1907 et
3369 1860 3718 1917 οπιεητιιιι
3743 1871 3845 1913 οω-

555 1950 770 2006 cietatis
792 1950 1155 2023 frequentiam
1184 1926 1383 2009 mentis
1424 1952 1542 2009 acie
1569 1926 2021 2024 contemplantur.
2053 1952 2135 2007 Ad
2165 1926 2213 1987 Β
2241 1934 2389 1990 nium
2418 1940 2768 2011 οοοετθεθιὶο
2793 1942 3080 2008 “Nummi
3127 1944 3324 2014 quibus
3348 1940 3648 2012 omnibus;
3679 1959 3747 2004 ιιι
3773 1950 3839 2006 ὦ·

555 2037 858 2110 pcrfectum
885 2042 1048 2109 enim,
1082 2043 1292 2114 negatis
1317 2042 1569 2099 omnibus
1597 2057 1718 2112 qua:
1739 2042 2002 2113 possidet,
2030 2057 2138 2097 non

530 2136 739 2201 potest
763 2134 1071 2202 pervenire,
1095 2132 1201 2190 nisi
1223 2141 1277 2190 et
1301 2132 1551 2205 proprias
1577 2134 1931 2205 abnegaverit
1949 2131 2141 2189 volun-

549 2230 718 2280 tates.
744 2224 882 2293 Quid
907 2233 992 2281 est
1011 2226 1157 2281 enim
1185 2227 1457 2298 abnegare
1482 2227 1857 2297 semetipsum,
1883 2225 1991 2282 nisi
2011 2238 2140 2296 pro-

550 2318 701 2387 prias
730 2316 1037 2372 voluntates
1067 2314 1414 2389 relinquere?

629 2405 715 2462 60.
749 2404 1034 2480 Pra’ceptis
1074 2407 1276 2464 abbatis
1298 2408 1353 2463 in
1390 2407 1629 2464 omnibus
1685 2407 1894 2463 obedire
1945 2405 2135 2480 (Hebr.

554 2500 698 2574 xm).
723 2499 949 2557 Abbatis
972 2510 1242 2573 praecepta
1271 2516 1495 2571 semper
1517 2498 1716 2556 debent
1745 2515 1865 2556 esse
1898 2499 2044 2571 justa
2085 2506 2140 2556 et

552 2600 763 2649 sancta.
804 2590 872 2647 Et
900 2591 1022 2648 ideo
1053 2606 1084 2647 a
1129 2591 1407 2662 discipulis
1436 2604 1653 2663 semper
1680 2598 1736 2647 et
1788 2590 1842 2645 in
1883 2588 2137 2647 omnibus

556 2682 716 2741 debet
738 2684 820 2741 eis
848 2683 1077 2740 obediri.
1117 2684 1253 2739 Nam
1283 2685 1328 2740 si
1374 2684 1531 2740 aliter
1562 2700 1722 2755 quam
1748 2690 1963 2754 oportet
1998 2699 2139 2757 pm—

532 2768 701 2844 'cepit
753 2772 1070 2844 discipulis,
1127 2772 1568 2845 respondendum
1607 2781 1690 2828 est
1746 2771 1823 2826 illi
1858 2771 2002 2842 quod
2052 2787 2139 2827 re-

554 2864 890 2934 sponderunt
916 2873 971 2918 et
998 2863 1227 2935 apostoli
1255 2879 1270 2917 :
1301 2862 1515 2935 Oportet
1551 2863 1758 2917 obedire
1808 2863 1977 2933 magis
2031 2861 2137 2918 Deo

554 2973 715 3029 quam
741 2957 1041 3012 hominibus
1073 2955 1211 3029 (Act.
1240 2955 1318 3028 v).
1375 2955 1604 3011 Abhatis
1645 2969 1775 3024 ergo
1806 2962 2136 3025 przeceptum

552 3060 839 3119 nunquam
868 3063 899 3103 a
927 3048 1144 3105 Domini
1168 3048 1328 3104 debet
1357 3044 1670 3105 discordare
1705 3047 1982 3114 mandato,
2033 3064 2133 3113 ne,

558 3141 687 3196 dum
707 3146 982 3213 praecepto
1010 3139 1223 3197 abbatis
1246 3138 1524 3207 obeditur,
1555 3154 1586 3195 a
1612 3138 1898 3212 praeceptis
1922 3136 2135 3195 Domini

542 3233 915 3292 discordetur.
938 3234 1235 3292 Obcdiatur
1256 3248 1385 3305 ergo
1417 3249 1640 3290 necesse
1676 3242 1762 3289 est
1808 3233 2022 3299 abbati,
2070 3230 2133 3288 ut

544 3321 696 3380 idem
723 3325 796 3380 sit
832 3332 888 3381 et
916 3325 1218 3381 obedientia
1242 3323 1464 3381 Christi.
1503 3323 1623 3395 Ipse
1668 3323 1813 3379 enim
1840 3318 2133 3393 discipulis

546 3415 629 3470 ait
655 3429 671 3470 :
697 3413 804 3482 Qui
822 3432 911 3472 vos
936 3418 1109 3484 audit,
1147 3434 1229 3472 me
1254 3416 1435 3483 audit,
1472 3427 1519 3471 et
1544 3418 1633 3489 qui
1679 3433 1767 3471 vos
1790 3417 2011 3487 spernit,
2053 3432 2135 3470 me

546 3506 749 3576 spernit
774 3505 927 3578 (Luc.
948 3498 1038 3580 ἰ).
1069 3507 1210 3563 Hinc
1232 3508 1434 3564 Paulus
1457 3508 1735 3578 apostolus
1764 3508 1841 3563 ait
1868 3528 1881 3562 :
1917 3504 2136 3562 Obedite

498 3636 507 3641 -
547 3594 845 3665 prcrpositis
870 3598 1073 3660 uestris,
1114 3607 1162 3651 et
1201 3598 1464 3668 subjacete
1503 3597 1596 3653 eis.
1631 3597 1743 3670 Ipsi
1787 3599 1924 3653 enim
1965 3597 2136 3669 pervi-

548 3683 720 3755 gilant
745 3686 897 3757 quasi
927 3689 1184 3743 rationem
1206 3704 1300 3759 pro
1330 3690 1606 3745 animabus
1635 3691 1816 3745 uestris
1846 3690 2131 3757 reddituri,

547 3785 611 3830 ut
639 3793 758 3832 cum
789 3777 983 3849 gaudio
1013 3778 1112 3833 hoc
1152 3778 1371 3850 faciant,
1423 3787 1603 3836 etnon
1643 3790 1905 3852 gementes
1943 3778 2129 3854 (Hebr.

548 3869 695 3941 xm).
729 3869 868 3926 Hinc
894 3868 1151 3927 Salomon
1175 3872 1250 3926 ait
1281 3891 1293 3925 :
1332 3872 1522 3927 Melior
1559 3881 1634 3928 est
1663 3874 1957 3930 obedientta
1974 3891 2133 3947 quam

542 3963 763 4018 victima
788 3961 960 4035 (Eccl.
1001 3964 1098 4036 IV).
1156 3962 1298 4021 Hinc
1337 3965 1536 4021 Paulus
1581 3965 1779 4021 iterum
1807 3967 1981 4023 dicit:
2028 3965 2136 4021 Ro—

547 4069 736 4125 gamus
772 4070 865 4109 uos
894 4095 909 4123 ,
947 4055 1140 4125 fratres
1167 4097 1183 4124 ,
1222 4065 1278 4111 ut
1327 4057 1574 4112 noveritis
1620 4074 1706 4112 eos
1754 4058 1844 4131 qui
1889 4057 2134 4113 laborant

547 4143 689 4199 inter
726 4159 815 4198 vos
846 4185 862 4211 ,
912 4153 961 4199 et
1001 4155 1233 4215 prrrsunt
1301 4147 1445 4201 vobis
1486 4146 1542 4201 in
1603 4146 1868 4213 Domino,
1936 4157 1987 4203 et
2022 4165 2136 4203 mo-

545 4242 674 4289 nent
722 4249 850 4301 vos,
907 4243 967 4289 ut
1015 4235 1251 4292 habeatis
1287 4235 1409 4292 illos
1469 4237 1826 4295 abundantius
1862 4240 1918 4295 in
1962 4242 2136 4296 chari-

542 4333 655 4380 tate
678 4366 694 4391 ,
731 4335 782 4385 et
816 4335 1029 4398 propter
1064 4344 1195 4399 opus
1223 4327 1438 4383 illorum
1476 4345 1656 4400 pacem
1685 4330 1873 4386 habere
1899 4346 2019 4386 cum
2059 4333 2133 4387 eis

2159 3286 2206 3352 C

2245 2028 2396 2076 ctum
2440 2030 2544 2088 est,
2577 2024 2875 2081 monachus
2896 2024 3157 2099 repletus,
3182 2035 3240 2083 et
3274 2028 3384 2086 dici
3416 2030 3530 2086 rite
3548 2031 3759 2113 poterit
3794 2040 3842 2089 et

2245 2134 2369 2176 esse
2403 2129 2644 2177 sanctus.

2316 2227 2407 2283 62.
2449 2228 2721 2300 Praecepta
2758 2230 2861 2286 Dei
2900 2231 3055 2303 factis
3092 2232 3325 2305 quotidie
3346 2233 3679 2307 adimplere.
3704 2235 3831 2295 Bias

2243 2316 2478 2377 Iacobus
2496 2319 2573 2375 ait
2597 2339 2611 2375 :
2643 2320 2826 2377 Estote
2853 2331 3027 2378 autem
3054 2323 3285 2397 [actores
3312 2327 3477 2393 uerbi,
3525 2339 3582 2384 ot
3615 2346 3726 2385 non
3746 2347 3831 2385 n-

2240 2412 2439 2469 ditores
2466 2422 2673 2469 tantum
2700 2412 2911 2486 (Iacob.
2944 2416 3008 2488 ι).
3043 2415 3185 2475 Hinc
3206 2416 3412 2487 Paulus
3435 2421 3520 2475 ait
3550 2439 3571 2475 :
3603 2422 3734 2479 Non
3753 2441 3834 2478 σιν

2241 2506 2437 2562 ditares
2464 2506 2592 2578 legis
2630 2508 2769 2579 justi
2814 2518 2939 2565 sunt
2994 2510 3140 2581 apud
3195 2510 3402 2580 Deum,
3462 2513 3567 2569 sed
3623 2515 3833 2583 facta.

2242 2596 2369 2668 legis
2401 2598 2839 2669 justiﬁcabuntur
2883 2600 3063 2674 (Rom.
3094 2601 3179 2675 ιι).
3212 2601 3272 2658 In
3299 2603 3638 2677 Apocalyps’
3660 2617 3832 2665 ante.

2241 2704 2341 2747 sua
2371 2704 2496 2759 cum
2520 2690 2750 2749 dixisset
2772 2691 3010 2753 Joannes
3034 2708 3052 2749 :
3079 2693 3277 2753 Beatus
3292 2696 3387 2766 qui
3411 2695 3544 2766 leg't
3563 2706 3619 2757 α
3633 2700 3735 2766 τά
3747 2712 3838 2755 α»

2238 2782 2373 2837 diuit
2407 2784 2564 2843 verba
2594 2785 2889 2856 prophetia
2930 2787 3093 2857 liuius
3129 2787 3252 2847 libri
3300 2788 3545 2861 (Arms
3572 2800 3636 2847 et
3668 2793 3836 2864 nn),

2232 2872 2493 2943 protinus
2518 2873 2766 2944 adiunxit
2801 2893 2815 2930 :
2851 2883 2900 2941 et
2931 2886 3105 2937 emat
3152 2894 3217 2937 ea
3248 2892 3367 2950 ιμιιε
3407 2879 3470 2937 ἐκ
3506 2878 3610 2938 ια.
3634 2884 3834 2953 ἀἱμα

2238 2974 2364 3021 sunt
2398 2964 2611 3037 (Ibid).
2646 2965 2788 3023 Hinc
2827 2967 2881 3023 in
2929 2968 3225 3040 Evangelia
3264 2970 3543 3029 Dominus
3580 2973 3835 3029 ὂείιεδὲ

2242 3053 2463 3125 diligitis
2483 3072 2587 3124 me,
2616 3057 2871 3125 mandata
2894 3074 3015 3127 meq
3048 3070 3254 3117 seruate
3286 3059 3485 3133 (locis.
3534 3063 3684 3133 xlv).
3714 3063 3835 3121 EI:

2240 3148 2439 3204 iterum
2486 3150 2566 3206 ait
2597 3168 2608 3203 :
2651 3150 2756 3216 Qui
2789 3152 2942 3211 habet
2988 3154 3246 3219 mandata
3272 3170 3432 3221 mea,
3472 3166 3527 3213 et
3562 3167 3831 3221 om“.

2242 3238 2332 3294 ille
2378 3249 2455 3297 est
2481 3242 2571 3312 qui
2615 3240 2788 3314 diligit
2824 3259 2907 3299 me
2945 3243 3178 3316 (μεως
3237 3246 3292 3302 id
3323 3255 3436 3313 est,
3468 3249 3571 3319 qui
3604 3250 3766 3307 habet
3786 3249 3830 3304 in

2235 3332 2503 3406 ~memoria
2527 3340 2583 3388 et
2606 3342 2791 3390 servat
2810 3335 2865 3391 in
2886 3336 3031 3403 vita,
3063 3337 3158 3408 qui
3195 3338 3363 3395 habet
3408 3339 3474 3396 in
3494 3342 3827 3399 semili-

2238 3432 2295 3480 et
2321 3435 2504 3481 servat
2525 3426 2583 3485 in
2604 3426 2886 3495 moribus,
2916 3429 3011 3498 qui
3048 3430 3217 3491 habet
3245 3429 3531 3489 audiendo
3552 3442 3622 3490 et
3669 3442 3829 3492 sunt

2237 3517 2489 3587 faciendo
2515 3559 2531 3585 ,
2572 3527 2667 3575 aut
2701 3519 2795 3590 qui
2834 3519 3001 3576 habet
3042 3521 3294 3579 faciendo
3325 3530 3384 3579 et
3430 3533 3638 3582 servat
3672 3540 3830 3595 pem

2236 3610 2496 3668 verando.
2534 3611 2673 3668 Hinc
2697 3612 2894 3669 iterum
2926 3612 3190 3675 Dominus
3213 3614 3290 3672 ait
3318 3632 3335 3669 :
3369 3614 3487 3682 Qui
3506 3619 3671 3673 audit
3692 3617 3828 3674 verba

2237 3721 2391 3771 mea,
2437 3715 2490 3761 et
2525 3705 2653 3775 facit
2694 3722 2778 3771 ea,
2822 3706 3210 3765 assintilabitur
3262 3710 3377 3763 uiro
3432 3711 3719 3781 sapienti,
3757 3711 3829 3782 ﬁ

2236 3799 2467 3868 tediﬁeat
2508 3800 2724 3857 domum
2778 3816 2930 3859 suam
2987 3817 3149 3870 supra
3197 3811 3435 3873 petram,
3464 3811 3585 3860 de.
3624 3804 3827 3874 (luti.

2236 3889 2359 3961 vn).
2397 3888 2537 3946 Hinc
2563 3890 2761 3948 iterum
2782 3899 2841 3948 et
2864 3892 2979 3962 ipse
3004 3892 3269 3955 Dominus
3292 3895 3428 3951 dicit
3463 3911 3482 3949 :
3512 3892 3655 3951 Non
3680 3898 3831 3952 σ-ιίι

2235 3982 2327 4055 qui
2353 3981 2481 4036 dicit
2510 3983 2661 4050 mihi,
2694 3983 2942 4051 Domine,
2972 3983 3218 4051 Domine,
3241 3986 3468 4045 intrabit
3512 3989 3573 4042 in
3622 4002 3829 4059 regu-

2234 4072 2505 4139 caelorum,
2534 4075 2627 4129 sed
2651 4077 2741 4148 qui
2773 4076 2900 4146 facit
2924 4077 3249 4135 uoluntatem
3280 4075 3467 4134 Patris
3508 4080 3644 4145 mei,
3670 4081 3763 4149 qui
3782 4080 3828 4133 ‘-

2237 4162 2380 4218 celis
2415 4172 2514 4232 est,
2544 4165 2651 4236 ipse
2678 4166 2897 4224 intrabit
2941 4169 2999 4224 in
3036 4184 3254 4239 regnum
3302 4167 3564 4225 octonm
3626 4168 3825 4240 Ubii.)-

2236 4250 2307 4307 Et
2339 4271 2353 4306 :
2393 4252 2563 4311 Amen
2583 4256 2702 4311 dico
2732 4256 2904 4324 vobis,
2953 4259 3001 4315 si
3020 4260 3142 4331 quis
3174 4274 3471 4315 “mortem
3499 4276 3689 4316 non
3732 4275 3829 4315 σοι

2235 4347 2430 4423 paverit
2452 4387 2467 4412 ,
2493 4355 2711 4403 mortem
2737 4366 2843 4404 nou
2871 4350 3061 4409 uidebit
3094 4352 3151 4406 in
3186 4360 3443 4407 (sternam
3464 4350 3667 4425 (ιοη.
3694 4350 3822 4421 ιιι).

547 4416 608 4489 (Ι
630 4416 810 4471 Thess.
847 4416 925 4487 v).
965 4417 1169 4473 Christi
1192 4419 1336 4473 enim
1361 4421 1507 4475 vices
1536 4420 1755 4475 videtur
1778 4420 1944 4478 abbas
1976 4437 2134 4493 agere
2235 4418 2376 4494 Hinc
2400 4455 2499 4495 nos
2523 4455 2622 4511 per
2644 4439 2987 4499 Sulmonem
3015 4442 3276 4501 Doninus
3300 4416 3570 4503 admones
3590 4416 3822 4502 dicens:

543 4506 608 4564 in
646 4509 1008 4575 monasterio,
1064 4520 1118 4565 et
1168 4510 1294 4565 ideo
1329 4512 1695 4567 exhibendum
1747 4522 1832 4569 est
1879 4515 1957 4569 illi
2003 4517 2135 4573 obe-
2236 4525 2349 4583 Fili
2373 4530 2466 4597 mi,
2494 4506 2559 4585 .{e
2586 4531 2909 4590 οωξυξεεανίε
2957 4533 3086 4605 (egi;
3120 4551 3271 4602 ηεαδ,
3300 4544 3352 4591 α
3396 4546 3675 4606 W
3725 4552 3823 4592 ,τι

544 4599 773 4712 flentim
798 4598 1022 4656 bonum.
1065 4597 1125 4656 Si
1169 4602 1317 4656 enim
1342 4642 1357 4668 ,
1396 4610 1458 4657 ut
1479 4603 1659 4669 decet,
1699 4620 1835 4675 opus
1871 4607 1982 4678 agit
2010 4623 2136 4679 per-
2158 4652 2212 4712 Β
2237 4620 2501 4674 custodiat
2547 4637 2640 4676 cor
2693 4631 2861 4677 tuum.
2897 4597 3305 4696 Longitudinem
3338 4597 3479 4680 enim
3780 4636 3824 4681 et

540 4690 773 4761 lectum,
822 4708 1051 4752 necesse
1081 4702 1167 4753 est
1213 4704 1273 4752 ut
1312 4714 1343 4753 a
1390 4698 1619 4755 subditis
1667 4700 1930 4758 imitetur.
1985 4704 2136 4759 Atta-
2158 4690 2211 4712 ³¹
2236 4728 2402 4767 annos
2428 4712 2545 4766 ινὶιω
2566 4752 2582 4778 ,
2633 4721 2681 4768 et
2704 4730 2887 4785 pacem
2911 4690 3171 4788 appme
3206 4717 3302 4773 tibi
3326 4716 3523 4788 (Prov.
3550 4719 3666 4791 ιιι).

540 4797 675 4842 men
695 4784 774 4850 si,
813 4798 914 4856 pro
951 4784 1240 4860 fragilitate
1284 4792 1530 4861 corporis
1570 4801 1663 4847 aut
1693 4794 1861 4849 animi
1892 4795 2130 4852 imbecil-
2233 4803 2433 4860 iterum
2462 4804 2605 4862 idem
2630 4784 2886 4864 Salomon
2906 4784 2989 4865 ait
3017 4827 3031 4865 :
3058 4808 3173 4867 Fili
3192 4810 3287 4876 αἱ,

542 4873 734 4944 litate,
773 4877 918 4948 quod
947 4878 1127 4935 verbis
1160 4883 1422 4952 praedicat
1445 4925 1459 4948 ,
1501 4886 1757 4955 operibus
1794 4883 2017 4959 implere
2045 4904 2132 4944 re-
2229 4910 2397 4960 meos,
2446 4904 2497 4950 et
2524 4907 2788 4970 prwcepta
2839 4917 2957 4956 mea
2987 4901 3208 4959 reconde
3396 4904 3820 4973 «mutandas

528 4974 727 5035 ‘cusat,
765 4970 968 5027 subditi
1001 4972 1144 5042 quod
1172 4976 1418 5045 sequitur
1444 4977 1686 5044 audiant,
1716 4986 1771 5033 et
1796 4989 2131 5052 praeceptum
2232 4999 2350 5041 mea
2374 5024 2390 5052 ,
2417 4994 2465 5040 et
2491 4986 2625 5043 viues
2656 4986 2839 5059 (Prov.
2867 4990 2992 5063 vn).

456 5114 497 5221 ,ἐ
542 5060 766 5119 Domini
789 5063 961 5119 nostri
1008 5061 1136 5120 Jesu
1182 5062 1382 5123 Christi
1433 5064 1594 5125 factis
1649 5070 2020 5141 adimpleant,
2076 5073 2130 5130 id

545 5160 633 5209 est
663 5170 677 5207 :

545 5160 677 5209 est:

616 5243 706 5298 iii.
749 5240 980 5301 Etiamsi
1012 5247 1119 5319 ipse
1150 5247 1307 5304 aliter
1327 5249 1487 5324 (quod
1513 5253 1669 5327 absit)
1694 5264 1840 5326 agat,
1872 5273 2127 5314 memores

482 5396 487 5399 _
536 5332 691 5389 illius
715 5334 976 5393 Dominici
997 5341 1246 5412 praecepti
1262 5357 1279 5395 :
1299 5341 1430 5409 Quae
1455 5345 1633 5400 dicunt
1662 5347 1843 5418 facite,
1890 5368 2007 5423 qua’
2035 5369 2130 5405 au-

542 5432 647 5478 tem
694 5425 934 5494 faciunt,
975 5428 1150 5497 facere
1202 5430 1365 5487 nolite
1394 5431 1620 5507 (Matth.
1674 5435 1772 5511 γι).
1822 5439 1946 5494 Νοη
2001 5440 2128 5495 uelle

683 5525 923 5620 “Mirm
949 5529 1231 5593 antequam
1254 5524 1344 5591 ‘5"
1375 5526 1467 5581 “ed
1499 5528 1646 5599 Ρνίυε
1674 5547 1802 5597 “se:
1825 5549 1927 5603 (1αο
1957 5533 2125 5588 verius
2234 5560 2348 5602 non
2395 5545 2570 5603 solum
2622 5547 2678 5603 in
2706 5514 3050 5620 virginibus;
3070 5514 3702 5614 Q'etwiﬁ—éo'sg;
3699 5514 3822 5614 “in:

478 5590 503 5641 .2,
542 5605 951 5710 dicatur-mum
980 5590 1170 5710 beatus
1204 5590 1410 5675 diceret
1453 5590 1876 5681 Benedictus'n'e
1911 5625 2124 5705 jactan-
3032 5590 3689 5707 ’qu:
3714 5648 3818 5706 CI-

545 5696 798 5808 tLizejitio
818 5715 882 5759 se
910 5706 1231 5808 succumbat
1253 5712 1575 5781 monachus,
1601 5717 1898 5784 prudenter
1921 5733 2045 5773 eum
2073 5702 2127 5776 et
2223 5696 2343 5797 jus“
2361 5696 2817 5800 pulchritudinem
2865 5696 3143 5795 admits;

545 5788 787 5904 Meiter
809 5795 1043 5899 castigat
1082 5806 1137 5855 et
1163 5801 1434 5904 admonet.
1471 5802 1609 5904 Sunt
1637 5807 1783 5861 enim
1811 5808 1975 5879 aliqui
2013 5828 2127 5868 mo-
2223 5788 2387 5893 quam
2418 5821 2643 5894 pulchra
2691 5831 2769 5877 est
2794 5788 2953 5883 casta?

542 5882 711 5941 Baebi
734 5884 826 5955 qui
849 5901 958 5944 non
994 5902 1150 5957 esse,
1187 5893 1284 5949 sed
1309 5894 1416 5949 dici
1440 5895 1663 5963 cupiunt
1688 5901 1881 5956 sancti.
1915 5901 2120 5959 Nomen
2227 5882 2465 5977 virgines
2487 5910 2757 5967 feliciores
2783 5909 2901 5968 fore
2922 5882 2981 5969 in
2994 5882 3109 5971 'vita
3380 5882 3548 5979 gaias
3572 5882 3812 5983 {csum

2311 5093 2401 5150 65.
2440 5092 2746 5153 Castith
2771 5116 2953 5156 amare
2976 5100 3032 5170 (1
3062 5101 3201 5158 Tim.
3234 5100 3312 5175 v).
3337 5098 3586 5162 Cautius
3627 5107 3822 5163 (ﬁcitur

2236 5184 2483 5253 corporis
2511 5192 2568 5239 et
2596 5186 2781 5243 cordis
2802 5187 3162 5261 incorruptio.
3205 5190 3434 5258 Quidam
3464 5202 3657 5251 um
3682 5198 3823 5253 dixe-

2238 5281 2373 5329 runt
2395 5275 2703 5332 castitatem
2727 5291 2850 5333 esse
2890 5278 2949 5334 in
2979 5287 3187 5348 mente,
3226 5282 3601 5353 virginitatem
3626 5285 3691 5341 in
3710 5299 3823 5342 cor-

2234 5380 2399 5438 pore,
2444 5367 2542 5423 sed
2585 5367 2680 5424 illa
2714 5377 2801 5425 est
2842 5385 2973 5427 vera
3007 5381 3063 5429 et
3087 5375 3357 5432 veraciter
3381 5377 3645 5447 castitas,
3707 5394 3820 5450 qua

2234 5471 2339 5513 nec
2363 5465 2599 5512 mentem
2642 5458 2773 5514 sinit
2791 5460 3051 5517 maculari
3069 5503 3085 5527 ,
3116 5476 3218 5521 nec
3246 5480 3443 5536 corpus
3469 5467 3665 5538 pollui.
3695 5468 3820 5537 Qu
