3994 6530
465 398 563 458 ’191

1747 379 2098 446 SMARA'GDI
2129 382 2420 442 ABBATIS

3066 299 3154 309 >""‘
3183 307 3188 310 <
3203 306 3304 316 σι--ο
3321 310 3376 318 ,γ-

3509 420 3530 430 -
3619 390 3740 446 792

537 511 644 570 67..
663 507 960 566 Elationem
982 503 1050 562 'et
1071 502 1390 578 iactantiam
1420 503 1600 577 fugere
1643 502 1816 578 (Psal.
1845 500 2031 572 cxxx).
2058 501 2116 562 Α
2137 504 2251 555 tum
2271 512 2578 570 possumus,
2605 497 2808 557 imitari
2831 511 2955 558 eum
2982 500 3262 560 debemus.
3293 500 3417 575 ipse
3443 502 3602 561 enim
3626 518 3739 574 pro

465 601 646 661 Elatio
668 600 868 656 dicitur
891 597 1152 670 iactantia
1194 597 1392 653 mentis
1415 636 1432 664 ,
1481 605 1539 653 et
1582 596 1806 652 audacia
1833 596 2036 664 cordis,

464 693 804 754 conﬁdentia
813 692 1098 756 virtutum,
1112 689 1198 745 vel
1220 688 1498 744 temeritas
1520 694 1576 745 et
1594 688 1758 743 timor
1769 686 2035 743 cordium.

464 783 586 842 Nisi
615 784 761 844 enim
783 779 1151 853 praecesserit,
1181 785 1242 834 ut
1272 779 1466 834 beatus
1515 777 1594 833 ait
1635 776 1872 832 Isidorus
1891 816 1908 842 ,
1951 790 2042 832 oe-

467 877 616 934 culta
638 874 798 931 elatio
853 871 1050 929 mentis
1075 910 1093 936 ,
1135 884 1244 925 non
1281 869 1526 941 sequitur
1555 875 1740 940 aperta
1779 867 2040 937 iactantia

471 969 663 1025 laudis.
713 965 908 1023 Utilius
952 972 1070 1027 est,
1126 961 1339 1032 inquit,
1392 960 1674 1016 ruentibus
1715 971 2039 1029 quocunque

468 1059 604 1114 vitio
653 1057 794 1121 labi,
849 1063 904 1111 et
931 1053 1162 1110 humiles
1206 1060 1330 1122 post
1356 1066 1540 1107 casum
1570 1051 1680 1106 Deo
1707 1049 1846 1116 ﬁeri,
1876 1064 2040 1119 quam

467 1164 568 1220 per
595 1148 884 1203 elationem
915 1143 1202 1216 superbiri.
1241 1142 1636 1212 Nonnunquam
1663 1140 1879 1212 gemino
1906 1139 2040 1194 vitio

467 1238 811 1296 Christianus
828 1253 859 1291 a
886 1235 1099 1291 diabolo
1129 1235 1400 1306 appetitur
1419 1273 1434 1299 ,
1461 1241 1518 1288 et
1554 1231 1768 1287 occulto
1811 1245 1907 1301 per
1933 1231 2044 1286 ela-

469 1332 692 1396 tionem,
719 1337 770 1386 et
797 1329 1012 1400 publico
1039 1344 1137 1399 per
1161 1326 1459 1382 libidinem.
1486 1323 1594 1379 Sed
1615 1324 1741 1378 dum
1761 1322 1898 1377 vitat
1922 1321 2043 1392 quis

469 1422 780 1484 libidinem,
837 1417 982 1475 cadit
1030 1418 1086 1472 in
1135 1416 1441 1472 elationem.
1498 1414 1631 1469 ltem
1675 1413 1803 1468 dum
1830 1412 2044 1468 incaute

468 1513 705 1569 declinat
731 1510 1019 1566 elationem
1043 1548 1060 1574 ,
1113 1507 1260 1563 cadit
1303 1506 1358 1561 in
1408 1504 1705 1560 libidinem.
1749 1502 1947 1573 Sicque
1974 1518 2044 1561 ex

467 1600 684 1656 occulto
710 1599 959 1655 elationis
990 1597 1126 1652 vitio
1170 1597 1281 1651 itur
1318 1595 1372 1650 in
1401 1602 1650 1664 apertum
1679 1592 1918 1649 libidinis
1941 1633 1957 1657 ,
1989 1599 2047 1648 et

471 1692 538 1766 de
564 1700 751 1763 aperto
778 1689 1018 1746 libidinis
1064 1689 1175 1743 itur
1219 1687 1277 1742 in
1319 1685 1590 1741 occultum
1619 1683 1887 1739 elationis.
1939 1682 2047 1740 Sed

468 1781 568 1835 Dei
615 1796 842 1846 servus,
899 1780 1133 1835 discrete
1180 1785 1470 1845 utrumque
1519 1790 1788 1846 pensans,
1833 1775 1914 1829 sic
1958 1789 2048 1830 ca-

2136 591 2575 662 persecutoribns
2596 591 2710 648 suis
2735 593 2914 648 oravit
2951 593 3136 650 dicens
3160 611 3186 648 :-
3202 593 3388 662 Pater,
3417 597 3639 667 ignosce
3665 595 3739 649 il-

2137 683 2222 750 lis,
2247 685 2373 755 quia
2393 685 2629 740 nesciunt
2653 685 2780 755 quid
2812 685 3014 755 faciunt
3045 685 3199 759 (Luc.
3225 687 3410 760 χχιιι).
3449 687 3525 745 Ut
3551 689 3738 744 simus

2137 790 2266 846 ergo
2293 773 2388 830 lilii
2418 773 2534 845 eius
2561 774 2896 842 imitatione,
2928 777 3069 832 sicut
3085 777 3202 847 iam
3237 779 3415 850 gratia
3447 779 3608 835 ill-ius
3641 795 3742 835 sn-

2137 880 2258 922 mus
2282 866 2600 936 adoptione,
2633 869 2928 923 secundum
2957 866 3076 938 ejus
3109 869 3398 940 imperium
3425 871 3742 941 diligamus

2139 955 2386 1012 inimicos
2407 957 2571 1012 etiam
2595 965 2651 1012 et
2673 972 2890 1014 oremus
2923 973 3022 1029 pro
3052 958 3176 1016 illis.
3204 961 3324 1032 lpse
3356 963 3513 1018 enim
3549 962 3738 1032 impe-

2138 1054 2291 1102 rator
2318 1047 2474 1103 nobis
2500 1048 2772 1119 imperans
2797 1049 2876 1103 ait
2903 1066 2917 1104 :
2948 1048 3164 1120 Diliqite
3208 1051 3455 1106 inimicos
3487 1061 3737 1116 uestros,

2139 1137 2422 1208 benefacite
2447 1138 2528 1193 his
2552 1140 2644 1210 qui
2664 1139 2884 1194 oderunt
2905 1157 3016 1208 vos,
3041 1151 3090 1196 et
3117 1151 3261 1198 orate
3282 1160 3377 1214 pro
3408 1160 3743 1214 persequen-

2139 1231 2277 1285 tibus
2296 1240 2345 1285 et
2365 1228 2806 1287 calumniantibus
2827 1232 3062 1298 vobis,ut
3083 1234 3196 1290 sitis
3214 1233 3313 1304 filii
3335 1233 3528 1290 Patris
3551 1237 3738 1301 uestri,

2139 1321 2228 1392 qui
2241 1321 2296 1374 in
2312 1320 2453 1376 calis
2471 1330 2548 1377 est
2564 1340 2583 1389 ;
2605 1323 2695 1393 qui
2715 1321 2879 1377 solem
2897 1339 3051 1378 suum
3076 1325 3204 1378 oriri
3227 1325 3353 1394 facit
3371 1343 3543 1395 super
3569 1326 3738 1380 bonos

2141 1422 2192 1467 et
2217 1412 2404 1480 malos,
2433 1422 2485 1468 et
2510 1412 2645 1485 pluit
2687 1430 2844 1485 super
2875 1413 3042 1481 iustos
3070 1423 3120 1468 et
3143 1415 3368 1485 injustas
3391 1414 3632 1484 (Matth.
3660 1416 3736 1485 v).

2141 1505 2275 1562 Cum
2295 1505 2440 1577 enim
2475 1506 2735 1562 dixisset:
2765 1503 2834 1561 Ut
2858 1505 2972 1560 sitis
2997 1505 3097 1575 ﬁlii
3136 1505 3314 1561 Patris
3349 1509 3512 1561 uestri
3542 1509 3645 1578 qui
3685 1509 3740 1561 ia

2143 1597 2283 1653 cmlis
2310 1606 2405 1664 est,
2437 1596 2678 1653 addidit:
2707 1596 2798 1669 qui
2835 1595 2996 1652 solem
3031 1613 3185 1652 suum
3220 1598 3348 1668 facit
3385 1599 3524 1652 oriri
3576 1614 3741 1667 super

2145 1689 2304 1744 bonos
2350 1698 2399 1743 et
2438 1688 2637 1754 malos,
2662 1695 2879 1755 etc.,ut
2915 1702 3016 1744 nos
3055 1688 3417 1760 intelligentes
3462 1688 3738 1744 faciamus

2146 1781 2380 1838 inimicis
2407 1781 2605 1838 nostris
2629 1782 2786 1847 bene,
2807 1788 2864 1836 et
2887 1788 3132 1837 nostram
3155 1780 3223 1836 ad
3246 1795 3343 1838 eos
3363 1781 3738 1837 extendamus

467 1878 560 1926 vet
595 1870 874 1926 libidinem
912 1876 974 1926 ut
1021 1883 1132 1923 non
1179 1866 1420 1922 incurrat
1468 1865 1524 1919 in
1580 1863 1871 1920 elationem
1893 1902 1910 1930 ,
1968 1863 2047 1919 sic
2073 1849 2121 1910 Β
2148 1874 2516 1939 dilectionem,
2541 1883 2598 1930 οι
2625 1889 2724 1944 pro
2752 1872 2970 1929 ίιιοι-ιιιη
2998 1872 3169 1928 salute
3200 1872 3499 1928 fundamus
3523 1872 3736 1926 οηιίο.

469 1963 610 2017 vitat
654 1959 944 2016 elationem
968 1965 1028 2014 ut
1079 1972 1189 2014 non
1237 1955 1474 2012 resolvat
1509 1953 1751 2010 animum
1803 1953 1872 2008 ad
1925 1951 2045 2009 libi-

469 2054 671 2109 dinem.

540 2144 629 2200 68.
671 2142 914 2199 Seniores
953 2141 1193 2196 uenerari
1221 2137 1406 2213 (Leuit.
1438 2152 1568 2202 χιχς
1595 2135 1626 2191 1
1655 2134 1792 2191 Tim.
1821 2135 1899 2207 v).
1930 2135 2045 2190 llu-

466 2236 672 2291 militas
691 2236 837 2290 enim
863 2235 1130 2290 bonorum
1153 2232 1492 2288 subditorum
1518 2229 1800 2286 veneratio
1821 2236 1907 2284 est
1938 2228 2047 2283 fra-

467 2335 614 2381 trum
637 2325 931 2380 seniorum.
958 2321 1143 2392 Neque
1161 2321 1306 2377 enim
1331 2321 1542 2376 sincere
1571 2318 1775 2390 poterit
1794 2317 2046 2374 venerari

466 2415 760 2480 seniorem,
785 2413 886 2468 nisi
910 2412 1000 2484 qui
1026 2411 1310 2478 humilem,
1342 2425 1450 2466 non
1480 2410 1740 2466 tumidam
1763 2417 1820 2464 et
1847 2407 2046 2464 elatam

468 2505 722 2561 habuerit
749 2511 1004 2560 mentem.
1031 2501 1322 2558 Veneratio
1360 2501 1505 2557 enim
1547 2501 1824 2556 seniorum
1849 2499 1905 2554 in
1927 2513 2046 2552 ver-

466 2597 554 2653 bis
583 2596 744 2651 debet
772 2610 893 2651 esse
917 2601 975 2650 et
999 2594 1056 2650 in
1080 2592 1242 2649 factis
1268 2611 1283 2647 :
1311 2591 1366 2647 in
1395 2592 1600 2657 verbis,
1627 2599 1688 2646 ut
1715 2590 1765 2646 ei
1797 2604 1968 2661 pauca
1990 2595 2048 2643 et

467 2686 814 2744 rationabilia
841 2685 1006 2741 verba
1032 2683 1313 2740 humiliter
1346 2683 1600 2753 loquatur
1642 2690 1698 2736 et
1736 2697 1860 2736 cum
1887 2694 2045 2735 reve-

467 2781 679 2846 rentia;
713 2779 769 2834 in
799 2778 958 2833 factis
997 2785 1210 2842 autem,
1261 2783 1323 2830 ut
1371 2774 1464 2830 illo
1513 2779 1829 2828 transeunte
1862 2770 2048 2841 iunior

465 2879 680 2942 surgat,
708 2870 800 2926 illo
827 2870 1026 2926 iterum
1048 2867 1275 2936 iubente
1302 2865 1519 2930 sedeat,
1553 2863 1644 2919 illo
1671 2863 1928 2931 loquente
1951 2875 2048 2915 au-

462 2966 624 3022 diens
653 2973 854 3032 taceat,
879 2963 1235 3035 interroganti
1272 2959 1551 3016 humiliter
1579 2956 1935 3029 respondeat,
1958 2953 2048 3023 iu-

464 3055 615 3111 benti
643 3054 880 3120 obediat,
909 3051 1213 3109 transeunti
1239 3048 1498 3106 inclinato
1523 3047 1701 3118 capite
1720 3045 2048 3102 beneﬁctio—

464 3161 595 3202 nem
622 3145 901 3202 humiliter
928 3151 1097 3216 petat,
1124 3151 1181 3198 et
1205 3141 1261 3198 in
1283 3141 1537 3196 omnibus
1556 3179 1571 3206 ,
1595 3138 1687 3194 ubi
1713 3135 2047 3192 rationabili-

2145 1980 2292 2032 nem,
2329 1974 2391 2021 ut
2416 1965 2508 2036 qui
2538 1964 2634 2020 ﬁlii
2664 1964 2760 2020 Dei
2789 1964 2906 2035 iam
2934 1963 3064 2020 facti
3110 1978 3297 2020 sumus
3331 1979 3436 2034 per
3483 1962 3736 2033 adoptio-

2145 2071 2289 2120 nem,
2317 2053 2610 2110 eﬁiciamur
2629 2061 2684 2110 et
2701 2055 2816 2109 nati
2836 2067 2934 2125 per
2957 2053 3340 2110 imitationem.
3367 2051 3624 2109 Christus
3641 2071 3730 2124 pro

2146 2147 2292 2202 nobis
2335 2162 2519 2217 passus
2564 2153 2673 2211 est,
2710 2145 2787 2200 ait
2814 2144 3089 2215 apostolus
3110 2144 3335 2209 Petrus,
3366 2145 3527 2200 nobis
3567 2145 3732 2199 relin-

2145 2254 2305 2311 quens
2336 2236 2646 2309 exemplum,
2691 2245 2750 2291 ut
2790 2252 3073 2308 sequamur
3103 2237 3319 2308 uestigia
3356 2236 3478 2306 ejus
3510 2235 3564 2307 (1
3587 2236 3730 2290 Patr.

2145 2330 2232 2400 ιι).
2264 2326 2418 2394 Quod
2445 2341 2554 2382 non
2583 2326 2756 2382 solum
2786 2331 2855 2382 de
2891 2326 3145 2398 passione
3166 2365 3182 2392 ,
3209 2326 3305 2382 sed
3328 2333 3387 2382 et
3422 2326 3497 2380 de
3529 2325 3732 2381 inimici

2146 2417 2455 2484 dilectione,
2483 2425 2538 2474 et
2561 2431 2661 2488 pro
2685 2416 2766 2474 eis
2798 2415 2942 2472 facta
2967 2415 3227 2474 debemus
3261 2415 3582 2489 intelligere
3605 2432 3732 2471 ora-

2146 2511 2313 2567 tione.

2218 2601 2307 2655 7l.
2341 2599 2472 2655 Cum
2497 2599 2922 2656 discordantibus
2945 2607 3065 2655 ante
3093 2597 3219 2654 solis
3257 2613 3509 2653 occasum
3544 2599 3601 2652 in
3643 2614 3735 2667 pa-

2146 2709 2258 2747 cem
2296 2692 2469 2746 redire
2511 2690 2856 2768 (Ephes.1v).
2887 2687 3040 2746 Sicut
3061 2691 3151 2761 pia
3179 2697 3356 2744 mater
3387 2687 3632 2754 Ecclesia
3661 2687 3734 2741 ab

2146 2781 2398 2838 omnibus
2431 2780 2572 2836 male
2605 2780 2912 2838 viventibus
2959 2780 3074 2836 sive
3121 2779 3398 2836 haereticis
3441 2781 3724 2851 premitur,

2148 2873 2244 2930 sed
2288 2880 2472 2929 tamen
2517 2887 2614 2928 eos
2646 2870 2715 2927 ad
2762 2886 2822 2928 se
2847 2871 3129 2927 venientes
3171 2869 3413 2943 benigna
3458 2870 3735 2927 charitate

2149 2965 2523 3037 amplectitur;
2553 2964 2630 3019 ita
2657 2970 2717 3018 et
2745 2977 2848 3019 nos
2871 2975 3223 3033 quoscunque
3260 2960 3526 3018 inimicos
3570 2961 3737 3017 susti-

2149 3070 2362 3122 nemus,
2394 3061 2734 3112 revertentes
2762 3055 2831 3110 ad
2855 3069 2954 3110 nos
2981 3060 3230 3110 materna
3270 3053 3590 3110 imitatione
3627 3069 3738 3109 am-

2147 3145 2356 3219 plexari
2394 3145 2578 3202 statim
2611 3146 2897 3209 debemus,
2942 3143 3070 3216 quia
3115 3143 3208 3215 qui
3251 3142 3486 3199 fratrem
3531 3145 3739 3202 tardius

463 3246 554 3294 ter
593 3251 683 3293 res
712 3197 982 3308 postulai,
1018 3235 1205 3306 iunior
1243 3232 1540 3288 monachus
1575 3229 1775 3285 seniori
1802 3227 2040 3283 obediat.
2071 3197 2116 3261 Ο
2148 3197 2258 3295 ἔξω
2285 3237 2620 3303 ιιθοοηείιίθι,
2640 3236 2812 3292 Deum
2840 3197 3181 3292 simiai-diss
3202 3235 3403 3306 placat,
3425 3235 3576 3292 Hinc
3597 3237 3738 3292 enim

460 3329 609 3386 Hinc
636 3328 835 3387 Paulus
863 3327 1148 3383 Timotheo
1172 3325 1252 3381 ait
1287 3325 1510 3380 dicens:
1545 3322 1816 3378 Seniorem
1864 3336 1927 3374 ne
1968 3321 2050 3374 in-

461 3419 779 3492 crepaveris,
800 3419 891 3475 sed
914 3418 1126 3474 obsecra
1146 3425 1204 3472 ut
1223 3413 1438 3470 Patrem
1458 3413 1511 3485 (Ι
1527 3412 1663 3468 Tim.
1678 3412 1756 3484 v).
1774 3411 1873 3467 Et:
1894 3409 2046 3477 Filii,

460 3509 668 3566 obedite
683 3508 982 3581 parentibus
1003 3507 1184 3563 vestris
1204 3505 1261 3560 in
1285 3504 1508 3560 Domino
1531 3500 1755 3574 (Coloss.
1787 3501 1893 3572 ιιι).
1911 3499 2049 3556 Nam

460 3606 524 3657 et
551 3599 814 3654 Dominus
841 3597 1124 3653 descendit
1158 3597 1228 3651 de
1263 3593 1607 3650 Hierusalem
1644 3608 1768 3649 cum
1807 3591 2049 3662 parenti-

458 3689 570 3744 bus
597 3688 710 3743 suis
740 3686 798 3742 in
823 3685 1126 3751 Nazareth,
1155 3694 1204 3740 et
1227 3692 1340 3738 erat
1371 3683 1609 3738 subditus
1636 3681 1742 3736 illis
1782 3680 1932 3752 (Luc.
1960 3683 2044 3753 ιι).

461 3774 607 3832 Hine
634 3792 733 3848 per
757 3776 1044 3846 quemdam
1075 3774 1376 3845 sapientem
1406 3773 1607 3828 dicitur
1633 3790 1646 3826 :
1678 3771 1749 3826 In
1785 3780 1896 3826 tota
1930 3773 2050 3826 ani-

464 3885 558 3923 ma
618 3876 711 3922 tua
759 3867 883 3920 time
929 3863 1097 3919 Deum
1145 3872 1194 3918 et
1239 3862 1533 3917 sacerdotes
1582 3859 1724 3915 illius
1773 3859 2049 3929 sancti/ica

466 3956 662 4031 (Eccli.
694 3955 814 4026 vn).
843 3955 964 4027 Ipse
1006 3955 1208 4012 iterum
1241 3953 1372 4009 dicit
1400 3971 1413 4008 :
1446 3952 1516 4008 In
1547 3952 1689 4007 omni
1728 3953 1919 4006 virtute
1955 3961 2048 4006 tua

439 4051 628 4124 dilige
653 4069 772 4108 eum
794 4051 885 4123 qui
916 4058 964 4105 te
988 4050 1137 4120 fecit,
1170 4057 1219 4104 et
1245 4049 1514 4102 ministros
1534 4047 1650 4118 ejus
1685 4061 1789 4101 non
1817 4045 2047 4100 derelin-

461 4161 598 4218 quas
626 4143 837 4217 (Ibid.).
868 4141 975 4198 Sed
1015 4149 1073 4198 et
1109 4142 1214 4198 hoc
1261 4139 1608 4204 intuendum,
1659 4153 1728 4195 ne
1760 4145 1979 4208 accepta
2016 4151 2048 4192 a

460 4234 679 4306 iuniore
705 4233 886 4289 senior
907 4230 1214 4288 reverentia
1231 4270 1246 4296 ,
1275 4229 1333 4284 in
1361 4237 1573 4284 tumore
1611 4242 1670 4284 se
1697 4227 1954 4293 extollat,
1995 4234 2050 4282 et

463 4328 548 4384 sic
572 4326 889 4383 scandalum
923 4325 1168 4390 nutriat,
1201 4323 1297 4380 sed
1335 4323 1507 4396 magis
1553 4322 1834 4394 magisque
1863 4335 1922 4376 se
1949 4321 2050 4376 hu-

465 4415 686 4470 milians
706 4455 721 4478 ,
747 4422 808 4468 ut
835 4413 975 4468 ﬁlios
1005 4427 1192 4469 amore
1229 4419 1460 4483 paterno
1505 4411 1726 4480 diligat,
1755 4422 1812 4466 et
1840 4411 1919 4465 ita
1953 4425 2048 4466 eos

2149 3328 2409 3386 Dominus
2432 3328 2508 3383 ait
2533 3347 2546 3382 :
2577 3326 2635 3383 Si
2657 3329 2814 3398 offers
2837 3343 3030 3383 munus
3058 3335 3208 3381 tuum
3247 3326 3319 3381 ad
3346 3325 3558 3392 altare,
3593 3335 3644 3382 et
3671 3327 3740 3382 ibi

2150 3420 2454 3477 recordatus
2486 3420 2649 3490 fueris
2676 3421 2803 3492 quia
2831 3424 2998 3491 frater
3023 3427 3144 3473 tuus
3190 3417 3346 3472 habet
3395 3416 3617 3489 aliquid
3642 3417 3736 3472 ad-

2150 3529 2352 3568 versum
2376 3521 2456 3578 te,
2489 3510 2720 3583 relinque
2756 3511 2830 3566 ibi
2870 3527 3060 3566 munus
3108 3519 3260 3565 tuum
3286 3517 3411 3565 ante
3454 3509 3668 3575 altare,
3693 3519 3738 3564 et

2148 3603 2278 3658 vade
2297 3603 2442 3674 prius
2472 3601 2801 3657 reconciliari
2825 3600 2982 3671 fratri
3009 3611 3120 3667 tuo,
3141 3609 3189 3655 et
3206 3609 3332 3655 tunc
3353 3601 3577 3656 veniens
3615 3603 3740 3671 ole-

2151 3712 2233 3750 res
2260 3711 2450 3751 munus
2489 3703 2637 3749 tuum
2673 3693 2888 3766 (Matth.
2917 3694 2995 3764 v).
3028 3692 3168 3751 Hinc
3209 3692 3414 3749 Paulus
3457 3694 3738 3765 apostolus

2149 3785 2226 3840 ait
2249 3803 2262 3840 :
2290 3784 2614 3849 Irascimini,
2641 3792 2690 3838 et
2719 3783 2880 3839 nolite
2906 3799 3140 3856 peccare.
3163 3781 3258 3839 Sol
3280 3799 3386 3839 non
3410 3785 3631 3839 occidat
3658 3804 3740 3842 su-

2073 3935 2076 3938 ,
2148 3893 2242 3948 per
2266 3874 2600 3930 iracundiam
2641 3883 2866 3929 uestram
2902 3873 3120 3948 (Ephes.
3164 3872 3263 3946 tv).
3309 3873 3447 3930 Hinc
3486 3877 3741 3932 ostendit

2149 3966 2274 4037 quia
2293 3972 2418 4020 ante
2443 3965 2571 4020 solis
2590 3979 2844 4020 occasum
2867 3973 2922 4021 et
2949 3965 3196 4036 culpatus
3221 3965 3464 4034 petendo
3489 3967 3737 4036 recipere

2149 4057 2383 4124 veniam,
2415 4064 2470 4111 et
2498 4056 2659 4112 laesus
2686 4056 2902 4112 laedenti
2930 4055 3252 4112 dimittendo
3267 4055 3431 4111 debet
3454 4056 3741 4127 indulgere

2150 4150 2365 4206 delicta.
2396 4149 2516 4206 Cito
2550 4149 2697 4205 enim
2730 4155 2818 4204 est
2861 4148 3247 4220 ignoscendum
3287 4149 3585 4218 cuiquam,
3615 4150 3742 4204 dum

2148 4241 2363 4296 veniam
2390 4240 2648 4312 postulat,
2678 4240 2808 4311 quia
2832 4239 2968 4295 nihil
3003 4238 3220 4312 proﬁcit
3256 4253 3380 4295 esse
3414 4239 3741 4295 immacula-

2149 4339 2263 4387 tum
2298 4347 2329 4386 a
2351 4332 2528 4402 culpa,
2552 4331 2647 4402 qui
2671 4345 2780 4386 non
2804 4335 2889 4385 est
2907 4336 3130 4401 paratus
3155 4329 3225 4384 ad
3253 4328 3496 4385 veniam.
3525 4328 3736 4386 Crescit

2148 4423 2294 4478 enim
2323 4430 2379 4478 et
2415 4430 2642 4494 augetur
2677 4419 2854 4482 culoa.
2900 4419 3117 4477 ouando
3158 4418 3368 4475 tardius
3413 4418 3739 4475 relaxantur

465 4504 537 4558 ad
577 4501 897 4557 humilitatis
927 4500 1295 4556 obedientiam
1336 4499 1645 4572 compellat.
1678 4498 1831 4556 Unde
1867 4505 1926 4554 et
1956 4514 2044 4555 se-
2071 4550 2126 4610 Β
2150 4514 2392 4572 fraterna
2412 4515 2605 4571 delicia

467 4595 657 4666 quitur
681 4611 696 4648 :

540 4705 630 4761 69.
661 4704 912 4760 Iuniores
938 4705 1174 4778 diligere.
1197 4703 1486 4761 heminam
1521 4703 1667 4761 enim
1705 4703 2049 4762 dilectionem

465 4811 502 4851 a
529 4795 834 4852 senioribus
874 4795 1072 4851 debent
1101 4781 1359 4866 accipere
1388 4793 1658 4864 iuniores.
1684 4795 1859 4853 Unam
1878 4837 1893 4863 ,
1923 4797 2050 4867 quia

464 4885 665 4942 fratres
702 4894 846 4942 sunt.
894 4885 1167 4956 Scriptum
1215 4893 1300 4941 est
1341 4886 1531 4941 enim:
1567 4884 1684 4941 Hoc
1732 4887 2044 4942 mandatum

467 4980 776 5050 accepimus
811 4997 844 5033 a
864 4977 997 5044 Deo,
1025 4988 1080 5033 ut
1101 4979 1191 5051 qui
1221 4977 1391 5049 diligit
1414 4977 1584 5032 Deum
1603 5019 1618 5044 ,
1645 4978 1830 5049 diligat
1860 4988 1908 5032 et
1935 4978 2048 5048 fra-

466 5077 598 5122 trem
628 5085 780 5122 suum
825 5068 875 5141 (I
910 5067 1198 5142 Joan.1v).
1239 5068 1522 5140 Alteram,L
1558 5069 1687 5139 quia
1732 5069 2046 5125 obedientes

465 5160 772 5214 senioribus
814 5159 1091 5214 humiliter
1133 5161 1398 5215 serviunt.
1437 5159 1576 5214 Hinc
1607 5158 1751 5214 enim
1785 5159 2046 5229 scriptum

466 5258 550 5302 est
577 5267 588 5300 :
621 5247 811 5303 Servus
840 5258 1081 5302 sensatus
1107 5249 1174 5304 sit
1203 5249 1296 5304 tibi
1325 5249 1546 5304 dilectus
1569 5249 1722 5320 quasi
1749 5249 1927 5303 anima
1954 5258 2048 5303 tua

466 5341 657 5412 (Eccli.
687 5339 806 5412 vn),
831 5341 984 5411 quasi
1018 5340 1243 5396 fratrem
1281 5341 1362 5396 sic
1388 5357 1512 5397 eum
1544 5349 1734 5396 tracta.
1769 5338 1827 5396 Si
1853 5340 1956 5395 hoc
1980 5341 2050 5396 de

467 5445 646 5497 servo,
670 5439 874 5502 quanto
895 5431 1067 5504 magis
1093 5430 1502 5504 intelligendum
1528 5429 1704 5488 estde
1731 5429 1842 5486 ﬁlio
1861 5438 1915 5486 et
1934 5429 2046 5486 fra-

470 5528 550 5572 tre
585 5519 810 5574 dilecto!

2223 4608 2313 4663 72.
2361 4606 2434 4662 Et
2477 4606 2542 4662 de
2581 4605 2683 4660 Dei
2723 4604 3090 4660 misericordia
3139 4619 3410 4676 nunquam
3452 4605 3743 4676 desperare

2152 4698 2370 4772 (Ezech.
2401 4697 2580 4767 xvm).
2610 4695 2726 4751 Etsi
2754 4695 2901 4752 mille
2939 4696 3049 4752 sint
3084 4702 3342 4766 peccata,
3372 4708 3484 4750 non
3528 4701 3617 4750 est
3646 4693 3741 4748 de-

2153 4791 2478 4862 sperandum
2504 4790 2570 4846 de
2596 4789 2774 4846 venia.
2805 4788 2950 4845 Deus
2973 4789 3119 4844 enim
3140 4796 3197 4844 et
3219 4787 3342 4860 pius
3362 4796 3452 4845 est
3475 4790 3552 4843 ad
3581 4788 3739 4859 igno-

2152 4883 2428 4946 scendum,
2455 4889 2511 4938 et
2533 4882 2874 4952 omnipotens
2909 4881 2976 4936 ad
3005 4881 3343 4938 salvandum.
3370 4880 3611 4934 Tantum
3651 4885 3738 4932 est

2151 4982 2213 5030 ut
2236 4973 2603 5042 unusquisque
2639 4980 2894 5042 peccator
2932 4971 3164 5027 declinet
3209 4987 3242 5026 a
3275 4969 3420 5025 malo
3467 4977 3527 5023 et
3569 4967 3742 5023 faciat

2148 5067 2351 5121 bonum
2380 5061 2552 5136 (Psal.
2597 5064 2806 5133 χχχιι).
2836 5062 3174 5119 Conﬁtentur
3203 5061 3433 5118 Domino
3468 5075 3573 5116 sua
3611 5073 3742 5130 pec-

2149 5163 2290 5221 cata,
2312 5163 2369 5209 et
2395 5152 2689 5209 secundum
2711 5152 2928 5207 modum
2949 5151 3120 5222 culpa:
3142 5149 3306 5206 faciat
3328 5149 3738 5220 paenitentiam,

2151 5248 2277 5318 quia
2304 5245 2480 5301 omnis
2508 5252 2761 5316 peccator
2789 5243 2883 5314 qui
2907 5243 2975 5299 ad
2995 5243 3282 5298 Dominum
3309 5256 3378 5297 ex
3407 5248 3527 5296 toto
3565 5239 3740 5294 corde

2151 5352 2446 5394 conversus
2473 5335 2655 5403 fuerit,
2677 5334 2857 5391 salvus
2881 5335 3006 5402 erit,
3036 5335 3156 5406 ipso
3179 5334 3392 5390 dicente
3413 5332 3506 5403 qui
3532 5345 3738 5402 pecca-

2142 5429 2350 5487 toribus
2379 5427 2492 5483 ait:
2525 5425 2899 5482 Convertimini
2924 5426 2995 5480 ad
3015 5441 3126 5492 me,
3164 5434 3214 5479 et
3240 5423 3374 5479 salvi
3402 5422 3553 5477 eritis
3585 5420 3730 5493 (Isa.

2142 5519 2292 5594 χιι).
2320 5521 2441 5593 Ipse
2467 5521 2662 5576 iterum
2687 5519 2819 5576 dicit
2842 5537 2856 5575 :
2886 5518 3028 5575 Nolo
3051 5527 3270 5574 mortem
3297 5514 3612 5588 peccatoris,
3637 5514 3737 5569 sed

538 5608 625 5662 70.
665 5608 733 5663 In
779 5609 974 5667 Christi
1023 5627 1200 5668 amore
1241 5627 1338 5685 pro
1383 5612 1613 5668 inimicis
1658 5627 1830 5667 orare.
1875 5608 2043 5666 Amor
2144 5623 2203 5668 ut
2226 5621 2560 5669 convertatur
2582 5621 2632 5668 et
2654 5613 2789 5668 vivat
2821 5611 3038 5686 (Ezech.
3068 5627 3204 5667 xvm
3237 5617 3294 5666 et
3324 5605 3548 5674 χχχιιι).
3583 5606 3735 5676 Ergo

465 5698 610 5754 enim
633 5697 832 5756 Christi
863 5701 990 5757 facit
1013 5716 1114 5758 nos
1136 5701 1365 5775 diligere
1387 5703 1688 5767 inimicum,
1721 5699 1854 5757 facit
1878 5701 2042 5756 etiam
2145 5719 2268 5760 cum
2287 5703 2409 5775 pius
2429 5703 2688 5759 Dominus
2711 5718 2821 5761 non
2842 5702 3115 5760 desideret
3143 5707 3376 5756 mortem
3395 5695 3733 5769 peccatoris,

464 5800 522 5847 et
546 5805 704 5851 orare
729 5809 828 5866 pro
857 5793 980 5864 illo,
1009 5795 1138 5867 quia
1175 5795 1222 5852 si
1251 5794 1350 5854 ﬁlii
1371 5795 1498 5868 eius
1523 5809 1745 5861 sumus,
1777 5793 1833 5851 in
1872 5807 2045 5866 quan-
2143 5794 2238 5869 sed
2262 5794 2461 5871 vitam,
2498 5794 2616 5865 ipse
2653 5793 2763 5876 sibi
2803 5793 3192 5856 misericordia:
3237 5789 3442 5848 claudit
3468 5788 3732 5860 ianuam,
