3994 6488
1705 301 2002 321 ἰιι-*διοσηιοῦ

185 382 297 446 793

1221 368 1598 444 Commi
1617 382 1690 442 ιιι
1725 369 1894 443 nec;
1929 379 1988 439 s.
2029 379 2406 444 BENEDICTl.

3327 393 3434 452 794

186 495 283 568 qui
340 493 412 552 ab
463 505 530 551 eo
568 497 916 566 peccatorum
958 493 1174 552 veniam
1199 501 1443 568 recipere
1486 499 1755 568 desperat.
1785 501 1840 563 Α
1861 493 2092 552 refertus
2127 513 2234 553 non
2265 497 2572 556 inﬁrmatur
2599 501 2655 558 in
2681 511 2868 575 pejus,
2898 500 2994 562 sed
3025 488 3243 578 proﬁcit
3269 523 3435 569 sanus

185 584 328 642 Hinc
358 585 553 642 iterum
581 600 682 658 per
705 588 1024 658 prophetam
1054 587 1218 643 dicit:
1253 585 1506 644 Peccator
1543 589 1600 642 in
1625 604 1758 660 qua-

183 692 389 747 cunque
426 675 513 730 die
545 693 820 731 conversus
851 677 1010 747 fuerit
1043 694 1109 732 ea:
1132 687 1240 732 toto
1279 678 1434 733 corde
1462 679 1531 732 ad
1570 679 1756 733 Domi-

182 785 334 834 num,
358 767 549 823 desinit
571 785 682 824 esse
702 779 943 826 peccator
967 770 1182 842 (Ezech.
1212 771 1430 843 χχχιιι).
1464 770 1602 825 Hinc
1632 769 1758 826 Hie-

181 873 444 930 ronymus
470 860 546 915 ait
571 879 584 914 :
609 859 778 916 Nemo
810 861 876 916 de
903 861 1114 918 Domini
1147 862 1477 934 indulgentia
1514 861 1754 929 dubitet,

179 963 346 1006 nemo
374 951 639 1021 desperet.
667 951 750 1008 Ad
773 953 876 1008 hoc
895 954 1039 1009 enim
1065 954 1264 1009 missus
1293 953 1511 1009 advenit
1532 962 1593 1008 ut
1624 968 1756 1023 pec-

178 1049 399 1097 catores
427 1041 745 1098 conﬁtentes
765 1059 873 1099 non
892 1043 1165 1114 perderet,
1196 1043 1290 1099 sed
1319 1043 1570 1098 salvaret.
1585 1041 1757 1099 Nemo

178 1132 250 1188 de
274 1133 620 1191 multitudine
643 1150 865 1191 suorum
883 1136 1134 1206 desperet
1158 1136 1466 1199 criminum,
1489 1135 1614 1206 quia
1633 1134 1756 1204 pius

177 1229 237 1276 et
263 1222 577 1279 misericors
605 1224 867 1281 Dominus
894 1234 1118 1296 paratus
1137 1235 1223 1282 est
1247 1228 1316 1282 ad
1343 1227 1751 1298 ignoscendum.

179 1310 239 1367 Si
273 1313 538 1383 discipulo
566 1329 666 1370 suo
688 1314 851 1370 Petro
881 1331 1053 1386 usque
1081 1315 1386 1387 septuagies
1412 1315 1611 1385 septies
1640 1298 1757 1384 ius-

174 1407 252 1463 sit
287 1409 442 1464 fratri
468 1409 744 1466 dimittere
765 1418 1069 1482 peccatum,
1099 1410 1272 1467 multo
1312 1410 1484 1481 magis
1516 1409 1606 1464 ille
1632 1409 1754 1465 fons

171 1503 396 1572 pietatis
435 1509 491 1557 et
529 1502 874 1573 indulgentiae
895 1517 1069 1573 usque
1095 1503 1246 1559 mille
1282 1501 1482 1557 millies
1517 1498 1750 1556 millein

171 1609 236 1650 se
260 1597 610 1667 peccantibus
650 1604 706 1652 et
741 1596 961 1652 veniam
1002 1597 1312 1668 petentibus
1354 1595 1576 1651 dimittit
1613 1594 1751 1650 deli-

170 1694 343 1741 ctum.
370 1687 490 1758 Ipse
511 1689 847 1745 enim'totius
871 1691 1057 1746 mundi
1079 1690 1213 1746 lavit
1242 1688 1469 1744 crimina
1492 1727 1508 1754 ,
1546 1695 1750 1758 quanto

169 1777 350 1847 magis
373 1778 534 1833 unius
572 1779 806 1835 hominis
834 1779 1038 1836 lavabit
1075 1778 1290 1835 delicta.
1323 1777 1555 1832 Tantum
1581 1786 1666 1833 est
1689 1785 1751 1833 ut

1860 602 2072 660 semper
2094 589 2149 645 in
2177 589 2389 647 melius.

1930 677 2062 744 Qua:
2081 695 2200 733 cum
2224 680 2420 750 fuerint
2445 698 2479 737 a
2508 684 2654 739 nobis
2688 686 2772 741 die
2813 695 3071 761 noctuque
3110 690 3436 748 incessabili-

1857 777 1936 824 ter
1976 771 2288 842 adimpleta,
2341 781 2390 827 et
2433 775 2488 828 in
2523 775 2606 830 die
2649 777 2844 846 judicii
2890 780 3274 852 reconsignata.
3304 783 3435 840 Haec

1856 861 2000 917 enim
2027 864 2393 920 sacratissima
2420 869 2730 936 supradicta
2762 870 2976 926 Domini
3023 882 3292 944 praecepta
3323 891 3424 933 no-

1856 953 1941 1009 bis
1963 957 2215 1023 praesenti
2237 957 2625 1027 consignantur
2647 960 2702 1016 in
2721 962 2854 1027 vita,
2880 971 2939 1018 ut
2961 979 3248 1034 operemur
3269 967 3324 1022 in
3346 968 3432 1024 eis

1856 1053 1912 1100 et
1936 1053 2223 1114 operantes
2251 1049 2621 1106 custodiamus
2661 1049 2773 1105 illa.
2805 1050 3006 1107 lterum
3047 1055 3206 1111 nobis
3234 1057 3290 1111 in
3315 1057 3434 1112 vita

1855 1136 2374 1207 reconsignabuntur
2399 1149 2622 1208 aeterna,
2653 1150 2714 1197 ut
2740 1142 2943 1199 laboris
2964 1147 3135 1201 nostri
3157 1147 3319 1219 digna
3346 1161 3435 1203 re-

1854 1226 2034 1296 cipere
2055 1243 2362 1285 mereamur
2388 1234 2631 1302 prtemia,
2655 1233 2745 1290 illa
2768 1235 3015 1292 videlicet
3039 1253 3157 1307 qua:
3185 1239 3300 1310 ipse
3325 1239 3437 1295 Do-

1853 1319 2033 1376 minus
2062 1322 2327 1391 operariis
2356 1324 2470 1380 suis
2493 1326 2746 1395 promisit
2767 1327 2952 1384 dicens
2977 1345 2990 1381 :
3033 1327 3210 1383 Venite
3233 1331 3302 1383 ad
3325 1347 3431 1397 me,

1854 1427 2032 1467 omnes
2060 1415 2150 1483 qui
2179 1413 2432 1470 laboratis
2477 1425 2527 1470 et
2561 1418 2763 1472 onerati
2800 1419 2955 1485 estis,
2993 1427 3040 1472 et
3071 1434 3163 1489 ego
3200 1419 3439 1487 reﬁciam

1851 1521 1941 1560 vos
1969 1505 2185 1578 (Matth.
2211 1507 2312 1580 χι).
2338 1509 2428 1575 Et,
2459 1508 2659 1576 Venite,
2693 1510 2945 1565 benedicti
2967 1507 3146 1565 Patris
3167 1510 3290 1575 mei,
3319 1527 3442 1580 per-

1852 1596 2006 1666 cipite
2044 1613 2292 1668 regnum,
2335 1600 2474 1670 quod
2519 1601 2664 1655 vobis
2717 1610 2962 1671 paratum
3000 1608 3076 1655 est
3121 1601 3185 1654 ab
3233 1599 3441 1670 origine

1851 1688 2037 1742 mundi
2061 1688 2277 1760 (Matth.
2306 1691 2457 1763 xxv).
2480 1691 2548 1746 Et
2572 1693 2638 1747 de
2663 1708 2770 1762 quo
2793 1691 3081 1763 Apostolus
3107 1693 3357 1748 dicebat:

1921 1775 2028 1831 Illa
2048 1794 2240 1834 merces
2268 1779 2416 1834 nobis
2436 1798 2468 1834 a
2490 1780 2716 1836 Domino
2744 1781 3241 1851 recompensabitur,
3267 1797 3430 1852 quam

168 1845 547 1938 unusquisque
576 1877 926 1925 convertatur
955 1871 1023 1926 ab
1051 1870 1328 1940 impietate
1355 1885 1472 1932 sua,
1506 1876 1562 1924 et
1588 1868 1748 1926 factis
1774 1845 1823 1906 Β
1848 1867 1958 1938 ipse
1985 1871 2242 1938 promisit,
2269 1871 2409 1942 quod
2437 1871 2620 1926 oculus
2650 1889 2754 1927 non
2776 1845 2925 1940 vidit,
2958 1889 3065 1927 nec.
3087 1845 3234 1927 auris
3279 1845 3432 1928 audi-

166 1957 351 2028 dignis
378 1961 710 2030 poenitentia
737 1960 1003 2018 fructibus
1018 1961 1169 2016 vivat
1189 1961 1246 2018 in
1266 1967 1548 2026 aeternum,
1577 1958 1749 2016 hono-

168 2065 295 2106 rum
324 2052 564 2108 omnium
584 2053 788 2109 virtute
815 2052 1073 2109 refertus.

245 2227 383 2284 Ecce
412 2230 524 2285 haec
544 2237 666 2285 sunt
695 2230 1045 2286 instrumenta
1078 2227 1210 2282 artis
1252 2225 1567 2298 spiritualis.
1599 2224 1744 2282 Ecce

165 2321 288 2376 haec
315 2329 462 2388 sunt,
493 2323 642 2388 dicit,
675 2324 730 2378 id
754 2330 860 2391 est,
885 2323 1004 2380 haec
1035 2323 1344 2395 supradicta
1377 2322 1560 2378 divina
1593 2337 1748 2377 man-

162 2409 297 2466 data
331 2427 451 2482 qua:
495 2421 622 2468 sunt
650 2414 864 2486 singula
905 2413 1022 2484 jam
1069 2431 1168 2487 per
1214 2415 1461 2470 ordinem
1497 2413 1748 2484 superius

161 2503 437 2571 exposita.
481 2501 607 2559 Haec
648 2514 776 2560 sunt
813 2506 999 2577 itaque
1027 2507 1387 2562 instrumenta
1428 2505 1562 2560 artis
1589 2505 1749 2576 spiri-

159 2591 314 2646 talis.
341 2593 446 2649 Ars
463 2595 610 2651 dicta
637 2604 740 2662 est,
771 2612 838 2652 eo
863 2589 1009 2667 quod
1036 2598 1172 2654 artis
1193 2599 1481 2669 praeceptis
1516 2598 1746 2669 regulis-

161 2699 273 2756 que
317 2687 607 2741 constricta
653 2689 790 2744 bene
813 2699 869 2744 et
891 2688 1040 2758 juste
1081 2693 1264 2746 ducat.
1299 2689 1454 2746 Sicut
1489 2691 1634 2745 enim
1660 2698 1748 2746 est

161 2790 257 2830 ars
300 2775 635 2845 corporalis,
684 2787 770 2833 est
813 2787 869 2833 et
913 2793 1002 2835 ars
1043 2780 1322 2851 spiritalis.
1358 2779 1466 2836 Sed
1500 2779 1642 2835 sicut
1662 2787 1749 2835 est

161 2867 429 2937 corporali
457 2868 570 2925 vita
599 2870 862 2940 spiritalis
910 2871 1125 2939 melior,
1152 2873 1229 2928 ita
1259 2880 1344 2929 est
1379 2880 1436 2928 et
1472 2886 1564 2927 ars
1591 2872 1738 2942 ejus-

163 2959 290 3014 dem
322 2960 444 3016 vitaa
479 2961 745 3018 subtilior.
778 2963 932 3020 Unde
958 2973 1015 3019 et
1046 2964 1137 3020 illa
1177 2965 1398 3035 paucis,
1448 2965 1564 3020 haec
1611 2979 1745 3022 vero

162 3048 538 3106 instrumentis
574 3051 779 3123 indiget
813 3052 1080 3122 plurimis.
1128 3040 1283 3110 Sicut
1329 3054 1477 3111 enim
1528 3054 1742 3110 instru-

162 3143 344 3192 menta
374 3146 501 3194 sunt
526 3137 804 3195 fabrorum
822 3180 837 3206 ,
865 3141 1193 3212 scriptorum
1223 3141 1310 3197 vel
1349 3141 1578 3197 aliorum
1610 3141 1745 3198 arti-

163 3227 346 3294 ﬁcum,
374 3229 568 3299 quibus
600 3245 736 3301 opus
763 3245 955 3286 eorum
983 3231 1284 3302 perﬁcitur,
1318 3232 1392 3286 ita
1418 3238 1546 3287 sunt
1579 3239 1634 3286 et
1657 3231 1745 3287 in-

160 3328 464 3376 strumenta
491 3323 778 3391 virtutum,
807 3325 1004 3395 quibus
1028 3324 1288 3395 spiritalis
1311 3325 1425 3380 vita
1461 3325 1742 3395 componi-

162 3419 271 3466 tur.
300 3411 413 3467 Nisi
436 3415 795 3485 regendaruin
818 3431 1039 3471 suarum
1079 3423 1135 3472 et
1161 3416 1391 3471 aliorum
1434 3415 1744 3472 animarum

159 3517 254 3557 ars
282 3517 390 3557 non
419 3512 566 3559 esset
586 3503 881 3574 spiritalis,
911 3505 1206 3578 Gregorius
1243 3522 1350 3561 non
1379 3507 1589 3563 diceret
1618 3525 1630 3560 :
1659 3506 1744 3561 Ab

161 3594 428 3664 imperitis
459 3611 586 3668 ergo
608 3599 878 3668 pastorale
902 3601 1276 3672 magisterium
1299 3617 1406 3673 qua
1431 3602 1742 3658 temeritate

160 3687 476 3756 suscipitur,
507 3689 723 3758 quando
762 3705 853 3745 ars
881 3699 965 3747 est
992 3693 1193 3748 artium
1237 3693 1480 3764 regimen
1530 3693 1740 3748 anima-

161 3791 306 3830 rum.
337 3777 476 3833 Hinc
498 3777 695 3835 Paulus
713 3781 987 3852 apostolus
1014 3782 1092 3837 ait
1117 3801 1130 3837 :
1158 3781 1281 3839 Scio
1302 3793 1352 3838 et
1374 3784 1667 3849 humiliari,
1692 3791 1742 3839 et

159 3866 454 3933 abundare,
498 3877 548 3923 et
588 3871 796 3938 satiari,
842 3880 893 3926 et
937 3873 1166 3939 esurire,
1221 3882 1271 3928 et
1309 3876 1587 3945 penuriam
1629 3874 1742 3946 pati

162 3953 330 4027 (Phil.
367 3957 466 4030 iv).
507 3957 634 4015 Hinc
659 3961 805 4016 enim
842 3961 1025 4018 omnia
1053 3964 1234 4020 minus
1261 3963 1604 4020 intuentibus
1627 3980 1738 4020 non

160 4049 411 4105 videntur
437 4065 527 4106 ars
561 4065 680 4107 esse
712 4053 991 4122 spiritalis,
1020 4056 1116 4110 sed
1150 4055 1472 4124 simpliciter
1501 4057 1740 4112 necessi-

162 4149 248 4196 tas
277 4141 522 4197 actionis.
559 4139 666 4198 Sed
715 4143 760 4198 si
809 4158 899 4200 ars
941 4158 1053 4200 non
1089 4151 1254 4212 esset,
1283 4146 1414 4212 scio,
1446 4145 1739 4216 Apostolus

159 4249 270 4289 non
304 4235 560 4301 dixisset;
593 4236 686 4292 sed
712 4251 856 4302 cum,
888 4237 1015 4303 scio,
1049 4236 1207 4303 dixit,
1249 4237 1305 4292 in
1351 4237 1513 4307 hujus
1559 4238 1740 4307 operis

159 4325 392 4381 actionis
423 4335 598 4382 artem
626 4327 804 4384 inesse
830 4328 1242 4384 demonstravit.
1268 4327 1439 4395 Quem
1469 4329 1615 4384 enim
1645 4343 1740 4398 pe-

159 4417 318 4472 nuria
348 4433 447 4474 sua
471 4434 582 4473 non
607 4418 826 4490 frangit,
853 4436 885 4474 a
915 4420 1213 4492 gratiarum
1243 4421 1456 4476 actione
1503 4437 1611 4476 non
1653 4436 1739 4476 re-

161 4505 349 4571 trahit,
374 4506 430 4560 in
459 4521 640 4561 rerum
664 4509 1043 4578 temporalium
1067 4510 1393 4566 desiderium
1415 4526 1523 4566 non
1549 4525 1742 4568 accen-
1760 4542 1816 4604 Β

156 4597 261 4663 dit,
285 4599 388 4652 scit
418 4598 712 4653 humiliari.
743 4599 846 4666 Qui
866 4601 1013 4656 enim
1045 4602 1286 4672 acceptis
1319 4602 1483 4658 rebus
1508 4617 1615 4658 non
1638 4618 1737 4658 ex-

161 4688 388 4754 tollitur,
413 4696 469 4744 et
495 4703 588 4744 eas
614 4689 681 4745 ad
709 4706 868 4745 usum
887 4707 1042 4748 vanae
1073 4692 1258 4764 gloriae
1285 4709 1393 4750 non
1423 4695 1734 4766 intorquet,

156 4793 262 4836 nec
289 4779 434 4834 solus
461 4780 719 4850 possidet,
745 4780 839 4836 sed
870 4797 994 4837 cum
1033 4782 1383 4855 diligentibus
1423 4786 1737 4841 misericor-

159 4871 301 4927 diter
323 4870 534 4936 divfdit,
565 4871 668 4926 scit
697 4871 990 4927 abundare.
1036 4873 1141 4940 Qui
1185 4875 1423 4946 acceptis
1463 4876 1734 4934 alimentis

158 4976 266 5018 non
295 4962 361 5016 ad
390 4961 866 5033 ingurgitationem
892 4965 1098 5020 ventris
1123 4965 1310 5029 utitur,
1343 4965 1438 5022 sed
1468 4966 1537 5022 ad
1574 4983 1732 5038 repa-

159 5053 422 5110 raﬁonem
453 5054 688 5120 virtutis,
717 5055 819 5110 scit
846 5055 1052 5110 satiari.
1097 5054 1197 5122 Qui
1243 5056 1626 5112 alimentorum
1653 5060 1736 5114 in-

158 5147 334 5219 opiam
354 5149 470 5202 sine
491 5148 918 5203 murmuratione
937 5147 1152 5214 tolerat,
1166 5165 1268 5204 nec
1290 5165 1388 5220 pro
1410 5152 1734 5207 necessitate

158 5238 334 5294 victus
356 5240 465 5310 agit
492 5239 696 5308 aliquid
731 5239 872 5293 unde
901 5239 1080 5293 anima
1120 5240 1329 5309 peccati
1357 5239 1611 5310 laqueum
1654 5242 1735 5296 in-

158 5336 359 5397 currat,
392 5330 496 5385 scit
535 5329 766 5384 esurire.
804 5327 976 5396 Quem
1007 5344 1136 5399 ergo
1164 5343 1266 5384 nec
1303 5329 1359 5385 in
1403 5330 1733 5386 abundantia

158 5422 407 5494 superbia
429 5421 623 5487 elevat,
652 5433 754 5475 nec
778 5420 833 5474 in
861 5420 1185 5475 necessitate
1208 5421 1480 5492 cupiditas
1507 5422 1692 5478 irritat
1711 5461 1729 5490 ,

157 5513 309 5571 novit
333 5514 626 5578 abundare,
649 5519 800 5568 novlt
826 5520 882 5568 et
908 5512 1190 5582 penuriam
1219 5513 1354 5583 pati.
1390 5513 1491 5581 Qui
1523 5528 1650 5586 ergo
1677 5515 1732 5573 in

157 5603 516 5676 prosperitate
551 5618 660 5658 non
686 5602 947 5665 elevatur,
975 5602 1032 5657 in
1058 5601 1388 5659 adversitate
1426 5617 1535 5659 non
1585 5603 1732 5662 fran-

159 5695 321 5765 gitur,
351 5694 697 5750 suasionibus
719 5694 788 5749 ad
816 5693 1020 5750 malum
1045 5709 1153 5750 non
1175 5694 1434 5761 trahitur,
1455 5696 1730 5768 vitupera-

159 5787 394 5850 tiouibus
422 5803 453 5845 a
480 5787 623 5846 bono
661 5802 824 5859 opere
853 5802 963 5846 non
993 5797 1300 5855 revocatur,
1331 5786 1562 5859 spiritali
1611 5799 1730 5847 arte

1845 1958 1935 2023 vit,
1959 1975 2052 2013 nec
2078 1959 2136 2014 in
2155 1977 2246 2014 cor
2269 1961 2494 2016 hominis
2517 1964 2771 2029 ascendit,
2797 1981 2914 2035 qua:
2941 1965 3259 2035 praeparavit
3290 1963 3430 2019 Deus

1845 2047 1926 2102 his
1953 2050 2043 2119 qui
2068 2049 2292 2118 diligunt
2321 2067 2440 2104 eum
2468 2050 2520 2120 (Ι
2550 2051 2673 2107 Cor.
2705 2051 2790 2122 ιι).
2818 2051 3037 2122 Οῃῖείηα
3065 2068 3182 2106 vero
3208 2052 3296 2105 ubi
3315 2052 3431 2107 hac

1847 2139 2024 2194 omnia
2048 2140 2325 2211 diligenter
2363 2158 2657 2214 operemur,
2685 2143 2920 2198 claustra
2959 2152 3082 2197 sunt
3119 2144 3432 2198 monasterii

1845 2240 1896 2286 et
1923 2230 2177 2286 stabilitas
2212 2233 2268 2288 in
2305 2236 2719 2305 congregatione.
2756 2229 2801 2288 Α
2838 2233 3088 2290 faciendo
3125 2234 3270 2290 enim
3304 2232 3421 2288 otii-

1847 2324 2011 2391 cium,
2043 2332 2100 2380 et
2119 2326 2188 2381 ab
2213 2324 2389 2382 ocio
2409 2325 2620 2382 oﬂicina
2647 2326 2944 2382 derivatur.
2971 2327 3111 2382 Sunt
3134 2328 3279 2383 enim
3304 2340 3432 2398 ope-

1845 2415 2084 2470 rantium
2129 2415 2432 2483 domicilia,
2482 2424 2539 2472 et
2588 2415 2830 2472 omnium
2879 2415 3268 2471 monachorum
3315 2415 3425 2470 ibi-

1847 2507 1971 2563 dem
2001 2507 2367 2565 habitantium
2394 2509 2649 2564 claustra.
2686 2507 2744 2563 In
2783 2509 2980 2578 quibus
3007 2508 3098 2577 qui
3124 2508 3242 2562 vult
3263 2507 3426 2563 habi-

1847 2604 1996 2664 tare,
2045 2599 2359 2655 ﬁrmitatem
2411 2601 2466 2656 in
2515 2607 2696 2656 mente
2747 2608 2804 2656 et
2861 2600 3212 2656 stabilitatem
3263 2600 3428 2656 debet

1847 2690 2050 2746 habere
2080 2692 2134 2746 in
2165 2691 2612 2764 congregatione,
2643 2705 2712 2746 ne
2740 2691 2930 2761 vagari
2958 2690 3182 2761 incipiat
3214 2705 3312 2761 per
3337 2689 3424 2746 di-

1845 2795 2004 2838 versa
2034 2789 2302 2838 terrarum
2331 2784 2525 2852 spatia,
2554 2790 2648 2838 aut
2673 2783 3063 2854 transmigrare
3088 2770 3156 2837 de
3184 2781 3319 2837 cella
3347 2780 3418 2836 ad

1845 2870 2092 2937 alteram,
2118 2879 2173 2926 et
2199 2873 2264 2928 de
2290 2873 2526 2943 pmpriis
2555 2873 2623 2927 ad
2644 2888 2752 2928 non
2774 2873 2994 2944 prepria
3018 2873 3159 2940 loca,
3189 2880 3246 2928 et
3276 2871 3426 2927 dica-

1845 2967 1937 3015 tur
1961 2961 2028 3017 de
2057 2961 2153 3017 illo
2179 2963 2324 3032 quod
2355 2963 2411 3017 in
2442 2963 2750 3019 Salomonis
2777 2963 2916 3020 libro
2942 2964 3202 3036 scriptum
3222 2961 3428 3018 inveni-

1846 3057 1936 3105 tur
1959 3068 1973 3104 :
2000 3047 2148 3105 Sicut
2175 3052 2305 3116 avis,
2333 3053 2526 3122 inquit,
2560 3055 2944 3124 transmigrans
2969 3054 3034 3109 de
3062 3054 3185 3108 nido
3205 3070 3324 3119 suo,
3348 3053 3426 3108 sic

1845 3141 1925 3196 vir
1947 3140 2242 3213 relinquens
2277 3142 2449 3197 locum
2477 3159 2632 3198 suum
2663 3143 2848 3216 (Prov.
2872 3145 3067 3216 xxvn).
3099 3143 3239 3212 Quid
3274 3143 3422 3199 enim

1843 3245 1946 3301 per
1968 3247 2121 3288 avem
2148 3234 2416 3303 signatur,
2446 3249 2566 3303 quae
2592 3234 2847 3304 relinquit
2875 3235 3056 3289 nidum
3087 3249 3245 3290 suum
3263 3275 3278 3299 ,
3317 3232 3430 3289 nisi

1845 3325 2145 3380 monachus
2185 3325 2279 3395 qui
2321 3325 2580 3395 relinquit
2610 3325 2787 3381 locum
2823 3340 2979 3380 suum
3007 3332 3063 3380 et
3092 3325 3428 3395 propositum

1844 3429 2022 3471 suum.
2046 3414 2237 3471 Melius
2259 3415 2405 3470 enim
2434 3405 2705 3485 relinquat
2725 3415 2926 3469 mentis
2949 3413 3339 3484 vagacitatem,
3369 3420 3429 3468 et

1843 3505 2025 3561 cordis
2059 3505 2293 3562 firmiter
2335 3505 2550 3575 locique
2591 3513 2775 3560 teneat
2821 3504 3199 3570 stabilitatem,
3250 3510 3307 3558 et
3357 3502 3430 3558 ad

1842 3593 2142 3664 perfectum
2166 3595 2324 3650 ducat
2349 3594 2551 3652 bonum
2573 3596 2717 3664 quod
2742 3594 2908 3665 coepit
2934 3609 3116 3665 agere,
3144 3593 3270 3665 quia
3291 3593 3426 3650 scri-

1841 3695 1996 3758 ptum
2021 3696 2142 3745 est:
2174 3687 2299 3744 Non
2327 3690 2419 3759 qui
2447 3690 2785 3754 inchoaverit,
2819 3689 2910 3745 sed
2932 3691 3023 3761 qui
3062 3705 3425 3761 perseverave-

1843 3779 1932 3846 rit,
1956 3778 2132 3836 salvus
2157 3780 2256 3836 erit
2281 3779 2501 3845 (Matth.
2543 3797 2580 3835 χ
2613 3789 2668 3836 et
2696 3781 2870 3838 nivi.
2897 3779 3156 3852 Sequitur
3191 3779 3260 3836 de
3296 3780 3427 3836 obe—

1843 3869 2067 3927 dientia.

2412 3953 2421 3963 ‘
2460 3941 2688 3999 CAPUT
2735 3944 2802 4000 γ.

2413 4031 2491 4086 De
2541 4023 2856 4088 obedientia.

1914 4139 2131 4195 Primus
2145 4139 2458 4195 humilitatis
2483 4143 2679 4212 gradus
2702 4150 2778 4196 est
2799 4141 3090 4196 obedientia
3114 4140 3226 4196 sine
3247 4155 3423 4196 mora.

1842 4228 2118 4297 Quaeritur
2155 4246 2185 4284 a
2214 4231 2466 4300 plurimis
2495 4246 2593 4286 cur
2632 4231 2829 4287 beatus
2871 4230 3194 4286 Benedictus
3232 4231 3289 4286 in
3315 4230 3422 4286 hac

1841 4322 2049 4394 Regula
2076 4323 2211 4378 duos
2236 4321 2562 4378 humilitatis
2587 4322 2788 4394 gradus
2817 4323 3017 4379 dixerit
3041 4338 3162 4380 esse
3181 4323 3421 4395 primos:

1840 4430 2042 4481 unum,
2071 4414 2238 4470 istum
2281 4429 2443 4484 quem
2477 4415 2532 4469 in
2580 4414 2829 4470 manibus
2877 4423 3151 4481 tenemus,
3191 4414 3424 4470 alterum

1839 4523 1992 4574 vero,
2025 4507 2118 4578 qui
2146 4507 2202 4562 in
2231 4505 2564 4561 duodecimis
2602 4505 2858 4577 gradibus
2899 4504 3051 4577 (Cap.
3075 4504 3174 4578 vn)
3203 4505 3426 4576 ponitur

1839 4600 2073 4673 primus.
2107 4598 2216 4654 Sed
2263 4598 2545 4654 sciendum
2589 4605 2673 4652 est
2721 4598 2849 4668 quia
2892 4597 2982 4652 ille
3015 4604 3098 4652 est
3133 4596 3342 4667 primus
3366 4596 3423 4655 in

1841 4691 2029 4756 corde,
2053 4698 2110 4745 et
2143 4690 2246 4745 iste
2274 4689 2484 4759 primus
2510 4688 2564 4742 in
2595 4686 2828 4742 actione.
2857 4686 3010 4743 Sicut
3038 4686 3182 4742 enim
3214 4685 3305 4742 ille
3338 4693 3425 4743 est

1839 4783 2049 4854 primus
2076 4783 2133 4835 in
2160 4782 2381 4847 ordine,
2430 4781 2507 4834 ita
2543 4779 2812 4835 secundus
2845 4779 2902 4835 in
2941 4778 3298 4851 cogitatione,
3327 4792 3423 4832 γοα

1839 4873 2066 4937 luntate,
2097 4872 2366 4927 desiderio
2381 4879 2436 4926 et
2458 4871 2832 4926 conversione.
2857 4871 2962 4927 Iste
2987 4878 3185 4935 tamen,
3214 4869 3306 4940 qui
3330 4869 3421 4924 hic

1837 4966 2056 5036 ponitur
2089 4964 2320 5034 primus,
2346 4963 2455 5018 illic
2482 4962 2757 5018 invenitur
2781 4963 2836 5018 in
2859 4963 3049 5018 ordine
3077 4976 3194 5017 esse
3229 4976 3423 5016 secun-

1840 5055 1962 5110 dus.
1996 5054 2090 5110 Sic
2126 5055 2274 5109 enim
2318 5053 2450 5108 dicit
2493 5053 2549 5107 in
2595 5053 2736 5108 isto:
2770 5051 2836 5109 lii
2880 5053 3016 5107 tales
3056 5050 3420 5122 relinquentes

1837 5147 2024 5203 statim
2059 5161 2180 5217 quae
2205 5160 2302 5201 sua
2333 5153 2479 5209 sunt,
2504 5152 2560 5199 et
2587 5144 2918 5200 voluntatem
2945 5144 3221 5215 propriam
3261 5143 3419 5198 dese-

1838 5246 2042 5304 rentes,
2069 5239 2216 5292 illam
2237 5237 2450 5293 Domini
2475 5237 2757 5292 imitantur
2779 5236 3102 5292 sententiam
3122 5250 3229 5306 qua
3255 5235 3414 5291 dicit:

1839 5327 1965 5384 Non
1989 5329 2101 5383 veni
2131 5329 2306 5399 facere
2333 5326 2649 5383 voluntatem
2671 5343 2862 5392 meam,
2883 5327 2974 5380 sed
2997 5326 3112 5396 ejus
3141 5326 3233 5397 qui
3273 5326 3417 5380 misit

1837 5436 1921 5475 me
1943 5419 2123 5493 (Joan.
2153 5435 2189 5475 v
2219 5428 2267 5475 et
2296 5419 2396 5492 vx).
2435 5419 2494 5475 In
2521 5419 2611 5475 illo
2640 5434 2770 5476 vero
2807 5417 2937 5473 dicit
2961 5436 2974 5471 :
3007 5417 3288 5474 Secundus
3315 5417 3419 5479 hn-

1838 5511 2084 5568 militatis
2109 5511 2309 5584 gradus
2331 5520 2434 5580 est,
2464 5513 2507 5568 si
2536 5511 2809 5582 propriam
2825 5511 2950 5579 quis
2971 5525 3080 5566 non
3103 5525 3296 5574 ornans
3321 5534 3419 5574 vo.
3506 5543 3512 5551 -

1835 5601 2099 5660 luntatem
2114 5603 2380 5660 desideria
2403 5617 2500 5659 sua
2520 5616 2628 5656 non
2653 5600 2950 5656 delectetur
2963 5600 3208 5678 implere,
3225 5623 3414 5665 vocem

1837 5699 1984 5755 illam
2009 5699 2224 5756 Domini
2247 5698 2408 5755 factis
2430 5696 2671 5751 imitetur
2700 5694 2974 5757 dicentis:
3010 5701 3137 5757 Non
3175 5703 3289 5757 veni
3327 5701 3414 5772 fa-

1836 5810 1950 5851 cere
1977 5793 2292 5853 voluntatem
2315 5806 2506 5858 meum,
2534 5789 2624 5848 sed
2667 5795 2781 5863 ejus
2821 5795 2912 5866 qui
2952 5795 3091 5850 misit
3131 5812 3233 5851 me.
3269 5793 3410 5852 Ecce

3394 3929 3493 4006 ιηπ(
3541 3934 3620 4006 97:

3392 3991 3408 4030 ί.
3476 3991 3672 4052 ist?"
