3994 6466
276 428 380 503 ⁵1θῖ

1302 436 1657 505 (ΞΟΠΕΝΤ.
1697 438 1765 499 ΙΝ
1800 434 1961 499 REG.
1996 438 2054 498 S.
2094 432 2474 499 BENEDICTI.

3410 431 3514 497 798

281 556 507 625 Domino
549 560 957 632 commendare,
1004 558 1228 620 audiant
1264 556 1556 629 Dominum
1584 547 1930 621 (liuentem;
1951 556 2032 611 sic
2073 555 2367 627 composita
2398 571 2412 610 :
2442 562 2503 610 ut
2528 568 2624 627 per
2669 555 2815 611 viam
2866 557 3172 625 angustam,
3221 557 3277 609 et
3308 559 3516 609 arctam

282 657 421 733 quod
453 659 695 729 sequitur

346 742 419 804 Et
442 749 632 804 iterum
653 747 779 803 dicit
806 746 1107 803 aoctoribus
1124 761 1143 799 :
1163 743 1267 812 Qui
1287 761 1374 801 vos
1394 742 1563 810 audit,
1587 758 1669 797 me
1699 740 1849 797 audit

279 839 425 918 (Luc.
452 839 533 913 ι).
562 840 851 896 Dominum
879 839 1024 895 enim
1045 837 1345 910 probantur
1367 837 1579 899 audire,
1622 834 1718 906 qui
1749 832 1847 890 do-

278 935 518 992 ctoribus
547 934 615 993 ad
657 933 1016 990 obediendum
1041 932 1220 988 cordis
1250 918 1521 986 inclinant
1546 942 1762 995 autem,
1793 934 1850 983 et

275 1025 591 1085 obedientiaa
629 1041 739 1087 sua:
779 1040 809 1079 a
851 1023 1081 1081 Domino
1109 1022 1374 1095 recipient
1415 1020 1721 1077 mercedem
1756 1018 1849 1091 qui

274 1118 573 1176 senioribus
604 1134 712 1174 non
747 1116 967 1173 tardant
991 1113 1270 1171 humiliter
1299 1113 1541 1170 obedire.
1580 1111 1682 1180 Qui
1718 1124 1849 1183 ergo

272 1210 433 1268 talem
460 1219 740 1269 merentur
766 1210 968 1266 habere
989 1207 1169 1281 operis
1195 1206 1279 1263 sui
1321 1206 1725 1271 retributorem,
1753 1218 1849 1259 ne-

272 1319 419 1361 cesse
439 1310 527 1364 est
552 1309 614 1359 ut
641 1315 855 1374 semper
879 1298 1132 1357 obediant
1156 1314 1279 1355 cum
1305 1313 1503 1370 magna
1526 1295 1707 1354 cordis
1735 1295 1850 1355 ala-

270 1397 480 1457 critate.
512 1395 589 1451 De
616 1396 811 1469 quibus
836 1401 891 1450 et
918 1391 1205 1449 subditur:

333 1487 477 1561 Ergo
507 1484 586 1541 illi
611 1485 740 1541 tales
772 1484 1119 1557 relinquentes
1145 1483 1326 1538 statim
1352 1497 1471 1553 qua:
1498 1498 1595 1536 sua
1624 1488 1767 1548 sunt,
1797 1488 1847 1535 et

266 1572 581 1635 voluntatem
605 1579 875 1649 propriam
895 1576 1207 1641 deserentes,
1234 1590 1356 1629 mox
1382 1575 1712 1647 exoccupatis
1734 1592 1849 1630 ma-

267 1667 439 1735 nibus,
470 1666 681 1740 etquod
706 1665 928 1739 agebant
957 1663 1314 1737 imperfectum
1355 1663 1733 1735 relinquentes,
1771 1664 1848 1719 vi-

264 1760 379 1816 cino
408 1759 713 1817 obedientia:
739 1757 869 1830 pede
885 1755 1121 1828 jubentis
1145 1771 1321 1810 vocem
1349 1755 1505 1826 factis
1537 1763 1841 1826 sequuntur.

260 1849 328 1911 ili
373 1850 631 1907 nimirum
670 1864 791 1921 qua:
828 1860 925 1904 sua
956 1852 1082 1903 sunt
1123 1845 1451 1915 relinquunt,
1497 1845 1589 1915 qui
1621 1854 1846 1919 propter

1950 645 2244 702 ascendant
2277 645 2427 702 electi
2457 646 2524 701 ad
2553 646 2675 725 coeli
2708 645 3024 702 latissimam
3046 643 3295 715 patriam,
3328 651 3383 699 et
3416 632 3517 714 per

1949 734 2093 790 viam
2121 734 2353 806 amplam
2379 743 2543 805 atque
2583 734 2901 791 latissimam
2941 733 3270 792 descendant
3304 730 3516 805 reprobi

1951 827 2019 881 ad
2048 824 2249 881 Averni
2288 825 2672 897 angustissima
2697 824 2959 891 claustra;
2986 840 3087 898 per
3109 825 3215 881 iter
3242 827 3383 881 enim
3417 841 3516 882 an-

1949 916 2319 989 gustissimum
2337 918 2555 973 veniunt
2571 920 2739 975 sancti
2766 920 2832 975 ad
2856 919 3246 990 amplissimum
3266 933 3515 992 regnum,

1950 1014 2005 1063 et
2028 1022 2125 1077 per
2145 1009 2247 1063 iter
2289 1008 2524 1078 amplum
2551 1008 2619 1064 ad
2654 1010 3093 1080 angustissimum
3122 1010 3292 1081 iniqui
3317 1025 3517 1082 perve-

1949 1099 2105 1154 niunt
2138 1100 2471 1155 barathrum.
2503 1098 2741 1156 Mutatur
2759 1101 2903 1156 enim
2933 1109 3145 1173 tempus
3166 1102 3415 1174 malignis
3437 1100 3519 1155 di-

1946 1192 2183 1258 vitibus,
2221 1200 2459 1248 mutatur
2505 1200 2562 1248 et
2599 1193 2801 1249 sanctis
2833 1193 3178 1263 pauperibus.
3211 1192 3320 1250 illis
3352 1200 3412 1248 ut
3450 1192 3518 1249 de

1950 1283 2185 1355 spatiosa
2208 1284 2503 1356 voluptatis
2524 1285 2613 1340 via
2641 1286 2708 1341 ad
2746 1292 3001 1356 angustas
3022 1284 3216 1342 inferni
3239 1292 3519 1342 transeant

1945 1389 2168 1447 poenas;
2214 1376 2304 1432 isti
2337 1384 2398 1432 ut
2422 1376 2487 1431 de
2518 1377 2773 1449 prtesenti
2802 1375 2981 1432 saeculi
3010 1377 3258 1448 angustia
3283 1377 3352 1432 ad
3393 1375 3518 1433 cteli

1946 1458 2269 1521 latissimam
2295 1474 2455 1537 atque
2476 1467 2833 1523 clarissimam
2864 1475 3139 1523 transeant
3164 1467 3408 1539 gloriam.
3438 1466 3518 1522 illi

1945 1560 2009 1607 ut
2035 1553 2101 1609 de
2124 1554 2273 1610 molli
2298 1563 2354 1610 et
2378 1556 2637 1612 dissoluta
2660 1556 2747 1612 via
2771 1556 2839 1613 ad
2858 1565 3143 1628 angustum
3159 1557 3519 1613 immittantur

1948 1651 2247 1711 tartarum;
2303 1645 2393 1700 isti
2443 1654 2504 1700 ut
2541 1645 2609 1702 de
2649 1655 2876 1719 angusto
2910 1656 2966 1704 et
2992 1646 3228 1704 violento
3275 1646 3519 1719 corporis

1947 1744 2070 1793 actu
2096 1738 2163 1793 ad
2215 1738 2450 1808 amplum
2478 1735 2601 1796 cteli
2630 1748 2911 1795 transeant
2955 1754 3200 1810 regnum.
3242 1737 3379 1795 Hinc
3407 1738 3518 1795 Do-

1944 1829 2125 1886 minus
2150 1830 2227 1885 ait
2261 1848 2275 1885 :
2306 1828 2540 1901 Regnum
2588 1830 2834 1886 actorum
2859 1831 2962 1897 uim
2990 1830 3210 1902 patitur,
3233 1839 3280 1885 et
3309 1829 3519 1885 violenti

261 1942 488 1999 aliorum
517 1918 827 2006 utilitatem,
860 1952 1013 1993 suam
1042 1934 1419 2006 imperfectam
1441 1918 1757 2001 dimittunt,
1790 1942 1839 1992 et

1948 1921 2160 1992 rapiunt
2185 1921 2319 1976 illud
2351 1921 2566 1993 (Matth.
2593 1925 2693 1994 ιι).
2723 1918 2842 1977 Non
2894 1922 3037 1977 enim
3091 1921 3183 1992 qui
3211 1918 3442 1976 molliter
3462 1926 3519 1975 et

258 2031 378 2113 plus
408 2028 671 2103 proximis
694 2042 857 2100 quam
885 2027 985 2084 sibi
1020 2027 1239 2099 placere
1264 2024 1614 2082 contendunt.
1647 2024 1716 2080 Et
1736 2041 1844 2082 non

257 2112 529 2194 propriam
555 2120 904 2182 voluntatem,
929 2116 1025 2173 sed
1037 2117 1212 2189 magis
1231 2115 1601 2187 proximorum
1622 2115 1847 2185 implere

255 2219 538 2268 conantur.
586 2206 655 2264 Et
694 2222 823 2263 mox
855 2205 1201 2277 exoccupatis
1239 2202 1521 2270 manibus,
1566 2202 1618 2260 id
1665 2212 1783 2271 est,
1814 2221 1847 2261 a

240 2295 467 2357 cunctis
495 2297 753 2370 operibus
784 2294 981 2367 quibus
1007 2292 1392 2364 operabantur,
1437 2290 1751 2362 disiunctis,
1789 2300 1847 2349 et

255 2391 325 2450 ab
350 2388 601 2450 omnibus
625 2387 929 2467 actionibus
956 2387 1244 2458 separatis,
1269 2384 1356 2441 vel
1386 2386 1674 2457 expeditis,
1700 2389 1845 2457 quod

253 2484 484 2557 agebant
512 2482 890 2553 imperfectum
915 2479 1316 2551 derelinquunt.
1339 2474 1572 2550 Propter
1588 2478 1846 2537 obedien-

255 2572 348 2632 tiae
372 2572 515 2632 enim
538 2574 929 2647 perfectionem
960 2571 1202 2628 omnium
1238 2570 1466 2628 aliorum
1495 2572 1638 2628 actio
1678 2572 1844 2628 relin-

253 2665 470 2735 quenda
493 2670 574 2721 est
597 2680 845 2736 operum,
861 2664 986 2734 quia
1002 2663 1175 2741 magis
1197 2660 1376 2733 placet
1396 2663 1509 2719 Deo
1530 2662 1842 2721 obedientia

240 2770 418 2831 quam
441 2754 681 2810 victima.
720 2753 1039 2811 Obedientia
1071 2754 1271 2825 quippe
1310 2752 1546 2808 victimis
1573 2754 1842 2824 praeponi-

250 2853 362 2912 tur,
394 2847 519 2916 quia
543 2861 643 2916 per
664 2846 918 2903 victimas
946 2845 1121 2902 aliena
1154 2861 1313 2913 caro,
1352 2860 1452 2917 per
1477 2846 1840 2902 obedientiam

242 2948 382 2993 vero
409 2937 663 2993 voluntas
696 2937 918 3008 propria
955 2944 1247 2993 mactatur.
1294 2936 1484 2994 Vicine
1515 2937 1839 2994 obedientize

246 3028 388 3101 pede
408 3024 653 3100 iubentis
679 3045 869 3085 vocem
892 3026 1050 3086 factis
1072 3037 1390 3101 sequuntur.
1417 3030 1715 3103 Propterea
1743 3047 1839 3102 ap-

247 3120 577 3192 propinquat
607 3134 703 3191 pes
728 3119 1071 3186 obedientiac,
1116 3128 1178 3176 ut
1226 3119 1549 3177 festinanter
1578 3137 1831 3189 currere,

172 3202 176 3206 ’
250 3220 310 3269 et
333 3211 475 3283 quod
510 3212 562 3268 ei
599 3211 901 3286 iniungitur
926 3213 1191 3269 velociter
1211 3220 1266 3270 et
1296 3210 1417 3271 sine
1442 3215 1695 3272 tarditate
1715 3230 1836 3287 pos-

1947 2011 2203 2067 dissolute
2244 2012 2453 2078 vivunt,
2507 2012 2601 2067 sed
2649 2027 2875 2083 regnum
2925 2010 3021 2066 Dei
3058 2012 3300 2081 possidet
3328 2012 3375 2067 is
3424 2009 3518 2083 qui

1943 2118 2045 2175 pro
2074 2103 2167 2158 illo
2207 2104 2440 2159 viriliter
2464 2104 2592 2174 agit.
2634 2101 2774 2158 Hinc
2798 2104 2991 2160 beatus
3011 2098 3372 2177 Hieronymus
3397 2102 3515 2187 ait}:
3622 2128 3631 2133 ι

1943 2192 2080 2263 Lata
2106 2194 2192 2250 via
2232 2204 2316 2252 est
2346 2195 2528 2251 saeculi
2564 2195 2831 2267 voluptas,
2867 2210 3030 2267 quam
3058 2205 3317 2268 appetunt
3344 2193 3520 2253 homi-

1944 2302 2077 2354 nes;
2125 2295 2351 2359 angusta
2378 2304 2498 2359 qua:
2522 2303 2623 2359 per
2647 2289 2862 2346 labores
2910 2296 2967 2345 et
3005 2289 3210 2362 jejunia
3237 2289 3517 2362 panditur.

1946 2374 2053 2435 Sed
2101 2395 2201 2450 per
2254 2380 2420 2437 latam
2462 2380 2615 2437 multi
2669 2382 2965 2451 ambulant,
3014 2391 3299 2457 angustam
3337 2390 3519 2438 autem

1917 2471 2100 2541 ~pauci
2127 2470 2425 2526 inveniunt.

2017 2556 2085 2616 Ut
2111 2578 2215 2617 non
2237 2580 2334 2618 suo
2367 2563 2584 2619 arbitrio
2606 2564 2849 2620 viventes.
2880 2563 3247 2622 Periculosum
3270 2570 3355 2620 est
3371 2562 3517 2621 enim

1940 2654 2209 2711 monacho
2239 2669 2336 2712 suo
2385 2657 2605 2728 proprio
2631 2656 2816 2715 vivere
2838 2654 3085 2725 arbitrio,
3127 2672 3195 2712 ne
3215 2655 3353 2712 forte
3379 2655 3523 2711 dicat

1933 2756 2062 2801 esse
2083 2745 2286 2803 bonum
2314 2747 2457 2817 quod
2485 2747 2553 2803 ab
2582 2732 2704 2804 aliis
2747 2764 2854 2803 non
2879 2746 3102 2816 bonum,
3129 2748 3224 2807 sed
3241 2746 3521 2817 judicatur

1941 2844 1996 2893 et
2019 2844 2103 2892 est
2128 2837 2351 2892 malum.
2399 2838 2468 2894 Et
2507 2839 2634 2894 dum
2674 2852 2735 2895 se
2767 2846 2921 2911 putat
2967 2854 3063 2911 per
3092 2847 3298 2896 rectam
3335 2828 3522 2899 videtis

1939 2944 2161 2986 currere
2201 2930 2367 2996 viam,
2394 2930 2449 2985 in
2489 2928 2805 2987 damnosam
2832 2944 3009 2988 caecus
3038 2930 3241 2986 incidat
3288 2928 3519 2999 foveam,

1940 3019 2083 3075 sicut
2135 3020 2397 3092 scriptum
2438 3028 2562 3076 est:
2592 3018 2689 3076 Est
2718 3023 2804 3076 via
2849 3036 2965 3093 qua!
2992 3022 3194 3076 videtur
3228 3019 3521 3076 hominibus

1938 3121 2100 3178 recta,
2132 3111 2220 3166 sed
2247 3112 2529 3167 novissima
2570 3113 2685 3183 ejus
2714 3092 2978 3168 deducunt
3017 3112 3086 3167 ad
3107 3121 3311 3167 tartara
3337 3092 3517 3184 (Prov.

1938 3202 2079 3276 inv).
2111 3202 2181 3258 Et
2219 3211 2505 3275 propterea
2538 3218 2647 3258 non
2679 3222 2692 3258 :
2727 3203 2821 3258 Vel
2847 3204 3121 3259 desideriis
3156 3196 3265 3258 suis
3290 3202 3519 3268 servire,

251 3302 326 3362 sit
349 3300 592 3375 implere.
624 3302 793 3375 Cujus
816 3321 928 3362 non
959 3303 1133 3361 solum
1169 3320 1414 3377 corpore,
1440 3307 1534 3362 sed
1578 3314 1633 3362 et
1675 3300 1838 3363 corde
1864 3305 1910 3370 ρ
1941 3294 2034 3351 sed
2081 3298 2371 3366 praeceptis
2431 3294 2643 3351 Domini
2704 3296 2901 3351 debent
2946 3294 3198 3351 monachi
3244 3294 3522 3352 humiliter

249 3403 339 3451 est
358 3395 644 3466 imperanti
668 3393 973 3452 exhibenda
994 3395 1274 3463 velocitas,
1295 3405 1358 3452 ut
1376 3410 1474 3453 nec
1492 3398 1705 3469 corpori
1728 3406 1839 3453 tar-

252 3482 412 3549 ditas,
440 3500 540 3541 nec
566 3483 715 3540 cordi
759 3482 940 3556 tepida
965 3484 1186 3542 resistat
1212 3485 1479 3543 voluntas.
1507 3486 1615 3544 Sed
1643 3487 1838 3558 juben-

242 3572 325 3630 us
346 3589 536 3631 vocem
561 3574 719 3631 velox
749 3577 963 3633 auditor
1010 3576 1174 3649 digno
1219 3579 1489 3649 compleat
1532 3595 1697 3650 opere
1743 3587 1832 3648 ut,

248 3679 379 3724 cum
404 3671 618 3738 tempus
645 3666 1021 3724 retributionis
1048 3668 1353 3735 advenerit,
1375 3670 1591 3743 dignam
1607 3689 1637 3726 a
1656 3671 1838 3727 Domi-

244 3772 325 3814 no
352 3756 654 3815 mercedem
698 3759 870 3830 possit
915 3761 1183 3831 accipere.
1235 3760 1341 3816 Pro
1372 3760 1525 3831 cujus
1568 3763 1835 3819 mercedis

248 3846 521 3906 desiderio
550 3846 841 3907 efﬁcaciter
877 3851 1020 3923 quod
1065 3853 1313 3924 sequitur
1351 3861 1435 3909 est
1484 3853 1829 3925 implendum.

252 3941 399 4000 Dicit
419 3944 568 4000 enim
591 3962 607 3997 :

322 4033 395 4113 Et
420 4032 579 4089 ueluti
606 4050 711 4089 uno
744 4043 1006 4091 momento
1036 4024 1301 4107 brwdicta
1348 4036 1590 4110 magistri
1634 4040 1830 4110 jussio,

246 4132 299 4180 et
324 4125 555 4197 perfecta
585 4122 829 4197 discipuli
858 4140 1035 4197 opera,
1077 4127 1135 4181 in
1180 4127 1449 4183 velocitate
1498 4129 1702 4183 timoris
1739 4129 1835 4184 Dei

246 4218 423 4274 ambae
446 4233 527 4273 res
548 4216 894 4272 communiter
927 4217 1083 4273 citius
1112 4218 1460 4290 explicantur.
1504 4217 1835 4275 Momentum

246 4316 285 4364 a
309 4303 594 4364 brevitatis
631 4315 877 4377 tempore
914 4316 998 4364 est
1032 4306 1258 4374 dictum,
1296 4323 1361 4364 eo
1395 4302 1539 4380 quod
1590 4306 1645 4364 in
1684 4311 1833 4366 brevi

242 4396 588 4470 ‘c'omplcatur
632 4398 953 4468 obedientite
993 4415 1130 4472 opus
1167 4400 1487 4470 injunctum.
1529 4400 1663 4459 Cum
1691 4402 1836 4458 enim

242 4489 534 4561 charitatis
568 4504 733 4547 causa
759 4489 889 4545 boni
927 4490 1170 4562 magistri
1192 4493 1386 4563 jussio,
1432 4503 1487 4550 et
1536 4495 1836 4563 obedientis

249 4576 501 4652 discipuli
523 4582 769 4652 operatio
795 4582 1125 4638 unanimiter
1145 4583 1509 4656 conjungitur,
1533 4584 1649 4641 sine
1671 4586 1834 4641 dubio

1940 3390 2339 3458 obtemperare,
2368 3387 2438 3442 Et
2475 3388 2822 3459 voluptatibus
2845 3387 3134 3442 obedientes
3166 3386 3369 3444 servire
3397 3400 3521 3459 pro-

1936 3482 2092 3554 priis,
2127 3481 2222 3538 sed
2247 3496 2369 3537 cum
2397 3481 2590 3537 timore
2620 3476 2830 3537 Domini
2859 3480 3138 3536 humiliter
3160 3480 3277 3559 ejus
3325 3478 3518 3552 subjici

1940 3575 2137 3631 debent
2161 3574 2452 3638 mandatis,
2480 3583 2540 3628 ut
2567 3589 2688 3629 cum
2720 3572 2885 3631 David
2908 3573 3087 3629 dicere
3108 3572 3352 3644 possint:
3381 3567 3519 3625 Par.-

1938 3665 2097 3735 ticeps
2146 3681 2240 3735 ego
2266 3680 2382 3718 sum
2411 3665 2645 3719 omnium
2688 3665 2980 3718 timentium
3014 3673 3065 3718 te
3115 3672 3163 3718 et
3216 3659 3513 3717 custodien-

1937 3757 2068 3812 tium
2108 3755 2358 3810 mandata
2388 3764 2479 3810 tua
2505 3753 2676 3829 (Psal.
2701 3751 2913 3824 cxvm).

2008 3846 2114 3904 Sed
2139 3847 2464 3902 ambulantes
2486 3847 2657 3903 alieno
2671 3847 2879 3918 judicio
2905 3854 2953 3901 et
2980 3844 3216 3915 imperio.
3246 3842 3346 3900 llic
3362 3841 3511 3915 judi-

1934 3938 2083 3996 cium
2106 3955 2208 4012 pro
2234 3940 2560 3995 discretione
2607 3938 2691 3994 vel
2707 3937 2932 3993 arbitrio
2951 3936 3149 4009 posuit.
3175 3934 3347 3993 Aliter
3368 3935 3511 3991 enim

1937 4030 2098 4088 debet
2143 4032 2450 4086 discernere
2499 4044 2651 4101 opus,
2682 4028 2825 4098 quod
2857 4029 3031 4083 bonus
3060 4035 3115 4082 et
3157 4022 3514 4081 mortiﬁcatus

1935 4136 2036 4195 pro
2068 4119 2287 4175 Christo
2315 4119 2507 4174 debeat
2551 4130 2713 4188 agere
2746 4114 3073 4182 monachus,
3120 4122 3182 4169 ut
3219 4114 3400 4185 Operi‘s
3428 4112 3510 4169 sui

1930 4209 2246 4267 mercedem
2285 4217 2649 4281 consequatur
2678 4221 2710 4261 a
2758 4206 3008 4275 Domino,
3048 4203 3272 4260 alterius
3296 4203 3516 4259 obedire

1936 4302 2098 4360 debet
2149 4301 2401 4375 imperio.
2463 4300 2696 4357 Suavius
2744 4299 2890 4356 enim
2918 4297 3088 4354 currit
3136 4296 3515 4354 mandatorum

1937 4395 2153 4453 Domini
2178 4396 2346 4462 viam,
2383 4392 2536 4466 cujus
2563 4409 2699 4465 opus
2730 4392 2868 4449 alter
2896 4393 3175 4459 discernit,
3214 4397 3269 4447 et
3286 4390 3515 4464 iudicat.

2007 4488 2076 4544 In
2099 4488 2343 4546 canobiis
2373 4487 2611 4559 degentes
2646 4482 2885 4541 abbatem
2913 4484 3011 4540 sibi
3048 4498 3269 4555 pricesse
3311 4481 3517 4538 deside-

1937 4589 2075 4637 rant.
2122 4580 2382 4636 Ccenobia
2421 4578 2566 4634 enim
2598 4574 2912 4641 multorum,
2940 4581 2996 4630 et
3044 4573 3100 4628 in
3129 4587 3412 4629 commune
3440 4570 3517 4626 vi-

241 4668 455 4728 ‘bonum
486 4668 724 4725 fructum
745 4670 1075 4742 parturiunt,
1106 4673 1235 4743 quia
1261 4688 1365 4728 non
1390 4683 1474 4730 est
1501 4673 1835 4732 infructuosa
1859 4674 1914 4735 D
1939 4674 2182 4730 ventium
2211 4678 2478 4728 vocantur
2504 4666 2839 4725 monasteria
2866 4664 3275 4729 monachorum,
3305 4678 3424 4735 quas
3447 4678 3513 4718 ex

240 4754 493 4831 Spiritus
547 4762 719 4817 sancti
770 4762 1107 4834 coniunctio,
1137 4764 1229 4820 ubi
1258 4780 1365 4821 non
1400 4774 1484 4822 est
1527 4767 1831 4822 animarum

242 4844 446 4927 nociva
472 4850 779 4922 disiunctio.
818 4853 992 4909 Corda
1034 4854 1180 4910 enim
1211 4856 1405 4911 timore
1432 4854 1647 4913 Domini
1670 4872 1835 4928 copu-

243 4939 363 5000 lata
423 4942 684 5001 velociter
724 4945 1035 5017 parturiunt
1090 4946 1493 5005 inﬁrmantibus
1547 4949 1834 5005 animabus

246 5034 445 5107 salutis
484 5037 769 5096 medelam.

326 5130 527 5198 Quibus
550 5130 621 5186 ad
640 5135 799 5187 vitam
824 5140 1074 5188 aeternam
1100 5135 1376 5206 gradiendi
1396 5136 1831 5202 amorincumbit,

241 5219 371 5278 ideo
416 5232 691 5294 angustam
718 5223 857 5278 uiam
884 5225 1166 5294 arripiunt,
1206 5226 1345 5282 unde
1377 5225 1629 5282 Dominus
1658 5227 1783 5281 dicit
1811 5244 1830 5283 :

248 5308 493 5385 Angusta
542 5315 627 5370 uia
659 5322 736 5369 est
779 5330 897 5385 qua:
939 5313 1083 5369 ducit
1124 5316 1195 5369 ad
1241 5316 1402 5371 vitam
1440 5315 1656 5388 (Matth.
1706 5317 1826 5381 vn).

218 5398 370 5474 ,Hoc
417 5403 475 5459 in
516 5402 635 5460 loco
656 5403 850 5460 beatus
875 5401 1191 5460 benedictus
1217 5404 1271 5459 hi
1294 5421 1590 5477 pronomen
1620 5406 1675 5460 in
1702 5405 1830 5462 sub-

248 5495 534 5553 auditione
555 5494 791 5566 reliquit.
818 5494 973 5565 Quod
997 5497 1042 5552 si
1062 5495 1354 5565 addideris,
1382 5480 1580 5556 clarius
1616 5512 1679 5554 ea
1712 5514 1830 5569 qua:

246 5588 511 5649 dicuntur
542 5590 803 5659 advertis,
849 5592 903 5648 id
936 5599 1038 5657 est,
1094 5593 1141 5647 si
1185 5590 1385 5646 dixeris
1412 5607 1424 5643 :
1451 5588 1516 5645 lii
1543 5591 1739 5662 quibus
1764 5593 1831 5647 ad

243 5682 424 5740 vitam
473 5695 733 5742 aeternam
775 5684 1050 5757 gradiendi
1092 5698 1246 5739 amor
1272 5683 1551 5750 incumbit,
1594 5684 1715 5739 ideo
1737 5698 1831 5738 an-

240 5786 470 5851 gustam
497 5778 639 5833 viam
660 5777 944 5848 arripiunt,
967 5783 1029 5832 ut
1050 5792 1158 5832 non
1193 5789 1291 5831 suo
1311 5764 1538 5830 arbitrio
1564 5775 1826 5842 viventes,

1936 4765 2128 4822 Greco
2138 4760 2402 4820 vocabulo
2421 4776 2621 4817 nomen
2643 4759 2894 4815 videntur
2916 4756 3117 4812 habere
3135 4755 3510 4826 compositum.

1938 4857 2144 4916 Coenon
2165 4856 2353 4912 Graece
2381 4853 2581 4910 dicitur
2625 4851 2769 4922 quod
2798 4864 2898 4906 nos
2923 4863 3208 4905 commune
3236 4861 3511 4902 vocamus.

1934 4948 1997 5006 In
2024 4948 2288 5006 emnobiis
2333 4961 2461 5023 ergo
2491 4945 2766 5016 degentes,
2809 4940 2863 4997 id
2889 4950 2973 4997 est
2999 4943 3056 4997 in
3078 4953 3362 4996 commune
3390 4952 3512 4993 cum

1850 5074 1855 5079 ι
1934 5042 2182 5113 pluribus
2210 5038 2539 5103 habitantes,
2563 5035 2685 5091 ideo
2713 5033 2961 5090 abbatem
2985 5032 3088 5090 sibi
3111 5046 3345 5104 prteesse
3374 5029 3515 5086 desi-

1939 5134 2151 5200 derant,
2170 5140 2229 5186 ut
2250 5130 2341 5186 illo
2366 5129 2698 5201 gubernante
2723 5125 2869 5182 viam
2899 5123 3273 5180 mandatorum
3296 5121 3509 5177 Domini

1933 5221 2107 5280 levius
2156 5230 2399 5287 currant,
2440 5219 2638 5291 illoque
2690 5225 2911 5290 regente
2963 5216 3135 5273 levius
3182 5215 3391 5281 vivant,
3452 5222 3511 5269 et

1932 5314 2177 5387 praemia,
2220 5327 2341 5384 qua:
2381 5311 2487 5368 illis
2531 5312 2583 5366 in
2610 5310 2794 5366 futuro
2839 5308 3107 5380 promissa
3140 5314 3268 5362 sunt
3292 5305 3511 5362 suavius

1934 5401 2360 5474 apprehendant,
2408 5400 2641 5457 scientes
2685 5399 2812 5470 quia
2853 5404 3057 5470 quanto
3078 5409 3137 5452 se
3163 5394 3386 5451 alterius
3409 5409 3509 5465 po-

1933 5495 2118 5551 testati
2141 5508 2241 5566 pro
2270 5492 2468 5550 Christi
2495 5507 2678 5549 amore
2702 5491 2855 5548 subdi
2881 5490 3244 5553 consentiunt,
3278 5496 3431 5545 tanto
3454 5489 3508 5544 in

1935 5590 2119 5646 futuro
2165 5588 2358 5645 saeculo
2386 5605 2509 5645 cum
2540 5589 2659 5659 ipso
2714 5587 2943 5643 Domino
2974 5584 3205 5643 feliciter
3240 5586 3510 5641 exsultare
3598 5628 3612 5658 ,_

1933 5684 2259 5754 gaudebunt.
2299 5683 2367 5738 Et
2394 5683 2522 5752 quia
2559 5682 2671 5736 sine
2707 5680 2866 5734 dubio
2894 5680 2949 5733 Iri
2971 5679 3102 5734 tales
3131 5678 3278 5733 illam
3329 5677 3511 5730 Domi-
3594 5662 3614 5736 ξ

1930 5772 1986 5831 ni
2013 5775 2343 5840 sententiam,
2370 5791 2473 5845 qua
2502 5772 2667 5828 dicit:
2690 5771 2815 5828 Non
2837 5773 2954 5829 ueni
2990 5772 3163 5842 facere
3189 5768 3505 5825 uoluntatem

244 5877 314 5927 et
356 5879 551 5925 caetera
582 5886 702 5942 quae
749 5877 1066 5940 sequuntur.
1116 5860 1251 5923 Miro
1271 5864 1432 5923 modo
1467 5874 1520 5923 et
1544 5883 1574 5922 a
1600 5865 1827 5922 Domino
1926 5878 2121 5933 meum,
2150 5867 2241 5921 sed
2273 5866 2389 5935 ejus
2419 5864 2508 5939 qui
2536 5864 2676 5919 misit
2696 5881 2777 5919 me
2802 5862 2984 5937 (Joan.
3008 5862 3085 5931 vt)
3109 5861 3266 5918 factis
3286 5860 3502 5916 imitan-
