3994 6468
453 384 563 441 799

1750 373 2107 434 SMARAGDI
2143 373 2436 436 ABBATIS

3629 363 3746 422 800

453 507 560 566 tur,
587 514 710 555 cum
733 497 823 554 illo
842 497 962 554 sine
981 496 1143 554 dubio
1165 495 1421 552 felicesin
1435 502 1697 551 aeternum
1711 494 2034 565 regnabunt.
2066 494 2119 554 A
2143 493 2393 551 fectionis
2420 491 2717 558 advenerit,
2750 490 2936 548 dicet:
2979 488 3162 547 Venite
3189 489 3261 544 ad
3304 503 3404 554 me,
3431 502 3616 543 omnes
3646 491 3745 558 qui

529 589 637 646 Sed
685 592 798 644 hcce
847 590 960 660 ipsa
987 588 1276 643 obedientia
1301 597 1424 642 tunc
1454 585 1787 656 acceptabilis
1809 585 1906 638 erit
1929 583 2040 637 Deo

455 691 505 737 et
527 680 698 735 dulcis
721 681 1038 744 hominibus,
1061 681 1106 732 si
1132 679 1271 750 quod
1291 678 1526 748 jubetur,
1556 693 1659 730 non
1686 673 1904 744 trepide,
1938 688 2040 725 non

459 773 629 838 tarde,
655 789 758 826 non
778 772 969 841 tepide,
993 779 1084 824 aut
1113 787 1231 824 cum
1258 785 1546 832 murmure,
1574 765 1650 820 vel
1673 781 1790 818 cum
1827 779 2041 833 respon-

457 865 604 920 sione
644 863 863 918 nolentis
903 863 1176 933 efﬁciatur.
1210 859 1574 930 Acceptabilis
1620 865 1705 912 est
1733 854 2040 910 obedientia

456 953 588 1018 Deo,
622 955 665 1009 si
687 955 847 1009 corde
872 969 1010 1024 puro
1033 953 1291 1008 velociter
1337 951 1396 1006 fit
1421 959 1473 1006 et
1506 951 1622 1005 sine
1650 961 1950 1011 murmure,
1987 952 2043 1000 et

457 1047 629 1102 dulcis
679 1048 1004 1111 hominibus,
1044 1048 1090 1102 si
1142 1047 1256 1101 sine
1298 1044 1577 1116 pigredine
1611 1057 1734 1097 cum
1761 1039 2043 1094 alacritate

455 1141 541 1196 vel
576 1139 914 1209 jucunditate
964 1140 1022 1194 tit
1051 1139 1269 1194 mentis.
1305 1136 1457 1193 Unde
1500 1144 1554 1190 et
1583 1134 1830 1190 subditur
1862 1147 1875 1184 :
1918 1129 2043 1183 Non

457 1233 675 1303 trepide.
708 1231 1005 1301 Trepidare
1039 1231 1240 1285 dicitur
1268 1229 1477 1293 timere,
1511 1225 1597 1280 vel
1647 1224 1916 1281 dubitare.
1948 1221 2042 1274 llle

455 1321 601 1376 enim
643 1321 1004 1376 obedientiam
1056 1320 1235 1375 facere
1289 1319 1543 1389 trepidat,
1597 1316 1688 1385 qui
1741 1315 1795 1368 in
1831 1311 2043 1368 Domini

456 1409 727 1480 adiutorio
773 1410 1000 1464 firmiter
1052 1426 1159 1465 non
1217 1417 1417 1480 sperat.
1454 1407 1554 1476 Qui
1595 1421 1726 1462 vero
1750 1406 1815 1460 de
1841 1403 2044 1459 Christi

457 1501 662 1556 auxilio
703 1502 936 1556 confisus
983 1501 1168 1567 fuerit,
1191 1501 1552 1556 obedientiam
1598 1513 1696 1569 pro
1719 1497 1937 1553 Christo
1963 1494 2044 1549 fa-

457 1609 581 1647 cere
624 1609 730 1647 non
781 1593 1089 1662 trepidabit,
1128 1595 1254 1664 quia
1283 1593 1541 1663 scriptum
1573 1599 1694 1646 est:
1723 1589 1826 1656 Qui
1863 1589 2044 1642 timent

455 1684 740 1738 Dominum
789 1694 1125 1754 speraverant
1144 1685 1199 1738 in
1238 1683 1499 1744 Domino;
1532 1682 1746 1752 adjutor
1787 1695 1966 1734 eorum
1995 1685 2044 1731 et

453 1786 716 1846 protector
765 1794 947 1831 eorum
989 1787 1062 1831 est
1125 1776 1297 1848 (Psal.
1347 1775 1525 1844 cxm).
1581 1773 1705 1827 Non
1728 1772 1896 1826 tarde.
1948 1770 2043 1826 llle

2145 586 2396 640 laboratis
2418 595 2466 640 et
2491 587 2692 640 onerati
2720 585 2864 650 estis,
2909 593 2956 639 et
2985 601 3077 653 ego
3107 585 3345 653 reficiam
3374 601 3462 638 vos
3512 582 3742 653 (Matth.

2143 677 2243 748 ιι).
2276 677 2419 747 Ergo
2442 692 2565 731 cum
2607 693 2802 748 magna
2829 677 3009 732 cordis
3034 676 3316 731 alacritate
3360 675 3524 730 debet
3551 689 3748 730 mona-

2143 768 2277 822 chus
2321 768 2683 822 obedientiam
2713 767 2916 832 facere,
2965 767 3056 836 qui
3105 765 3268 821 talem
3307 774 3497 835 sperat
3525 781 3600 820 ex
3653 763 3748 818 illa

2145 858 2345 914 habere
2386 859 2818 914 retributionem.
2851 859 3004 915 Unde
3024 866 3080 914 et
3115 858 3363 928 sequitur
3391 876 3404 914 :

2216 948 2285 1002 Et
2326 967 2444 1003 cum
2475 950 2606 1004 bono
2635 951 2810 1004 animo
2855 968 2886 1004 a
2916 949 3188 1020 discipulis
3233 948 3457 1020 pra’beri
3510 956 3748 1020 oportet,

2142 1042 2266 1111 quia
2294 1040 2516 1094 hilarem
2542 1041 2779 1095 datorem
2816 1040 2986 1111 diligit
3025 1039 3166 1095 Deus
3201 1038 3287 1110 (II
3315 1038 3440 1094 Cor.
3464 1039 3571 1110 rx).
3617 1032 3755 1094 Haec

2144 1132 2291 1187 enim
2343 1133 2610 1186 sententia
2660 1148 2766 1188 non
2795 1132 2969 1188 solum
3007 1132 3072 1186 de
3103 1132 3211 1197 illa,
3262 1147 3384 1202 quae
3427 1130 3753 1201 specialiter

2143 1226 2470 1296 pauperibus
2500 1225 2774 1290 tribuitur,
2802 1226 3163 1296 eleemosyna,
3193 1226 3287 1280 sed
3307 1226 3475 1280 etiam
3514 1240 3752 1298 genera~

2145 1316 2271 1372 liter
2306 1317 2372 1371 de
2421 1316 2568 1371 omni
2606 1316 2991 1371 monachorum
3044 1315 3363 1386 intelligitur
3399 1316 3749 1371 obedientia.

2146 1407 2282 1475 Quia
2308 1409 2565 1479 quidquid
2593 1408 2892 1464 obediendo
2914 1408 3216 1463 monachus
3251 1409 3384 1478 agit,
3417 1415 3604 1462 totum
3637 1405 3752 1460 Deo

2146 1502 2357 1569 tribuit,
2394 1501 2481 1556 cui
2512 1517 2572 1556 se
2601 1510 2772 1555 totum
2797 1501 2965 1556 vovit.
2990 1499 3262 1569 Jejunium
3294 1501 3465 1561 enim,
3502 1499 3751 1570 vigilias,

2146 1595 2550 1659 abstinentiam,
2596 1594 3076 1665 superimpositum
3134 1609 3374 1658 cursum,
3423 1601 3484 1647 et
3523 1607 3753 1647 omnem

2145 1687 2367 1741 omnino
2399 1686 2579 1742 cordis
2607 1693 2664 1740 et
2682 1686 2925 1756 corporis
2953 1694 3134 1742 actum
3178 1685 3290 1740 Deo
3319 1684 3516 1738 tribuit
3545 1692 3753 1748 totum,

2150 1791 2179 1830 a
2200 1793 2308 1848 quo
2331 1777 2535 1833 laboris
2561 1778 2643 1832 sui
2667 1777 2978 1845 centuplum
2998 1786 3182 1847 sperat
3208 1777 3454 1847 recipere
3477 1774 3751 1830 fructum.

454 1868 751 1922 monachus
775 1867 905 1923 facit
942 1867 1329 1931 obedientiam,
1361 1866 1454 1935 qui
1485 1879 1590 1919 non
1618 1879 1686 1918 ex
1708 1863 1796 1917 illa
1831 1861 2044 1917 deside-
2070 1866 2118 1926 B
2145 1866 2288 1938 Ergo
2339 1869 2431 1936 qui
2484 1883 2608 1923 cum
2651 1867 2928 1922 hilaritate
2973 1876 3030 1923 et
3071 1867 3528 1938 multiplicatione
3573 1849 3752 1922 vulta

456 1970 541 2016 rat
561 1969 760 2017 (eterna
795 1963 1039 2032 recipere
1063 1963 1306 2032 prmmia.
1334 1961 1504 2028 Quem
1526 1959 1672 2014 enim
1694 1959 1761 2012 ad
1789 1956 2043 2011 obedien-

454 2052 583 2106 dum
611 2053 707 2107 Dei
735 2069 890 2108 amor
915 2069 1020 2108 non
1056 2053 1282 2118 excitat,
1315 2051 1559 2119 corporis
1588 2049 1700 2104 otio
1744 2047 2044 2102 delectatus

452 2145 674 2201 obedire
716 2147 1022 2201 senioribus
1069 2145 1270 2200 tardat.
1299 2144 1560 2214 Ignorans
1589 2141 1715 2210 quia
1758 2139 1848 2209 qui
1878 2153 2043 2208 parce

457 2236 692 2290 seminat
753 2251 919 2305 parce
966 2245 1154 2301 metet,
1192 2243 1246 2290 et
1296 2235 1389 2305 qui
1439 2233 1669 2289 seminat
1716 2232 1773 2285 in
1825 2230 2046 2285 benedi-

458 2325 658 2388 ctione,
685 2325 740 2380 id
768 2335 852 2380 est
880 2327 933 2380 in
965 2325 1293 2381 abundantia
1313 2322 1730 2387 benedictionis,
1768 2321 2046 2376 abundan-

458 2423 542 2468 ter
576 2417 712 2470 etin
744 2417 1125 2472 benedictione
1168 2424 1338 2472 metet
1380 2416 1551 2470 vitam
1603 2423 1882 2470 aeternam.
1921 2411 2045 2466 Non

455 2507 645 2575 tepide.
675 2506 876 2577 Tepide
903 2507 1035 2564 dicit
1063 2509 1318 2572 molliter,
1352 2507 1618 2578 segniter,
1643 2504 1729 2560 vel
1762 2504 2042 2560 dissolute.

455 2595 548 2651 llle
584 2599 728 2652 enim
779 2601 1078 2656 monachus
1127 2599 1494 2655 obedientiam
1548 2597 1726 2667 tepide
1769 2596 1915 2662 facit,
1953 2595 2046 2667 qui

456 2705 562 2743 non
585 2690 740 2745 timet
765 2692 906 2759 quod
939 2691 1197 2746 Dominus
1238 2691 1304 2745 de
1331 2689 1525 2760 tepidis
1553 2688 1706 2754 dicit,
1753 2687 1827 2742 ait
1856 2687 1999 2742 enim
2029 2703 2043 2740 :

461 2777 603 2847 Quia
632 2782 836 2852 tepidus
857 2799 911 2837 es
933 2792 979 2836 et
1009 2799 1262 2837 nauseam
1287 2782 1443 2852 facis,
1469 2780 1722 2850 incipiam
1751 2789 1797 2832 te
1816 2793 2047 2833 evomere

456 2872 521 2927 de
573 2890 661 2928 ore
690 2891 803 2928 meo
834 2875 1019 2946 (Apoc.
1066 2874 1171 2946 ιιι).
1202 2873 1314 2928 Nec
1358 2871 1528 2928 Paulo
1555 2871 1931 2927 accommodat
1954 2885 2050 2924 au-

456 2971 566 3020 tem
598 2965 852 3021 dicenti:
897 2965 1101 3037 Spiritu
1155 2966 1426 3035 ferventes,
1490 2963 1717 3018 Domino
1767 2964 2048 3019 servientes

458 3055 638 3128 (Rom.
664 3055 787 3129 xu).
805 3056 1101 3113 Ferventes
1128 3058 1274 3113 enim
1294 3065 1351 3112 et
1383 3073 1491 3114 non
1514 3057 1724 3128 tepidos
1747 3058 1904 3112 decet
1929 3068 2050 3111 esse

457 3146 515 3203 in
555 3147 753 3204 Christi
785 3150 1008 3206 servitio
1055 3150 1372 3216 monachos,
1403 3159 1463 3206 ut
1497 3151 1621 3222 igne
1652 3151 1935 3206 charitatis
1960 3166 2049 3206 ac-

456 3244 626 3309 censi,
659 3258 778 3314 quze
818 3244 1025 3300 faciunt
1054 3261 1161 3301 non
1191 3244 1370 3317 tepide
1401 3218 1628 3311 faciant,
1662 3245 1757 3300 sed
1787 3244 2046 3299 velociter
2074 3218 2120 3282 C

456 3343 515 3389 et
556 3336 822 3407 expedite.
866 3336 960 3392 llle
983 3337 1131 3392 enim
1171 3337 1309 3409 ignis
1331 3337 1570 3399 divinus.
1598 3353 1761 3407 quem
1787 3337 2046 3392 Dominus

459 3425 647 3481 volens
699 3434 760 3480 ut
800 3427 1018 3482 arderet
1041 3427 1193 3482 misit
1238 3425 1293 3481 in
1337 3434 1562 3490 terram,
1590 3427 1657 3481 ad
1685 3427 2046 3481 obediendum

458 3518 850 3572 monachorum
893 3518 1161 3574 bonorum
1213 3518 1472 3574 velociter
1519 3520 1722 3574 excitat
1771 3519 1958 3584 corda,
1988 3527 2049 3574 ut

460 3616 610 3662 tanto
637 3608 712 3662 illi
737 3608 1038 3664 obediendo
1069 3609 1228 3664 citius
1255 3609 1530 3678 placeant,
1571 3618 1776 3680 quanto
1807 3625 1933 3665 cum
1956 3611 2048 3666 illo

460 3700 623 3755 citius
664 3714 897 3771 regnare
943 3701 1267 3756 desiderant.
1297 3701 1402 3754 Aut
1425 3717 1544 3754 cum
1571 3702 1865 3756 murmurio
1897 3701 2047 3771 facit.

461 3789 563 3857 Qui
590 3790 733 3844 enim
770 3806 895 3845 cum
925 3791 1228 3846 murmurio
1274 3789 1407 3846 facit
1434 3792 1820 3857 obedientiam,
1853 3807 1954 3848 nec
1981 3793 2049 3848 ab

461 3879 761 3950 imperante
789 3881 1025 3947 laudem,
1056 3896 1154 3937 nec
1177 3897 1209 3936 a
1234 3882 1464 3938 Domino
1491 3882 1685 3952 recipit
1714 3883 2045 3950 mercedem,

463 3973 557 4029 sed
595 3973 774 4042 potius
800 3973 869 4028 ab
896 3974 1092 4030 abbate
1133 3975 1379 4045 corporis
1419 3975 1777 4046 disciplinam,
1812 3984 1868 4031 et
1892 3991 1923 4030 a
1945 3975 2051 4031 Do-

460 4065 610 4121 mino
633 4081 774 4131 eam,
802 4081 924 4136 quae
969 4067 1434 4123 murmurantibus
1473 4067 1719 4132 debetur,
1735 4066 1941 4136 justam
1966 4083 2051 4124 re-

467 4157 597 4226 cipit
641 4173 880 4227 ptenam.
919 4157 1220 4214 lnl'eliciter
1247 4159 1392 4214 enim
1419 4161 1599 4230 perdit
1645 4170 1958 4232 utrumque,
1996 4169 2051 4217 et

461 4247 750 4319 poenaliter
786 4250 1062 4321 conquirit
1101 4258 1415 4322 utrumque.
1466 4248 1652 4306 Perdit
1687 4251 1862 4307 laudis
1887 4260 2052 4323 atque

463 4338 728 4394 mercedis
785 4343 1039 4411 gratiam,
1083 4351 1137 4397 et
1189 4345 1461 4414 conquirit
1515 4346 1760 4416 corporis
1809 4345 2051 4401 simulet

465 4430 660 4486 anima:
681 4447 918 4501 ptenam.
960 4431 1052 4487 Vel
1077 4452 1195 4489 cum
1226 4453 1470 4506 responso
1512 4437 1734 4491 nolentis
1775 4439 2047 4509 efficiatur.

466 4519 560 4575 Ille
589 4521 735 4576 enim
765 4523 1065 4578 monachus
1113 4525 1206 4595 qui
1257 4541 1380 4580 cum
1418 4527 1652 4583 nolentis
1682 4545 1941 4598 responso
1967 4531 2052 4584 in-

465 4622 618 4670 cusat
637 4614 1022 4683 obedientiam,
1062 4624 1157 4672 aut
1180 4618 1436 4673 emendat
1465 4620 1575 4675 cito
1613 4620 1942 4676 voluntatem
1964 4638 2052 4692 pa-

466 4706 600 4761 riter
627 4714 682 4760 et
731 4721 1070 4778 responsum,
1129 4718 1223 4765 aut
1249 4709 1478 4766 festinus
1508 4711 1562 4765 in
1601 4714 2052 4771 murmurationis

465 4796 664 4853 labitur
715 4808 1019 4870 peccatum.
1069 4801 1139 4856 At
1163 4817 1294 4858 vero
1331 4803 1376 4856 si
1403 4803 1510 4858 cito
1551 4805 1920 4860 emendaverit
1967 4822 2053 4861 re-

465 4906 722 4960 sponsum
752 4893 962 4962 pariter
983 4902 1038 4948 et
1062 4894 1414 4960 voluntatem,
1449 4896 1769 4950 obedientiae
1797 4912 1908 4951 suae
1938 4913 2047 4952 non

464 4983 652 5052 perdet
679 4986 1012 5051 mercedem;
1043 4986 1168 5056 quia
1191 4986 1504 5042 misericors
1531 4994 1587 5040 et
1628 4986 1914 5040 miserator
1946 4987 2050 5041 Do-

466 5073 645 5130 minus
672 5077 1058 5145 paenitentibus
1108 5078 1218 5132 cito
1242 5079 1488 5133 dimittit.

538 5163 678 5230 Quia
702 5167 990 5222 obedientia
1017 5187 1134 5240 qua:
1177 5171 1468 5241 majoribus
1505 5171 1788 5242 praebetur,
1824 5171 2049 5226 Domino

465 5256 752 5312 exhibetur.
802 5257 924 5328 Ipse
945 5261 1082 5314 enim
1109 5261 1234 5314 dicit
1265 5280 1282 5318 :
1317 5261 1420 5326 Qui
1453 5279 1542 5315 vos
1586 5263 1757 5327 audit,
1789 5279 1870 5316 me
1900 5262 2051 5316 audit

464 5343 681 5418 (Matth.
712 5347 788 5420 χ).
817 5347 948 5404 Cum
986 5366 1182 5422 magno
1205 5352 1350 5406 enim
1373 5353 1552 5408 cordis
1577 5367 1762 5408 amore
1783 5354 2052 5424 corporis-

463 5456 572 5515 que
597 5443 885 5500 velocitate
918 5445 1034 5501 fieri
1055 5446 1215 5501 debet
1237 5446 1570 5512 obedientia,
1602 5461 1764 5516 quam
1795 5449 1908 5518 ipse
1939 5447 2050 5503 Do-

465 5534 646 5590 minus
667 5547 908 5592 sanctam
940 5539 993 5592 in
1022 5554 1175 5594 suam
1195 5539 1390 5610 recipit
1431 5554 1745 5611 personam,
1769 5550 1829 5595 ut
1851 5541 2054 5596 facien-

467 5626 615 5682 tibus
660 5642 801 5693 eam,
839 5647 962 5684 cum
1021 5633 1389 5687 retributionis
1467 5639 1680 5701 tempus
1749 5633 2050 5698 advenerit,

466 5719 780 5788 plenissima
824 5724 1027 5779 tribuat
1068 5727 1308 5796 praemia.
1349 5725 1469 5796 lpse
1511 5725 1657 5780 enim
1696 5727 1948 5781 omnibus
1997 5727 2052 5781 in

472 5809 676 5868 laboris
705 5814 1008 5871 obedientia
1050 5817 1262 5895 positis,
1299 5833 1422 5895 eum
1470 5825 1682 5889 tempus
1727 5824 1943 5874 aeterna:
1972 5832 2056 5876 re-

2144 1959 2374 2014 Domino
2411 1961 2732 2016 obedientiae
2758 1977 2869 2016 suae
2911 1963 3154 2033 recipere
3195 1960 3455 2027 fructum,
3504 1977 3634 2016 cum
3665 1961 3752 2015 hi-

2145 2049 2362 2105 laritate
2384 2051 2545 2106 debet
2567 2050 2868 2119 majoribus
2889 2053 3111 2107 obedire
3137 2070 3150 2106 :
3177 2053 3303 2122 quia
3326 2053 3420 2121 qui
3443 2051 3752 2120 majoribus

2144 2145 2368 2202 obedire
2414 2145 2730 2209 contemnit,
2780 2147 2898 2201 sine
2922 2145 3085 2201 dubio
3111 2145 3327 2202 Domini
3365 2146 3609 2216 imperio
3629 2162 3750 2200 cou-

2147 2237 2388 2303 tradicit,
2413 2238 2506 2308 qui
2546 2237 2824 2306 discipulis
2849 2247 2906 2293 et
2929 2239 3182 2295 omnibus
3223 2239 3550 2294 doctoribus
3577 2239 3709 2294 dicit
3733 2254 3750 2293 :

2149 2331 2252 2398 Qui
2272 2347 2360 2386 vos
2383 2331 2552 2397 audit,
2579 2348 2661 2386 me
2703 2331 2874 2397 audit,
2898 2341 2946 2386 et
2969 2333 3059 2403 qui
3081 2348 3168 2386 vos
3192 2333 3413 2402 spernit,
3438 2348 3526 2386 me
3555 2332 3754 2401 spernit

2147 2423 2299 2497 (Luc.
2328 2424 2406 2498 κ).
2447 2423 2566 2479 Non
2613 2433 2698 2479 est
2725 2439 2854 2495 ergo
2878 2423 3183 2479 obedientia
3213 2438 3334 2493 qua:
3379 2437 3413 2476 a
3447 2421 3752 2490 majoribus

2147 2517 2450 2588 injungitur
2495 2517 2820 2586 spernenda,
2849 2516 2942 2572 sed
2966 2515 3148 2586 potius
3173 2515 3408 2569 amanda
3437 2522 3494 2567 et
3523 2514 3751 2584 diligen-

2145 2611 2236 2677 da,
2260 2619 2335 2677 et,
2360 2611 2414 2666 in
2436 2617 2699 2681 quantum
2721 2609 2865 2663 vires
2887 2613 3198 2678 suppetunt,
3221 2621 3346 2661 cum
3367 2604 3652 2660 hilaritate
3667 2612 3753 2660 est

2146 2703 2402 2772 operibus
2438 2701 2802 2772 exsequenda.
2835 2699 3110 2769 Scriptum
3145 2705 3230 2754 est
3275 2697 3431 2753 enim
3470 2698 3578 2752 :In
3603 2698 3750 2752 omni

2147 2794 2272 2848 dato
2303 2793 2527 2848 hilarem
2555 2793 2640 2862 [ac
2664 2792 2866 2847 vultum
2891 2801 3039 2845 tuum
3067 2788 3259 2861 (Eccli.
3285 2789 3482 2860 xxxv).
3505 2787 3563 2842 ιιι
3591 2787 3745 2843 omni

2148 2900 2278 2956 ergo
2301 2885 2426 2940 dato
2446 2883 2674 2940 hilarem
2707 2881 2839 2938 facit
2858 2881 3086 2948 vultum,
3115 2881 3208 2951 qui
3229 2896 3340 2934 non
3362 2895 3493 2934 cum
3519 2878 3750 2933 tristitia

2147 2984 2242 3031 aut
2263 2989 2515 3042 rancore,
2539 2977 2635 3031 sed
2671 2989 2864 3031 sereno
2887 2973 3041 3029 vultu
3066 2973 3360 3042 animoque
3383 2971 3515 3026 laeto
3542 2969 3754 3040 praebet

2147 3068 2488 3124 auditoribus
2508 3081 2838 3131 sermonem,
2859 3064 3188 3136 pauperibus
3206 3078 3428 3133 panem,
3453 3060 3755 3130 majoribus

2153 3171 2334 3216 autem
2357 3177 2454 3218 cor
2475 3159 2678 3216 humile
2697 3166 2752 3214 et
2773 3157 3050 3214 obediens.
3080 3156 3186 3213 Iste
3208 3155 3262 3210 in
3283 3154 3436 3210 omni
3464 3155 3600 3210 dato
3628 3154 3755 3208 hila-

2151 3268 2265 3308 rem
2293 3251 2425 3308 facit
2445 3251 2674 3316 vultum,
2703 3257 2759 3305 et
2780 3248 2902 3305 ideo
2923 3263 3086 3304 omne
3105 3263 3263 3303 suum
3287 3247 3484 3302 datum
3514 3261 3547 3300 a
3578 3245 3757 3300 Domi-

2149 3357 2221 3399 no
2244 3343 2477 3398 credidit
2500 3356 2623 3397 esse
2648 3348 2924 3410 receptum
2953 3347 3008 3394 et
3042 3346 3250 3409 aptum.
3275 3336 3381 3404 Qui
3402 3345 3602 3392 autem
3622 3336 3758 3406 jeju-

2149 3444 2304 3501 nant,
2333 3435 2426 3490 sed
2457 3450 2566 3490 non
2596 3450 2723 3490 cum
2754 3431 3024 3488 hilaritate
3067 3430 3308 3502 vigilant,
3344 3428 3446 3483 sed
3492 3445 3606 3484 non
3638 3442 3756 3481 cum

2150 3529 2424 3584 hilaritate
2451 3528 2748 3594 abstinent,
2781 3526 2873 3582 sed
2909 3541 3018 3582 non
3060 3539 3186 3580 cum
3211 3523 3500 3578 hilaritate
3557 3531 3757 3577 caetera

2149 3618 2320 3674 multa
2367 3620 2508 3673 bona
2561 3616 2788 3684 faciunt,
2837 3615 2933 3672 sed
2970 3630 3078 3671 non
3103 3629 3226 3670 cum
3253 3615 3398 3669 bono
3424 3613 3623 3667 animo
3661 3625 3758 3667 nec

2150 3725 2274 3766 cum
2304 3709 2599 3775 hilaritate,
2627 3725 2736 3765 non
2779 3707 3053 3777 accipiunt
3087 3721 3118 3761 a
3149 3705 3379 3760 Domino
3424 3703 3642 3759 laboris
3678 3703 3757 3757 sui

2149 3802 2478 3866 mercedem,
2519 3801 2616 3856 sed
2667 3815 2700 3854 a
2740 3799 2976 3870 maligno
3007 3795 3462 3853 murmurationis
3496 3795 3758 3851 condem-

2150 3893 2444 3949 nationem.
2478 3891 2632 3948 Unde
2675 3899 2731 3948 et
2768 3892 3058 3947 subditur:

2223 3983 2366 4038 Nam
2397 4000 2514 4039 cum
2542 3982 2684 4062 malo
2714 3984 2890 4038 animo
2915 3983 2964 4038 si
2991 3981 3166 4036 obedit
3212 3980 3540 4052 discipulus,
3570 3991 3616 4035 et
3646 3997 3754 4036 non

2150 4075 2320 4132 solum
2353 4092 2462 4141 ore,
2490 4091 2665 4130 verum
2693 4075 2849 4128 etiam
2877 4075 2933 4128 in
2975 4073 3132 4128 corde
3155 4073 3201 4126 si
3225 4075 3673 4139 murmuraverit,
3704 4080 3756 4129 et

2150 4171 2196 4224 si
2232 4167 2444 4239 impleat
2481 4168 2794 4238 jussionem,
2830 4175 3006 4221 tamen
3054 4173 3323 4234 acceptum
3366 4165 3491 4234 jam
3526 4183 3634 4218 non
3659 4166 3755 4219 erit

2151 4257 2284 4322 Deo,
2319 4257 2409 4328 qui
2445 4273 2536 4310 cor
2564 4257 2770 4327 respicit
2797 4256 3196 4310 murmurantis.
3231 4253 3302 4308 Et
3349 4271 3448 4324 pro
3486 4255 3590 4308 tali
3614 4256 3753 4324 facta

2153 4345 2353 4400 nullam
2394 4346 2729 4416 consequitur
2755 4346 3004 4416 gratiam,
3037 4345 3141 4397 imo
3169 4359 3377 4413 poenam
3407 4360 3753 4398 murmuran-

2152 4438 2282 4491 tium
2310 4438 2556 4502 incurrit,
2595 4437 2642 4489 si
2685 4452 2788 4490 non
2819 4451 2938 4489 cum
2964 4433 3327 4503 satisfactione
3368 4435 3750 4487 emendaverit.

2154 4528 2289 4585 Cum
2308 4529 2451 4584 bono
2481 4527 2627 4582 enim
2650 4527 2851 4591 animo,
2881 4533 2938 4581 et
2969 4526 3131 4580 corde
3151 4540 3310 4595 puro,
3336 4530 3394 4578 et
3419 4523 3618 4577 humili
3648 4523 3754 4592 spi-

2155 4620 2261 4674 ritu
2285 4619 2445 4674 debet
2461 4617 2684 4672 obedire
2711 4616 3006 4686 discipulus
3031 4615 3312 4685 magistro,
3338 4621 3401 4667 ut
3423 4612 3754 4668 obedientia

2155 4727 2265 4767 suae
2292 4711 2522 4782 gratiam
2550 4708 2785 4778 accipiat
2813 4708 2950 4778 apud
2973 4707 3164 4762 Deum.
3194 4706 3332 4760 Nam
3361 4706 3587 4775 quando
3627 4720 3755 4759 cum

2153 4804 2297 4858 malo
2320 4802 2503 4857 obedit
2543 4801 2741 4863 animo,
2776 4809 2830 4855 et
2860 4800 3145 4868 superbus,
3190 4806 3244 4852 et
3284 4813 3664 4862 murmurans,
3699 4807 3754 4850 et

2153 4895 2468 4949 inobediens
2514 4901 2730 4947 tenetur
2761 4907 2791 4945 a
2842 4892 2970 4946 Deo.
3009 4891 3150 4946 Deus
3182 4900 3384 4954 autem,
3435 4891 3523 4944 cui
3567 4890 3754 4945 omnia

2153 4975 2294 5038 nuda
2325 4989 2451 5037 sunt
2493 4990 2548 5036 et
2576 4990 2779 5051 aperta,
2821 4979 3296 5043 murmurantium,
3342 4978 3511 5032 etiam
3559 4987 3751 5033 tacen-

2158 5075 2288 5130 tium
2353 5073 2517 5129 corda
2577 5075 2918 5129 condemnat.
2991 5072 3283 5141 Propterea
3336 5071 3606 5140 quidquid
3675 5069 3753 5124 fa-

2153 5165 2305 5220 ciunt
2341 5166 2615 5231 monachi,
2671 5167 2875 5236 absque
2923 5165 3354 5220 murmuratione
3391 5163 3622 5228 faciant,
3657 5177 3752 5231 ne,

2153 5258 2296 5328 quod
2326 5258 2486 5324 absit,
2519 5259 2909 5315 murmurando
2943 5273 3007 5312 ea
3058 5258 3327 5312 sententia
3372 5264 3605 5326 pereant
3639 5271 3753 5326 qua

2153 5351 2228 5408 illi
2250 5351 2527 5422 perierunt
2571 5352 2665 5421 qui
2713 5351 2768 5405 in
2795 5351 3010 5406 deserto
3040 5358 3231 5405 contra
3277 5349 3570 5404 Dominum
3599 5363 3754 5404 mur-

2154 5453 2538 5512 muraverunt;
2587 5456 2639 5500 et
2673 5447 2951 5516 perierunt
3006 5461 3201 5500 manna
3251 5443 3654 5507 manducando,
3695 5449 3755 5498 et

2154 5540 2242 5595 isti
2271 5540 2328 5594 in
2361 5537 2696 5595 monasterio
2745 5536 3055 5609 Scripturas
3106 5536 3390 5591 recitando
3418 5545 3476 5589 et
3519 5535 3755 5603 insuper

2155 5630 2566 5687 murmurando.
2594 5629 2674 5684 llli
2699 5643 2899 5684 manna
2931 5628 3305 5684 manducando
3335 5626 3536 5682 mortui
3568 5634 3698 5681 sunt
3732 5642 3749 5678 :

2155 5732 2210 5778 et
2236 5723 2324 5780 isti
2363 5722 2674 5794 Scripturas
2706 5721 2934 5794 legendo
2957 5728 3012 5775 et
3050 5719 3316 5775 audiendo
3338 5716 3565 5790 spiritali
3599 5717 3751 5772 fama

2158 5815 2399 5889 quotidie
2423 5814 2752 5872 moriuntur.
2793 5812 2873 5870 Illi
2899 5813 3288 5870 murmurando
3315 5820 3521 5868 terram
3558 5823 3756 5876 repro-
