3994 6466
1263 410 1646 484 Couumr.’
1661 419 1732 483 IN
1769 422 1931 483 nec.
1972 421 2031 482 s.
2073 407 2456 482 BENEDICTI.

3390 383 3498 477 eos

230 531 514 597 missionis
557 547 666 594 non
697 533 1044 604 introierunt,
1087 543 1145 592 et
1185 534 1276 593 isti
1307 536 1696 594 murmurando
1722 552 1819 610 pa—
1844 529 1900 608 Α
1921 537 2006 596 ori
2034 525 2265 604 'nostro,
2303 551 2374 592 ne
2402 531 2664 591 effrenate
2691 531 2972 607 loquentes
3015 541 3112 590 aut
3148 549 3247 606 per
3288 534 3500 592 malilo-

230 631 479 691 radisum
515 630 765 704 perdent,
813 639 869 687 et
913 629 1291 702 promissionis
1335 639 1561 698 terram,
1622 629 1678 686 id
1733 640 1819 688 est

227 731 495 782 aeternam
529 723 655 780 caeli
673 721 928 794 patriam,
954 738 1064 779 non
1093 723 1483 794 ingredientur.
1510 721 1650 789 Quid
1667 722 1816 778 enim

230 815 460 888 prodest
491 814 980 870 murmuratoribus
1005 815 1428 887 exteriusagere
1466 828 1602 883 opus
1640 813 1818 884 injun-

231 915 404 972 ctum,
444 913 502 960 et
538 904 765 960 interius
790 919 822 959 a
851 903 1118 960 mercedis
1158 905 1382 976 praemio
1411 918 1697 958 remanere
1722 919 1818 958 va-

227 1010 384 1052 cuos.
422 993 612 1051 Melius
638 1002 723 1052 est
768 1010 898 1068 ergo
927 994 1228 1064 majoribus
1270 994 1494 1052 obedire
1535 1010 1658 1050 cum
1688 1009 1818 1066 gau-

225 1083 343 1151 dio,
367 1093 424 1141 et
443 1085 727 1156 praemium
752 1086 994 1156 recipere
1020 1086 1435 1156 sempiternum,
1471 1101 1634 1156 quam
1672 1085 1815 1141 tristi

225 1177 415 1232 animo
459 1177 684 1233 obedire
708 1187 764 1232 et
792 1177 994 1233 laboris
1022 1179 1104 1233 sui
1137 1179 1361 1248 praamia
1401 1178 1647 1250 perdere.
1700 1177 1815 1233 Etsi

221 1263 390 1323 factis
426 1270 694 1339 compleat
725 1266 1024 1337 jussionem
1073 1270 1343 1340 magistri,
1385 1269 1686 1340 jussionem
1737 1278 1818 1323 ta-

221 1370 354 1415 men
400 1370 510 1412 non
548 1357 737 1428 implet
784 1358 1052 1430 Apostoli,
1101 1360 1193 1429 qui
1225 1359 1404 1415 dixit:
1440 1358 1631 1414 Omnia
1657 1359 1817 1429 facite

217 1447 340 1508 sine
368 1451 873 1507 murmurationibus
911 1461 960 1507 et
994 1452 1413 1508 hazsitationibus
1439 1450 1606 1524 (Phil.
1639 1451 1724 1523 ιι).

843 1565 1072 1624 CAPUT
1110 1567 1197 1622 Vl.

754 1638 836 1694 De
896 1639 1253 1694 taciturnitate

293 1727 667 1786 Taciturnitas
709 1730 888 1788 virtus
933 1741 1016 1788 est
1064 1730 1388 1787 humilitatis
1442 1740 1500 1787 et
1553 1729 1812 1788 indicium

218 1821 524 1894 gravitatis,
564 1821 750 1876 nutrix
798 1823 1080 1888 virtutum,
1127 1830 1184 1876 et
1213 1832 1399 1878 custos
1441 1829 1525 1877 est
1573 1834 1808 1876 morum.

1915 633 2124 705 quium,
2153 640 2247 689 aut
2276 647 2374 704 per
2408 629 2795 701 vaniloquium,
2837 636 2932 685 aut
2971 642 3070 701 per
3097 627 3497 700 multiloquium

1914 727 2252 784 offendamus
2305 725 2593 782 Dominum
2624 723 2794 778 Deum
2821 731 3086 778 nostrum.
3120 719 3226 776 Per
3264 720 3502 776 effrena-

1915 821 2119 877 tionem
2163 821 2310 876 enim
2350 820 2566 890 linguas,
2615 817 2756 872 sicut
2783 817 2974 872 beatus
3019 814 3354 886 Augustinus
3390 814 3502 881 ait,

1916 913 2256 968 seminantur
2276 909 2500 976 stimuli,
2523 905 2776 962 oriuntur
2798 906 2950 971 νῖκαι,
2967 905 3337 962 accenduntur
3354 903 3504 958 faces

1916 1003 2190 1070 odiorum,
2235 1019 2342 1075 pax
2389 999 2753 1071 exstinguitur
2797 999 3061 1064 oordium,
3099 1007 3155 1054 et
3182 1005 3506 1055 eteterorum

1916 1093 2212 1149 multorum
2237 1093 2502 1149 redundat
2532 1089 2684 1161 copia
2727 1090 3003 1144 vitiorum.

1990 1185 2262 1252 Obmutui,
2288 1196 2335 1241 et
2359 1185 2667 1240 humiliatus
2705 1199 2844 1249 sum,
2873 1192 2918 1237 et
2947 1181 3070 1236 silui
3094 1200 3126 1237 a
3148 1182 3294 1237 bonis
3325 1179 3502 1255 (Psal.

1915 1278 2172 1351 xxxvm).
2201 1279 2354 1334 Hanc
2378 1278 2703 1335 sententiam
2727 1277 2920 1332 beatus
2941 1273 3264 1331 Benedictus
3285 1275 3340 1330 in
3371 1274 3508 1330 taci-

1916 1373 2197 1427 turnitatis
2211 1373 2459 1442 exposuit
2475 1372 2632 1426 laude
2647 1371 2832 1426 dicens
2861 1388 2873 1423 :
2899 1368 3003 1422 Hic
3025 1369 3249 1423 ostendit
3271 1367 3507 1440 Prophe-

1916 1475 1992 1532 ta,
2021 1466 2120 1520 sia
2151 1465 2298 1520 bonis
2320 1465 2538 1537 eloquiis
2565 1465 2827 1519 interdum
2849 1471 3060 1534 propter
3093 1463 3506 1517 taciturnitatem

1914 1557 2065 1612 debet
2089 1559 2271 1624 taceri,
2303 1566 2499 1630 quanto
2542 1558 2709 1628 magis
2735 1574 2767 1611 a
2793 1554 2946 1610 malis
2968 1554 3135 1610 verbis
3179 1563 3389 1626 propter
3409 1571 3510 1625 par-

1915 1665 2041 1704 nam
2062 1651 2265 1720 peccati
2285 1650 2433 1705 debet
2461 1651 2696 1705 cessari?
2717 1649 2808 1705 Sic
2837 1649 2983 1703 enim
3012 1648 3232 1718 quidam
3261 1647 3337 1701 ait
3368 1666 3380 1701 :
3409 1662 3509 1718 pro

1915 1743 2092 1800 otioso
2112 1745 2279 1799 verbo
2300 1744 2442 1798 ratio
2462 1744 2702 1814 ponitur.
2731 1742 2838 1798 Pro
2860 1756 3111 1798 sermone
3129 1739 3329 1810 injusto
3348 1754 3508 1810 poena

1913 1837 2234 1893 exsolvitur.
2252 1835 2523 1903 Obmutui,
2541 1837 2697 1903 dixit,
2714 1836 2768 1891 id
2781 1844 2887 1903 est,
2909 1835 3183 1890 silentium
3202 1835 3356 1900 mihi,
3373 1844 3440 1889 ne
3454 1833 3505 1889 in

219 1909 362 1969 Hinc
401 1910 654 1968 Salomon
677 1911 795 1968 ait:
827 1911 931 1979 Qui
953 1913 1179 1968 custodit
1210 1930 1267 1968 os
1306 1930 1460 1968 suum
1485 1923 1533 1968 et
1574 1911 1808 1983 linguam
1838 1907 1886 1967 B
1913 1929 2243 2001 loquacitate
2286 1943 2596 2000 peccaram,
2627 1929 2991 1986 voluntarium
3047 1930 3301 2002 imposui.
3353 1927 3505 1984 εει-ί,

217 2020 398 2072 nam,
423 2006 649 2061 custodit
663 2007 727 2061 ab
743 2007 1000 2077 angustiis
1025 2008 1258 2062 animam
1287 2022 1439 2061 suam
1461 2003 1647 2078 (Prov.
1666 2004 1811 2074 xm).

217 2095 305 2152 Ab
330 2099 594 2169 angustiis
619 2097 872 2153 videlicet
905 2109 1122 2154 aeterna:
1150 2114 1326 2170 paena
1348 2097 1546 2153 liberat
1574 2096 1815 2150 animam

216 2201 399 2256 suam,
446 2190 539 2260 qni
572 2189 1002 2244 taciturnitatem
1031 2203 1241 2253 amans,
1295 2203 1327 2242 a
1356 2187 1502 2242 malo
1531 2194 1588 2242 et
1619 2199 1810 2254 pravo,

216 2279 306 2334 vel
329 2281 550 2337 omnino
573 2279 909 2351 stultiloquio
931 2280 1193 2347 custodit,
1222 2288 1278 2334 et
1304 2277 1545 2334 refrenat
1573 2277 1814 2348 linguam

215 2384 378 2428 suam
401 2373 620 2430 dicens:

297 2463 583 2522 Faciamus
635 2468 778 2539 quod
807 2469 881 2522 ait
926 2465 1192 2538 Propheta
1250 2479 1268 2518 :
1321 2463 1468 2526 Dixi,
1505 2461 1813 2517 Custodiam

213 2555 331 2610 vias
357 2572 522 2624 meas,
555 2566 611 2611 ut
657 2574 763 2612 non
809 2557 1110 2629 delinquam
1158 2556 1215 2610 in
1262 2555 1443 2626 lingua
1494 2570 1610 2608 mea
1635 2550 1809 2626 (Psal.

213 2648 475 2720 xxxvm).
533 2648 628 2704 ille
674 2649 815 2706 bene
870 2649 1008 2715 vias,
1057 2649 1113 2704 id
1149 2656 1267 2715 est,
1318 2657 1472 2702 actus
1526 2645 1654 2700 vitae
1699 2659 1813 2700 sua:

211 2738 472 2803 custodit,
519 2740 612 2809 qui
650 2740 705 2794 in
755 2739 937 2812 lingua
985 2739 1208 2794 minime
1259 2738 1500 2794 offendit.
1543 2736 1812 2792 Modicum

215 2828 362 2885 enim
393 2832 698 2886 membrum
721 2839 806 2888 est
828 2830 1032 2901 lingua,
1059 2831 1155 2886 sed
1185 2829 1386 2884 multas
1412 2829 1563 2883 rixas
1591 2835 1648 2883 et
1673 2824 1812 2880 mul—

214 2927 276 2976 ta
298 2935 438 2992 sape
467 2922 762 2978 committit
789 2922 1063 2978 scandala.
1098 2923 1176 2978 De
1199 2938 1306 2992 qua
1333 2921 1566 2976 Jacobus
1594 2926 1812 2990 aposto-

213 3008 302 3068 lus
323 3013 401 3067 ait
427 3027 443 3066 :
466 3011 726 3085 Linguam
751 3013 930 3068 nullus
952 3015 1222 3069 hominum
1249 3013 1464 3067 domare
1509 3021 1699 3082 potest;
1726 3012 1810 3064 in-

211 3103 450 3174 quietum
483 3103 704 3171 malum,
742 3104 898 3174 plena
938 3121 1132 3160 veneno
1171 3103 1462 3173 mortifero,
1510 3110 1566 3157 et
1600 3101 1807 3173 reliqua

214 3194 426 3268 (Iacob.
457 3195 562 3258 tu).
596 3195 698 3264 Qui
720 3211 851 3268 ergo
874 3197 929 3252 in
968 3197 1151 3267 lingua
1179 3211 1287 3250 non
1323 3194 1441 3249 vult
1468 3192 1804 3262 delinquere,

211 3287 368 3358 prius
392 3287 510 3343 vias
537 3303 686 3353 suas,
712 3288 766 3343 id
786 3296 871 3344 est
898 3298 1052 3343 actus
1072 3288 1197 3342 vita:
1224 3300 1357 3352 sum,
1385 3285 1548 3340 debet
1574 3283 1807 3340 sollicite
1836 3271 1881 3333 C

209 3379 521 3450 providere,
551 3394 620 3434 ne
651 3379 832 3434 subito
859 3379 1078 3452 labatur
1105 3379 1162 3432 in
1186 3377 1390 3448 lingua,
1416 3375 1510 3446 qui
1532 3383 1660 3431 ante
1679 3389 1806 3430 suas

210 3474 501 3545 providere
522 3473 760 3547 neglexit
798 3474 934 3530 vias.
974 3473 1271 3544 Sequitur:

283 3562 452 3619 Ροεαί
483 3565 562 3618 ori
589 3580 704 3618 meo
730 3564 1025 3618 custodiam
1049 3561 1222 3635 (Psal.
1255 3560 1507 3634 xxxvm).
1535 3560 1630 3617 Ille
1666 3561 1807 3616 bene

212 3659 515 3717 custodiam
545 3659 628 3716 ori
657 3675 757 3716 suo
784 3659 958 3732 ponit,
1007 3658 1162 3729 cujus
1195 3657 1378 3730 lingua
1414 3671 1517 3711 nec
1547 3657 1602 3710 in
1641 3655 1802 3711 mali-

210 3753 474 3824 loquium,
505 3767 607 3808 nec
646 3752 702 3806 in
743 3751 1134 3822 vaniloquium,
1167 3765 1268 3806 nec
1297 3750 1354 3805 in
1403 3748 1804 3819 multiloquium

209 3843 521 3916 procaciter
563 3842 700 3910 fluit,
733 3843 831 3900 sed
865 3844 1162 3899 secundum
1193 3840 1560 3907 Salomonem,
1591 3850 1804 3913 tempus

212 3937 452 4005 tacendi,
481 3946 538 3994 et
576 3946 790 4008 tempus
831 3944 1109 4008 exspectat
1152 3936 1404 4007 loquendi
1461 3933 1635 4008 (Eccl.
1689 3933 1800 4005 ιιι).

210 4028 347 4090 Item
372 4030 634 4102 scriptum
662 4041 748 4086 est
779 4044 794 4084 :
827 4029 1000 4084 Ilomo
1043 4019 1254 4100 sapiens
1297 4029 1487 4082 tacebit
1520 4043 1684 4098 usque
1731 4025 1800 4079 ad

213 4131 439 4195 tempus,
471 4123 695 4180 lascivus
727 4131 902 4177 autem
928 4131 975 4176 et
1000 4122 1301 4192 imprudens
1331 4137 1434 4174 non
1469 4128 1638 4175 servat
1667 4127 1801 4172 tem-

210 4231 310 4285 pus
337 4216 505 4288 (Eccl.
534 4215 650 4289 xx).
679 4214 787 4271 Sed
808 4223 864 4270 et
894 4215 983 4270 ille
1011 4214 1317 4270 custodiam
1367 4213 1451 4269 ori
1489 4228 1587 4268 suo
1629 4211 1800 4282 ponit,

211 4309 306 4379 qui
332 4324 390 4365 se
419 4325 527 4365 non
546 4307 776 4378 justum,
808 4308 922 4374 sed,
949 4307 1093 4378 quod
1136 4307 1308 4377 magis
1327 4320 1517 4360 verum
1545 4312 1648 4370 est,
1677 4319 1804 4375 pec-

213 4406 452 4455 catorem
477 4399 700 4455 fatetur.
723 4398 803 4454 Ne
829 4413 958 4469 ergo
982 4398 1039 4454 in
1069 4397 1443 4467 maliloquium
1465 4396 1682 4452 labatur
1702 4394 1806 4450 lin-

211 4509 341 4566 gua,
372 4503 535 4566 ponat
569 4494 938 4564 unusquisque
967 4500 1214 4548 nostrum
1236 4491 1318 4546 ori
1346 4505 1444 4546 suo
1478 4489 1799 4556 custodiam,

210 4595 270 4642 et
325 4585 610 4656 diligenter
661 4585 908 4640 attendat
950 4585 1082 4654 quid
1131 4585 1199 4640 de
1258 4583 1400 4639 male
1453 4583 1803 4654 loquentibus

204 4677 504 4751 Apostolus
541 4678 703 4734 dicat.
763 4677 854 4731 Ait
889 4677 1037 4732 enim
1092 4679 1234 4733 inter
1287 4686 1484 4733 caetera
1549 4675 1800 4748 superius

207 4770 298 4828 vel
327 4770 602 4826 subterius
649 4770 926 4825 nominata
971 4769 1114 4824 mala
1148 4789 1161 4824 :
1189 4768 1371 4843 Neque
1393 4769 1603 4836 ebriosi,
1637 4786 1800 4840 neque

211 4864 474 4932 maledici,
525 4881 690 4936 neque
747 4880 962 4935 rapaces
1016 4879 1234 4935 regnum
1299 4862 1398 4917 Dei
1461 4861 1798 4934 possidebunt

209 4956 267 5031 (l
292 4957 414 5014 Cor.
445 4958 544 5032 vl).
588 4957 694 5015 Sed
721 4958 776 5013 in
809 4957 924 5030 lege
960 4957 1222 5013 Dominus
1247 4955 1372 5012 ﬁliis
1399 4955 1564 5012 Israel
1596 4971 1800 5028 praece-

210 5052 294 5124 pit
317 5053 539 5109 dicens:
565 5051 852 5108 Maledicos
875 5068 978 5107 non
1002 5053 1146 5106 sinas
1169 5052 1332 5106 vivere
1352 5051 1408 5106 in
1429 5061 1569 5106 terra
1596 5050 1793 5122 (Exod.

213 5146 376 5218 xxii).
406 5145 484 5202 Ne
505 5161 634 5217 ergo
660 5145 716 5200 in
741 5143 1108 5213 vaniloquium
1152 5141 1352 5198 deﬂuat
1377 5142 1578 5215 lingua,
1611 5142 1800 5198 audia-

212 5256 335 5298 mus
356 5240 488 5311 quid
516 5237 801 5295 Psalmista
829 5236 896 5290 de
919 5235 1232 5306 vaniloquio
1271 5235 1436 5290 dicat.
1476 5234 1568 5289 Ait
1601 5235 1748 5289 enim
1782 5252 1795 5288 :

203 5331 373 5388 .Vana
422 5333 582 5387 locuti
631 5340 749 5386 sunt
776 5329 1130 5400 unusquisque
1171 5328 1240 5382 ad
1269 5327 1567 5398 proximum
1598 5343 1751 5380 suum
1778 5340 1798 5379 :

212 5431 355 5488 labia
379 5430 584 5496 dolosa,
612 5431 668 5484 in
691 5427 846 5484 corde
885 5435 932 5482 et
962 5426 1118 5481 corde
1143 5424 1306 5478 locuti
1336 5433 1478 5479 sunt.
1515 5423 1800 5494 Disperdat

211 5522 470 5579 Dominus
502 5522 742 5576 universa
765 5517 906 5572 labia
937 5517 1144 5583 dolosa,
1176 5525 1281 5571 etc.
1315 5514 1488 5588 (Psal.
1512 5513 1612 5588 χι).
1642 5513 1720 5568 Ne
1741 5514 1797 5569 in

212 5615 616 5686 multiloquium
645 5612 1044 5669 inconsiderato
1090 5610 1271 5682 lingua
1300 5609 1475 5672 cadat,
1513 5606 1798 5664 audiamus

213 5711 346 5783 quid
368 5708 624 5766 Salomon
653 5709 814 5773 dicat,
849 5707 982 5763 dicit
1005 5705 1152 5762 enim
1189 5723 1202 5759 :
1239 5703 1308 5759 In
1337 5703 1668 5776 multiloquio
1693 5721 1800 5760 non

213 5800 431 5872 c/fugies
473 5809 764 5872 peccatum,
802 5807 850 5853 et
883 5797 970 5870 qui
1000 5796 1178 5851 multis
1207 5796 1376 5851 utitur
1415 5796 1604 5863 verbis,
1653 5795 1798 5852 lwdit

214 5891 451 5951 animam
497 5907 648 5948 suam
679 5889 859 5965 (Prov.
893 5889 972 5964 x).
1002 5888 1258 5946 Ponenda
1281 5896 1366 5946 est
1393 5905 1525 5963 ergo
1551 5890 1796 5948 custodia

1913 2015 2096 2092 ptum'
2129 2029 2213 2076 est
2263 2021 2408 2076 enim
2439 2038 2452 2076 :
2489 2019 2593 2086 Qui
2637 2022 2747 2075 odit
2783 2022 3176 2094 loquacitatem,
3223 2023 3508 2093 exstinguit

1914 2113 2174 2166 malitiam
2203 2111 2372 2184 (Eccl.
2401 2111 2540 2183 xix).
2573 2112 2712 2168 Hinc
2733 2113 2901 2168 Isaias
2929 2115 3005 2168 ait
3031 2133 3043 2168 :
3077 2113 3264 2169 Cultus
3279 2115 3509 2184 justitice

1914 2203 2179 2258 silentium
2209 2202 2366 2274 (Isai.
2399 2203 2600 2276 xxxn),
2627 2204 2878 2261 videlicet
2925 2206 3172 2262 indicans
3199 2206 3325 2276 quia
3359 2221 3511 2260 men-

1915 2294 1986 2350 tis
2005 2295 2221 2365 justitia
2269 2294 2562 2362 desolatur,
2594 2296 2811 2367 quando
2855 2297 2924 2352 ab
2969 2298 3324 2356 immoderata
3359 2298 3509 2356 locu-

1917 2383 2064 2439 tione
2090 2384 2271 2455 lingua
2300 2399 2408 2440 non
2449 2387 2834 2454 compescitur.
2867 2387 3257 2457 Taciturnitas,
3313 2397 3374 2444 ut
3427 2388 3510 2445 di-

1915 2485 2063 2530 ctum
2085 2483 2192 2542 est,
2217 2477 2392 2532 virtus
2417 2485 2502 2532 est
2531 2478 2872 2545 humilitatis,
2899 2480 3026 2549 quia
3048 2489 3252 2550 quanto
3282 2481 3510 2536 tacitur-

1913 2569 2103 2625 nitatis
2126 2568 2278 2625 freno
2300 2571 2690 2642 constringitur
2727 2571 2930 2643 lingua,
2965 2581 3116 2628 tanto
3146 2589 3300 2629 mens
3324 2572 3505 2629 humi-

1913 2659 2044 2716 liata
2088 2662 2318 2733 erigitur
2367 2664 2433 2718 ad
2471 2679 2704 2718 summa.
2737 2664 2805 2719 Et
2839 2675 3043 2736 quanto
3070 2682 3128 2722 se
3166 2668 3264 2722 sub
3289 2665 3509 2723 silentio

1913 2751 2190 2822 deprimit,
2220 2763 2370 2808 tanto
2399 2755 2831 2824 compunctionis
2852 2757 3026 2812 aciem
3051 2757 3107 2813 in
3139 2757 3504 2830 ccelmn'llgit.

1910 2842 1980 2898 Et
2008 2854 2273 2915 quantum
2301 2862 2360 2902 se
2389 2847 2456 2902 ad
2479 2849 2912 2919 compunctionis
2932 2851 3161 2923 gratiam
3189 2850 3507 2907 humiliatus

1911 2939 2128 2994 animus
2161 2939 2355 3006 elevat,
2404 2949 2614 2996 tantum
2649 2956 2708 2997 se
2742 2942 2938 2998 iterum
2979 2942 3047 2997 ad
3091 2942 3323 3014 gratiam
3357 2957 3506 2998 com-

1907 3029 2220 3100 punctionis
2251 3030 2520 3086 humiliat.
2553 3031 2707 3088 Unde
2745 3041 2801 3088 et
2836 3033 3123 3103 sequitur:
3172 3032 3504 3087 Humiliatus

1909 3139 2050 3188 sum,
2078 3133 2126 3176 et
2150 3122 2274 3178 silui
2298 3141 2330 3177 a
2361 3125 2509 3178 bonis
2536 3123 2710 3196 (Psal.
2748 3125 3004 3196 xxxvm).
3030 3123 3148 3180 Nisi
3181 3124 3330 3179 enim
3353 3124 3506 3194 prius

1913 3212 2234 3268 humiliatus
2265 3222 2431 3279 esset,
2481 3230 2512 3269 a
2558 3215 2716 3271 bonis
2769 3215 3036 3285 malisque
3085 3231 3193 3271 non
3243 3214 3502 3271 siluisset.

1913 3303 2239 3361 Humiliatus
2277 3307 2423 3361 enim
2467 3305 2805 3378 intelligitur,
2849 3307 3000 3362 humi
3027 3314 3352 3377 prostratus.
3401 3305 3505 3373 Qui

1912 3410 2042 3468 ergo
2091 3394 2484 3450 taciturnitatis
2557 3395 2816 3450 virtutem
2868 3394 3139 3449 veraciter
3191 3402 3358 3460 amat,
3405 3408 3504 3450 ne-

1911 3503 2065 3544 cesse
2115 3496 2200 3543 est
2240 3496 2301 3542 ut
2345 3486 2412 3541 ad
2453 3496 2664 3558 tempus
2694 3488 2858 3542 etiam
2887 3503 2918 3542 a
2945 3487 3104 3543 bonis
3146 3487 3505 3543 locutionibus

1911 3589 2130 3649 taceat,
2161 3592 2221 3638 ut
2254 3584 2487 3637 virtutes
2536 3591 2762 3638 caeteras
2787 3583 2856 3638 ad
2895 3590 3108 3655 tempus
3135 3582 3364 3638 tacendo
3405 3597 3507 3637 nu-

1910 3675 2065 3740 triat,
2100 3691 2236 3746 quas
2271 3675 2510 3730 nutritas
2538 3674 2735 3730 iterum
2761 3682 3004 3746 tempore
3023 3690 3264 3746 congruo
3286 3674 3503 3746 sapien-

1910 3774 1998 3822 ter
2016 3765 2276 3837 proferat.
2311 3764 2449 3820 Hinc
2474 3781 2572 3836 per
2610 3767 2898 3836 quemdam
2932 3766 3231 3838 sapientem
3257 3765 3456 3821 dicitur
3484 3781 3499 3820 :

1909 3856 2008 3912 Est
2041 3868 2218 3912 tacens
2252 3858 2343 3929 qui
2385 3858 2649 3912 invenitur
2692 3858 2930 3928 sapiens;
2975 3868 3022 3912 et
3065 3867 3138 3913 est
3168 3857 3375 3912 odibilis
3415 3873 3505 3928 qttt

1906 3965 2107 4020 procax
2134 3958 2210 4004 est
2255 3949 2324 4002 ad
2354 3949 2671 4020 loquendum
2702 3946 2872 4020 (Eccl.
2916 3948 3030 4024 xx).
3058 3949 3140 4004 Ac
3167 3948 3214 4004 si
3243 3948 3448 4004 diceret
3484 3961 3500 4003 :

1906 4037 2002 4095 Ille
2040 4053 2100 4095 se
2138 4039 2368 4095 tacendo
2407 4040 2709 4110 sapientem
2754 4055 3086 4109 componens
3117 4039 3361 4104 nutrivit,
3397 4038 3501 4094 iste

1907 4147 1967 4188 se
1995 4133 2299 4203 procaciter
2321 4132 2592 4202 loquendo
2630 4132 2883 4188 odibilem
2913 4132 3058 4188 fecit.
3089 4132 3182 4188 llle
3209 4133 3300 4202 qui
3325 4131 3499 4186 tacuit

1908 4223 2160 4279 inventus
2189 4231 2274 4278 est
2320 4223 2570 4294 sapiens;
2629 4223 2734 4278 iste
2777 4223 2906 4294 quia
2951 4223 3220 4294 loquendo
3265 4223 3501 4279 excessit

1907 4315 2126 4371 modum
2164 4315 2418 4370 inventus
2441 4324 2526 4371 est
2557 4330 2778 4386 procax.

1978 4407 2123 4480 Ergo
2145 4408 2379 4481 quamvis
2407 4408 2470 4462 de
2510 4408 2658 4462 bonis
2687 4416 2736 4462 et
2765 4409 2961 4463 sanctis
2989 4408 3059 4462 ad
3089 4409 3493 4478 wdiﬁcationem

1905 4498 2141 4570 eloquiis,
2167 4498 2408 4570 perfectis
2431 4496 2702 4568 discipulis
2729 4506 2940 4568 propter
2961 4497 3337 4552 taciturnitatis
3370 4513 3495 4568 gra-

1905 4592 2114 4646 vitatem
2161 4606 2286 4644 rara
2329 4588 2572 4662 loquendi
2617 4587 2936 4643 concedatur
2988 4587 3218 4643 licentia.
3258 4587 3409 4644 Bona
3436 4597 3494 4646 et

1907 4693 2095 4740 sancta
2137 4692 2192 4740 et
2245 4683 2312 4738 ad
2343 4684 2648 4738 animarum
2675 4680 3086 4737 aediﬁcationem
3116 4689 3238 4753 apta
3281 4680 3495 4738 Domini

1907 4780 2040 4836 dicit
2081 4779 2316 4848 eloquia,
2360 4778 2487 4848 quia
2532 4777 2636 4832 nisi
2685 4775 2866 4830 anima
2898 4775 3003 4831 illis
3052 4776 3370 4846 composita,
3427 4775 3496 4830 ad

1906 4871 2166 4928 caelorum
2211 4870 2434 4925 minimc
2462 4868 2664 4939 poterit
2702 4867 3069 4925 conscendere
3106 4868 3359 4939 patriam,
3399 4875 3494 4921 aut

1905 4980 2029 5021 cum
2055 4963 2260 5019 sanctis
2286 4963 2530 5034 recipere
2579 4963 2820 5034 praemia.
2853 4963 2930 5018 De
2956 4961 3042 5017 his
3070 4961 3214 5016 enim
3264 4959 3492 5029 eloquiis

1903 5055 2036 5112 dicit
2088 5055 2374 5110 Psalmista
2425 5074 2437 5108 :
2486 5053 2713 5125 Eloquia
2779 5053 2996 5110 Domini
3047 5051 3253 5124 eloquia
3307 5060 3490 5106 casta:

1901 5158 2177 5220 argentum
2208 5148 2326 5218 igne
2347 5147 2725 5212 examinatum,
2746 5155 2853 5202 etc.
2890 5145 3063 5219 (Psal.
3094 5144 3193 5217 xl).
3224 5143 3361 5199 Hinc
3389 5143 3493 5199 ite-

1902 5255 2022 5296 rum
2046 5240 2162 5310 ipse
2192 5257 2204 5293 :
2232 5237 2450 5293 Iudicia
2475 5237 2575 5292 Dei
2593 5238 2893 5308 justiﬁcata
2921 5237 2977 5291 in
3008 5237 3317 5307 semetipsa;
3355 5235 3491 5290 desi-

1903 5329 2161 5384 derabilia
2187 5345 2345 5400 super
2366 5345 2556 5383 aurum
2586 5329 2827 5396 multum,
2863 5337 2912 5382 et
2933 5327 3160 5398 lapidem
3181 5327 3486 5398 pretiosum,

1903 5433 1952 5479 et
1983 5422 2224 5478 dulciora
2264 5440 2420 5496 super
2441 5422 2542 5478 mel
2567 5433 2617 5478 et
2646 5421 2825 5494 favum
2856 5417 3029 5493 (Psal.
3062 5418 3242 5492 xvm).
3275 5419 3488 5475 Etenim

1902 5531 2093 5573 servus
2125 5525 2250 5571 tuus
2285 5516 2520 5572 custodit
2555 5530 2622 5571 ea
2653 5533 2666 5569 :
2696 5515 2753 5569 in
2801 5511 3172 5568 custodiendis
3196 5511 3306 5567 illis
3328 5510 3460 5567 retri

1899 5607 2052 5665 butio
2073 5609 2261 5664 multa.
2291 5608 2430 5663 Hinc
2456 5607 2657 5662 Paulus
2683 5605 2761 5659 ait
2795 5623 2809 5658 :
2835 5602 3041 5658 Scimus
3074 5603 3199 5674 quia
3223 5603 3306 5658 lex
3327 5603 3487 5669 bona,

1899 5712 1949 5757 et
1989 5713 2198 5770 sancta,
2232 5713 2280 5758 et
2319 5703 2470 5774 justa
2499 5709 2573 5754 est
2606 5698 2655 5771 (1
2693 5697 2828 5752 Tim.
2863 5697 2927 5770 ι).
2958 5697 3085 5754 llzec
3111 5706 3239 5754 sunt
3272 5695 3488 5767 eloquia

1901 5794 2116 5851 Domini
2162 5812 2281 5868 qua:
2309 5791 2662 5851 credentibus
2691 5799 2747 5845 et
2771 5788 3096 5868 facientibus
3137 5806 3203 5845 ea
3227 5798 3488 5845 artematn

1898 5867 2206 5960 praeparant
2243 5887 2432 5942 vitam.
2461 5883 2593 5952 Quae
2621 5867 2843 5957 pr0pter
2877 5883 3265 5942 taciturnitatis
3301 5881 3484 5957 gravi-
