3994 6458
432 428 620 502 -803

1791 414 2141 487 SMARAGDi
2171 416 2458 482 ABBATIS
2546 408 2553 411 ⁷

517 562 685 615 tatem
724 550 1045 611 tenendam;
1062 562 1189 606 raro
1231 527 1543 605 conceditur
1573 540 1850 616 discipulis
1893 543 2085 615 praedi-
2110 563 2165 623 Α
2186 550 2236 597 et
2251 539 2505 596 annuntla
2531 530 2721 610 populo
2740 546 2855 591 meo
2874 528 3073 591 scelera
3096 538 3296 603 eorum,
3323 510 3785 590 etiam,“

514 645 718 713 cauda,
749 660 817 702 ne
862 641 1021 711 forte,
1070 643 1198 699 dum
1242 639 1627 697 taciturnitatis
1677 648 1787 694 sua:
1840 638 2089 692 incautus

514 738 790 812 egreditur
824 728 1081 802 claustra,
1121 734 1177 790 in
1209 732 1455 790 elationis
1479 745 1719 803 praeceps
1750 727 1959 785 foveam
1994 743 2087 784 ca-

516 830 625 899 dat.
670 840 764 891 aut
795 828 993 890 silentii
1032 830 1114 885 sui
1154 832 1393 883 transeat
1427 826 1740 891 terminum,
1777 832 1833 878 et
1858 836 1969 877 sum
1993 835 2088 892 pa-

514 923 682 981 tiatur
697 922 892 978 animte
914 920 1316 986 detrimentum,
1343 918 1534 991 perdat
1558 914 1944 971 taciturnitatis
1964 926 2091 984 pro-

517 1014 711 1071 ﬁcuatn
739 1015 1081 1086 gravitatem,
1125 1022 1184 1069 et
1228 1014 1283 1068 in
1334 1013 1649 1069 damnosam
1676 1011 1882 1067 incidat
1922 1006 2089 1064 animi

513 1107 807 1169 levitatem.
845 1107 1001 1167 Unde
1029 1114 1083 1179 et
1112 1104 1358 1177 sequitur
1380 1121 1395 1161 :
1884 1182 1887 1183 ν

583 1197 721 1266 Quia
742 1198 992 1269 scriptum
1011 1206 1085 1253 est
1106 1210 1125 1248 :
1148 1194 1213 1253 In
1240 1189 1697 1266 multiloquio‘non
1721 1193 1938 1265 eﬂ'ugies
1968 1208 2090 1263 pec-

515 1278 691 1344 catum
712 1284 896 1359 (Prov.
931 1302 1010 1360 X).
1060 1286 1199 1342 Hinc
1246 1287 1436 1342 beatus
1467 1284 1761 1358 Gregorius
1798 1285 1915 1340 ait:
1952 1282 2089 1350 Quia

514 1378 854 1449 multiloquio
885 1379 1115 1451 quisque
1158 1377 1402 1434 serviens
1437 1377 1817 1434 rectitudinem
1842 1375 2090 1445 ijustitize

517 1479 702 1525 tenere
751 1486 1093 1541 nequaquam
1117 1470 1327 1543 possit,
1370 1478 1603 1525 testatur
1654 1466 1924 1538 Propheta
1950 1508 1964 1531 ,
1999 1466 2089 1535 qui
2144 1527 2153 1537 ,

514 1565 620 1635 ait:
659 1563 749 1619 Vir
773 1564 1041 1636 linguosus
1092 1581 1198 1618 non
1226 1560 1482 1636 dirigetur
1508 1579 1663 1634 super
1695 1572 1888 1615 terram
1915 1556 2086 1631 (Psal.

512 1654 795 1726 cxxxvnt).
815 1652 952 1709 Hinc
964 1653 1153 1709 beatus
1165 1653 1487 1709 Ambrosius
1499 1652 1629 1708 dicit
1655 1670 1668 1706 :
1689 1650 1786 1706 Est
1813 1652 1974 1706 homo
1996 1649 2090 1719 qui

514 1745 789 1803 silentium
816 1744 1033 1801 aﬂ‘ectat
1058 1746 1299 1816 quidem,
1351 1744 1447 1799 sed
1475 1758 1572 1799 cor
1599 1745 1715 1815 ejus
1769 1740 1996 1798 multum
2032 1752 2091 1796 se

513 1838 855 1894 condemnat.
879 1835 987 1893 Iste
1010 1836 1135 1893 talis
1166 1835 1395 1891 multum
1420 1835 1677 1905 loquitur.
1704 1832 1801 1890 Est
1836 1833 1976 1888 alius
1996 1830 2089 1903 qui

2189 641 2400 705 peccata
2434 644 2613 684 eorum
2637 627 2775 700 (Isa.
2810 626 2985 699 mn).
3027 625 3132 697 Ipsi
3159 625 3353 680 iterum
3382 638 3489 696 per
3509 624 3781 683 mea

2187 725 2505 798 prephetam
2558 719 2912 793 praecipitur:
2965 718 3137 791 Super
3194 726 3429 773 mortem
3493 715 3775 773 metu.

2191 818 2410 871 ascende
2456 824 2509 870 tu
2537 856 2551 880 ,
2606 815 2695 885 qui
2744 810 3068 884 euangelizas
3118 809 3409 879 Sion;die
3468 808 3782 866 ciuitatibus

2189 906 2357 974 Iuda,
2397 915 2452 962 et
2479 907 2683 979 reliqua
2730 904 2863 976 (Isa.
2895 904 3006 978 xu).
3039 903 3244 961 Tacere
3280 912 3335 962 et
3375 905 3571 960 audire
3612 905 3786 960 disd-

2190 998 2375 1072 pulum
2417 997 2687 1054 canenit.
2715 992 3002 1068 Discipuli:
3027 998 3171 1053 enim
3197 995 3437 1053 dicitur:
3479 994 3593 1063 Qui
3618 995 3792 1054 habet

2192 1107 2344 1145 aures
2369 1086 2619 1145 audiendi
2645 1087 3059 1162 audiat(ll!attlt.
3078 1104 3171 1155 ,ιη
3191 1084 3358 1143 Marc.
3385 1087 3487 1158 tv).
3518 1082 3790 1145 11inch-

2192 1186 2358 1239 cobus
2386 1176 2659 1255 apostolus
2683 1182 2759 1237 ait
2783 1201 2796 1237 :
2835 1176 2915 1238 Sit
2935 1181 3104 1237 omnis
3120 1183 3274 1236 homo
3296 1179 3448 1237 uelox
3467 1180 3541 1235 ad
3555 1178 3791 1235 audien-

2192 1274 2347 1341 dum,
2382 1275 2564 1329 tardus
2603 1280 2776 1328 autem
2804 1273 2875 1328 ad
2898 1272 3215 1345 loquendum
3247 1271 3459 1345 (λαιοῦ.
3486 1272 3555 1343 ῐ).
3603 1268 3791 1328 Recte

2190 1367 2367 1437 primo
2402 1366 2654 1420 admonet
2678 1378 2865 1420 aurem
2894 1376 3219 1435 quemquam
3264 1362 3426 1417 citius
3459 1376 3788 1418 accommo-

2192 1457 2320 1511 dare
2345 1457 2557 1512 docenti
2602 1470 2723 1511 sero
2760 1462 2941 1511 autem
2988 1470 3050 1511 os
3070 1454 3139 1510 ad
3183 1452 3490 1515 docendum
3533 1452 3786 1524 aperire.

2192 1548 2296 1614 Qui
2324 1562 2454 1618 ergo
2488 1547 2812 1618 sapientiam
2846 1544 3036 1618 diligit,
3086 1546 3266 1618 primo
3290 1547 3431 1602 hanc
3453 1561 3487 1600 a
3507 1546 3635 1601 Deo
3662 1561 3789 1616 pos-

2192 1641 2365 1709 tulet,
2424 1640 2618 1696 dehinc
2659 1640 2975 1712 magistrum
3003 1639 3250 1715 veritatis
3285 1639 3511 1716 humilis
3559 1639 3790 1695 auditor

2190 1734 2449 1809 inquirat,
2476 1740 2531 1789 et
2544 1730 2687 1788 inter
2705 1730 2971 1803 agendum
2991 1742 3145 1790 suam
3168 1726 3486 1790 eamisslme
3502 1732 3785 1805 linguam,

2192 1840 2301 1880 non
2334 1826 2508 1880 solum
2534 1826 2602 1881 ab
2645 1825 2835 1882 otiosis
2866 1827 3204 1883 sermonibus
3244 1835 3500 1882 coerceat
3532 1867 3549 1893 ,
3584 1841 3785 1881 verum

513 1941 673 1982 mane
698 1941 869 1997 usque
898 1927 965 1983 ad
1000 1941 1287 1998 vesperum
1330 1926 1569 1995 loquitur
1598 1966 1613 1992 ,
1660 1931 1859 1979 etcum
1888 1923 2089 1979 discre-
2114 1922 2163 1983 B
2190 1923 2245 1970 ει
2279 1915 2345 1970 ab
2368 1914 2505 1984 ipsa.
2530 1930 2693 1985 quam
2717 1930 2887 1987 nuper
2911 1915 3121 1982 (Ῐὶᾱὶοἱι,
3152 1912 3384 1972 veritate
3409 1916 3778 1987 mdicanda

514 2019 657 2074 tione
688 2019 961 2075 silentium
990 2032 1244 2091 magnum
1277 2017 1519 2074 custodit
1592 2015 1781 2071 Melius
1804 2023 1888 2073 est
1943 2014 2089 2069 enim

511 2109 786 2166 silentium
851 2121 1036 2167 tenere
1091 2124 1252 2183 quam
1296 2109 1501 2181 aliquid
1551 2108 1821 2165 malitiose
1888 2107 2086 2163 dicere.

510 2196 746 2257 Facilius
801 2202 947 2257 enim
992 2201 1220 2258 tacendo
1277 2200 1437 2272 culpa
1490 2200 1759 2272 refugitur
1797 2215 1963 2270 quam
2015 2199 2093 2255 lo-

513 2295 748 2364 quando.
778 2292 917 2350 Hinc
949 2293 1095 2349 enim
1136 2295 1399 2366 scriptum
1431 2301 1515 2349 est
1544 2311 1557 2348 :
1596 2291 1725 2347 Noli
1763 2294 1955 2348 citatus
1981 2309 2090 2348 esse

511 2385 569 2439 in
587 2384 788 2457 lingua,
811 2395 859 2441 et
884 2388 1192 2458 priusquam
1210 2387 1420 2453 audias,
1436 2403 1497 2441 ne
1523 2386 1833 2457 respondeas
1856 2385 2089 2453 verbum,

510 2482 559 2532 et
585 2478 639 2531 in
662 2478 831 2532 medio
855 2480 1119 2534 seniorum
1140 2495 1204 2535 ne
1231 2479 1455 2550 adjicias
1482 2478 1623 2552 loqui
1650 2497 1668 2546 ;
1699 2497 1803 2535 non
1832 2479 2088 2552 loquaris,

513 2571 613 2625 nisi
642 2571 963 2644 interogatus
994 2572 1159 2642 fueris
1181 2570 1372 2645 (Eccli.
1414 2569 1510 2644 tv).
1542 2571 1899 2645 Interrogatio
1946 2574 2091 2627 enim

511 2674 575 2719 os
611 2662 862 2720 monachi
898 2665 1123 2736 aperiat.
1155 2664 1368 2719 Maneat
1386 2665 1442 2719 in
1462 2666 1630 2720 verbo
1651 2662 1769 2734 ejus
1811 2676 2088 2731 mensura,

444 2768 445 2773 π
512 2751 568 2807 in
596 2764 846 2811 sermone
887 2754 961 2811 Sit
991 2764 1214 2825 statera,
1243 2771 1456 2827 semper
1478 2758 1643 2813 verba
1669 2755 1786 2827 ejus
1841 2757 1947 2813 sint
1976 2772 2092 2813 mo-

513 2844 720 2912 derata,
745 2846 962 2903 modum
990 2847 1244 2918 loquendi
1271 2860 1378 2902 non
1410 2856 1654 2905 transeat
1747 2856 1804 2904 et
1825 2847 1946 2919 plus
1971 2849 2093 2905 dili-

513 2942 605 3007 gat
635 2944 850 3008 semper
872 2938 1060 2993 audire
1088 2952 1250 3008 quam
1274 2939 1442 3011 loqui.

586 3024 655 3083 Et
678 3030 806 3083 alibi
833 3070 849 3097 ,
898 3029 1044 3086 Mors
1071 3038 1122 3085 et
1148 3032 1255 3085 vita
1284 3032 1339 3086 in
1367 3032 1608 3088 manibus
1661 3032 1856 3104 lingua:
1906 3030 2088 3106 (Prov.

514 3120 694 3193 ann).
725 3119 931 3194 Lingua
961 3136 1192 3197 namque
1240 3137 1435 3180 manus
1465 3137 1572 3181 non
1623 3123 1825 3193 habet,
1872 3127 1965 3181 sed
1994 3142 2093 3198 per

512 3212 889 3281 metaphoram
919 3226 1018 3282 pro
1047 3213 1300 3284 operibus
1324 3226 1518 3271 manus
1553 3215 1753 3271 dicitur
1770 3215 1953 3289 lingua
1993 3218 2090 3272 ha-

2192 2007 2486 2063 contineat.
2517 2006 2653 2061 Nam
2683 2015 2737 2063 et
2761 2007 2930 2063 tutius
2960 2015 3045 2063 est
3070 2015 3131 2063 ut
3158 2007 3344 2063 audiat
3384 2018 3556 2079 quam
3582 2006 3786 2079 pradi-

2192 2107 2363 2164 Cetur,
2398 2098 2653 2169 quoniam
2677 2112 2799 2154 cum
2834 2099 3072 2167 auditur,
3097 2099 3374 2155 humilitas
3420 2101 3783 2165 custoditur;

2191 2202 2314 2243 cum
2339 2195 2517 2243 autem
2547 2188 2894 2260 praedicatur,
2928 2190 3019 2245 vix
3055 2206 3163 2248 non
3195 2192 3433 2262 subripit
3464 2191 3654 2247 cuivis
3682 2192 3781 2246 iro-

2187 2279 2395 2334 minum
2411 2280 2882 2351 quantulacunque
2895 2280 3179 2352 jactantia.
3196 2281 3333 2339 Hinc
3343 2280 3622 2339 Ieremia:
3636 2282 3777 2337 bene

2191 2371 2426 2427 instituti
2474 2373 2833 2429 adolescentis
2876 2374 3022 2429 viam
3055 2375 3369 2431 describens
3392 2415 3407 2439 ,
3441 2373 3775 2429 modestiam

2191 2461 2576 2519 tacitumltatis
2602 2463 2744 2518 inter
2766 2464 2937 2533 prima
2962 2465 3222 2519 virtutum
3246 2464 3429 2519 studia
3445 2473 3735 2534 computat
3758 2481 3773 2516 :

2190 2546 2397 2607 Bonum
2422 2562 2499 2608 est
2518 2553 2647 2619 viro,
2679 2552 2876 2625 inquit,
2900 2571 3023 2610 cum
3042 2556 3324 2628 portaverit
3341 2556 3538 2626 jungunt
3565 2556 3780 2608 abadu-

2192 2641 2433 2699 lescentia
2449 2662 2566 2713 sua,
2592 2646 2787 2701 sedebit
2813 2645 3082 2703 solitarius
3101 2658 3150 2703 et
3192 2648 3382 2704 tacebit
3408 2645 3625 2719 (τὴνδ’.
3664 2648 3774 2716 ιη).

2265 2734 2335 2792 Et
2350 2738 2490 2807 ideo,
2510 2740 2556 2795 si
2583 2756 2700 2812 qua:
2715 2741 3027 2812 requirenda
3054 2748 3176 2799 sunt
3201 2760 3233 2797 a
3258 2743 3457 2814 priore,
3478 2758 3593 2796 cum
3615 2740 3783 2795 suis?

2190 2828 2484 2886 humilitate
2537 2842 2587 2888 et
2609 2832 2928 2904 subjectione
2959 2835 3259 2890 reverentiae
3312 2836 3669 2905 requiruntur,
3698 2844 3783 2888 ne

2190 2924 2432 2979 videatur
2452 2926 2570 2997 plus
2593 2926 2735 2999 loqui
2756 2945 2912 3000 quam
2939 2929 3195 2984 convenit.
3226 2928 3331 2997 Qui
3360 2928 3512 2984 enim
3538 2944 3572 2983 ει
3589 2930 3779 3000 priore

2191 3018 2475 3074 consilium
2508 3021 2702 3077 salutis
2726 3029 2781 3078 et
2811 3022 2978 3078 verba
3013 3020 3280 3079 doctrinae
3321 3022 3569 3095 requirit
3597 3063 3613 3088 ,
3648 3036 3779 3077 cum

2189 3110 2336 3164 omni
2363 3110 2668 3168 humilitate
2696 3113 2780 3169 vel
2802 3113 3135 3184 subiectione
3162 3128 3409 3185 quaerere
3433 3112 3623 3181 debet,
3650 3114 3781 3185 quia

2189 3216 2402 3257 summa
2433 3204 2683 3260 monachi
2710 3206 2884 3262 virtus
2926 3207 3203 3263 humilitas
3231 3214 3317 3263 est
3339 3247 3357 3274 ,
3385 3222 3669 3262 summum
3692 3207 3779 3261 vi-

509 3304 659 3368 liore,
688 3304 829 3360 sicut
853 3316 907 3359 et
928 3298 1217 3361 Psalmista
1247 3306 1376 3362 dicit
1406 3326 1420 3361 :
1444 3293 1589 3363 Erue
1613 3325 1645 3362 a
1670 3286 1895 3379 framea,
1923 3308 2086 3376 Deus,
2115 3286 2160 3353 Ο
2193 3297 2324 3350 tium
2364 3293 2481 3365 eius
2509 3298 2776 3366 superbia-
2823 3297 2974 3355 Ταιιο
3012 3307 3194 3354 amem
3223 3313 3280 3355 se
3316 3298 3556 3370 (ιιιὶείιιιε
3592 3314 3785 3355 mm

513 3393 743 3447 animum
763 3410 951 3461 meam,
973 3402 1021 3449 et
1047 3395 1110 3451 de
1136 3412 1295 3451 manu
1318 3399 1463 3453 canis
1486 3399 1694 3454 unicam
1720 3416 1890 3455 meam
1912 3396 2086 3474 (Paul.

515 3484 651 3554 xtl).
697 3484 754 3539 in
790 3487 1039 3542 manibus
1081 3502 1211 3559 ergo
1254 3488 1451 3560 lingua:
1498 3506 1648 3546 mors
1690 3500 1744 3547 et
1779 3493 1890 3548 vita
1921 3491 2096 3548 cousi-

516 3566 632 3638 siit,
659 3575 808 3645 quia,
835 3586 891 3630 ut
910 3572 1145 3634 Iacobus
1171 3580 1444 3650 apostolus
1468 3582 1545 3636 ait
1572 3596 1587 3636 :
1617 3582 1701 3637 Ea:
1726 3585 1839 3654 ipso
1864 3601 1954 3638 ore
1973 3600 2094 3654 pro-

517 3664 651 3717 cedit
687 3660 983 3720 maledictio
1030 3677 1080 3722 et
1132 3668 1417 3725 benedictio
1462 3670 1669 3743 (Iacob.
1717 3673 1823 3746 in).
1868 3674 2093 3741 Quando

517 3755 663 3810 enim
699 3755 983 3813 veritatem
1011 3756 1283 3831 loquimur
1307 3804 1322 3829 ,
1350 3770 1407 3818 et
1435 3761 1723 3820 Dominum
1752 3808 1766 3831 ,
1795 3767 1888 3836 qui
1922 3765 2090 3823 dixit:

517 3843 631 3917 Ego
674 3862 789 3901 sum
821 3849 924 3914 via,
970 3852 1159 3906 veritas
1209 3862 1259 3907 et
1299 3853 1405 3908 vita
1434 3848 1615 3926 (Joan.
1647 3856 1782 3928 xw),
1819 3858 2095 3914 benedici-

522 3951 643 3993 mus
682 3938 736 3993 in
764 3938 1012 3996 manibus
1034 3940 1251 4013 linguaa,
1273 3945 1439 4000 vitam
1482 3954 1749 4016 tenemus,
1787 3950 1911 4020 quia
1954 3952 2087 4007 scri-

516 4036 669 4098 ptum
696 4038 809 4085 est:
829 4026 924 4097 0s,
942 4033 1083 4104 quod
1094 4037 1361 4103 mentitur,
1381 4037 1566 4092 occidit
1594 4040 1825 4096 animam
1842 4041 1995 4115 (Sap.
2014 4042 2089 4116 I);

514 4126 603 4185 et,
660 4116 766 4186 Qui
806 4122 914 4177 odit
952 4124 1171 4195 fratrem
1208 4144 1391 4195 suum,
1437 4129 1702 4185 homicida
1747 4144 1821 4187 est
1856 4132 1907 4207 (I
1928 4134 2089 4191 Joan.

433 4240 438 4263 ι
514 4211 624 4284 ιιι).
652 4210 789 4268 Hinc
803 4215 1000 4271 iterum
1025 4216 1259 4276 Jacobus
1291 4222 1367 4276 ait
1393 4241 1405 4275 :
1444 4221 1647 4294 Lingua
1674 4225 1810 4294 ignis
1833 4235 1909 4280 est
1938 4243 1955 4281 :
1983 4224 2096 4281 uni-

516 4302 733 4356 versitas
756 4303 1045 4375 iniquitatis
1078 4306 1285 4378 (Iacob.
1310 4309 1417 4382 ut).
1452 4311 1594 4383 ignis
1618 4320 1699 4369 est
1730 4314 1932 4384 lingua,
1966 4322 2094 4387 quia

515 4392 776 4448 virtutum
797 4396 989 4452 silvam
1016 4400 1155 4454 male
1194 4399 1462 4470 loquendo
1511 4404 1773 4470 devorat,
1811 4413 1866 4459 et
1894 4414 2095 4461 cuncta

516 4481 635 4539 fere
657 4482 898 4541 facinora
922 4503 1020 4558 per
1047 4504 1168 4543 eam
1199 4500 1292 4544 aut
1318 4492 1725 4559 continuantur,
1751 4504 1846 4548 aut
1869 4504 2094 4564 patran-

519 4580 628 4639 tur,
672 4582 766 4629 aut
790 4576 1167 4633 defenduntur.
1204 4579 1601 4636 Continuantur
1624 4624 1638 4648 ,
1670 4592 1730 4637 ut
1776 4584 2091 4654 latrocinia,

2193 3387 2354 3442 chum
2392 3385 2619 3456 judicet,
2650 3389 2865 3459 quando
2927 3404 2984 3445 se
3037 3390 3320 3445 minimum
3374 3393 3779 3458 :estimaverit,

2193 3479 2360 3532 etiam
2396 3495 2521 3562 cqm
2548 3479 2753 3549 majora
2780 3482 3041 3537 virtutum
3071 3498 3236 3553 opera
3257 3483 3515 3554 gesserit.
3550 3482 3784 3557 Semper

2193 3569 2338 3624 enim
2388 3571 2719 3627 conscientia
2766 3572 2909 3643 servi
2959 3573 3055 3630 Dei
3101 3574 3323 3630 humilis
3375 3574 3545 3632 debet
3578 3591 3702 3632 esse
3729 3586 3781 3631 et

2195 3659 2388 3725 tristis,
2412 3661 2619 3717 scilicet
2651 3669 2713 3716 ut
2731 3676 2830 3732 per
2859 3656 3222 3720 humilitatem
3248 3680 3357 3720 non
3388 3667 3699 3738 superbiat,
3726 3672 3781 3722 et

2192 3764 2290 3821 per
2310 3750 2499 3807 utilem
2525 3766 2815 3809 maerorem
2837 3769 2932 3810 cor
2951 3755 3019 3810 ad
3044 3755 3319 3811 lasciviam
3352 3772 3467 3812 non
3491 3741 3777 3814 (ﬁssolvat.

2266 3838 2626 3899 Scurrilitates
2650 3858 2795 3912 vero,
2824 3846 2904 3901 vel
2924 3849 3078 3901 verba
3102 3847 3267 3903 otiosa
3292 3859 3347 3902 et
3374 3849 3546 3903 risum
3574 3866 3783 3906 tum

2192 3936 2289 4001 tia,
2318 3944 2513 3991 mterna
2547 3936 2794 3993 clausura
2825 3940 2878 3993 in
2902 3940 3140 3995 omnibus
3183 3939 3311 3996 locis
3338 3941 3666 3998 damnamus
3689 3946 3784 4009 ,‘d

2195 4025 2264 4080 ad
2284 4024 2388 4082 tale
2408 4025 2667 4099 eloquium
2695 4028 3011 4102 discipulum
3042 4032 3247 4102 aperire
3271 4046 3331 4088 es
3376 4048 3489 4089 non
3517 4036 3783 4106 pennitti-

2195 4133 2333 4173 mus.
2358 4117 2642 4175 Scurrilita
2653 4130 2732 4177 tes
2757 4131 2939 4177 autem
2964 4124 3217 4179 dicuntur
3231 4125 3359 4197 joca
3387 4129 3578 4200 turpia
3607 4139 3667 4186 et
3690 4130 3783 4185 im—

2186 4209 2385 4279 proba,
2417 4211 2502 4266 vel
2534 4212 2875 4269 irrisionibus
2906 4214 3091 4287 digna,
3122 4228 3244 4287 qua:
3280 4233 3311 4273 a
3340 4220 3641 4277 madris
3667 4237 3785 4276 om-

2196 4302 2413 4359 nimoda
2442 4305 2640 4360 debent
2678 4318 2800 4363 esse
2830 4307 3026 4363 aliena.
3066 4309 3236 4366 {tecet
3268 4311 3419 4366 enim
3446 4314 3782 4369 monachum

2196 4395 2452 4452 doctrina:
2471 4396 2717 4467 proferre
2732 4410 3061 4468 sermonem,
3098 4410 3204 4458 non
3220 4402 3331 4474 joci
3354 4406 3778 4462 scurrilitatem.

2198 4487 2390 4545 Mentis
2413 4491 2571 4547 debet
2596 4490 2801 4547 habere
2827 4496 3171 4564 gravitatem,
3198 4510 3307 4551 non
3328 4497 3471 4569 joci,
3519 4498 3614 4555 vel
3637 4514 3785 4555 scur-

2196 4580 2416 4638 rilitatis
2446 4583 2742 4639 levitatem.
2766 4584 2977 4641 Iustum
3000 4626 3020 4654 ,
3057 4589 3345 4645 honestum
3373 4598 3429 4646 et
3451 4592 3784 4649 rationabile

519 4665 604 4722 vel
631 4676 816 4737 stupra
842 4686 857 4733 ;
894 4678 1198 4740 patrantur,
1230 4678 1290 4726 ut
1323 4671 1559 4742 perjuria
1586 4680 1641 4728 et
1666 4673 1801 4730 falsa
1845 4676 2091 4731 testimo-
2116 4654 2172 4715 Ῑ)
2197 4671 2357 4727 debet
2382 4673 2581 4729 habere
2602 4676 2865 4743 verbum;
2899 4692 3007 4734 non
3030 4678 3169 4745 leve,
3196 4694 3431 4737 vacuum
3462 4690 3524 4740 α
3544 4685 3783 4755 gravita-

520 4759 609 4816 nia
639 4776 654 4828 ;
687 4758 1077 4831 defenduntur,
1108 4764 1324 4834 quando
1348 4767 1639 4822 commissa
1691 4767 1891 4823 delicta
1923 4771 2095 4825 inter-

520 4852 731 4923 roganti
781 4860 1064 4924 negantur.
1112 4854 1231 4925 lpse
1280 4856 1476 4911 iterum
1501 4857 1633 4912 dicit
1663 4876 1674 4912 :
1704 4858 1841 4913 Ecce
1866 4870 2094 4930 quantus

516 4947 653 5017 ignis
683 4950 699 5013 ,’
742 4962 899 5019 quam
926 4962 1171 5017 magnum
1212 4947 1398 5003 sileam
1427 4949 1654 5003 incendit
1680 4950 1890 5023 (Ibid).
1943 4950 2095 5007 Sicut

520 5035 667 5090 enim
704 5050 735 5089 a
762 5036 972 5091 modica
1009 5036 1242 5092 scintilla
1283 5039 1424 5111 ignis
1463 5044 1784 5096 exerescens
1836 5056 2093 5112 magnam

520 5140 662 5197 saepe
682 5122 870 5181 silvam
894 5126 1152 5195 incendit,
1181 5126 1257 5184 ita
1304 5130 1696 5187 incontinentia
1727 5133 1947 5205 linguae,
1976 5135 2089 5190 suis

520 5219 725 5273 nutrita
758 5218 1089 5288 levitatibus,
1126 5234 1379 5293 magnam
1412 5224 1679 5280 bonorum
1717 5241 1940 5296 operum
1969 5242 2087 5283 ma-

521 5310 735 5376 teriam,
760 5311 961 5368 multos
984 5312 1111 5368 vitae
1140 5314 1397 5386 spiritalis
1422 5315 1652 5382 fructus,
1685 5319 1778 5374 ubi
1804 5320 2091 5375 attamina-

520 5401 680 5467 ve-rit,
703 5403 972 5471 perdidit;
998 5402 1096 5461 sed
1121 5417 1177 5462 et
1201 5407 1482 5462 innumera
1510 5409 1848 5480 plerumque.
1870 5412 2089 5483 optimm

516 5503 642 5558 quae
665 5492 989 5549 videbantur
1012 5484 1321 5564 locutionis,
1344 5497 1471 5555 folia
1500 5502 1792 5558 consumit.

594 5578 736 5636 Nam
762 5582 901 5655 loqui
923 5597 972 5641 et
993 5588 1196 5657 docere,
1218 5595 1533 5666 magistrum
1558 5597 1834 5663 condecet;
1861 5606 2032 5653 tacere
2044 5607 2094 5655 et

516 5673 709 5727 audire
722 5673 978 5746 discipulo
1003 5684 1259 5737 convenit.
1285 5684 1455 5757 Loqui
1468 5695 1523 5743 et
1549 5688 1743 5744 docere
1772 5691 2093 5759 magistrum

522 5766 699 5832 deiet,
735 5769 862 5838 quia
902 5771 983 5827 illi
1024 5786 1123 5843 per
1154 5781 1474 5848 prophetam
1520 5782 1721 5838 dicitur
1752 5803 1764 5838 :
1790 5781 1997 5851 Clama,
2029 5802 2093 5843 ne

521 5872 710 5926 cesses,
736 5860 1166 5934 dicitDoniinus,
1194 5872 1348 5941 quasi
1369 5872 1493 5928 tuba
1512 5874 1688 5932 exaltu
1712 5892 1888 5932 uocem
1920 5889 2090 5951 tuum,

2196 4764 2270 4819 tis
2291 4768 2465 4836 gratia
2504 4767 2757 4825 alienum.
2792 4768 3082 4826 Meditetur
3120 4788 3255 4845 ergo
3278 4788 3516 4832 necesse
3540 4786 3632 4834 est
3670 4794 3783 4834 mo-

2196 4857 2401 4910 nachus
2424 4857 2480 4910 in
2518 4858 2752 4930 hymnis,
2768 4861 2995 4930 psalmis
3020 4870 3075 4918 et
3092 4865 3347 4932 earticis,
3378 4882 3492 4923 non
3516 4868 3581 4923 iu
3604 4869 3782 4925 verbis

2194 4949 2398 5014 vacuis,
2431 4951 2587 5005 vanis
2625 4952 2710 5007 vel
2745 4953 2954 5009 otiosis.
2998 4953 3329 5028 Plerumque
3367 4950 3469 5030 per
3510 4963 3780 5030 quosdam

2196 5041 2396 5123 gradus
2417 5043 2684 5098 desidiosa
2712 5059 2867 5101 utens
2891 5047 2948 5101 in
2984 5046 3196 5103 loveam
3218 5048 3406 5119 lapsus
3437 5050 3781 5123 impellitur:

2194 5118 2250 5187 et
2278 5134 2407 5188 dum
2434 5134 2608 5191 otiosa
2654 5137 2822 5191 verba
2873 5145 3069 5196 cavere
3093 5118 3421 5212 negligimus
3443 5181 3460 5210 ,
3511 5118 3582 5198 ad
3620 5144 3783 5199 noxia

2194 5226 2564 5294 pervenimus,
2594 5236 2652 5281 ut
2678 5229 2830 5299 prius
2855 5229 3004 5301 loqui
3042 5231 3217 5287 aliena
3241 5231 3433 5299 ﬁttest,
3450 5240 3517 5288 et
3535 5242 3785 5305 pum.-

2197 5317 2323 5371 dum
2355 5319 2782 5377 detractionibus
2796 5326 2989 5391 vitam,
3014 5325 3088 5382 de
3124 5325 3320 5396 quibus
3347 5326 3611 5397 loquitur,
3642 5340 3791 5381 mor-

2197 5410 2339 5466 deat.
2385 5410 2497 5469 Hoc
2533 5428 2633 5469 nos
2671 5429 2867 5472 cavere
2910 5417 3173 5474 Dentium
3218 5418 3478 5476 admonet
3520 5421 3721 5476 dicens
3764 5437 3785 5475 :

2194 5496 2366 5557 Omne
2388 5504 2601 5559 uerbum
2622 5508 2848 5563 otiosum
2885 5509 3025 5581 quod
3067 5509 3227 5564 locuti
3253 5510 3450 5580 huius
3496 5511 3743 5565 homines
3767 5550 3787 5577 ,

2197 5595 2454 5651 ratin
2495 5596 2711 5653 reddent
2738 5600 2804 5659 de
2828 5617 2891 5656 eo
2919 5602 2976 5657 in
3005 5602 3093 5657 die
3365 5602 3589 5675 (Iustis.
3646 5604 3782 5675 In).

2196 5685 2257 5742 Si
2287 5704 2416 5760 ergo
2452 5691 2594 5745 ratio
2632 5692 2697 5747 de
2718 5693 2902 5748 otioso
2931 5706 3183 5750 sermone
3201 5694 3459 5766 exigitur,
3478 5711 3786 5766 possunt:

2198 5799 2317 5855 qua!
2344 5801 2505 5856 paena
2532 5787 2597 5841 de
2622 5787 2960 5859 multiloquio
2985 5799 3219 5849 manest.
3252 5788 3317 5844 in
3345 5805 3457 5857 quo
3480 5792 3648 5849 etiam
3678 5806 3791 5861 pc

2200 5879 2360 5934 noxia
2382 5882 2547 5939 verba
2576 5890 2849 5952 peccatur.
2875 5882 3012 5945 Nam
3040 5892 3096 5939 et
3126 5884 3303 5943 otiosa
3332 5887 3500 5943 vesta
3544 5889 3664 5958 ipsa
3690 5901 3794 5944 so-
