3994 6470
534 491 657 609 λεοτ

534 721 739 765 verum
794 706 957 761 etiam
1009 704 1398 775 cogitationum
1445 705 1524 760 nil
1572 721 1670 761 suo
1727 705 1984 762 celaverit
2028 707 2122 760 ab-

545 799 679 857 bati.
711 797 914 864 Tertio,
945 795 993 851 si
1027 795 1106 850 nil
1135 796 1450 852 discretioni
1478 812 1611 862 suae,
1643 797 1735 852 sed
1777 796 1976 866 iudicio
2005 797 2122 867 ejus

532 882 797 947 universa
831 888 1154 954 committat,
1189 903 1254 944 ac
1279 891 1486 945 monita
1515 887 1631 958 ejus
1659 891 1837 947 sciens
1862 907 1925 947 ac
1950 891 2123 948 liben-

544 991 628 1039 ter
657 981 937 1038 auscultet.
981 981 1188 1049 Quarto
1218 1020 1232 1046 ,
1258 981 1304 1035 si
1332 981 1387 1036 in
1411 982 1664 1038 omnibus
1710 982 1963 1039 observet
1989 984 2122 1040 obe-

543 1075 757 1129 dientiae
780 1114 794 1137 ,
825 1070 1255 1128 mansuetudinis
1300 1072 1684 1142 patientiaeque
1728 1076 2116 1130 constantiam.

539 1165 740 1219 Beatus
761 1177 890 1233 ergo
917 1162 1244 1218 Benedictus
1266 1178 1374 1218 non
1413 1163 1589 1220 solum
1627 1164 1682 1219 in
1717 1173 1954 1234 quatuor
1979 1207 1994 1233 ,
2024 1167 2120 1222 sed

539 1258 592 1313 in
617 1257 902 1312 duodecim
927 1255 1185 1325 gradibus
1209 1270 1477 1311 summam
1497 1264 1659 1328 atque
1682 1257 1982 1328 perfectam
1999 1271 2120 1314 esse

537 1351 708 1406 voluit
731 1358 786 1405 et
809 1349 1054 1404 definivit
1079 1349 1465 1407 humilitatem.
1493 1348 1631 1406 Nam
1677 1357 1732 1407 et
1757 1351 1811 1406 in
1838 1349 1942 1406 hoc
1971 1365 2119 1406 sum-

536 1453 638 1508 ma,
664 1446 826 1506 atque
857 1437 1099 1509 perfecta
1124 1448 1306 1510 potest
1344 1441 1519 1498 videri
1567 1437 1848 1494 humilitas
1877 1477 1893 1504 ,
1923 1437 1970 1493 si
1995 1437 2118 1509 quis

535 1529 814 1584 humiliter
837 1537 893 1585 et
941 1531 1212 1601 patienter
1256 1531 1480 1604 impleat
1508 1531 1655 1601 quod
1702 1529 1967 1586 Dominus
1995 1528 2072 1584 ait
2101 1545 2114 1582 :

534 1618 652 1690 Ego
678 1629 852 1675 autem
893 1621 1014 1676 dico
1041 1622 1185 1677 vobis
1213 1639 1320 1678 non
1346 1624 1585 1678 resistere
1610 1620 1774 1690 malo,
1805 1621 1897 1676 sed
1927 1621 1974 1674 si
1999 1619 2117 1691 quis

535 1719 586 1765 te
605 1715 918 1782 percusserit
945 1715 1002 1769 in
1055 1716 1327 1771 dexteram
1376 1715 1654 1800 maxillam
1681 1755 1697 1782 ,
1727 1715 1900 1788 praebe
1947 1713 2032 1768 illi
2068 1721 2118 1768 et

531 1805 696 1860 aliam
722 1846 737 1871 ,
765 1815 871 1862 etc.
904 1805 1119 1878 (Matth.
1151 1807 1228 1880 v).
1272 1807 1376 1876 Qui
1403 1810 1550 1864 enim
1601 1809 1706 1865 ista
1759 1807 2032 1880 patienter
2061 1813 2117 1861 et

530 1894 809 1954 humiliter
829 1900 1080 1966 sustinet,
1105 1901 1327 1972 insuper
1350 1901 1482 1958 illud
1507 1903 1659 1958 audit
1681 1901 1825 1972 quod
1850 1900 2114 1956 Dominus

525 1983 710 2056 jussit,
737 1988 927 2044 dicens
955 2007 968 2043 :
1000 1989 1216 2060 Diligite
1261 1991 1506 2045 inimicos
1546 2001 1745 2046 vestros
1775 2031 1792 2058 ,
1828 1989 2116 2060 benefacite

529 2078 611 2133 his
639 2080 730 2150 qui
783 2081 1005 2136 oderunt
1051 2099 1162 2146 vos,
1216 2091 1266 2138 et
1314 2092 1462 2137 orate
1486 2099 1581 2154 pro
1608 2081 2032 2154 persequentibus
2063 2089 2112 2136 et

529 2167 976 2225 calumniantibus
1001 2186 1114 2238 vos,
1147 2181 1204 2226 ut
1230 2173 1348 2227 sitis
1374 2171 1475 2241 ﬁlii
1509 2172 1690 2228 Patris
1719 2173 1893 2238 vestri,
1932 2171 2022 2242 qui
2056 2171 2114 2225 in

532 2256 674 2312 caelis
704 2268 780 2312 est
807 2258 1022 2330 (Matth.
1054 2260 1143 2333 v);
1190 2277 1456 2317 summam
1505 2262 1639 2318 mihi
1675 2262 1888 2318 videtur
1913 2262 2115 2318 habere

530 2346 892 2405 humilitatem
937 2365 1319 2422 summumque
1359 2351 1684 2409 humilitatis
1717 2350 1907 2409 tenere
1946 2366 2111 2407 cacu-

532 2451 657 2496 men
665 2478 680 2492 .

602 2529 669 2584 Et
694 2531 765 2586 ad
796 2531 1168 2589 exultationem
1203 2533 1352 2588 illam
1394 2534 1684 2601 cmlestem,
1711 2535 1780 2589 ad
1807 2551 1966 2607 quam
2015 2549 2112 2606 per

524 2625 798 2692 praesentis
824 2627 942 2682 vitis
977 2627 1326 2682 humilitatem
1347 2629 1672 2696 ascenditur,
1702 2628 1941 2685 uolumus
1972 2627 2112 2684 velo-

527 2715 658 2770 citer
677 2718 963 2787 pervenire.
982 2717 1381 2775 Exaltationem
1399 2719 1676 2776 caelestem
1698 2720 1848 2775 illam
1870 2719 2025 2785 dicit,
2044 2720 2111 2775 de

525 2821 633 2878 qua
653 2805 916 2864 Dominus
946 2807 1024 2864 ait
1064 2827 1077 2863 ε
1107 2807 1406 2880 Fulgebunt
1436 2812 1609 2865 sancti
1632 2812 1766 2866 sicut
1802 2810 1882 2865 sol
1907 2811 1963 2864 in
1985 2826 2113 2864 con-

522 2906 704 2968 spectu
756 2897 938 2954 Patris
965 2901 1068 2954 mei
1116 2897 1333 2972 (Matth.
1382 2899 1526 2972 xm).
1558 2901 1627 2956 Et
1668 2902 1736 2957 de
1771 2917 1876 2970 qua
1918 2901 2111 2957 Daniel

525 2987 702 3043 dicit:
732 2988 803 3042 Et
822 2990 912 3060 qui
941 2989 1010 3043 ad
1023 2990 1295 3059 justitiam
1338 2990 1582 3045 erudiunt
1621 2991 1902 3062 plurimos,
1936 2991 2108 3063 fulge-

525 3076 652 3132 bunt
680 3079 834 3148 quasi
864 3077 1027 3134 stella:
1051 3080 1107 3134 in
1127 3089 1404 3151 perpetuas
1431 3082 1750 3138 wternitates
1778 3081 1942 3155 (Dan.
1976 3085 2102 3156 xu).

524 3167 666 3226 Hinc
705 3178 761 3226 et
799 3169 1089 3227 Psalmista
1128 3173 1244 3228 ait:
1287 3171 1463 3228 Nimis
1510 3174 1729 3230 exaltati
1766 3187 1888 3231 sunt
1947 3179 2107 3232 amici

523 3261 604 3317 tui
635 3303 651 3330 ,
679 3260 857 3330 Deus;
895 3263 1048 3318 nimis
1074 3264 1401 3334 confortatus
1445 3274 1521 3320 est
1563 3265 1892 3337 principatus
1920 3284 2104 3323 eorum

523 3351 697 3426 (Psal.
744 3353 1028 3428 cxxxvm).
1067 3355 1341 3412 Exaltatio
1367 3356 1603 3412 caelestis
1643 3365 1699 3412 et
1741 3373 1951 3414 summa
1994 3367 2098 3425 est,

519 3453 582 3501 ut
608 3445 716 3502 sint
741 3447 915 3503 sancti
960 3447 1210 3502 monachi
1255 3446 1460 3503 similes
1490 3447 1700 3520 angelis
1726 3489 1741 3515 ,
1799 3458 1861 3504 ut
1891 3450 2000 3505 sint
2038 3449 2106 3504 li-

519 3536 576 3593 lii
609 3550 663 3594 et
685 3541 930 3595 hzeredes
959 3540 1052 3594 Dei
1085 3580 1100 3606 ,
1124 3541 1434 3596 cohaeredes
1465 3549 1645 3596 autem
1695 3540 1901 3598 Christi
1929 3584 1944 3609 ,
1972 3551 2028 3598 et
2047 3552 2107 3597 ut

524 3631 745 3686 audiant
782 3647 814 3686 a
859 3631 1120 3687 Domino:
1168 3631 1343 3688 Venite
1375 3673 1391 3700 ,
1445 3634 1700 3690 benedicti
1739 3635 1921 3690 Patris
1959 3639 2102 3705 mei,

522 3723 769 3793 percipite
800 3739 1034 3793 regnum,
1056 3723 1195 3794 quod
1218 3725 1356 3779 vobis
1393 3735 1639 3796 paratum
1676 3736 1751 3782 est
1796 3728 1861 3782 ab
1906 3730 2106 3800 origine

524 3811 709 3865 mundi
745 3808 961 3884 (Matth.
984 3812 1152 3884 xxv);
1181 3822 1235 3868 et
1265 3821 1327 3867 ut
1348 3812 1513 3869 faciat
1556 3829 1652 3872 eos
1691 3815 1749 3873 in
1778 3818 1972 3873 eodem
2016 3834 2105 3875 re-

527 3917 632 3974 gno
647 3904 1008 3971 discumbere,
1024 3913 1079 3960 et
1097 3906 1367 3963 transiens
1383 3907 1635 3978 dignetur
1655 3909 1733 3965 eis
1756 3910 1938 3968 omnia
1961 3911 2104 3967 bona

528 3996 854 4053 ministrare.
1708 4000 1709 4003 “

571 4086 810 4162 Αστὶὸυε
856 4089 1049 4145 nostris
1093 4090 1508 4147 ascendentibus.
1538 4091 1692 4150 Tunc
1724 4104 1878 4150 actus
1927 4095 2102 4151 nostri

519 4177 589 4233 ad
615 4193 810 4249 supera
835 4179 974 4235 bene
1019 4181 1338 4250 ascendunt,
1371 4183 1586 4252 quando
1612 4185 1681 4240 de
1719 4185 1807 4241 die
1851 4185 1907 4240 in
1954 4185 2102 4240 diem

520 4267 660 4324 bene
685 4271 915 4327 vivendo
961 4272 1030 4328 ad
1058 4273 1284 4330 meliora
1310 4273 1634 4344 proﬁciunt;
1669 4276 1886 4346 quando
1931 4275 2101 4332 variis

523 4365 579 4414 et
608 4360 792 4416 multis
823 4360 941 4416 fulti
969 4363 1260 4420 virtutibus
1285 4407 1300 4432 ,
1345 4366 1412 4422 ad
1453 4367 1962 4438 contemplationem
2000 4383 2100 4423 no-

521 4448 623 4504 stri
646 4451 907 4506 creatoris
929 4452 1208 4509 humiliter
1229 4465 1472 4526 surgunt.
1497 4457 1566 4512 Et
1593 4460 1750 4528 quasi
1778 4474 1877 4529 per
1901 4459 2101 4530 gradus

521 4538 590 4593 ad
608 4539 877 4596 visionem
907 4540 1051 4597 illius
1074 4558 1171 4614 per
1203 4545 1396 4600 animae
1431 4548 1658 4604 virtutes
1701 4551 2098 4618 conscendunt,

1830 492 2184 558 SMARAGDI
2219 489 2508 555 ABBATIS

465 609 471 617 ’
531 605 876 704 (voluntates.
906 609 1174 678 Secundo,
1202 609 1250 666 si
1283 624 1392 668 non
1422 623 1600 669 so.um
1625 628 1846 669 suorum
1882 621 2123 681 actuum,
2152 614 2208 676 Α
2229 618 2405 666 tutum
2456 609 2715 682 gradibus
2741 605 3068 682 profundum
3096 607 3313 704 cadunt
3349 607 3407 666 in
3429 617 3753 704 μηδι-ιω»,
3778 623 3833 670 et

3726 499 3836 557 808

2225 699 2481 771 impletur
2508 701 2564 756 in
2591 701 2671 758 eis
2696 718 2709 756 :
2738 700 2922 756 Omnis
2957 701 3048 772 qui
3091 717 3146 756 se
3192 701 3390 757 exultat
3414 703 3828 776 humiliabitur,

2224 800 2274 844 et
2301 793 2392 862 qui
2423 809 2479 847 se
2507 792 2750 847 humiliat
2773 793 3092 848 exaltabitur
3122 792 3268 865 (Luc.
3291 795 3428 868 xxv).

2294 880 2452 937 Scala
2496 901 2614 939 vero
2639 885 2754 955 ipsa
2794 893 2988 951 erecta,
3019 895 3199 940 nostra
3221 896 3296 942 est
3317 888 3678 953 vitasmcstlo,
3713 906 3827 960 quc

2222 966 2496 1028 humiliato
2526 975 2681 1029 corde
2722 992 2755 1030 a
2781 974 3009 1030 Domino
3061 976 3284 1047 erigitur
3308 979 3380 1032 ad
3421 977 3643 1033 celum.
3676 979 3824 1036 Tunc

2221 1063 2386 1130 scala,
2438 1063 2491 1118 id
2514 1073 2597 1120 est
2623 1065 2735 1120 vita
2773 1075 2962 1122 nostra
2984 1109 3000 1133 ,
3043 1067 3113 1122 ad
3134 1068 3330 1124 caelum
3351 1069 3492 1125 bene
3518 1086 3553 1124 a
3587 1070 3823 1126 Domino

2219 1155 2464 1226 erigitur,
2497 1159 2712 1228 quando
2733 1162 2898 1216 corda
2925 1172 3110 1216 nostra
3141 1178 3264 1218 cum
3292 1164 3557 1219 manibus
3587 1205 3603 1230 ,
3635 1165 3698 1220 id
3745 1176 3825 1220 est

2219 1261 2344 1301 cum
2363 1246 2518 1302 bonis
2541 1250 2814 1318 operibus,
2846 1265 2877 1304 a
2906 1252 3063 1306 nobis
3083 1267 3299 1308 sursum
3320 1252 3615 1319 levantur;
3649 1270 3820 1324 quau-

2219 1337 2312 1404 do,
2349 1341 2645 1394 secundum
2696 1339 2941 1410 Apostoli
2984 1345 3463 1404 commonitionem
3491 1387 3508 1410 ,
3547 1362 3681 1416 qua:
3706 1362 3820 1401 sur-

2217 1440 2341 1482 sum
2369 1435 2498 1483 sunt
2525 1429 2780 1498 sapimus,
2815 1446 2926 1486 non
2954 1447 3076 1502 quae
3102 1448 3267 1504 super
3289 1443 3496 1490 terram
3538 1453 3552 1490 :
3593 1437 3813 1506 quando

2219 1516 2289 1573 ad
2313 1518 2513 1575 coelum
2549 1521 2884 1592 suspirantes
2923 1525 3168 1580 caelestia
3201 1527 3542 1581 meditamur
3571 1537 3633 1582 et
3678 1543 3817 1598 quas

2216 1609 2390 1666 rimus
2423 1628 2438 1678 ;
2480 1614 2695 1682 quando
2735 1630 2799 1670 ea
2825 1631 2946 1686 qua:
2967 1625 3114 1672 retro
3145 1627 3273 1672 sunt
3301 1618 3703 1675 obliviscimur
3723 1661 3742 1687 ,
3768 1631 3816 1676 et

2217 1707 2287 1759 ad
2312 1719 2376 1760 ea
2400 1719 2520 1775 quae
2544 1705 2600 1760 in
2624 1715 2750 1764 ante
2773 1717 2901 1764 sunt
2924 1726 3023 1766 nos
3044 1711 3384 1768 extendimus
3410 1730 3427 1779 ;
3454 1715 3691 1784 quando
3711 1723 3814 1769 tota

2173 1838 2180 1847 .
2222 1796 2423 1851 mentis
2468 1796 2766 1854 intentione
2817 1799 2885 1855 ad
2933 1799 3169 1870 palmam
3223 1803 3510 1872 sequimur
3569 1820 3813 1874 superna

2217 1889 2560 1958 vocationis;
2601 1891 2818 1961 quando
2841 1892 2908 1946 de
2936 1892 3250 1949 ctelestibus
3293 1896 3648 1952 meditantes
3699 1913 3812 1953 cum

2145 1967 2194 2029 Β
2220 1975 2389 2033 Paulo
2425 1979 2608 2035 dicere
2628 1996 2915 2051 possumus
2941 2001 2953 2037 :
2985 1981 3186 2039 Nostra
3201 1994 3375 2040 autem
3397 1990 3742 2042 conuersatio
3765 1989 3814 2043 is

2220 2069 2362 2124 cmlis
2387 2081 2464 2125 est
2485 2069 2650 2143 (Phil.
2676 2072 2780 2145 ιιι).

2286 2160 2479 2216 Latera
2499 2162 2639 2217 enim
2659 2163 2817 2234 hujus
2839 2164 3016 2234 scalw,
3045 2166 3269 2223 dicimus
3292 2177 3544 2224 nostrum
3571 2187 3690 2224 esse
3711 2186 3809 2224 cor-

2216 2269 2314 2325 pus
2339 2261 2388 2306 et
2414 2253 2669 2307 animum.
2695 2253 2930 2312 Proinde
2955 2265 3136 2312 autem
3157 2266 3214 2314 et
3243 2259 3531 2329 sapienter
3566 2268 3806 2315 nostrum

2217 2357 2416 2416 corpus
2441 2352 2498 2400 et
2526 2347 2762 2402 animam
2790 2349 2952 2420 hujus
2967 2349 3127 2406 scalae
3156 2351 3261 2408 duo
3285 2353 3420 2408 dicit
3452 2368 3585 2409 esse
3605 2354 3806 2418 latera;

2214 2438 2340 2508 quia
2364 2453 2434 2494 ex
2469 2448 2700 2512 utroque
2736 2442 2914 2498 omnis
2965 2445 3128 2500 homo
3180 2446 3524 2516 compositus
3571 2455 3804 2510 constat,

2213 2537 2268 2585 et
2289 2544 2390 2600 pro
2414 2545 2602 2586 amore
2625 2531 2826 2588 Christi
2853 2543 2910 2589 et
2934 2535 3045 2590 vita
3072 2544 3277 2591 :eterna
3305 2552 3374 2591 ex
3396 2548 3647 2608 utraque
3685 2539 3806 2593 sub-

2211 2623 2571 2694 stantia,qu:e
2590 2625 2864 2696 praevalet,
2882 2626 2993 2695 agit
3018 2625 3192 2694 bona;
3219 2635 3276 2684 et
3300 2629 3429 2684 utin
3454 2628 3808 2683 resnn'ectio-

2211 2712 2298 2768 nis
2327 2713 2499 2786 gloria
2525 2714 2581 2769 in
2611 2723 2842 2786 utraque
2883 2718 3188 2772 substantia
3224 2717 3430 2775 laboris
3456 2720 3539 2773 sui
3568 2719 3809 2788 recipiat

2209 2805 2456 2878 praemia,
2479 2804 2534 2859 in
2553 2812 2783 2877 utraque
2803 2807 3105 2862 substantia
3131 2807 3363 2863 sollicite
3394 2809 3582 2879 satagit
3605 2808 3808 2862 Domi-

2211 2895 2270 2951 ni
2302 2895 2579 2951 custodire
2606 2896 2883 2952 mandata.
2915 2897 3066 2952 Tunc
3089 2898 3237 2953 enim
3263 2906 3432 2954 totam
3459 2908 3716 2954 nostram
3743 2899 3808 2953 ad

2211 2987 2408 3044 cmlum
2435 2987 2694 3058 erigimus
2715 2987 2936 3053 scalam,
2969 2989 3188 3060 quando
3212 2989 3515 3046 auxiliante
3561 2990 3684 3046 Deo
3723 3006 3809 3046 no-

2210 3086 2326 3133 stra
2351 3077 2515 3134 etiam
2537 3078 2593 3134 in
2621 3079 2859 3134 hostiam
2879 3079 3156 3136 offerimus
3175 3079 3254 3136 illi
3275 3089 3330 3136 et
3353 3096 3618 3152 corpora,
3646 3083 3806 3139 obse-

2210 3179 2402 3227 crante
2423 3185 2524 3226 nos
2541 3171 2804 3242 Apostolo
2831 3187 2897 3228 ac
2911 3172 3126 3229 dicente
3157 3191 3171 3227 :
3195 3171 3422 3228 Obsecro
3446 3191 3566 3240 vos,
3588 3175 3805 3244 fratres,

2213 3279 2308 3334 per
2333 3263 2745 3318 misericordiam
2792 3262 2911 3331 Dei,
2939 3273 2997 3318 ut
3040 3264 3324 3320 exhibeatis
3367 3281 3599 3336 corpora
3637 3279 3804 3322 nostra

2217 3355 2442 3409 hostiam
2464 3355 2737 3423 viventem,
2788 3364 3047 3423 sanctam,
3076 3355 3190 3411 Deo
3217 3354 3540 3427 placentem,
3571 3360 3805 3412 ration-

2213 3444 2314 3500 bile
2341 3446 2643 3517 obsequium
2665 3455 2892 3501 vestrum
2923 3445 3103 3517 (Rom.
3131 3449 3256 3519 xu).
3289 3446 3451 3503 Scala
3474 3464 3509 3503 a
3544 3450 3805 3505 scanden-

2211 3537 2302 3605 do,
2323 3539 2378 3594 id
2399 3547 2483 3595 est
2505 3540 2866 3606 ascendendo,
2895 3554 3095 3595 nomen
3137 3542 3370 3611 accepit,
3411 3557 3539 3612 qua:
3567 3557 3682 3598 non
3714 3541 3804 3597 ali-

2209 3639 2294 3685 ter
2313 3630 2572 3702 perfecta,
2595 3631 2699 3687 nisi
2725 3631 2986 3687 lateribus
3009 3640 3065 3688 et
3095 3633 3351 3703 gradibus
3376 3644 3623 3690 constat.

2279 3720 2348 3776 In
2362 3738 2479 3793 qua:
2498 3721 2667 3776 latera
2695 3722 2930 3777 diversos
2955 3724 3152 3794 gradus
3179 3725 3501 3780 humilitatis
3536 3728 3620 3781 vel
3649 3728 3801 3782 disci-

2205 3809 2364 3882 plina:
2381 3813 2612 3867 evocatio
2625 3812 2803 3867 divina
2825 3812 3180 3868 ascendendos
3203 3815 3447 3869 inseruit.
3471 3815 3697 3873 Gradus
3719 3817 3800 3874 isti

2206 3899 2528 3956 humilitatis
2552 3909 2610 3956 et
2635 3901 2934 3971 disciplinae
2979 3903 3266 3970 dicuntur,
3299 3907 3431 3975 quia
3479 3908 3604 3964 ista
3628 3910 3802 3964 amba

2204 3992 2434 4049 virtutes
2474 3993 2858 4064 pulcherrimae
2901 3995 3004 4051 sibi
3033 3996 3265 4054 invicem
3296 3999 3625 4056 sociantur:
3673 4002 3802 4072 quia

2205 4099 2367 4155 quem
2424 4085 2706 4142 humilitas
2760 4094 3106 4144 mansuetum
3137 4129 3152 4157 ,
3202 4089 3508 4162 disciplinae
3565 4093 3802 4148 eruditio

2204 4177 2481 4247 componit
2517 4187 2574 4234 et
2603 4178 2734 4234 facit
2770 4177 3016 4248 doctum,
3052 4189 3108 4237 et
3136 4195 3295 4251 quem
3343 4183 3638 4240 humilitas
3659 4194 3802 4240 tran—

2204 4269 2430 4339 quillum
2452 4277 2509 4325 et
2526 4271 2734 4338 mitem,
2775 4273 3072 4345 disciplina:
3091 4275 3327 4330 eruditio
3350 4273 3488 4330 facit
3510 4277 3800 4346 providum

2203 4369 2260 4418 et
2287 4363 2604 4432 sapientem.
2639 4363 2775 4432 Quia
2823 4366 3088 4437 scriptum
3115 4374 3200 4422 est
3232 4385 3245 4421 :
3283 4365 3580 4423 Neminem
3632 4370 3799 4440 diligit

2203 4453 2370 4521 Deus,
2396 4456 2499 4509 nisi
2528 4473 2647 4510 eum
2679 4441 2913 4528 quicum
2949 4459 3208 4530 sapientia
3242 4472 3618 4516 commoratur
3653 4460 3798 4532 (Sep.

2201 4546 2325 4620 vn),
2357 4562 2582 4604 necesse
2606 4555 2692 4603 est
2731 4557 2792 4603 ut
2842 4549 3130 4606 humilitati
3173 4551 3467 4622 disciplina
3489 4553 3798 4626 jungatur;

521 4628 598 4685 ita
622 4636 680 4683 ut
715 4629 782 4685 de
807 4631 962 4688 nobis
979 4631 1227 4688 dicatur:
1257 4632 1414 4688 Ibunt
1443 4635 1508 4690 de
1526 4637 1716 4693 virtute
1735 4640 1792 4693 in
1825 4641 2092 4708 virtutem,
2121 4676 2177 4737 Β
2201 4639 2326 4710 quia
2342 4639 2573 4694 eruditio
2593 4639 2889 4710 disciplinae
2908 4649 3092 4697 custos
3110 4650 3196 4697 est
3231 4642 3591 4708 humilitatis,
3629 4655 3686 4700 et
3713 4647 3800 4699 hu-

519 4729 571 4778 et
590 4721 850 4777 videbitur
878 4722 1018 4779 Deus
1039 4725 1256 4780 deorum
1295 4726 1352 4780 in
1379 4725 1506 4783 Sion
1534 4728 1703 4801 (Psal.
1733 4735 1987 4806 Lxxxm).

591 4810 750 4868 Scala
778 4813 873 4870 illa
894 4815 1139 4886 erigenda
1165 4826 1240 4872 est
1275 4835 1392 4888 quis
1422 4819 1478 4874 in
1501 4823 1703 4877 somnio
1729 4823 1896 4880 Iacob
1937 4843 2100 4898 appa-

520 4903 647 4969 ruit,
676 4921 769 4974 per
787 4922 944 4976 quam
971 4906 1020 4960 ei
1071 4906 1437 4966 descendentes
1475 4920 1522 4965 et
1558 4914 1894 4970 ascendentes
1925 4918 2100 4988 angeli

522 4995 951 5050 monstrabantur
990 4993 1142 5068 (Gen.
1173 4999 1386 5072 xxvm).
1436 4999 1560 5057 Non
1591 5003 1738 5058 aliud
1775 5007 1888 5061 sine
1938 5007 2098 5063 dubio

522 5085 799 5140 descensus
851 5087 940 5142 ille
983 5098 1031 5143 et
1074 5106 1319 5147 ascensus
1350 5109 1383 5146 a
1419 5093 1566 5149 nobis
1605 5095 1917 5168 intelligitur
1946 5141 1960 5166 ,
1995 5101 2099 5158 nisi

523 5175 838 5230 exultatione
857 5177 1165 5234 descendere
1194 5189 1242 5234 et
1261 5181 1554 5238 humilitate
1577 5186 1874 5244 ascendere.
1899 5188 2104 5258 Quam-

523 5268 608 5322 vis
637 5269 725 5323 alii
779 5269 1028 5327 doctores
1081 5271 1240 5328 aliter
1267 5273 1409 5329 hanc
1455 5277 1755 5335 voluissent
1799 5281 2101 5352 intelligere

525 5358 753 5426 scalam,
785 5370 838 5416 et
867 5362 1086 5434 angelos
1115 5366 1508 5425 descendentes
1525 5377 1580 5424 et
1617 5375 1974 5432 ascendentes
2001 5393 2100 5449 per

522 5464 642 5504 eam
670 5469 683 5504 :
714 5451 905 5510 beatus
936 5463 1115 5512 tamen
1145 5457 1469 5516 Benedictus
1494 5472 1740 5521 nostram
1769 5466 1826 5522 in
1846 5467 1951 5525 hoc
1978 5469 2097 5528 loco

522 5537 695 5594 voluit
739 5541 1035 5617 intelligere
1083 5547 1273 5617 vitam,
1329 5567 1449 5622 quae
1488 5553 1784 5612 virtutibus
1820 5559 1979 5629 plena
2027 5562 2097 5618 ad

525 5630 721 5686 caelum
746 5641 829 5688 est
871 5637 1109 5704 quotidie
1149 5640 1424 5712 erigenda.
1472 5643 1707 5714 Angelos
1739 5663 1870 5705 vero
1911 5665 2102 5706 ascen-

524 5726 716 5783 dentes
736 5736 793 5784 et
828 5729 1218 5789 descendentes
1251 5736 1462 5792 animas
1483 5737 1752 5794 intellexit
1779 5740 1834 5796 in
1863 5744 2099 5814 regulari

521 5815 637 5872 vita
665 5819 936 5888 degentes.
965 5820 1040 5875 De
1071 5823 1268 5890 quibus
1307 5827 1426 5882 aliae
1452 5843 1510 5883 se
1536 5828 1871 5888 humiliando
1900 5849 2096 5891 ascen-

502 5944 507 5950 .
513 5904 670 5993 ﬁunt
683 5909 750 5966 ad
777 5911 992 5978 coelum,
1023 5913 1142 5977 alia:
1174 5931 1303 5972 vero
1332 5920 1706 5990 superbientes
1727 5922 1795 5982 de
1829 5924 2098 6006 ipsisvir-

2203 4729 2405 4784 militas
2430 4730 2754 4800 temperatio
2775 4738 2859 4786 est
2888 4731 3230 4788 eruditionis.
3269 4733 3540 4790 Evocatio
3573 4736 3792 4802 dicitur,

2201 4818 2418 4887 quando
2435 4819 2504 4874 ad
2530 4834 2804 4876 summum
2829 4821 3049 4886 bellum,
3097 4837 3206 4878 non
3235 4823 3408 4879 solum
3440 4825 3679 4891 milites,
3708 4825 3796 4881 sed

2199 4910 2365 4964 etiam
2390 4911 2571 4966 caeteri
2603 4921 2886 4969 vocantur.
2929 4915 3083 4971 Unde
3138 4925 3194 4972 et
3237 4932 3474 4974 evocare
3506 4961 3521 4986 ,
3564 4924 3798 4977 educere

2199 5015 2298 5056 seu
2345 5017 2648 5072 provocare
2694 5005 3038 5078 intelligitur.
3067 5007 3223 5076 Quod
3249 5012 3481 5067 verbum
3507 5023 3644 5084 apte
3673 5015 3798 5070 satis

2197 5092 2304 5148 hoc
2325 5093 2516 5151 inloco
2544 5104 2630 5152 est
2653 5097 2912 5168 positum,
2940 5100 3067 5171 quia
3095 5110 3153 5157 ut
3169 5103 3236 5158 ad
3256 5103 3576 5161 bellandum
3610 5119 3798 5163 conu-a

2207 5185 2481 5244 diabolum
2534 5189 2818 5247 duodecim
2890 5194 3148 5265 gradibus
3205 5197 3538 5256 humilitatis
3605 5202 3796 5257 armati

2206 5280 2420 5339 fortiter
2445 5299 2859 5357 consurgamus,
2891 5290 3134 5359 quotidie
3161 5307 3192 5346 a
3219 5291 3453 5350 Domino
3474 5310 3795 5360 evocamur,

2205 5377 2490 5435 educimur
2523 5394 2589 5434 ac
2617 5395 2980 5450 provocamur
3027 5402 3041 5438 :
3071 5391 3130 5440 ut
3158 5385 3249 5442 illo
3271 5386 3409 5443 duce
3438 5387 3510 5444 de
3559 5388 3797 5444 victoria

2204 5471 2600 5543 triumphantes
2627 5473 2694 5528 ad
2716 5473 2978 5530 caelorum
3019 5490 3184 5548 regna
3233 5492 3333 5549 per
3367 5478 3663 5535 duodecim
3695 5481 3799 5535 huc

2203 5561 2449 5618 militatis
2512 5563 2711 5634 gradus
2773 5567 3130 5624 ascendentes
3201 5571 3594 5641 perveniamus
3660 5585 3799 5641 gau-

2202 5652 2412 5711 dentes.

2597 5734 2672 5787 De
2698 5737 2853 5802 primo
2887 5738 3175 5792 bumilltatis
3205 5741 3360 5804 gradu

2273 5837 2486 5894 Primus
2530 5841 2708 5912 itaque
2752 5843 3067 5900 humilitatis
3112 5845 3309 5916 gradus
3333 5854 3431 5912 est,
3471 5847 3522 5902 si
3545 5847 3794 5902 timorm

2159 6010 2172 6014 __
2186 5929 2299 6017 "Dei
2323 5933 2576 6022 sibi'ante
2595 5934 2771 6022 oculos
2796 5953 2999 6012 semper
3015 5955 3235 6024 ponens.
3259 5937 3457 6023 (Merito
3477 5939 3638 6023 inter
3652 5941 3790 6022 duo:
