3994 6510
161 490 256 552 809
1174 480 1532 544 COMMENT.
1570 479 1640 540 IN
1679 479 1839 540 REG.
1880 479 1940 538 S.
1977 473 2361 539 BENEDICTI.
3298 473 3406 533 810

161 607 318 668 decim
337 612 440 662 iste
468 592 672 677 gradus“
692 612 748 660 et
770 598 827 658 in
855 593 1140 675 dignitate,
1173 607 1231 657 et
1259 599 1315 655 in
1340 597 1532 656 ordine
1552 598 1714 671 poni-
1739 601 1796 664 Α
1817 604 2085 654 temnunt.
2108 596 2281 653 Deum
2307 591 2455 651 enim
2478 589 2732 650 monachi
2778 596 3154 658 contemnunt,
3181 595 3404 662 quando

163 714 246 762 tur
270 701 494 774 primus.
523 699 648 755 ideo
672 697 882 770 primus
909 696 967 753 in
1007 695 1217 762 ordine,
1250 694 1378 766 quia
1403 695 1615 768 primus
1643 702 1730 752 est
1829 691 2018 748 abbati
2063 705 2162 746 suo
2204 687 2428 746 obedire
2477 695 2738 755 renuunt,
2763 693 2820 743 et
2857 686 2994 743 dura
3035 685 3250 742 cervice
3275 687 3416 744 resi-

162 795 215 852 in
255 791 598 865 cogitatione,
645 787 702 845 in
740 787 904 845 corde
940 794 997 850 et
1029 785 1327 843 voluntate.
1357 785 1482 843 ideo
1521 786 1730 858 primus
1829 794 1999 842 stunt.
2032 785 2111 842 De
2137 784 2390 842 omnibus
2412 783 2560 840 enim
2594 797 2627 838 a
2655 799 2716 839 se
2739 782 2922 840 missis
2966 781 3415 857 praedicatoribus

159 883 311 944 estin
341 882 625 955 dignitate,
653 880 782 953 quia
815 895 847 936 a
875 878 1110 936 Domino
1161 877 1354 951 incipit
1399 877 1612 934 timere.
1651 876 1731 933 De
1830 875 2096 934 Dominus
2124 875 2244 932 ait:
2279 873 2384 942 Qui
2405 890 2496 939 vos
2543 873 2716 939 audit,
2746 890 2828 929 me
2855 873 3050 942 audit;
3095 882 3145 931 et
3191 875 3282 948 qui
3323 891 3414 930 vos

160 979 341 1034 timore
364 974 508 1032 enim
536 972 801 1046 scriptum
821 980 908 1030 est
938 990 955 1027 :
997 970 1221 1027 Initium
1259 971 1534 1044 sapientia:
1573 971 1734 1027 timor
1831 971 2054 1043 spernit,
2073 985 2157 1024 me
2175 969 2374 1042 spernit
2396 967 2548 1041 (Luc.
2572 967 2652 1040 κ).
2677 965 2787 1022 Hos
2807 976 2989 1025 autem
3010 975 3421 1025 contemnentes

162 1065 360 1124 Domini
389 1079 410 1119 :
433 1075 482 1120 et
506 1065 664 1119 timor
692 1063 906 1120 Domini
931 1061 1215 1134 disciplina
1238 1062 1532 1135 sapientia.
1554 1058 1736 1116 Timor
1834 1071 1892 1118 et
1911 1061 2124 1118 abbatis
2147 1068 2418 1133 praecepta
2436 1057 2584 1131 iusta
2605 1059 2986 1132 despicientes,
3009 1069 3158 1118 recte
3177 1062 3423 1134 gebenna

162 1159 362 1217 Domini
382 1156 576 1230 gloria,
606 1166 656 1213 et
682 1157 953 1230 gloriatio,
977 1166 1025 1212 et
1051 1156 1326 1223 latitia,“
1349 1173 1543 1212 corona
1559 1155 1737 1212 exsul-
1837 1153 1904 1211 de
1931 1154 2172 1226 peccatis
2194 1153 2457 1220 incendit,
2481 1151 2740 1226 quoniam
2767 1151 2999 1208 evadere
3025 1153 3350 1225 potuissent,
3377 1155 3427 1212 si

160 1249 361 1306 talionis
389 1261 409 1302 :
434 1255 484 1304 et
511 1247 657 1303 dabit
687 1246 928 1302 laetitiam
961 1257 1011 1302 et
1056 1248 1312 1321 gaudium
1353 1249 1413 1305 in
1452 1247 1738 1321 longitudi-
1837 1245 2056 1303 Domini
2096 1254 2154 1301 et
2203 1245 2415 1302 abbatis
2463 1244 2548 1302 sui
2601 1244 2890 1318 praeceptis
2934 1243 3424 1317 obtemperassent.

163 1357 273 1398 nem
298 1341 508 1396 dierum
528 1338 721 1412 (Eccli.
740 1337 804 1412 ι).
827 1337 955 1396 Hac
979 1340 1163 1396 omnia
1187 1341 1421 1408 bona,et
1441 1340 1545 1396 alia
1566 1340 1738 1398 multa
1839 1336 2009 1408 Quasi
2033 1338 2176 1395 enim
2201 1337 2344 1410 ignis
2372 1337 2538 1410 ligna,
2571 1337 2652 1394 sic
2703 1337 2950 1411 gehenna
3001 1335 3426 1394 inobedientium
3509 1368 3518 1374 -

165 1432 269 1490 illis
296 1433 458 1489 timor
479 1431 698 1487 Domini
722 1431 1078 1500 ministrabit,
1111 1433 1205 1504 qui
1231 1432 1379 1489 illum
1409 1433 1515 1490 sibi
1537 1433 1740 1505 jugiter
1840 1435 2037 1507 recipit
2058 1441 2309 1508 peccata.
2339 1433 2408 1489 Et
2433 1433 2573 1490 sicut
2601 1425 2744 1505 ignis
2790 1430 3138 1489 succenditur
3157 1447 3226 1488 ex
3246 1432 3426 1507 lignis,

163 1532 286 1580 ante
320 1522 507 1581 oculos
532 1523 834 1595 posuerint,
861 1531 919 1580 et
963 1539 1088 1581 cum
1134 1524 1297 1582 beato
1322 1521 1425 1580 Job
1450 1524 1735 1581 dixerint:
1841 1528 1924 1586 sic
1949 1529 2202 1602 gehenna
2244 1545 2278 1584 a
2326 1536 2763 1599 contemptorum
2804 1526 2902 1582 Dei
2934 1526 3283 1583 succenditur
3307 1543 3435 1599 pec-

169 1617 327 1686 Quasi
351 1628 607 1674 tumentes
626 1620 828 1684 ﬂuctus
849 1635 1008 1690 super
1034 1636 1116 1675 me
1148 1636 1351 1692 semper
1373 1620 1528 1676 timui
1549 1619 1740 1676 Domi-
1843 1620 1981 1676 catis
2011 1639 2025 1676 :
2051 1627 2114 1676 ut
2133 1633 2577 1690 unumquemque
2599 1618 2896 1676 secundum
2913 1619 3272 1689 quantitatem
3303 1633 3434 1676 suo~

162 1726 307 1779 num,
331 1721 379 1768 et
401 1712 606 1784 pondus
633 1713 748 1784 ejus
779 1712 916 1784 ferre
931 1729 1036 1767 non
1062 1713 1209 1784 potui
1240 1712 1362 1785 (Job
1389 1712 1566 1784 xxxx).
1841 1724 1965 1768 rum
1987 1711 2198 1767 cruciet
2217 1710 2560 1768 delictorum.
2589 1709 2974 1781 Unusquisque
3004 1709 3152 1766 enim
3169 1719 3433 1782 quantum

234 1805 549 1862 Oblivionem
572 1804 783 1862 omnino
803 1806 995 1878 fugiat.
1033 1805 1169 1874 Quia
1195 1806 1252 1862 in
1283 1822 1391 1863 uno
1431 1806 1612 1863 cordis
1643 1805 1744 1863 ha-
1843 1800 2107 1875 gehennae
2128 1800 2526 1858 ministraverit
2545 1807 3024 1874 peccata,tantum
3048 1800 3152 1859 sibi
3175 1802 3440 1874 gehennae

161 1894 392 1957 bitaculo
419 1917 524 1956 non
548 1909 731 1973 potest
753 1901 1018 1959 memoria
1063 1901 1274 1974 pariter
1296 1909 1353 1959 et
1382 1903 1582 1960 oblivio
1611 1903 1743 1961 reti-
1846 1893 1988 1966 ignis
2006 1895 2248 1954 incendit
2273 1894 2570 1954 ﬂammam.
2595 1894 2871 1964 Quantum
2897 1896 3269 1968 unusquisque
3313 1913 3441 1970 pec-

165 1994 299 2060 neri,
329 2010 552 2052 necesse
577 2003 664 2051 est
709 2003 828 2052 uta
865 1995 1124 2054 cordibus
1163 1996 1368 2053 nostris
1411 1997 1744 2056 oblivionem
1769 2001 1821 2064 B
1847 1995 2098 2044 0310mm
2126 2003 2312 2045 secum
2333 1991 2637 2061 Ροτιανθΐίι
2676 1992 2846 2066 ligna.
2878 2001 3091 2050 tantum
3120 1993 3290 2050 miser
3315 2011 3442 2051 cru-

164 2087 426 2159 pellamus
457 2089 724 2156 nocivum,
754 2098 810 2147 et
838 2090 1173 2147 retineamus
1226 2093 1552 2148 memoriam
1574 2091 1746 2162 proli-
1848 2081 2086 2137 Ciabiilﬂ'
2136 2081 2195 2138 in
2241 2081 2510 2154 Senenna-
2561 2081 2632 2138 Εῑ
2660 2091 2926 2155 quantum
2969 2085 3046 2141 ibi
3092 2095 3446 2157 peccatorum

166 2194 340 2236 cuam.
369 2180 506 2238 Cum
536 2181 682 2237 enim
731 2197 765 2237 a
798 2181 1038 2238 claustro
1087 2181 1269 2257 cordis
1302 2183 1504 2238 oblivio
1531 2182 1750 2255 fugatur
1849 2188 2076 2230 suorum
2101 2173 2471 2244 composuerit
2491 2187 2769 2244 acervum,
2819 2184 2928 2232 tam
2971 2179 3236 2250 grandem
3265 2187 3322 2234 et
3350 2180 3449 2234 du-

165 2275 440 2342 damnosa,
467 2285 598 2333 tunc
625 2275 681 2332 in
704 2276 862 2333 nobis
888 2275 1175 2332 fructifera
1223 2276 1441 2343 crescit,
1469 2285 1526 2333 et
1549 2275 1753 2333 redun-
1849 2280 1975 2322 rum
2022 2263 2099 2320 ibi
2155 2264 2399 2322 inveniet
2441 2267 2767 2324 crueiatum!-
2819 2267 2888 2324 Ει
2923 2268 3029 2326 hoc
3059 2270 3222 2326 modo
3248 2286 3446 2326 unum-

169 2366 264 2423 dat
293 2369 578 2434 memoria,
607 2384 728 2440 quae
753 2369 912 2426 nobis
943 2378 1070 2426 ante
1091 2370 1280 2427 oculos
1319 2371 1539 2440 mentis,
1567 2377 1624 2427 et
1645 2371 1746 2427 Do-

1876 2371 2126 2428 [uemque
2183 2356 2251 2412 de
2301 2357 2538 2429 propriis
2590 2359 2835 2431 peccatis
2889 2359 3153 2434 gehennte
3207 2361 3453 2419 incendit

163 2463 298 2519 mini
325 2473 595 2536 pmcepu
624 2464 743 2537 eius
769 2464 1004 2532 reducit,
1036 2473 1088 2522 ει
1115 2466 1388 2538 quomodo
1434 2467 1510 2522 im
1537 2466 1756 2538 placea-
1853 2446 2018 2521 ignis.
2064 2447 2204 2506 Hinc
2247 2447 2442 2506 beatus
2468 2448 2708 2506 lsidorus
2732 2451 2810 2507 ait
2838 2450 3032 2508 :Sicut
3075 2453 3455 2525 unusquisque

164 2571 310 2623 mus,
333 2565 388 2612 et
411 2555 813 2628 ejuspraecepta
829 2557 1116 2614 custodire.
1135 2559 1430 2630 possimus,
1461 2558 1754 2632 diligenter
1855 2549 2090 2632 sima“,
2113 2542 2170 2598 in
2199 2541 2384 2600 ίυῑιπο
2420 2542 2630 2615 indic“)
2668 2559 2771 2616 ιπο
2820 2545 3128 2615 quantitate
3178 2545 3449 2602 Vinnium

167 2647 422 2718 inquirit,
451 2655 508 2704 et
534 2661 654 2718 qua:
678 2645 950 2714 facienda,
972 2657 1028 2703 et
1047 2664 1166 2718 qua:
1192 2665 1301 2705 non
1325 2631 1577 2706 facienda
1603 2659 1744 2719 sunt,

1875 2631 2282 2704 gloriﬁcabitur,
2309 2633 2387 2690 ita
2407 2643 2462 2690 et
2488 2636 2863 2707 unusquisque
2912 2636 3112 2708 impius
3146 2653 3249 2710 pro
3276 2653 3452 2709 quan-

171 2737 466 2808 vigilanter
491 2737 743 2792 intendit.
779 2736 918 2792 Hinc
943 2735 1252 2792 Judaaorum
1287 2737 1542 2810 populum
1572 2737 1748 2796 Domi-

1874 2723 2019 2781 ;itate
2039 2723 2342 2780 facinorum
2365 2725 2838 2783 condemnabitur.
2877 2726 2991 2785 Nec
3029 2727 3207 2786 deerit
3233 2728 3290 2785 in
3319 2745 3451 2802 sup-

170 2845 274 2885 nus
304 2828 560 2884 admonet
594 2829 780 2884 dicens
812 2846 826 2883 :
859 2827 1079 2885 Custodi
1124 2831 1288 2902 igitur
1327 2833 1682 2904 temetipsum,
1708 2842 1758 2890 et
1857 2816 2025 2890 ΡῙίοίο
2047 2815 2264 2874 futurus
2293 2818 2661 2876 damnationis
2709 2820 2866 2888 οτάον
2917 2822 3013 2879 sed
3033 2821 3191 2896 luna
3219 2822 3452 2895 quali‘a‘

168 2923 401 2977 animam
426 2931 571 2977 tuam
599 2921 840 2988 sollicite,
869 2932 917 2977 et
947 2939 1010 2978 ne
1054 2921 1378 2979 obliviscaris
1407 2924 1620 2980 verbum
1648 2924 1761 2982 Do-
1860 2916 1972 2964 ῑθω
1995 2907 2283 2964 criminum
2303 2907 2560 2965 discretio
2585 2908 2692 2966 θτίί
2711 2924 3020 2983 Ρωυδηιωο
3068 2911 3208 2968 Hinc
3257 2913 3456 2970 beatus

171 3013 322 3079 mini,
346 3023 396 3068 et
427 3029 491 3068 ne
519 3014 776 3069 excedant
797 3014 861 3069 de
889 3014 1044 3069 corde
1073 3024 1162 3070 tuo
1187 3018 1390 3072 cunctis
1419 3017 1602 3074 diebus
1642 3018 1748 3075 vita

1879 2999 2158 3072 iregorius
2187 3001 2305 3059 ait:
2332 3001 2735 3075 Omnipotentis
2753 3003 2850 3062 Dei
2887 3004 3105 3078 justitia
3148 3003 3456 3062 futurorum

169 3113 277 3161 tua:
305 3103 483 3177 (Deut.
521 3106 620 3178 ιν).
651 3105 792 3162 Hinc
831 3106 1120 3164 Psalmista
1144 3110 1221 3164 ait
1255 3127 1269 3164 :
1303 3109 1552 3179 Benedic,
1579 3112 1746 3168 anima

1883 3099 2094 3168 irtescia
2121 3100 2191 3157 ab
2220 3100 2335 3172 ipsa
2369 3101 2554 3157 mundi
2576 3101 2790 3174 origine
2812 3101 3074 3174 gehennae
3100 3101 3284 3175 ignem
3307 3117 3460 3158 crea-

171 3211 313 3264 mea,
338 3195 586 3266 Domino,
631 3207 680 3254 et
731 3197 840 3254 noli
880 3199 1114 3256 oblivisci
1157 3217 1334 3257 omnes
1392 3203 1761 3260 retributiones
1865 3191 1963 3259 νίῑν
1991 3192 2162 3263 quiin
2183 3208 2346 3265 Pam
2376 3193 2737 3266 repmbomm
2784 3209 2906 3252 esse
2955 3195 3125 3252 semel
3169 3195 3461 3267 ίηοῘΡθΓθῑν

169 3290 288 3361 ejus
320 3289 492 3363 (Psal.
532 3292 652 3365 cu).
686 3291 949 3350 Memoria
981 3295 1194 3352 timoris
1244 3295 1460 3354 Domini
1509 3297 1643 3357 facit
1667 3300 1766 3356 ho.
1867 3286 1962 3343 sed
1983 3286 2234 3344 ardorem
2253 3304 2414 3345 suum
2438 3289 2606 3344 etiam
2627 3289 2746 3345 sine
2769 3288 2932 3362 lignis
2960 3304 3240 3362 nunquam
3256 3289 3460 3354 ﬁniret,

169 3379 380 3436 minem
409 3388 650 3450 cautum,
678 3383 1009 3452 modestum,
1029 3384 1262 3458 justum,
1317 3396 1533 3446 rectum
1583 3398 1638 3445 et
1659 3389 1764 3448 ho-
1791 3393 1838 3460 ρ
1869 3380 1964 3437 sed
1990 3387 2137 3437 esset
2157 3380 2375 3438 miseris
2399 3397 2550 3438 mors
2573 3383 2690 3438 sine
2724 3389 2928 3449 morte,
2973 3381 3100 3438 finis
3149 3381 3268 3438 sine
3315 3380 3425 3435 fine
3445 3418 3460 3446 ,

171 3479 423 3540 nestum,
471 3473 648 3544 pium,
695 3474 1014 3549 benignum,
1067 3478 1500 3548 misericordem,
1534 3483 1772 3554 pruden-
1872 3473 2113 3530 defectus
2141 3474 2260 3530 sine
2287 3473 2532 3542 defectu;
2575 3474 2703 3546 quia
2755 3483 2812 3531 et
2853 3489 3002 3532 mors
3052 3474 3208 3542 vivit,
3253 3481 3309 3531 et
3341 3473 3465 3530 finis

169 3571 307 3629 tem,
333 3564 614 3631 humilem,
638 3567 850 3636 mitem,
873 3570 1116 3627 sobrium
1142 3580 1199 3628 et
1231 3573 1288 3628 in
1327 3575 1580 3631 omnibus
1601 3575 1770 3633 actio-
1871 3580 2086 3638 θεωρεῖ
2106 3565 2319 3640 imiimi
2362 3575 2420 3623 ει
2455 3567 2688 3624 deﬁcere
2730 3565 2972 3624 deiectus
3000 3569 3204 3635 ΰθεεῖῑς
3235 3576 3292 3623 ei
3317 3583 3468 3624 mors
3493 3637 3497 3640 ,

170 3653 344 3711 nibus
371 3665 730 3728 temperatum
769 3669 825 3714 et
865 3661 1173 3732 providum.
1199 3663 1242 3718 E
1267 3665 1543 3720 contrario
1571 3665 1770 3723 mentis
1868 3659 2091 3729 ιπεωίι»
2124 3667 2179 3718 ει
2222 3675 2332 3717 ι’οη
2361 3660 2689 3734 exstinsuit;
2715 3659 2871 3718 ἀοίοΐ
2899 3661 3129 3730 (καθίει,
3161 3663 3256 3718 ’δθά
3288 3662 3466 3718 milia“

170 3745 380 3802 oblivio
406 3745 538 3801 facit
564 3749 842 3806 hominem
889 3751 1140 3821 stultum,
1182 3753 1482 3824 incautum,
1515 3756 1768 3814 insensa-
1807 3801 1810 3804 .
1871 3759 2031 3808 tenus
2059 3766 2317 3824 pavorem
2345 3751 2517 3824 fugat,
2564 3751 2783 3808 ﬂamma
2809 3753 3104 3822 comburit,
3136 3753 3232 3811 sed
3253 3769 3463 3826 nequa-

172 3850 324 3906 tum,
373 3838 601 3908 fatuum,
651 3840 1038 3912 improvidum,
1088 3845 1373 3916 injustum,
1424 3845 1767 3919 injuriosnm,
1877 3863 2041 3918 quam
2061 3849 2318 3904 tenebras
2341 3847 2566 3904 decutit.

172 3928 529 3996 iracundum,
555 3930 818 3997 invidum,
859 3931 1158 4003 impurum,
1212 3935 1503 4004 immitem,
1543 3937 1771 3993 inconti-
1942 3939 2013 3994 Et
2034 3941 2198 3994 vitam
2215 3950 2487 4004 teterrima,
2509 3951 2628 4009 qua:
2651 3935 2950 3994 timentibus
2965 3936 3138 3993 Deum
3160 3947 3468 4011 praeparata

171 4032 423 4089 nentem,
481 4023 782 4091 irrisorem,
820 4025 1207 4092 detractorem,
1255 4026 1522 4095 inﬂatum,
1576 4043 1771 4101 super-
1872 4041 1972 4098 est,
1999 4031 2177 4086 animo
2223 4043 2319 4085 suo
2347 4045 2549 4100 semper
2577 4028 2801 4084 evolvat.
2836 4029 2895 4085 Id
2924 4037 3028 4097 est,
3070 4029 3261 4086 hocin
3305 4031 3470 4086 corde

172 4113 338 4181 bum,
358 4113 580 4183 elatum,
608 4131 834 4183 vanum,
858 4124 916 4172 et
935 4117 992 4173 in
1014 4118 1268 4175 omnibus
1292 4119 1514 4176 omnino
1545 4120 1777 4176 actioni—
1875 4136 1975 4176 suo
1995 4134 2212 4191 semper
2231 4116 2464 4184 evolvat,
2495 4119 2640 4188 quod
2669 4118 2735 4174 de
2773 4119 3248 4175 contemnentibus
3295 4119 3466 4174 Deum

175 4205 288 4263 bus
327 4206 681 4279 depravatum
729 4209 1034 4273 hominem,
1079 4209 1213 4264 facit
1249 4219 1307 4266 et
1346 4213 1628 4268 miserum.
1656 4211 1777 4268 Non
1878 4211 2120 4268 dicitur:
2151 4210 2313 4266 Ibunt
2338 4211 2486 4281 impii
2514 4211 2571 4265 in
2598 4210 2913 4282 supplicium
2958 4219 3214 4266 veternum
3244 4209 3466 4282 (Matth.

175 4299 335 4354 enim
360 4300 428 4356 ad
454 4300 774 4357 memoriam
793 4299 1084 4357 Dominum
1111 4317 1269 4359 suum
1291 4310 1348 4359 et
1372 4309 1644 4375 praecepta
1661 4303 1779 4375 ejus
1878 4301 2031 4374 xxv).
2053 4301 2131 4358 De
2155 4300 2472 4357 timentibus
2501 4301 2707 4356 Deum:
2729 4299 2874 4356 Iusti
2905 4316 3022 4357 vero
3043 4301 3100 4356 in
3129 4302 3289 4357 vitam
3315 4310 3471 4358 aeter-

176 4389 432 4458 reducit;
463 4399 520 4447 et
541 4391 664 4449 ideo
691 4393 844 4448 velut
869 4407 1045 4449 caecus
1082 4402 1138 4450 et
1169 4409 1362 4451 errans
1397 4403 1586 4465 peccat
1610 4402 1666 4449 et
1686 4409 1781 4466 pe:
1881 4414 2006 4454 nam
2036 4395 2260 4472 (lbid.);
2292 4397 2386 4454 ubi
2431 4404 2518 4454 est
2560 4397 2732 4470 gloria
2769 4397 3124 4470 sempiterna,
3179 4398 3470 4455 exsultatio

176 4484 280 4540 rit.
317 4485 565 4553 Qualiter
599 4495 782 4545 autem
829 4489 946 4546 haec
986 4487 1187 4546 oblivio
1229 4487 1467 4562 fugiatur
1494 4490 1777 4557 damnosa,
1880 4504 2097 4560 magna,
2121 4504 2324 4546 corona
2348 4488 2642 4546 virtutibus
2685 4487 2897 4556 ﬂorida,
2935 4488 3155 4545 claritas
3174 4489 3294 4545 veri
3328 4487 3471 4545 Solis

177 4575 319 4633 audi
343 4578 668 4648 sequentia:
1884 4581 2280 4639 illuminatione
2307 4580 2535 4655 fulgida,
2564 4581 2832 4638 habitatio
2878 4581 3122 4638 omnium
3155 4589 3468 4637 sanctorum

260 4667 338 4722 Et
360 4682 562 4736 seniper
588 4670 658 4723 sit
685 4684 886 4724 memor
906 4670 1142 4726 omnium
1179 4687 1298 4743 qua:
1342 4674 1586 4746 prmcepit
1614 4673 1777 4730 Deus.
1884 4675 2079 4742 solida,
2112 4684 2316 4733 aeterna
2361 4683 2417 4732 et
2465 4690 2680 4747 semper
2733 4689 3056 4746 permanens
3087 4674 3303 4730 bonitas
3333 4682 3465 4729 tota.

179 4758 352 4816 Tunc
373 4757 518 4814 enim
539 4760 800 4816 memoria
820 4770 1216 4834 praeceptorum
1231 4762 1330 4819 Dei
1357 4764 1552 4821 anima:
1573 4766 1782 4837 praebet
1802 4762 1858 4825 D
1881 4768 1965 4824 Ad
1993 4782 2155 4838 quam
2182 4769 2275 4840 qui
2295 4769 2559 4824 bonorum
2602 4783 2830 4838 operum
2876 4767 3172 4824 virtutibus
3201 4767 3321 4822 fulti
3345 4782 3472 4838 per-

175 4848 454 4916 salutem,
485 4851 700 4920 quando
717 4866 806 4918 ea,
834 4867 955 4924 quae
976 4853 1192 4909 Domini
1209 4856 1494 4926 praeceptis
1515 4857 1784 4929 sagaciter
1884 4861 2156 4928 venerint,
2186 4861 2365 4918 beatis
2389 4860 2596 4931 angelis
2621 4861 2827 4917 similes
2868 4869 3048 4928 erunt,
3077 4869 3134 4917 et
3159 4859 3319 4916 simul
3346 4875 3470 4916 cum

180 4951 574 5001 memorantur
596 4984 612 5013 ,
680 4946 737 5001 in
780 4954 964 5002 mente
1008 4945 1300 5005 efficaciter
1345 4949 1684 5021 complentur
1727 4950 1784 5007 in
1887 4955 2000 5011 Deo
2025 4969 2124 5012 suo
2154 4954 2342 5011 felices
2371 4953 2700 5027 gaudebunt,
2731 4953 2869 5010 etin
2908 4960 3169 5027 perpetuo
3205 4953 3325 5008 sine
3364 4951 3473 5007 ﬁne

178 5052 384 5110 opere.
414 5037 629 5094 Domini
658 5038 806 5095 enim
825 5049 1148 5109 memorata,
1189 5051 1246 5099 et
1277 5057 1384 5099 non
1405 5043 1623 5116 impleta
1647 5059 1786 5116 prm-
1888 5047 2210 5119 regnabunt.

182 5139 380 5197 cepta,
433 5129 840 5189 damnationem
881 5135 1056 5207 magis
1102 5135 1299 5192 anim
1351 5152 1514 5207 quam
1556 5137 1787 5194 salutem
1959 5140 2031 5195 Et
2061 5140 2357 5196 custodiens
2381 5156 2437 5195 se
2466 5139 2608 5194 omni
2636 5139 2767 5195 hora
2795 5156 2828 5194 a
2852 5139 3080 5212 peccatis
3127 5147 3175 5194 et
3205 5138 3365 5203 vitiis,
3416 5137 3474 5190 id

189 5223 601 5281 demonstrant.
646 5225 940 5283 Memorata
977 5242 1132 5295 vero,
1160 5236 1216 5285 et
1247 5229 1505 5301 operibus
1533 5244 1790 5287 consum—
1891 5243 1966 5288 est
1989 5234 2384 5305 cogitationum,
2415 5231 2632 5304 lingutv,
2661 5230 3242 5299 oculorum,manuum,
3257 5229 3469 5301 pedum,

190 5328 360 5378 male
390 5335 421 5375 a
444 5318 770 5376 faeienlibus
789 5325 979 5391 procul
1008 5326 1278 5398 repellunt
1303 5336 1550 5400 peccata,
1583 5334 1639 5383 et
1663 5341 1789 5398 per-
1890 5321 1968 5377 vel
1999 5320 2281 5376 voluntatis
2326 5321 2572 5394 propriw.
2617 5319 2770 5390 Quod
2797 5319 2930 5377 dicit
2968 5337 2998 5375 a
3031 5319 3269 5390 peccatis
3294 5325 3475 5374 custo-

188 5415 583 5472 severantibus
613 5413 843 5470 salutem
869 5414 1202 5484 continuam,
1230 5426 1283 5472 et
1320 5420 1544 5489 praemia
1567 5419 1794 5492 promit-
1893 5416 2010 5472 dire
2039 5431 2098 5472 se
2124 5417 2271 5471 omni
2297 5415 2454 5482 hora,
2506 5415 2829 5472 subauditur
2887 5412 2956 5467 ab
2997 5410 3249 5467 omnibus
3291 5411 3478 5482 pravis

191 5515 329 5564 tunt
351 5514 573 5562 aeterna.
604 5505 873 5562 Tribuunt
917 5505 1244 5566 facientibus
1287 5510 1536 5582 gloriam,
1578 5527 1686 5568 non
1713 5511 1795 5567 fa-
1891 5506 2168 5580 operibus,
2201 5523 2323 5579 qua:
2353 5508 2489 5564 fiunt
2519 5507 2867 5580 cogitatione,
2896 5503 3166 5559 locutione
3201 5511 3256 5559 et
3289 5517 3473 5574 opere.

187 5600 480 5657 cientibus
503 5609 685 5658 autem
709 5600 1012 5673 gehennam
1033 5602 1312 5660 minantur
1335 5613 1616 5672 tetes-nam,
1649 5605 1794 5662 unde
1895 5603 2051 5661 Unde
2071 5604 2163 5659 hic
2193 5611 2314 5674 apte
2334 5603 2515 5674 posuit
2541 5601 2942 5672 cogitationum,
2959 5597 3174 5670 lingutv,
3200 5615 3475 5661 manuum,

187 5700 258 5748 et
287 5691 576 5763 sequitur:

1903 5698 2107 5769 pedum,
2123 5706 2229 5754 etc.
2253 5697 2375 5753 Istis
2402 5697 2680 5752 fomitibus
2707 5693 2860 5764 quasi
2881 5692 3202 5764 quibusdam
3219 5692 3480 5764 gradibus

282 5784 360 5840 Et
386 5784 613 5857 qualiter
639 5795 1022 5844 contemnentes
1066 5787 1257 5856 Deum,
1304 5790 1362 5844 in
1387 5790 1674 5861 gehennam
1696 5806 1792 5862 pro
1896 5790 2150 5848 coalescit
2177 5808 2336 5848 omne
2371 5798 2672 5862 peccatum.
2725 5787 2994 5860 Cogitatio
3035 5802 3270 5858 namque
3309 5799 3481 5856 prava

188 5883 439 5954 peccatis
480 5880 739 5936 incidunt.
792 5879 1216 5939 Contemnentes
1261 5883 1405 5937 enim
1431 5883 1670 5954 suntqui
1698 5898 1794 5938 au—
1898 5883 2314 5940 delectationem
2344 5882 2509 5953 parit,
2533 5880 2824 5936 delectatio
2875 5892 3224 5945 consensum,
3258 5892 3486 5934 consen-

187 5971 375 6030 diunt
399 5981 668 6046 praecepta
709 5971 932 6044 quidem
972 5970 1210 6041 Domini,
1258 5973 1356 6032 sed
1399 5971 1618 6036 obedire
1663 5989 1796 6033 con-
1897 5990 1993 6036 sus
2017 5978 2306 6042 actionem,
2341 5973 2484 6033 actio
2512 5974 2980 6040 consuetudinem,
3024 5971 3359 6032 consuetudo
3389 5983 3483 6027 ne.

457 6071 738 6134 Panos.
784 6068 918 6134 Cll.
2929 6067 3008 6129 26
