  <div class='ocr_page' id='page_1' title='image "/cluster/home/n/w/nwhite01/storage/ocr_20150623/102/hvd.32044015466808/411.png"; bbox 0 0 3994 6496; ppageno 0'>
   <div class='ocr_carea' id='block_1_1' title="bbox 541 465 2141 546">
    <p class='ocr_par' dir='ltr' id='par_1_1' title="bbox 541 472 2141 546">
     <span class='ocr_line' id='line_1_1' title="bbox 541 472 2141 546; baseline -0.009 -1"><span class='ocrx_word' id='word_1_1' title='bbox 541 489 638 546; x_wconf 78' lang='grc' dir='ltr'><strong>ειι</strong></span> <span class='ocrx_word' id='word_1_2' title='bbox 1826 472 2141 534; x_wconf 77' lang='lat' dir='ltr'><strong>SMARAGI</strong></span> 
     </span>
    </p>
   </div>
   <div class='ocr_carea' id='block_1_2' title="bbox 2247 465 3843 546">
    <p class='ocr_par' dir='ltr' id='par_1_2' title="bbox 2247 465 3843 529">
     <span class='ocr_line' id='line_1_2' title="bbox 2247 465 3843 529; baseline -0.003 -2"><span class='ocrx_word' id='word_1_3' title='bbox 2247 467 2504 529; x_wconf 72' lang='grc' dir='ltr'><strong>ιΒΒΑΤΙΞ</strong></span> <span class='ocrx_word' id='word_1_4' title='bbox 3728 465 3843 524; x_wconf 75' lang='grc' dir='ltr'><strong>δη</strong></span> 
     </span>
    </p>
   </div>
   <div class='ocr_carea' id='block_1_3' title="bbox 539 582 3841 686">
    <p class='ocr_par' dir='ltr' id='par_1_3' title="bbox 539 582 3841 686">
     <span class='ocr_line' id='line_1_3' title="bbox 539 582 3841 686; baseline -0.01 -15"><span class='ocrx_word' id='word_1_5' title='bbox 539 610 884 676; x_wconf 84' lang='lat' dir='ltr'><strong>cessitatem:</strong></span> <span class='ocrx_word' id='word_1_6' title='bbox 907 604 993 686; x_wconf 83' lang='lat' dir='ltr'><strong>his</strong></span> <span class='ocrx_word' id='word_1_7' title='bbox 1020 615 1147 676; x_wconf 88' lang='lat' dir='ltr'><strong>ergo</strong></span> <span class='ocrx_word' id='word_1_8' title='bbox 1161 597 1392 656; x_wconf 84' lang='lat' dir='ltr'><strong>vinculis</strong></span> <span class='ocrx_word' id='word_1_9' title='bbox 1413 597 1577 652; x_wconf 89' lang='lat' dir='ltr'><strong>homo</strong></span> <span class='ocrx_word' id='word_1_10' title='bbox 1593 594 1900 666; x_wconf 87' lang='lat' dir='ltr'><strong>implicatus</strong></span> <span class='ocrx_word' id='word_1_11' title='bbox 1918 604 2114 678; x_wconf 89' lang='lat' dir='ltr'><strong>catena</strong></span> <span class='ocrx_word' id='word_1_12' title='bbox 2140 591 2194 652; x_wconf 87' lang='lat' dir='ltr'><strong>A</strong></span> <span class='ocrx_word' id='word_1_13' title='bbox 2215 589 2399 645; x_wconf 88' lang='lat' dir='ltr'><strong>oculos</strong></span> <span class='ocrx_word' id='word_1_14' title='bbox 2420 587 2615 660; x_wconf 77' lang='lat' dir='ltr'><strong>aliquis</strong></span> <span class='ocrx_word' id='word_1_15' title='bbox 2644 591 2824 657; x_wconf 96' lang='lat' dir='ltr'><strong>potest</strong></span> <span class='ocrx_word' id='word_1_16' title='bbox 2847 583 3082 641; x_wconf 83' lang='lat' dir='ltr'><strong>evadere</strong></span> <span class='ocrx_word' id='word_1_17' title='bbox 3111 582 3343 640; x_wconf 84' lang='lat' dir='ltr'><strong>dicentis</strong></span> <span class='ocrx_word' id='word_1_18' title='bbox 3373 601 3388 638; x_wconf 90' lang='lat'><strong>:</strong></span> <span class='ocrx_word' id='word_1_19' title='bbox 3414 582 3532 655; x_wconf 80' lang='lat' dir='ltr'><strong>Ego</strong></span> <span class='ocrx_word' id='word_1_20' title='bbox 3559 583 3713 640; x_wconf 68' lang='lat' dir='ltr'><strong>Dens</strong></span> <span class='ocrx_word' id='word_1_21' title='bbox 3744 602 3841 656; x_wconf 73' lang='lat' dir='ltr'><strong>sp—</strong></span> 
     </span>
    </p>
   </div>
   <div class='ocr_carea' id='block_1_4' title="bbox 543 673 2141 762">
    <p class='ocr_par' dir='ltr' id='par_1_4' title="bbox 543 673 2130 762">
     <span class='ocr_line' id='line_1_4' title="bbox 543 673 2130 762; baseline -0.009 -1"><span class='ocrx_word' id='word_1_22' title='bbox 543 673 801 762; x_wconf 82' lang='lat' dir='ltr'><strong>vitiorum</strong></span> <span class='ocrx_word' id='word_1_23' title='bbox 849 679 1065 756; x_wconf 83' lang='lat' dir='ltr'><strong>tenetur</strong></span> <span class='ocrx_word' id='word_1_24' title='bbox 1090 673 1380 757; x_wconf 78' lang='lat' dir='ltr'><strong>astrictus,</strong></span> <span class='ocrx_word' id='word_1_25' title='bbox 1413 690 1490 746; x_wconf 92' lang='lat' dir='ltr'><strong>ita</strong></span> <span class='ocrx_word' id='word_1_26' title='bbox 1519 697 1582 744; x_wconf 93' lang='lat' dir='ltr'><strong>ut</strong></span> <span class='ocrx_word' id='word_1_27' title='bbox 1610 688 1678 743; x_wconf 90' lang='lat' dir='ltr'><strong>ab</strong></span> <span class='ocrx_word' id='word_1_28' title='bbox 1729 704 1792 745; x_wconf 90' lang='lat' dir='ltr'><strong>ea</strong></span> <span class='ocrx_word' id='word_1_29' title='bbox 1835 676 1994 745; x_wconf 87' lang='lat' dir='ltr'><strong>evelli</strong></span> <span class='ocrx_word' id='word_1_30' title='bbox 2021 707 2130 747; x_wconf 89' lang='lat' dir='ltr'><strong>non</strong></span> 
     </span>
    </p>
   </div>
   <div class='ocr_carea' id='block_1_5' title="bbox 2247 673 3843 762">
    <p class='ocr_par' dir='ltr' id='par_1_5' title="bbox 2247 673 3843 747">
     <span class='ocr_line' id='line_1_5' title="bbox 2247 673 3843 747; baseline -0.003 -13"><span class='ocrx_word' id='word_1_31' title='bbox 2247 681 2560 746; x_wconf 71' lang='lat' dir='ltr'><strong>araximans,</strong></span> <span class='ocrx_word' id='word_1_32' title='bbox 2584 686 2634 734; x_wconf 91' lang='lat' dir='ltr'><strong>et</strong></span> <span class='ocrx_word' id='word_1_33' title='bbox 2661 693 2765 734; x_wconf 88' lang='lat' dir='ltr'><strong>non</strong></span> <span class='ocrx_word' id='word_1_34' title='bbox 2796 676 2937 732; x_wconf 86' lang='lat' dir='ltr'><strong>Deus</strong></span> <span class='ocrx_word' id='word_1_35' title='bbox 2978 676 3043 730; x_wconf 84' lang='lat' dir='ltr'><strong>de</strong></span> <span class='ocrx_word' id='word_1_36' title='bbox 3083 674 3389 747; x_wconf 79' lang='lat' dir='ltr'><strong>longinquo.</strong></span> <span class='ocrx_word' id='word_1_37' title='bbox 3439 673 3502 730; x_wconf 84' lang='lat' dir='ltr'><strong>Si</strong></span> <span class='ocrx_word' id='word_1_38' title='bbox 3537 675 3843 738; x_wconf 69' lang='lat' dir='ltr'><strong>obscenus</strong></span> 
     </span>
    </p>
   </div>
   <div class='ocr_carea' id='block_1_6' title="bbox 544 775 2129 880">
    <p class='ocr_par' dir='ltr' id='par_1_6' title="bbox 544 775 2129 880">
     <span class='ocr_line' id='line_1_6' title="bbox 544 775 2129 880; baseline -0.011 -26"><span class='ocrx_word' id='word_1_39' title='bbox 544 797 742 863; x_wconf 92' lang='lat' dir='ltr'><strong>valeat,</strong></span> <span class='ocrx_word' id='word_1_40' title='bbox 766 791 870 880; x_wconf 66' lang='lat' dir='ltr'><strong>nisi</strong></span> <span class='ocrx_word' id='word_1_41' title='bbox 899 788 1082 876; x_wconf 65' lang='lat' dir='ltr'><strong>divina</strong></span> <span class='ocrx_word' id='word_1_42' title='bbox 1128 775 1306 871; x_wconf 84' lang='lat' dir='ltr'><strong>gratia</strong></span> <span class='ocrx_word' id='word_1_43' title='bbox 1323 799 1547 842; x_wconf 88' lang='lat' dir='ltr'><strong>manum</strong></span> <span class='ocrx_word' id='word_1_44' title='bbox 1566 781 1799 854; x_wconf 78' lang='lat' dir='ltr'><strong>jacentis</strong></span> <span class='ocrx_word' id='word_1_45' title='bbox 1824 783 2129 854; x_wconf 89' lang='lat' dir='ltr'><strong>apprehen—</strong></span> 
     </span>
    </p>
   </div>
   <div class='ocr_carea' id='block_1_7' title="bbox 548 878 2134 964">
    <p class='ocr_par' dir='ltr' id='par_1_7' title="bbox 548 878 2134 964">
     <span class='ocr_line' id='line_1_7' title="bbox 548 878 2134 964; baseline -0.01 -18"><span class='ocrx_word' id='word_1_46' title='bbox 548 891 662 946; x_wconf 85' lang='lat' dir='ltr'><strong>dat.</strong></span> <span class='ocrx_word' id='word_1_47' title='bbox 709 878 799 964; x_wconf 86' lang='lat' dir='ltr'><strong>Sic</strong></span> <span class='ocrx_word' id='word_1_48' title='bbox 845 895 974 958; x_wconf 89' lang='lat' dir='ltr'><strong>ergo</strong></span> <span class='ocrx_word' id='word_1_49' title='bbox 1016 878 1165 934; x_wconf 83' lang='lat' dir='ltr'><strong>omni</strong></span> <span class='ocrx_word' id='word_1_50' title='bbox 1205 890 1436 952; x_wconf 84' lang='lat' dir='ltr'><strong>corpore</strong></span> <span class='ocrx_word' id='word_1_51' title='bbox 1461 883 1677 946; x_wconf 90' lang='lat' dir='ltr'><strong>oportet</strong></span> <span class='ocrx_word' id='word_1_52' title='bbox 1706 888 1804 930; x_wconf 91' lang='lat' dir='ltr'><strong>nos</strong></span> <span class='ocrx_word' id='word_1_53' title='bbox 1827 881 2036 945; x_wconf 84' lang='lat' dir='ltr'><strong>aptare,</strong></span> <span class='ocrx_word' id='word_1_54' title='bbox 2073 881 2134 930; x_wconf 91' lang='lat' dir='ltr'><strong>ut</strong></span> 
     </span>
    </p>
   </div>
   <div class='ocr_carea' id='block_1_8' title="bbox 546 965 2134 1037">
    <p class='ocr_par' dir='ltr' id='par_1_8' title="bbox 546 965 2134 1037">
     <span class='ocr_line' id='line_1_8' title="bbox 546 965 2134 1037; baseline -0.011 0"><span class='ocrx_word' id='word_1_55' title='bbox 546 976 792 1037; x_wconf 84' lang='lat' dir='ltr'><strong>Creatori</strong></span> <span class='ocrx_word' id='word_1_56' title='bbox 815 965 1003 1031; x_wconf 77' lang='lat' dir='ltr'><strong>uestro</strong></span> <span class='ocrx_word' id='word_1_57' title='bbox 1029 969 1156 1026; x_wconf 89' lang='lat' dir='ltr'><strong>totis</strong></span> <span class='ocrx_word' id='word_1_58' title='bbox 1184 969 1554 1030; x_wconf 84' lang='lat' dir='ltr'><strong>membrorum</strong></span> <span class='ocrx_word' id='word_1_59' title='bbox 1582 965 1788 1021; x_wconf 89' lang='lat' dir='ltr'><strong>viribus</strong></span> <span class='ocrx_word' id='word_1_60' title='bbox 1812 965 2134 1036; x_wconf 84' lang='lat' dir='ltr'><strong>obsequium</strong></span> 
     </span>
    </p>
   </div>
   <div class='ocr_carea' id='block_1_9' title="bbox 545 1045 2135 1140">
    <p class='ocr_par' dir='ltr' id='par_1_9' title="bbox 545 1045 2135 1140">
     <span class='ocr_line' id='line_1_9' title="bbox 545 1045 2135 1140; baseline -0.009 -16"><span class='ocrx_word' id='word_1_61' title='bbox 545 1053 821 1125; x_wconf 82' lang='lat' dir='ltr'><strong>valeamus</strong></span> <span class='ocrx_word' id='word_1_62' title='bbox 845 1063 1110 1140; x_wconf 80' lang='lat' dir='ltr'><strong>praebere.</strong></span> <span class='ocrx_word' id='word_1_63' title='bbox 1139 1057 1290 1113; x_wconf 91' lang='lat' dir='ltr'><strong>Tunc</strong></span> <span class='ocrx_word' id='word_1_64' title='bbox 1317 1057 1464 1112; x_wconf 89' lang='lat' dir='ltr'><strong>enim</strong></span> <span class='ocrx_word' id='word_1_65' title='bbox 1510 1045 1698 1111; x_wconf 83' lang='lat' dir='ltr'><strong>oculus</strong></span> <span class='ocrx_word' id='word_1_66' title='bbox 1748 1054 1860 1110; x_wconf 93' lang='lat' dir='ltr'><strong>Deo</strong></span> <span class='ocrx_word' id='word_1_67' title='bbox 1909 1062 2135 1125; x_wconf 60' lang='lat' dir='ltr'><strong>praestat</strong></span> 
     </span>
    </p>
   </div>
   <div class='ocr_carea' id='block_1_10' title="bbox 549 1145 2136 1234">
    <p class='ocr_par' dir='ltr' id='par_1_10' title="bbox 549 1145 2136 1234">
     <span class='ocr_line' id='line_1_10' title="bbox 549 1145 2136 1234; baseline -0.011 -17"><span class='ocrx_word' id='word_1_68' title='bbox 549 1159 890 1234; x_wconf 84' lang='lat' dir='ltr'><strong>obsequium,</strong></span> <span class='ocrx_word' id='word_1_69' title='bbox 923 1170 1045 1218; x_wconf 85' lang='lat' dir='ltr'><strong>cum</strong></span> <span class='ocrx_word' id='word_1_70' title='bbox 1078 1151 1255 1223; x_wconf 87' lang='lat' dir='ltr'><strong>turpia</strong></span> <span class='ocrx_word' id='word_1_71' title='bbox 1282 1148 1516 1206; x_wconf 90' lang='lat' dir='ltr'><strong>declinat</strong></span> <span class='ocrx_word' id='word_1_72' title='bbox 1560 1147 1819 1219; x_wconf 88' lang='lat' dir='ltr'><strong>aspicere.</strong></span> <span class='ocrx_word' id='word_1_73' title='bbox 1854 1146 2006 1202; x_wconf 89' lang='lat' dir='ltr'><strong>Tunc</strong></span> <span class='ocrx_word' id='word_1_74' title='bbox 2035 1145 2136 1201; x_wconf 91' lang='lat' dir='ltr'><strong>lin-</strong></span> 
     </span>
    </p>
   </div>
   <div class='ocr_carea' id='block_1_11' title="bbox 551 1238 2136 1326">
    <p class='ocr_par' dir='ltr' id='par_1_11' title="bbox 551 1238 2136 1326">
     <span class='ocr_line' id='line_1_11' title="bbox 551 1238 2136 1326; baseline -0.012 -15"><span class='ocrx_word' id='word_1_75' title='bbox 551 1271 656 1326; x_wconf 85' lang='lat' dir='ltr'><strong>gua</strong></span> <span class='ocrx_word' id='word_1_76' title='bbox 706 1250 1006 1314; x_wconf 80' lang='lat' dir='ltr'><strong>merebitur</strong></span> <span class='ocrx_word' id='word_1_77' title='bbox 1043 1245 1349 1320; x_wconf 85' lang='lat' dir='ltr'><strong>praemium,</strong></span> <span class='ocrx_word' id='word_1_78' title='bbox 1397 1242 1616 1315; x_wconf 87' lang='lat' dir='ltr'><strong>quando</strong></span> <span class='ocrx_word' id='word_1_79' title='bbox 1655 1238 2136 1314; x_wconf 26' lang='lat' dir='ltr'><strong>(benedictionibus</strong></span> 
     </span>
    </p>
   </div>
   <div class='ocr_carea' id='block_1_12' title="bbox 475 1328 2136 1426">
    <p class='ocr_par' dir='ltr' id='par_1_12' title="bbox 475 1328 2136 1426">
     <span class='ocr_line' id='line_1_12' title="bbox 475 1328 2136 1426; baseline -0.015 -19"><span class='ocrx_word' id='word_1_80' title='bbox 475 1331 489 1342; x_wconf 63' lang='grc'><em>’</em></span> <span class='ocrx_word' id='word_1_81' title='bbox 547 1354 866 1426; x_wconf 73' lang='lat' dir='ltr'><strong>occupatur.</strong></span> <span class='ocrx_word' id='word_1_82' title='bbox 893 1343 1047 1397; x_wconf 86' lang='lat' dir='ltr'><strong>Tunc</strong></span> <span class='ocrx_word' id='word_1_83' title='bbox 1071 1340 1286 1394; x_wconf 88' lang='lat' dir='ltr'><strong>auditus</strong></span> <span class='ocrx_word' id='word_1_84' title='bbox 1327 1334 1559 1408; x_wconf 87' lang='lat' dir='ltr'><strong>placebit</strong></span> <span class='ocrx_word' id='word_1_85' title='bbox 1605 1333 1737 1410; x_wconf 70' lang='lat' dir='ltr'><strong>Deo,</strong></span> <span class='ocrx_word' id='word_1_86' title='bbox 1766 1333 1812 1387; x_wconf 89' lang='lat' dir='ltr'><strong>si</strong></span> <span class='ocrx_word' id='word_1_87' title='bbox 1841 1328 2136 1387; x_wconf 87' lang='lat' dir='ltr'><strong>detractio-</strong></span> 
     </span>
    </p>
   </div>
   <div class='ocr_carea' id='block_1_13' title="bbox 548 1426 2135 1502">
    <p class='ocr_par' dir='ltr' id='par_1_13' title="bbox 548 1426 2135 1502">
     <span class='ocr_line' id='line_1_13' title="bbox 548 1426 2135 1502; baseline -0.012 -4"><span class='ocrx_word' id='word_1_88' title='bbox 548 1444 709 1498; x_wconf 87' lang='lat' dir='ltr'><strong>nibus</strong></span> <span class='ocrx_word' id='word_1_89' title='bbox 731 1455 841 1494; x_wconf 90' lang='lat' dir='ltr'><strong>non</strong></span> <span class='ocrx_word' id='word_1_90' title='bbox 865 1437 1175 1491; x_wconf 86' lang='lat' dir='ltr'><strong>misceatur.</strong></span> <span class='ocrx_word' id='word_1_91' title='bbox 1201 1433 1267 1487; x_wconf 89' lang='lat' dir='ltr'><strong>Et</strong></span> <span class='ocrx_word' id='word_1_92' title='bbox 1290 1430 1456 1502; x_wconf 89' lang='lat' dir='ltr'><strong>pedes</strong></span> <span class='ocrx_word' id='word_1_93' title='bbox 1502 1428 1723 1483; x_wconf 90' lang='lat' dir='ltr'><strong>laudare</strong></span> <span class='ocrx_word' id='word_1_94' title='bbox 1763 1426 1933 1483; x_wconf 90' lang='lat' dir='ltr'><strong>Deum</strong></span> <span class='ocrx_word' id='word_1_95' title='bbox 1975 1431 2135 1496; x_wconf 90' lang='lat' dir='ltr'><strong>pote-</strong></span> 
     </span>
    </p>
   </div>
   <div class='ocr_carea' id='block_1_14' title="bbox 552 1517 2138 1598">
    <p class='ocr_par' dir='ltr' id='par_1_14' title="bbox 552 1517 2138 1598">
     <span class='ocr_line' id='line_1_14' title="bbox 552 1517 2138 1598; baseline -0.009 -10"><span class='ocrx_word' id='word_1_96' title='bbox 552 1541 701 1598; x_wconf 90' lang='lat' dir='ltr'><strong>runt,</strong></span> <span class='ocrx_word' id='word_1_97' title='bbox 732 1531 778 1586; x_wconf 91' lang='lat' dir='ltr'><strong>si</strong></span> <span class='ocrx_word' id='word_1_98' title='bbox 803 1543 1020 1585; x_wconf 87' lang='lat' dir='ltr'><strong>cursum</strong></span> <span class='ocrx_word' id='word_1_99' title='bbox 1043 1541 1200 1582; x_wconf 89' lang='lat' dir='ltr'><strong>suum</strong></span> <span class='ocrx_word' id='word_1_100' title='bbox 1226 1526 1293 1581; x_wconf 90' lang='lat' dir='ltr'><strong>ab</strong></span> <span class='ocrx_word' id='word_1_101' title='bbox 1311 1523 1461 1579; x_wconf 91' lang='lat' dir='ltr'><strong>omni</strong></span> <span class='ocrx_word' id='word_1_102' title='bbox 1479 1521 1683 1578; x_wconf 89' lang='lat' dir='ltr'><strong>malitia</strong></span> <span class='ocrx_word' id='word_1_103' title='bbox 1709 1535 1966 1577; x_wconf 88' lang='lat' dir='ltr'><strong>revocare</strong></span> <span class='ocrx_word' id='word_1_104' title='bbox 1985 1517 2138 1574; x_wconf 78' lang='lat' dir='ltr'><strong>festi-</strong></span> 
     </span>
    </p>
   </div>
   <div class='ocr_carea' id='block_1_15' title="bbox 555 1612 2139 1686">
    <p class='ocr_par' dir='ltr' id='par_1_15' title="bbox 555 1612 2139 1686">
     <span class='ocr_line' id='line_1_15' title="bbox 555 1612 2139 1686; baseline -0.009 -6"><span class='ocrx_word' id='word_1_105' title='bbox 555 1632 704 1680; x_wconf 90' lang='lat' dir='ltr'><strong>nent.</strong></span> <span class='ocrx_word' id='word_1_106' title='bbox 761 1623 828 1677; x_wconf 90' lang='lat' dir='ltr'><strong>Et</strong></span> <span class='ocrx_word' id='word_1_107' title='bbox 877 1635 1069 1675; x_wconf 89' lang='lat' dir='ltr'><strong>manus</strong></span> <span class='ocrx_word' id='word_1_108' title='bbox 1094 1617 1443 1682; x_wconf 87' lang='lat' dir='ltr'><strong>benedicunt,</strong></span> <span class='ocrx_word' id='word_1_109' title='bbox 1474 1617 1520 1672; x_wconf 89' lang='lat' dir='ltr'><strong>si</strong></span> <span class='ocrx_word' id='word_1_110' title='bbox 1559 1615 1763 1686; x_wconf 87' lang='lat' dir='ltr'><strong>rapinis</strong></span> <span class='ocrx_word' id='word_1_111' title='bbox 1793 1612 2139 1669; x_wconf 56' lang='lat' dir='ltr'><strong>renuntiavec</strong></span> 
     </span>
    </p>
   </div>
   <div class='ocr_carea' id='block_1_16' title="bbox 553 1701 2139 1792">
    <p class='ocr_par' dir='ltr' id='par_1_16' title="bbox 553 1701 2139 1792">
     <span class='ocr_line' id='line_1_16' title="bbox 553 1701 2139 1792; baseline -0.009 -15"><span class='ocrx_word' id='word_1_112' title='bbox 553 1724 682 1790; x_wconf 88' lang='lat' dir='ltr'><strong>rint,</strong></span> <span class='ocrx_word' id='word_1_113' title='bbox 707 1727 760 1776; x_wconf 94' lang='lat' dir='ltr'><strong>et</strong></span> <span class='ocrx_word' id='word_1_114' title='bbox 787 1719 856 1774; x_wconf 90' lang='lat' dir='ltr'><strong>ad</strong></span> <span class='ocrx_word' id='word_1_115' title='bbox 886 1701 1316 1788; x_wconf 79' lang='lat' dir='ltr'><strong>misericordiam</strong></span> <span class='ocrx_word' id='word_1_116' title='bbox 1360 1711 1807 1792; x_wconf 58' lang='lat' dir='ltr'><strong>praeparaverint.</strong></span> <span class='ocrx_word' id='word_1_117' title='bbox 1835 1708 1987 1776; x_wconf 86' lang='lat' dir='ltr'><strong>Quod</strong></span> <span class='ocrx_word' id='word_1_118' title='bbox 2007 1722 2139 1763; x_wconf 88' lang='lat' dir='ltr'><strong>vero</strong></span> 
     </span>
    </p>
   </div>
   <div class='ocr_carea' id='block_1_17' title="bbox 553 1800 2141 1872">
    <p class='ocr_par' dir='ltr' id='par_1_17' title="bbox 553 1800 2141 1872">
     <span class='ocr_line' id='line_1_17' title="bbox 553 1800 2141 1872; baseline -0.01 -3"><span class='ocrx_word' id='word_1_119' title='bbox 553 1814 685 1869; x_wconf 89' lang='lat' dir='ltr'><strong>dicit</strong></span> <span class='ocrx_word' id='word_1_120' title='bbox 707 1809 984 1868; x_wconf 88' lang='lat' dir='ltr'><strong>custodire</strong></span> <span class='ocrx_word' id='word_1_121' title='bbox 1018 1824 1076 1864; x_wconf 89' lang='lat' dir='ltr'><strong>se</strong></span> <span class='ocrx_word' id='word_1_122' title='bbox 1101 1823 1132 1862; x_wconf 92' lang='lat' dir='ltr'><strong>a</strong></span> <span class='ocrx_word' id='word_1_123' title='bbox 1159 1805 1328 1872; x_wconf 89' lang='lat' dir='ltr'><strong>vitiis,</strong></span> <span class='ocrx_word' id='word_1_124' title='bbox 1352 1800 1672 1860; x_wconf 82' lang='lat' dir='ltr'><strong>Subauditur</strong></span> <span class='ocrx_word' id='word_1_125' title='bbox 1701 1819 1730 1858; x_wconf 88' lang='lat' dir='ltr'><strong>a</strong></span> <span class='ocrx_word' id='word_1_126' title='bbox 1763 1809 1966 1872; x_wconf 87' lang='lat' dir='ltr'><strong>septem</strong></span> <span class='ocrx_word' id='word_1_127' title='bbox 1990 1800 2141 1872; x_wconf 87' lang='lat' dir='ltr'><strong>prin-</strong></span> 
     </span>
    </p>
   </div>
   <div class='ocr_carea' id='block_1_18' title="bbox 553 1890 2136 1975">
    <p class='ocr_par' dir='ltr' id='par_1_18' title="bbox 553 1890 2136 1975">
     <span class='ocr_line' id='line_1_18' title="bbox 553 1890 2136 1975; baseline -0.012 -13"><span class='ocrx_word' id='word_1_128' title='bbox 553 1903 838 1975; x_wconf 87' lang='lat' dir='ltr'><strong>cipalibus,</strong></span> <span class='ocrx_word' id='word_1_129' title='bbox 868 1899 922 1956; x_wconf 90' lang='lat' dir='ltr'><strong>id</strong></span> <span class='ocrx_word' id='word_1_130' title='bbox 943 1907 1047 1966; x_wconf 90' lang='lat' dir='ltr'><strong>est,</strong></span> <span class='ocrx_word' id='word_1_131' title='bbox 1069 1915 1100 1953; x_wconf 92' lang='lat' dir='ltr'><strong>a</strong></span> <span class='ocrx_word' id='word_1_132' title='bbox 1130 1897 1274 1969; x_wconf 87' lang='lat' dir='ltr'><strong>gula,</strong></span> <span class='ocrx_word' id='word_1_133' title='bbox 1323 1895 1704 1960; x_wconf 82' lang='lat' dir='ltr'><strong>fornicatione,</strong></span> <span class='ocrx_word' id='word_1_134' title='bbox 1748 1891 2002 1958; x_wconf 85' lang='lat' dir='ltr'><strong>avaritia,</strong></span> <span class='ocrx_word' id='word_1_135' title='bbox 2031 1890 2136 1957; x_wconf 90' lang='lat' dir='ltr'><strong>ira,</strong></span> 
     </span>
    </p>
   </div>
   <div class='ocr_carea' id='block_1_19' title="bbox 2232 767 3844 842">
    <p class='ocr_par' dir='ltr' id='par_1_19' title="bbox 2232 767 3844 842">
     <span class='ocr_line' id='line_1_19' title="bbox 2232 767 3844 842; baseline -0.001 -16"><span class='ocrx_word' id='word_1_136' title='bbox 2232 772 2392 842; x_wconf 77' lang='lat' dir='ltr'><strong>fuerit</strong></span> <span class='ocrx_word' id='word_1_137' title='bbox 2439 771 2594 827; x_wconf 84' lang='lat' dir='ltr'><strong>homo</strong></span> <span class='ocrx_word' id='word_1_138' title='bbox 2620 770 2678 825; x_wconf 87' lang='lat' dir='ltr'><strong>in</strong></span> <span class='ocrx_word' id='word_1_139' title='bbox 2719 769 3061 834; x_wconf 85' lang='lat' dir='ltr'><strong>absconditis,</strong></span> <span class='ocrx_word' id='word_1_140' title='bbox 3108 783 3230 838; x_wconf 83' lang='lat' dir='ltr'><strong>ergo</strong></span> <span class='ocrx_word' id='word_1_141' title='bbox 3284 783 3389 822; x_wconf 88' lang='lat' dir='ltr'><strong>non</strong></span> <span class='ocrx_word' id='word_1_142' title='bbox 3441 767 3633 821; x_wconf 73' lang='lat' dir='ltr'><strong>uidebo</strong></span> <span class='ocrx_word' id='word_1_143' title='bbox 3674 770 3844 830; x_wconf 70' lang='grc' dir='ltr'><strong>σιιιιι</strong></span> 
     </span>
    </p>
   </div>
   <div class='ocr_carea' id='block_1_20' title="bbox 2235 857 3844 932">
    <p class='ocr_par' dir='ltr' id='par_1_20' title="bbox 2235 857 3844 932">
     <span class='ocr_line' id='line_1_20' title="bbox 2235 857 3844 932; baseline -0.003 -13"><span class='ocrx_word' id='word_1_144' title='bbox 2235 861 2428 919; x_wconf 86' lang='lat' dir='ltr'><strong>Nonne</strong></span> <span class='ocrx_word' id='word_1_145' title='bbox 2457 863 2640 918; x_wconf 73' lang='lat' dir='ltr'><strong>caelum</strong></span> <span class='ocrx_word' id='word_1_146' title='bbox 2687 871 2736 919; x_wconf 87' lang='lat' dir='ltr'><strong>et</strong></span> <span class='ocrx_word' id='word_1_147' title='bbox 2787 871 2985 916; x_wconf 79' lang='lat' dir='ltr'><strong>terrain</strong></span> <span class='ocrx_word' id='word_1_148' title='bbox 3014 875 3108 931; x_wconf 89' lang='lat' dir='ltr'><strong>ego</strong></span> <span class='ocrx_word' id='word_1_149' title='bbox 3133 857 3326 930; x_wconf 77' lang='lat' dir='ltr'><strong>impleo</strong></span> <span class='ocrx_word' id='word_1_150' title='bbox 3357 859 3584 931; x_wconf 75' lang='lat' dir='ltr'><strong>(larens.</strong></span> <span class='ocrx_word' id='word_1_151' title='bbox 3634 862 3844 932; x_wconf 67' lang='lat' dir='ltr'><strong>13m)!</strong></span> 
     </span>
    </p>
   </div>
   <div class='ocr_carea' id='block_1_21' title="bbox 2233 947 3845 1020">
    <p class='ocr_par' dir='ltr' id='par_1_21' title="bbox 2233 947 3845 1020">
     <span class='ocr_line' id='line_1_21' title="bbox 2233 947 3845 1020; baseline -0.002 -12"><span class='ocrx_word' id='word_1_152' title='bbox 2233 952 2373 1008; x_wconf 80' lang='lat' dir='ltr'><strong>Hinc</strong></span> <span class='ocrx_word' id='word_1_153' title='bbox 2395 949 2685 1010; x_wconf 79' lang='lat' dir='ltr'><strong>Psalmists</strong></span> <span class='ocrx_word' id='word_1_154' title='bbox 2723 953 2800 1008; x_wconf 82' lang='lat' dir='ltr'><strong>ait</strong></span> <span class='ocrx_word' id='word_1_155' title='bbox 2836 969 2848 1006; x_wconf 89' lang='lat'><strong>:</strong></span> <span class='ocrx_word' id='word_1_156' title='bbox 2886 949 3041 1006; x_wconf 83' lang='lat' dir='ltr'><strong>Oculi</strong></span> <span class='ocrx_word' id='word_1_157' title='bbox 3091 949 3304 1004; x_wconf 83' lang='lat' dir='ltr'><strong>Domini</strong></span> <span class='ocrx_word' id='word_1_158' title='bbox 3341 965 3502 1020; x_wconf 81' lang='lat' dir='ltr'><strong>super</strong></span> <span class='ocrx_word' id='word_1_159' title='bbox 3533 947 3756 1020; x_wconf 75' lang='lat' dir='ltr'><strong>justas,</strong></span> <span class='ocrx_word' id='word_1_160' title='bbox 3801 962 3845 1005; x_wconf 84' lang='lat' dir='ltr'><strong>et</strong></span> 
     </span>
    </p>
   </div>
   <div class='ocr_carea' id='block_1_22' title="bbox 2236 1042 3842 1119">
    <p class='ocr_par' dir='ltr' id='par_1_22' title="bbox 2236 1042 3842 1119">
     <span class='ocr_line' id='line_1_22' title="bbox 2236 1042 3842 1119; baseline -0.002 -18"><span class='ocrx_word' id='word_1_161' title='bbox 2236 1063 2390 1102; x_wconf 85' lang='lat' dir='ltr'><strong>aures</strong></span> <span class='ocrx_word' id='word_1_162' title='bbox 2413 1048 2530 1119; x_wconf 88' lang='lat' dir='ltr'><strong>ejus</strong></span> <span class='ocrx_word' id='word_1_163' title='bbox 2557 1049 2610 1104; x_wconf 85' lang='lat' dir='ltr'><strong>in</strong></span> <span class='ocrx_word' id='word_1_164' title='bbox 2631 1063 2810 1119; x_wconf 87' lang='lat' dir='ltr'><strong>preces</strong></span> <span class='ocrx_word' id='word_1_165' title='bbox 2833 1061 3015 1100; x_wconf 86' lang='lat' dir='ltr'><strong>eorum</strong></span> <span class='ocrx_word' id='word_1_166' title='bbox 3041 1042 3215 1117; x_wconf 83' lang='lat' dir='ltr'><strong>(Psal.</strong></span> <span class='ocrx_word' id='word_1_167' title='bbox 3231 1043 3446 1116; x_wconf 74' lang='lat' dir='ltr'><strong>xum).</strong></span> <span class='ocrx_word' id='word_1_168' title='bbox 3462 1042 3627 1110; x_wconf 83' lang='lat' dir='ltr'><strong>Quod</strong></span> <span class='ocrx_word' id='word_1_169' title='bbox 3653 1053 3842 1098; x_wconf 74' lang='lat' dir='ltr'><strong>autem</strong></span> 
     </span>
    </p>
   </div>
   <div class='ocr_carea' id='block_1_23' title="bbox 2237 1133 3846 1213">
    <p class='ocr_par' dir='ltr' id='par_1_23' title="bbox 2237 1133 3846 1213">
     <span class='ocr_line' id='line_1_23' title="bbox 2237 1133 3846 1213; baseline -0.006 -15"><span class='ocrx_word' id='word_1_170' title='bbox 2237 1141 2400 1209; x_wconf 86' lang='lat' dir='ltr'><strong>dicit,</strong></span> <span class='ocrx_word' id='word_1_171' title='bbox 2436 1149 2492 1197; x_wconf 91' lang='lat' dir='ltr'><strong>et</strong></span> <span class='ocrx_word' id='word_1_172' title='bbox 2529 1141 2599 1196; x_wconf 90' lang='lat' dir='ltr'><strong>ab</strong></span> <span class='ocrx_word' id='word_1_173' title='bbox 2643 1139 2848 1213; x_wconf 80' lang='lat' dir='ltr'><strong>angelis</strong></span> <span class='ocrx_word' id='word_1_174' title='bbox 2901 1137 3049 1193; x_wconf 90' lang='lat' dir='ltr'><strong>omni</strong></span> <span class='ocrx_word' id='word_1_175' title='bbox 3104 1137 3238 1191; x_wconf 91' lang='lat' dir='ltr'><strong>hora</strong></span> <span class='ocrx_word' id='word_1_176' title='bbox 3285 1133 3622 1200; x_wconf 82' lang='lat' dir='ltr'><strong>renuntiari,</strong></span> <span class='ocrx_word' id='word_1_177' title='bbox 3655 1135 3731 1189; x_wconf 83' lang='lat' dir='ltr'><strong>ab</strong></span> <span class='ocrx_word' id='word_1_178' title='bbox 3757 1135 3846 1188; x_wconf 90' lang='lat' dir='ltr'><strong>illo</strong></span> 
     </span>
    </p>
   </div>
   <div class='ocr_carea' id='block_1_24' title="bbox 2237 1226 3845 1305">
    <p class='ocr_par' dir='ltr' id='par_1_24' title="bbox 2237 1226 3845 1305">
     <span class='ocr_line' id='line_1_24' title="bbox 2237 1226 3845 1305; baseline -0.007 -15"><span class='ocrx_word' id='word_1_179' title='bbox 2237 1234 2358 1291; x_wconf 91' lang='lat' dir='ltr'><strong>loco</strong></span> <span class='ocrx_word' id='word_1_180' title='bbox 2409 1231 2749 1304; x_wconf 72' lang='lat' dir='ltr'><strong>intelligitur,</strong></span> <span class='ocrx_word' id='word_1_181' title='bbox 2787 1232 2877 1286; x_wconf 89' lang='lat' dir='ltr'><strong>ubi</strong></span> <span class='ocrx_word' id='word_1_182' title='bbox 2923 1230 3145 1305; x_wconf 77' lang='lat' dir='ltr'><strong>angelus</strong></span> <span class='ocrx_word' id='word_1_183' title='bbox 3181 1229 3366 1285; x_wconf 80' lang='lat' dir='ltr'><strong>Tobiae</strong></span> <span class='ocrx_word' id='word_1_184' title='bbox 3397 1229 3579 1284; x_wconf 76' lang='lat' dir='ltr'><strong>dixit:</strong></span> <span class='ocrx_word' id='word_1_185' title='bbox 3613 1226 3845 1294; x_wconf 72' lang='lat' dir='ltr'><strong>Quando</strong></span> 
     </span>
    </p>
   </div>
   <div class='ocr_carea' id='block_1_25' title="bbox 2238 1317 3847 1394">
    <p class='ocr_par' dir='ltr' id='par_1_25' title="bbox 2238 1317 3847 1394">
     <span class='ocr_line' id='line_1_25' title="bbox 2238 1317 3847 1394; baseline -0.007 -13"><span class='ocrx_word' id='word_1_186' title='bbox 2238 1326 2430 1381; x_wconf 88' lang='lat' dir='ltr'><strong>arabas</strong></span> <span class='ocrx_word' id='word_1_187' title='bbox 2453 1342 2574 1380; x_wconf 90' lang='lat' dir='ltr'><strong>cum</strong></span> <span class='ocrx_word' id='word_1_188' title='bbox 2595 1322 2868 1394; x_wconf 80' lang='lat' dir='ltr'><strong>lacrymis,</strong></span> <span class='ocrx_word' id='word_1_189' title='bbox 2895 1329 2946 1376; x_wconf 87' lang='lat' dir='ltr'><strong>et</strong></span> <span class='ocrx_word' id='word_1_190' title='bbox 2967 1319 3251 1392; x_wconf 86' lang='lat' dir='ltr'><strong>sepeliebas</strong></span> <span class='ocrx_word' id='word_1_191' title='bbox 3270 1328 3530 1384; x_wconf 87' lang='lat' dir='ltr'><strong>mortuos,</strong></span> <span class='ocrx_word' id='word_1_192' title='bbox 3553 1334 3659 1388; x_wconf 83' lang='lat' dir='ltr'><strong>ego</strong></span> <span class='ocrx_word' id='word_1_193' title='bbox 3681 1317 3847 1371; x_wconf 71' lang='lat' dir='ltr'><strong>obtuli</strong></span> 
     </span>
    </p>
   </div>
   <div class='ocr_carea' id='block_1_26' title="bbox 2239 1415 3846 1491">
    <p class='ocr_par' dir='ltr' id='par_1_26' title="bbox 2239 1415 3846 1491">
     <span class='ocr_line' id='line_1_26' title="bbox 2239 1415 3846 1491; baseline -0.006 -12"><span class='ocrx_word' id='word_1_194' title='bbox 2239 1424 2509 1480; x_wconf 89' lang='lat' dir='ltr'><strong>orationes</strong></span> <span class='ocrx_word' id='word_1_195' title='bbox 2537 1432 2657 1477; x_wconf 87' lang='lat' dir='ltr'><strong>tuas</strong></span> <span class='ocrx_word' id='word_1_196' title='bbox 2703 1420 2931 1475; x_wconf 89' lang='lat' dir='ltr'><strong>Domino</strong></span> <span class='ocrx_word' id='word_1_197' title='bbox 2963 1417 3116 1491; x_wconf 89' lang='lat' dir='ltr'><strong>(Tob.</strong></span> <span class='ocrx_word' id='word_1_198' title='bbox 3173 1415 3294 1490; x_wconf 79' lang='lat' dir='ltr'><strong>xu).</strong></span> <span class='ocrx_word' id='word_1_199' title='bbox 3333 1415 3440 1472; x_wconf 85' lang='lat' dir='ltr'><strong>Sed</strong></span> <span class='ocrx_word' id='word_1_200' title='bbox 3491 1427 3548 1471; x_wconf 84' lang='lat' dir='ltr'><strong>et</strong></span> <span class='ocrx_word' id='word_1_201' title='bbox 3580 1415 3846 1470; x_wconf 74' lang='lat' dir='ltr'><strong>Dominus</strong></span> 
     </span>
    </p>
   </div>
   <div class='ocr_carea' id='block_1_27' title="bbox 2240 1507 3845 1584">
    <p class='ocr_par' dir='ltr' id='par_1_27' title="bbox 2240 1507 3845 1584">
     <span class='ocr_line' id='line_1_27' title="bbox 2240 1507 3845 1584; baseline -0.006 -13"><span class='ocrx_word' id='word_1_202' title='bbox 2240 1530 2360 1571; x_wconf 90' lang='lat' dir='ltr'><strong>cum</strong></span> <span class='ocrx_word' id='word_1_203' title='bbox 2397 1514 2450 1570; x_wconf 92' lang='lat' dir='ltr'><strong>in</strong></span> <span class='ocrx_word' id='word_1_204' title='bbox 2491 1511 2783 1584; x_wconf 86' lang='lat' dir='ltr'><strong>Evangelio</strong></span> <span class='ocrx_word' id='word_1_205' title='bbox 2807 1510 3044 1566; x_wconf 79' lang='lat' dir='ltr'><strong>dixisset</strong></span> <span class='ocrx_word' id='word_1_206' title='bbox 3076 1523 3090 1563; x_wconf 90' lang='lat'><strong>:</strong></span> <span class='ocrx_word' id='word_1_207' title='bbox 3125 1507 3437 1580; x_wconf 80' lang='lat' dir='ltr'><strong>Quicunque</strong></span> <span class='ocrx_word' id='word_1_208' title='bbox 3482 1507 3845 1561; x_wconf 58' lang='lat' dir='ltr'><strong>humiliorem</strong></span> 
     </span>
    </p>
   </div>
   <div class='ocr_carea' id='block_1_28' title="bbox 2239 1600 3844 1678">
    <p class='ocr_par' dir='ltr' id='par_1_28' title="bbox 2239 1600 3844 1678">
     <span class='ocr_line' id='line_1_28' title="bbox 2239 1600 3844 1678; baseline -0.007 -15"><span class='ocrx_word' id='word_1_209' title='bbox 2239 1625 2314 1674; x_wconf 90' lang='lat' dir='ltr'><strong>se,</strong></span> <span class='ocrx_word' id='word_1_210' title='bbox 2332 1607 2466 1663; x_wconf 90' lang='lat' dir='ltr'><strong>sicut</strong></span> <span class='ocrx_word' id='word_1_211' title='bbox 2490 1606 2745 1678; x_wconf 84' lang='lat' dir='ltr'><strong>parvulus</strong></span> <span class='ocrx_word' id='word_1_212' title='bbox 2770 1606 2890 1671; x_wconf 84' lang='lat' dir='ltr'><strong>iste,</strong></span> <span class='ocrx_word' id='word_1_213' title='bbox 2913 1604 2995 1658; x_wconf 82' lang='lat' dir='ltr'><strong>hic</strong></span> <span class='ocrx_word' id='word_1_214' title='bbox 3016 1612 3090 1658; x_wconf 87' lang='lat' dir='ltr'><strong>est</strong></span> <span class='ocrx_word' id='word_1_215' title='bbox 3113 1602 3289 1672; x_wconf 86' lang='lat' dir='ltr'><strong>major</strong></span> <span class='ocrx_word' id='word_1_216' title='bbox 3308 1602 3364 1655; x_wconf 89' lang='lat' dir='ltr'><strong>in</strong></span> <span class='ocrx_word' id='word_1_217' title='bbox 3387 1617 3552 1672; x_wconf 85' lang='lat' dir='ltr'><strong>regno</strong></span> <span class='ocrx_word' id='word_1_218' title='bbox 3569 1600 3844 1666; x_wconf 65' lang='lat' dir='ltr'><strong>crcior-In,</strong></span> 
     </span>
    </p>
   </div>
   <div class='ocr_carea' id='block_1_29' title="bbox 2239 1693 3844 1774">
    <p class='ocr_par' dir='ltr' id='par_1_29' title="bbox 2239 1693 3844 1774">
     <span class='ocr_line' id='line_1_29' title="bbox 2239 1693 3844 1774; baseline -0.006 -17"><span class='ocrx_word' id='word_1_219' title='bbox 2239 1713 2288 1758; x_wconf 90' lang='lat' dir='ltr'><strong>et</strong></span> <span class='ocrx_word' id='word_1_220' title='bbox 2309 1703 2398 1774; x_wconf 85' lang='lat' dir='ltr'><strong>qui</strong></span> <span class='ocrx_word' id='word_1_221' title='bbox 2425 1701 2706 1772; x_wconf 78' lang='lat' dir='ltr'><strong>susceperit</strong></span> <span class='ocrx_word' id='word_1_222' title='bbox 2728 1716 2892 1754; x_wconf 87' lang='lat' dir='ltr'><strong>unum</strong></span> <span class='ocrx_word' id='word_1_223' title='bbox 2908 1695 3184 1768; x_wconf 80' lang='lat' dir='ltr'><strong>parvulum</strong></span> <span class='ocrx_word' id='word_1_224' title='bbox 3204 1693 3362 1750; x_wconf 84' lang='lat' dir='ltr'><strong>talem</strong></span> <span class='ocrx_word' id='word_1_225' title='bbox 3383 1693 3438 1748; x_wconf 88' lang='lat' dir='ltr'><strong>in</strong></span> <span class='ocrx_word' id='word_1_226' title='bbox 3467 1695 3697 1750; x_wconf 79' lang='lat' dir='ltr'><strong>nomine</strong></span> <span class='ocrx_word' id='word_1_227' title='bbox 3717 1709 3844 1756; x_wconf 68' lang='lat' dir='ltr'><strong>nec,</strong></span> 
     </span>
    </p>
   </div>
   <div class='ocr_carea' id='block_1_30' title="bbox 2240 1787 3840 1867">
    <p class='ocr_par' dir='ltr' id='par_1_30' title="bbox 2240 1787 3840 1867">
     <span class='ocr_line' id='line_1_30' title="bbox 2240 1787 3840 1867; baseline -0.008 -16"><span class='ocrx_word' id='word_1_228' title='bbox 2240 1812 2322 1851; x_wconf 89' lang='lat' dir='ltr'><strong>me</strong></span> <span class='ocrx_word' id='word_1_229' title='bbox 2351 1796 2566 1866; x_wconf 80' lang='lat' dir='ltr'><strong>suscipit</strong></span> <span class='ocrx_word' id='word_1_230' title='bbox 2597 1793 2812 1867; x_wconf 81' lang='lat' dir='ltr'><strong>(Matth.</strong></span> <span class='ocrx_word' id='word_1_231' title='bbox 2858 1792 3036 1863; x_wconf 79' lang='lat' dir='ltr'><strong>xviii),</strong></span> <span class='ocrx_word' id='word_1_232' title='bbox 3069 1796 3193 1861; x_wconf 88' lang='lat' dir='ltr'><strong>post</strong></span> <span class='ocrx_word' id='word_1_233' title='bbox 3243 1788 3529 1860; x_wconf 86' lang='lat' dir='ltr'><strong>paululum</strong></span> <span class='ocrx_word' id='word_1_234' title='bbox 3592 1787 3840 1842; x_wconf 82' lang='lat' dir='ltr'><strong>addidit:</strong></span> 
     </span>
    </p>
   </div>
   <div class='ocr_carea' id='block_1_31' title="bbox 2257 1877 3844 1954">
    <p class='ocr_par' dir='ltr' id='par_1_31' title="bbox 2257 1877 3844 1954">
     <span class='ocr_line' id='line_1_31' title="bbox 2257 1877 3844 1954; baseline -0.004 -14"><span class='ocrx_word' id='word_1_235' title='bbox 2257 1885 2432 1942; x_wconf 80' lang='lat' dir='ltr'><strong>Videte</strong></span> <span class='ocrx_word' id='word_1_236' title='bbox 2458 1903 2521 1942; x_wconf 89' lang='lat' dir='ltr'><strong>ne</strong></span> <span class='ocrx_word' id='word_1_237' title='bbox 2549 1885 2891 1942; x_wconf 89' lang='lat' dir='ltr'><strong>contemnatis</strong></span> <span class='ocrx_word' id='word_1_238' title='bbox 2919 1901 3084 1940; x_wconf 89' lang='lat' dir='ltr'><strong>unum</strong></span> <span class='ocrx_word' id='word_1_239' title='bbox 3109 1899 3172 1938; x_wconf 84' lang='lat' dir='ltr'><strong>ea:</strong></span> <span class='ocrx_word' id='word_1_240' title='bbox 3191 1877 3272 1937; x_wconf 87' lang='lat' dir='ltr'><strong>his</strong></span> <span class='ocrx_word' id='word_1_241' title='bbox 3293 1880 3526 1954; x_wconf 82' lang='lat' dir='ltr'><strong>pusillis.</strong></span> <span class='ocrx_word' id='word_1_242' title='bbox 3546 1880 3695 1934; x_wconf 82' lang='lat' dir='ltr'><strong>Dico</strong></span> <span class='ocrx_word' id='word_1_243' title='bbox 3717 1882 3844 1934; x_wconf 79' lang='lat' dir='ltr'><strong>etsist</strong></span> 
     </span>
    </p>
   </div>
   <div class='ocr_carea' id='block_1_32' title="bbox 555 1967 3844 2078">
    <p class='ocr_par' dir='ltr' id='par_1_32' title="bbox 555 1967 3844 2078">
     <span class='ocr_line' id='line_1_32' title="bbox 555 1967 3844 2078; baseline -0.009 -25"><span class='ocrx_word' id='word_1_244' title='bbox 555 1967 802 2078; x_wconf 73' lang='lat' dir='ltr'><strong>tristitia,</strong></span> <span class='ocrx_word' id='word_1_245' title='bbox 826 1967 1045 2056; x_wconf 12' lang='lat' dir='ltr'><strong>racedia,</strong></span> <span class='ocrx_word' id='word_1_246' title='bbox 1095 1967 1236 2047; x_wconf 83' lang='lat' dir='ltr'><strong>vana</strong></span> <span class='ocrx_word' id='word_1_247' title='bbox 1269 1976 1481 2060; x_wconf 80' lang='lat' dir='ltr'><strong>gloria,</strong></span> <span class='ocrx_word' id='word_1_248' title='bbox 1515 1997 1569 2043; x_wconf 89' lang='lat' dir='ltr'><strong>et</strong></span> <span class='ocrx_word' id='word_1_249' title='bbox 1613 1980 1679 2042; x_wconf 85' lang='lat' dir='ltr'><strong>ab</strong></span> <span class='ocrx_word' id='word_1_250' title='bbox 1717 1995 1909 2043; x_wconf 85' lang='lat' dir='ltr'><strong>octava</strong></span> <span class='ocrx_word' id='word_1_251' title='bbox 1949 1999 2138 2039; x_wconf 90' lang='lat' dir='ltr'><strong>eorum</strong></span> <span class='ocrx_word' id='word_1_252' title='bbox 2166 1967 2215 2030; x_wconf 80' lang='grc' dir='ltr'><strong>Β</strong></span> <span class='ocrx_word' id='word_1_253' title='bbox 2242 1980 2382 2036; x_wconf 83' lang='lat' dir='ltr'><strong>vobis</strong></span> <span class='ocrx_word' id='word_1_254' title='bbox 2420 1993 2438 2032; x_wconf 88' lang='lat'><strong><em>:</em></strong></span> <span class='ocrx_word' id='word_1_255' title='bbox 2468 1980 2592 2050; x_wconf 84' lang='lat' dir='ltr'><strong>quia</strong></span> <span class='ocrx_word' id='word_1_256' title='bbox 2625 1978 2798 2049; x_wconf 83' lang='lat' dir='ltr'><strong>angeli</strong></span> <span class='ocrx_word' id='word_1_257' title='bbox 2820 1993 3002 2031; x_wconf 88' lang='lat' dir='ltr'><strong>eorum</strong></span> <span class='ocrx_word' id='word_1_258' title='bbox 3031 1976 3088 2030; x_wconf 90' lang='lat' dir='ltr'><strong>in</strong></span> <span class='ocrx_word' id='word_1_259' title='bbox 3117 1974 3258 2030; x_wconf 76' lang='lat' dir='ltr'><strong>oculis</strong></span> <span class='ocrx_word' id='word_1_260' title='bbox 3298 1989 3509 2045; x_wconf 85' lang='lat' dir='ltr'><strong>semper</strong></span> <span class='ocrx_word' id='word_1_261' title='bbox 3555 1973 3746 2027; x_wconf 74' lang='lat' dir='ltr'><strong>uident</strong></span> <span class='ocrx_word' id='word_1_262' title='bbox 3772 1971 3844 2040; x_wconf 72' lang='grc' dir='ltr'><strong>[ιιι</strong></span> 
     </span>
    </p>
   </div>
   <div class='ocr_carea' id='block_1_33' title="bbox 555 2077 2137 2166">
    <p class='ocr_par' dir='ltr' id='par_1_33' title="bbox 555 2077 2137 2166">
     <span class='ocr_line' id='line_1_33' title="bbox 555 2077 2137 2166; baseline -0.01 -19"><span class='ocrx_word' id='word_1_263' title='bbox 555 2077 824 2162; x_wconf 88' lang='lat' dir='ltr'><strong>genitrice</strong></span> <span class='ocrx_word' id='word_1_264' title='bbox 873 2083 1150 2159; x_wconf 85' lang='lat' dir='ltr'><strong>superbia,</strong></span> <span class='ocrx_word' id='word_1_265' title='bbox 1179 2092 1234 2140; x_wconf 92' lang='lat' dir='ltr'><strong>et</strong></span> <span class='ocrx_word' id='word_1_266' title='bbox 1281 2083 1349 2137; x_wconf 90' lang='lat' dir='ltr'><strong>ab</strong></span> <span class='ocrx_word' id='word_1_267' title='bbox 1385 2081 1634 2166; x_wconf 86' lang='lat' dir='ltr'><strong>omnibus</strong></span> <span class='ocrx_word' id='word_1_268' title='bbox 1670 2095 1895 2151; x_wconf 88' lang='lat' dir='ltr'><strong>prorsus</strong></span> <span class='ocrx_word' id='word_1_269' title='bbox 1922 2077 2137 2166; x_wconf 84' lang='lat' dir='ltr'><strong>illorum</strong></span> 
     </span>
    </p>
   </div>
   <div class='ocr_carea' id='block_1_34' title="bbox 553 2163 2140 2240">
    <p class='ocr_par' dir='ltr' id='par_1_34' title="bbox 553 2163 2140 2240">
     <span class='ocr_line' id='line_1_34' title="bbox 553 2163 2140 2240; baseline -0.008 -7"><span class='ocrx_word' id='word_1_270' title='bbox 553 2175 765 2233; x_wconf 87' lang='lat' dir='ltr'><strong>nocivis</strong></span> <span class='ocrx_word' id='word_1_271' title='bbox 811 2169 1153 2240; x_wconf 89' lang='lat' dir='ltr'><strong>ramusculis,</strong></span> <span class='ocrx_word' id='word_1_272' title='bbox 1195 2169 1286 2240; x_wconf 88' lang='lat' dir='ltr'><strong>qui</strong></span> <span class='ocrx_word' id='word_1_273' title='bbox 1337 2163 1490 2238; x_wconf 85' lang='lat' dir='ltr'><strong>quasi</strong></span> <span class='ocrx_word' id='word_1_274' title='bbox 1538 2175 1816 2222; x_wconf 75' lang='lat' dir='ltr'><strong>venenatae</strong></span> <span class='ocrx_word' id='word_1_275' title='bbox 1855 2163 2068 2222; x_wconf 89' lang='lat' dir='ltr'><strong>soboles</strong></span> <span class='ocrx_word' id='word_1_276' title='bbox 2109 2179 2140 2220; x_wconf 90' lang='lat' dir='ltr'><strong>a</strong></span> 
     </span>
    </p>
   </div>
   <div class='ocr_carea' id='block_1_35' title="bbox 555 2255 2142 2332">
    <p class='ocr_par' dir='ltr' id='par_1_35' title="bbox 555 2255 2142 2332">
     <span class='ocr_line' id='line_1_35' title="bbox 555 2255 2142 2332; baseline -0.008 -8"><span class='ocrx_word' id='word_1_277' title='bbox 555 2265 838 2324; x_wconf 88' lang='lat' dir='ltr'><strong>venenatis</strong></span> <span class='ocrx_word' id='word_1_278' title='bbox 866 2271 1163 2320; x_wconf 88' lang='lat' dir='ltr'><strong>nascuntur</strong></span> <span class='ocrx_word' id='word_1_279' title='bbox 1183 2259 1520 2332; x_wconf 86' lang='lat' dir='ltr'><strong>parentibus,</strong></span> <span class='ocrx_word' id='word_1_280' title='bbox 1566 2275 1794 2328; x_wconf 85' lang='lat' dir='ltr'><strong>quorum</strong></span> <span class='ocrx_word' id='word_1_281' title='bbox 1827 2257 1918 2313; x_wconf 88' lang='lat' dir='ltr'><strong>hic</strong></span> <span class='ocrx_word' id='word_1_282' title='bbox 1942 2255 2142 2313; x_wconf 90' lang='lat' dir='ltr'><strong>catalo-</strong></span> 
     </span>
    </p>
   </div>
   <div class='ocr_carea' id='block_1_36' title="bbox 556 2347 2140 2434">
    <p class='ocr_par' dir='ltr' id='par_1_36' title="bbox 556 2347 2140 2434">
     <span class='ocr_line' id='line_1_36' title="bbox 556 2347 2140 2434; baseline -0.008 -19"><span class='ocrx_word' id='word_1_283' title='bbox 556 2375 683 2434; x_wconf 88' lang='lat' dir='ltr'><strong>gum</strong></span> <span class='ocrx_word' id='word_1_284' title='bbox 710 2369 1034 2414; x_wconf 90' lang='lat' dir='ltr'><strong>enumerare</strong></span> <span class='ocrx_word' id='word_1_285' title='bbox 1059 2352 1222 2408; x_wconf 88' lang='lat' dir='ltr'><strong>nimis</strong></span> <span class='ocrx_word' id='word_1_286' title='bbox 1252 2358 1335 2406; x_wconf 92' lang='lat' dir='ltr'><strong>est</strong></span> <span class='ocrx_word' id='word_1_287' title='bbox 1363 2351 1600 2424; x_wconf 89' lang='lat' dir='ltr'><strong>longum.</strong></span> <span class='ocrx_word' id='word_1_288' title='bbox 1634 2349 1768 2404; x_wconf 86' lang='lat' dir='ltr'><strong>Nam</strong></span> <span class='ocrx_word' id='word_1_289' title='bbox 1802 2349 1853 2403; x_wconf 93' lang='lat' dir='ltr'><strong>in</strong></span> <span class='ocrx_word' id='word_1_290' title='bbox 1887 2347 2140 2403; x_wconf 79' lang='lat' dir='ltr'><strong>cordibus</strong></span> 
     </span>
    </p>
   </div>
   <div class='ocr_carea' id='block_1_37' title="bbox 553 2443 2139 2528">
    <p class='ocr_par' dir='ltr' id='par_1_37' title="bbox 553 2443 2139 2528">
     <span class='ocr_line' id='line_1_37' title="bbox 553 2443 2139 2528; baseline -0.009 -18"><span class='ocrx_word' id='word_1_291' title='bbox 553 2447 911 2528; x_wconf 74' lang='lat' dir='ltr'><strong>reproborum</strong></span> <span class='ocrx_word' id='word_1_292' title='bbox 927 2450 1159 2507; x_wconf 89' lang='lat' dir='ltr'><strong>invicem</strong></span> <span class='ocrx_word' id='word_1_293' title='bbox 1175 2447 1277 2504; x_wconf 86' lang='lat' dir='ltr'><strong>sibi</strong></span> <span class='ocrx_word' id='word_1_294' title='bbox 1297 2447 1570 2518; x_wconf 82' lang='lat' dir='ltr'><strong>catalogus</strong></span> <span class='ocrx_word' id='word_1_295' title='bbox 1595 2443 1835 2500; x_wconf 89' lang='lat' dir='ltr'><strong>succedit</strong></span> <span class='ocrx_word' id='word_1_296' title='bbox 1857 2443 2139 2507; x_wconf 87' lang='lat' dir='ltr'><strong>vitiorum,</strong></span> 
     </span>
    </p>
   </div>
   <div class='ocr_carea' id='block_1_38' title="bbox 552 2537 2140 2610">
    <p class='ocr_par' dir='ltr' id='par_1_38' title="bbox 552 2537 2140 2610">
     <span class='ocr_line' id='line_1_38' title="bbox 552 2537 2140 2610; baseline -0.006 -9"><span class='ocrx_word' id='word_1_297' title='bbox 552 2553 614 2601; x_wconf 89' lang='lat' dir='ltr'><strong>ut</strong></span> <span class='ocrx_word' id='word_1_298' title='bbox 640 2547 767 2602; x_wconf 88' lang='lat' dir='ltr'><strong>dum</strong></span> <span class='ocrx_word' id='word_1_299' title='bbox 787 2559 954 2600; x_wconf 89' lang='lat' dir='ltr'><strong>unum</strong></span> <span class='ocrx_word' id='word_1_300' title='bbox 978 2542 1194 2608; x_wconf 86' lang='lat' dir='ltr'><strong>abierit,</strong></span> <span class='ocrx_word' id='word_1_301' title='bbox 1219 2541 1472 2596; x_wconf 90' lang='lat' dir='ltr'><strong>succedat</strong></span> <span class='ocrx_word' id='word_1_302' title='bbox 1497 2539 1662 2604; x_wconf 88' lang='lat' dir='ltr'><strong>aliud,</strong></span> <span class='ocrx_word' id='word_1_303' title='bbox 1683 2537 1837 2607; x_wconf 72' lang='lat' dir='ltr'><strong>juxta</strong></span> <span class='ocrx_word' id='word_1_304' title='bbox 1862 2539 2140 2610; x_wconf 77' lang='lat' dir='ltr'><strong>propheta:</strong></span> 
     </span>
    </p>
   </div>
   <div class='ocr_carea' id='block_1_39' title="bbox 555 2625 2142 2704">
    <p class='ocr_par' dir='ltr' id='par_1_39' title="bbox 555 2625 2142 2704">
     <span class='ocr_line' id='line_1_39' title="bbox 555 2625 2142 2704; baseline -0.008 -12"><span class='ocrx_word' id='word_1_305' title='bbox 555 2633 944 2700; x_wconf 88' lang='lat' dir='ltr'><strong>testimonium,</strong></span> <span class='ocrx_word' id='word_1_306' title='bbox 976 2631 1068 2704; x_wconf 89' lang='lat' dir='ltr'><strong>qui</strong></span> <span class='ocrx_word' id='word_1_307' title='bbox 1091 2633 1167 2686; x_wconf 90' lang='lat' dir='ltr'><strong>ait</strong></span> <span class='ocrx_word' id='word_1_308' title='bbox 1201 2651 1213 2684; x_wconf 92' lang='lat'><strong>:</strong></span> <span class='ocrx_word' id='word_1_309' title='bbox 1242 2629 1532 2684; x_wconf 84' lang='lat' dir='ltr'><strong>Residuum</strong></span> <span class='ocrx_word' id='word_1_310' title='bbox 1581 2646 1752 2684; x_wconf 73' lang='lat' dir='ltr'><strong>eruca:</strong></span> <span class='ocrx_word' id='word_1_311' title='bbox 1794 2625 2017 2683; x_wconf 87' lang='lat' dir='ltr'><strong>comedit</strong></span> <span class='ocrx_word' id='word_1_312' title='bbox 2063 2626 2142 2680; x_wconf 79' lang='lat' dir='ltr'><strong>lo-</strong></span> 
     </span>
    </p>
   </div>
   <div class='ocr_carea' id='block_1_40' title="bbox 555 2715 2144 2794">
    <p class='ocr_par' dir='ltr' id='par_1_40' title="bbox 555 2715 2144 2794">
     <span class='ocr_line' id='line_1_40' title="bbox 555 2715 2144 2794; baseline -0.009 -11"><span class='ocrx_word' id='word_1_313' title='bbox 555 2736 727 2794; x_wconf 86' lang='lat' dir='ltr'><strong>custa,</strong></span> <span class='ocrx_word' id='word_1_314' title='bbox 755 2735 804 2781; x_wconf 87' lang='lat' dir='ltr'><strong>et</strong></span> <span class='ocrx_word' id='word_1_315' title='bbox 835 2715 1101 2780; x_wconf 84' lang='lat' dir='ltr'><strong>residuum</strong></span> <span class='ocrx_word' id='word_1_316' title='bbox 1132 2724 1347 2777; x_wconf 67' lang='lat' dir='ltr'><strong>locusta:</strong></span> <span class='ocrx_word' id='word_1_317' title='bbox 1394 2719 1617 2773; x_wconf 86' lang='lat' dir='ltr'><strong>comedit</strong></span> <span class='ocrx_word' id='word_1_318' title='bbox 1661 2717 1911 2783; x_wconf 84' lang='lat' dir='ltr'><strong>bruchus,</strong></span> <span class='ocrx_word' id='word_1_319' title='bbox 1935 2726 1982 2770; x_wconf 88' lang='lat' dir='ltr'><strong>ct</strong></span> <span class='ocrx_word' id='word_1_320' title='bbox 2014 2716 2144 2770; x_wconf 87' lang='lat' dir='ltr'><strong>resi-</strong></span> 
     </span>
    </p>
   </div>
   <div class='ocr_carea' id='block_1_41' title="bbox 557 2807 2142 2886">
    <p class='ocr_par' dir='ltr' id='par_1_41' title="bbox 557 2807 2142 2886">
     <span class='ocr_line' id='line_1_41' title="bbox 557 2807 2142 2886; baseline -0.009 -11"><span class='ocrx_word' id='word_1_321' title='bbox 557 2821 723 2875; x_wconf 89' lang='lat' dir='ltr'><strong>duum</strong></span> <span class='ocrx_word' id='word_1_322' title='bbox 744 2817 928 2872; x_wconf 87' lang='lat' dir='ltr'><strong>bruchi</strong></span> <span class='ocrx_word' id='word_1_323' title='bbox 951 2816 1172 2872; x_wconf 84' lang='lat' dir='ltr'><strong>comedit</strong></span> <span class='ocrx_word' id='word_1_324' title='bbox 1204 2813 1386 2886; x_wconf 83' lang='lat' dir='ltr'><strong>rubigo</strong></span> <span class='ocrx_word' id='word_1_325' title='bbox 1429 2809 1588 2884; x_wconf 87' lang='lat' dir='ltr'><strong>(Joel.</strong></span> <span class='ocrx_word' id='word_1_326' title='bbox 1637 2810 1701 2883; x_wconf 87' lang='grc' dir='ltr'><strong>ι),</strong></span> <span class='ocrx_word' id='word_1_327' title='bbox 1732 2818 1836 2864; x_wconf 92' lang='lat' dir='ltr'><strong>etc.</strong></span> <span class='ocrx_word' id='word_1_328' title='bbox 1869 2807 2006 2863; x_wconf 85' lang='lat' dir='ltr'><strong>Hinc</strong></span> <span class='ocrx_word' id='word_1_329' title='bbox 2043 2807 2142 2862; x_wconf 83' lang='lat' dir='ltr'><strong>ite-</strong></span> 
     </span>
    </p>
   </div>
   <div class='ocr_carea' id='block_1_42' title="bbox 556 2901 2142 2992">
    <p class='ocr_par' dir='ltr' id='par_1_42' title="bbox 556 2901 2142 2992">
     <span class='ocr_line' id='line_1_42' title="bbox 556 2901 2142 2992; baseline -0.006 -27"><span class='ocrx_word' id='word_1_330' title='bbox 556 2925 675 2965; x_wconf 88' lang='lat' dir='ltr'><strong>rum</strong></span> <span class='ocrx_word' id='word_1_331' title='bbox 698 2924 797 2979; x_wconf 90' lang='lat' dir='ltr'><strong>per</strong></span> <span class='ocrx_word' id='word_1_332' title='bbox 825 2909 1148 2992; x_wconf 82' lang='lat' dir='ltr'><strong>prOphetam</strong></span> <span class='ocrx_word' id='word_1_333' title='bbox 1165 2905 1361 2962; x_wconf 87' lang='lat' dir='ltr'><strong>dicitur</strong></span> <span class='ocrx_word' id='word_1_334' title='bbox 1385 2923 1399 2960; x_wconf 90' lang='lat'><strong>:</strong></span> <span class='ocrx_word' id='word_1_335' title='bbox 1420 2901 1611 2959; x_wconf 83' lang='lat' dir='ltr'><strong>Omnes</strong></span> <span class='ocrx_word' id='word_1_336' title='bbox 1633 2902 1968 2973; x_wconf 81' lang='lat' dir='ltr'><strong>cognationes</strong></span> <span class='ocrx_word' id='word_1_337' title='bbox 1989 2911 2142 2956; x_wconf 75' lang='lat' dir='ltr'><strong>terra:</strong></span> 
     </span>
    </p>
   </div>
   <div class='ocr_carea' id='block_1_43' title="bbox 557 2993 2141 3070">
    <p class='ocr_par' dir='ltr' id='par_1_43' title="bbox 557 2993 2141 3070">
     <span class='ocr_line' id='line_1_43' title="bbox 557 2993 2141 3070; baseline -0.004 -17"><span class='ocrx_word' id='word_1_338' title='bbox 557 3000 622 3054; x_wconf 90' lang='lat' dir='ltr'><strong>ab</strong></span> <span class='ocrx_word' id='word_1_339' title='bbox 651 2998 895 3070; x_wconf 81' lang='lat' dir='ltr'><strong>aquilone</strong></span> <span class='ocrx_word' id='word_1_340' title='bbox 918 2998 1144 3063; x_wconf 82' lang='lat' dir='ltr'><strong>venient,</strong></span> <span class='ocrx_word' id='word_1_341' title='bbox 1190 3005 1240 3052; x_wconf 90' lang='lat' dir='ltr'><strong>et</strong></span> <span class='ocrx_word' id='word_1_342' title='bbox 1301 3003 1492 3066; x_wconf 86' lang='lat' dir='ltr'><strong>ponent</strong></span> <span class='ocrx_word' id='word_1_343' title='bbox 1546 2993 1900 3064; x_wconf 85' lang='lat' dir='ltr'><strong>unusquisque</strong></span> <span class='ocrx_word' id='word_1_344' title='bbox 1949 2995 2141 3047; x_wconf 82' lang='lat' dir='ltr'><strong>solium</strong></span> 
     </span>
    </p>
   </div>
   <div class='ocr_carea' id='block_1_44' title="bbox 556 3084 2142 3160">
    <p class='ocr_par' dir='ltr' id='par_1_44' title="bbox 556 3084 2142 3160">
     <span class='ocr_line' id='line_1_44' title="bbox 556 3084 2142 3160; baseline -0.003 -15"><span class='ocrx_word' id='word_1_345' title='bbox 556 3106 711 3145; x_wconf 90' lang='lat' dir='ltr'><strong>suum</strong></span> <span class='ocrx_word' id='word_1_346' title='bbox 735 3089 792 3144; x_wconf 90' lang='lat' dir='ltr'><strong>in</strong></span> <span class='ocrx_word' id='word_1_347' title='bbox 821 3089 1094 3146; x_wconf 83' lang='lat' dir='ltr'><strong>introitum</strong></span> <span class='ocrx_word' id='word_1_348' title='bbox 1139 3090 1412 3160; x_wconf 82' lang='lat' dir='ltr'><strong>portarum</strong></span> <span class='ocrx_word' id='word_1_349' title='bbox 1456 3084 1795 3140; x_wconf 85' lang='lat' dir='ltr'><strong>Hierusalem</strong></span> <span class='ocrx_word' id='word_1_350' title='bbox 1825 3084 2042 3158; x_wconf 76' lang='lat' dir='ltr'><strong>(larem.</strong></span> <span class='ocrx_word' id='word_1_351' title='bbox 2075 3086 2142 3157; x_wconf 84' lang='lat'><strong>1).</strong></span> 
     </span>
    </p>
   </div>
   <div class='ocr_carea' id='block_1_45' title="bbox 556 3175 2139 3253">
    <p class='ocr_par' dir='ltr' id='par_1_45' title="bbox 556 3175 2139 3253">
     <span class='ocr_line' id='line_1_45' title="bbox 556 3175 2139 3253; baseline -0.006 -16"><span class='ocrx_word' id='word_1_352' title='bbox 556 3181 742 3253; x_wconf 69' lang='lat' dir='ltr'><strong>Regna</strong></span> <span class='ocrx_word' id='word_1_353' title='bbox 764 3177 1033 3251; x_wconf 88' lang='lat' dir='ltr'><strong>aquilonis</strong></span> <span class='ocrx_word' id='word_1_354' title='bbox 1055 3178 1184 3233; x_wconf 88' lang='lat' dir='ltr'><strong>vitia</strong></span> <span class='ocrx_word' id='word_1_355' title='bbox 1210 3184 1478 3247; x_wconf 77' lang='lat' dir='ltr'><strong>suntquae</strong></span> <span class='ocrx_word' id='word_1_356' title='bbox 1502 3175 1557 3231; x_wconf 93' lang='lat' dir='ltr'><strong>in</strong></span> <span class='ocrx_word' id='word_1_357' title='bbox 1585 3175 1719 3246; x_wconf 88' lang='lat' dir='ltr'><strong>ipsis</strong></span> <span class='ocrx_word' id='word_1_358' title='bbox 1739 3175 1934 3245; x_wconf 89' lang='lat' dir='ltr'><strong>portis,</strong></span> <span class='ocrx_word' id='word_1_359' title='bbox 1957 3175 2012 3229; x_wconf 91' lang='lat' dir='ltr'><strong>id</strong></span> <span class='ocrx_word' id='word_1_360' title='bbox 2033 3183 2139 3242; x_wconf 87' lang='lat' dir='ltr'><strong>est,</strong></span> 
     </span>
    </p>
   </div>
   <div class='ocr_carea' id='block_1_46' title="bbox 2243 2071 3843 2144">
    <p class='ocr_par' dir='ltr' id='par_1_46' title="bbox 2243 2071 3843 2144">
     <span class='ocr_line' id='line_1_46' title="bbox 2243 2071 3843 2144; baseline -0.006 -13"><span class='ocrx_word' id='word_1_361' title='bbox 2243 2077 2373 2131; x_wconf 89' lang='lat' dir='ltr'><strong>ciem</strong></span> <span class='ocrx_word' id='word_1_362' title='bbox 2390 2073 2589 2129; x_wconf 86' lang='lat' dir='ltr'><strong>Patris.</strong></span> <span class='ocrx_word' id='word_1_363' title='bbox 2607 2072 2797 2144; x_wconf 74' lang='lat' dir='ltr'><strong>Magna</strong></span> <span class='ocrx_word' id='word_1_364' title='bbox 2819 2071 3052 2144; x_wconf 78' lang='lat' dir='ltr'><strong>dignitas</strong></span> <span class='ocrx_word' id='word_1_365' title='bbox 3071 2071 3396 2133; x_wconf 87' lang='lat' dir='ltr'><strong>animarum,</strong></span> <span class='ocrx_word' id='word_1_366' title='bbox 3413 2077 3479 2122; x_wconf 89' lang='lat' dir='ltr'><strong>ut</strong></span> <span class='ocrx_word' id='word_1_367' title='bbox 3500 2081 3843 2136; x_wconf 61' lang='lat' dir='ltr'><strong>unaquaque</strong></span> 
     </span>
    </p>
   </div>
   <div class='ocr_carea' id='block_1_47' title="bbox 2243 2161 3840 2227">
    <p class='ocr_par' dir='ltr' id='par_1_47' title="bbox 2243 2161 3840 2227">
     <span class='ocr_line' id='line_1_47' title="bbox 2243 2161 3840 2227; baseline -0.009 0"><span class='ocrx_word' id='word_1_368' title='bbox 2243 2172 2424 2227; x_wconf 86' lang='lat' dir='ltr'><strong>anima</strong></span> <span class='ocrx_word' id='word_1_369' title='bbox 2455 2168 2656 2225; x_wconf 85' lang='lat' dir='ltr'><strong>habeat</strong></span> <span class='ocrx_word' id='word_1_370' title='bbox 2687 2168 2754 2222; x_wconf 89' lang='lat' dir='ltr'><strong>ab</strong></span> <span class='ocrx_word' id='word_1_371' title='bbox 2781 2177 2904 2222; x_wconf 88' lang='lat' dir='ltr'><strong>ortu</strong></span> <span class='ocrx_word' id='word_1_372' title='bbox 2934 2163 3232 2220; x_wconf 81' lang='lat' dir='ltr'><strong>nativitatis</strong></span> <span class='ocrx_word' id='word_1_373' title='bbox 3261 2163 3315 2217; x_wconf 91' lang='lat' dir='ltr'><strong>in</strong></span> <span class='ocrx_word' id='word_1_374' title='bbox 3347 2161 3672 2216; x_wconf 78' lang='lat' dir='ltr'><strong>custodiam</strong></span> <span class='ocrx_word' id='word_1_375' title='bbox 3699 2173 3840 2216; x_wconf 78' lang='lat' dir='ltr'><strong>suam</strong></span> 
     </span>
    </p>
   </div>
   <div class='ocr_carea' id='block_1_48' title="bbox 2243 2255 3840 2338">
    <p class='ocr_par' dir='ltr' id='par_1_48' title="bbox 2243 2255 3840 2338">
     <span class='ocr_line' id='line_1_48' title="bbox 2243 2255 3840 2338; baseline -0.009 -18"><span class='ocrx_word' id='word_1_376' title='bbox 2243 2265 2495 2338; x_wconf 81' lang='lat' dir='ltr'><strong>angelum</strong></span> <span class='ocrx_word' id='word_1_377' title='bbox 2517 2262 2843 2333; x_wconf 83' lang='lat' dir='ltr'><strong>delegatum,</strong></span> <span class='ocrx_word' id='word_1_378' title='bbox 2881 2266 2943 2314; x_wconf 88' lang='lat' dir='ltr'><strong>ut</strong></span> <span class='ocrx_word' id='word_1_379' title='bbox 2961 2267 3017 2314; x_wconf 91' lang='lat' dir='ltr'><strong>et</strong></span> <span class='ocrx_word' id='word_1_380' title='bbox 3041 2258 3187 2313; x_wconf 85' lang='lat' dir='ltr'><strong>illam</strong></span> <span class='ocrx_word' id='word_1_381' title='bbox 3211 2255 3511 2318; x_wconf 86' lang='lat' dir='ltr'><strong>custodiat,</strong></span> <span class='ocrx_word' id='word_1_382' title='bbox 3542 2268 3620 2309; x_wconf 79' lang='lat' dir='ltr'><strong>ne</strong></span> <span class='ocrx_word' id='word_1_383' title='bbox 3642 2263 3840 2325; x_wconf 80' lang='lat' dir='ltr'><strong>peccet,</strong></span> 
     </span>
    </p>
   </div>
   <div class='ocr_carea' id='block_1_49' title="bbox 2243 2351 3666 2428">
    <p class='ocr_par' dir='ltr' id='par_1_49' title="bbox 2243 2351 3666 2428">
     <span class='ocr_line' id='line_1_49' title="bbox 2243 2351 3666 2428; baseline -0.008 -15"><span class='ocrx_word' id='word_1_384' title='bbox 2243 2365 2300 2414; x_wconf 92' lang='lat' dir='ltr'><strong>et</strong></span> <span class='ocrx_word' id='word_1_385' title='bbox 2325 2371 2444 2428; x_wconf 68' lang='lat' dir='ltr'><strong>quae</strong></span> <span class='ocrx_word' id='word_1_386' title='bbox 2469 2357 2609 2411; x_wconf 85' lang='lat' dir='ltr'><strong>bona</strong></span> <span class='ocrx_word' id='word_1_387' title='bbox 2639 2353 2852 2419; x_wconf 79' lang='lat' dir='ltr'><strong>fecerit,</strong></span> <span class='ocrx_word' id='word_1_388' title='bbox 2884 2352 2994 2408; x_wconf 89' lang='lat' dir='ltr'><strong>Deo</strong></span> <span class='ocrx_word' id='word_1_389' title='bbox 3020 2351 3276 2406; x_wconf 88' lang='lat' dir='ltr'><strong>nuntiare</strong></span> <span class='ocrx_word' id='word_1_390' title='bbox 3306 2365 3416 2406; x_wconf 91' lang='lat' dir='ltr'><strong>non</strong></span> <span class='ocrx_word' id='word_1_391' title='bbox 3448 2357 3666 2404; x_wconf 79' lang='lat' dir='ltr'><strong>cesset.</strong></span> 
     </span>
    </p>
   </div>
   <div class='ocr_carea' id='block_1_50' title="bbox 2314 2437 3841 2512">
    <p class='ocr_par' dir='ltr' id='par_1_50' title="bbox 2314 2437 3841 2512">
     <span class='ocr_line' id='line_1_50' title="bbox 2314 2437 3841 2512; baseline -0.009 -9"><span class='ocrx_word' id='word_1_392' title='bbox 2314 2449 2652 2502; x_wconf 84' lang='lat' dir='ltr'><strong>Demonstrat</strong></span> <span class='ocrx_word' id='word_1_393' title='bbox 2678 2445 2826 2500; x_wconf 87' lang='lat' dir='ltr'><strong>nobis</strong></span> <span class='ocrx_word' id='word_1_394' title='bbox 2852 2443 2949 2502; x_wconf 83' lang='lat' dir='ltr'><strong>hoc</strong></span> <span class='ocrx_word' id='word_1_395' title='bbox 2988 2441 3276 2512; x_wconf 78' lang='lat' dir='ltr'><strong>Propheta,</strong></span> <span class='ocrx_word' id='word_1_396' title='bbox 3327 2456 3448 2502; x_wconf 80' lang='lat' dir='ltr'><strong>cum</strong></span> <span class='ocrx_word' id='word_1_397' title='bbox 3481 2439 3543 2502; x_wconf 79' lang='lat' dir='ltr'><strong>in</strong></span> <span class='ocrx_word' id='word_1_398' title='bbox 3571 2437 3841 2508; x_wconf 75' lang='lat' dir='ltr'><strong>cogitetis-</strong></span> 
     </span>
    </p>
   </div>
   <div class='ocr_carea' id='block_1_51' title="bbox 2242 2531 3838 2604">
    <p class='ocr_par' dir='ltr' id='par_1_51' title="bbox 2242 2531 3838 2604">
     <span class='ocr_line' id='line_1_51' title="bbox 2242 2531 3838 2604; baseline -0.009 -6"><span class='ocrx_word' id='word_1_399' title='bbox 2242 2542 2394 2598; x_wconf 86' lang='lat' dir='ltr'><strong>nibus</strong></span> <span class='ocrx_word' id='word_1_400' title='bbox 2445 2540 2638 2595; x_wconf 88' lang='lat' dir='ltr'><strong>nostris</strong></span> <span class='ocrx_word' id='word_1_401' title='bbox 2681 2539 2758 2592; x_wconf 89' lang='lat' dir='ltr'><strong>ita</strong></span> <span class='ocrx_word' id='word_1_402' title='bbox 2800 2537 2971 2592; x_wconf 89' lang='lat' dir='ltr'><strong>Deum</strong></span> <span class='ocrx_word' id='word_1_403' title='bbox 3017 2550 3222 2604; x_wconf 85' lang='lat' dir='ltr'><strong>semper</strong></span> <span class='ocrx_word' id='word_1_404' title='bbox 3246 2542 3563 2604; x_wconf 64' lang='lat' dir='ltr'><strong>prensantem</strong></span> <span class='ocrx_word' id='word_1_405' title='bbox 3593 2531 3838 2593; x_wconf 71' lang='lat' dir='ltr'><strong>ostendit.</strong></span> 
     </span>
    </p>
   </div>
   <div class='ocr_carea' id='block_1_52' title="bbox 2242 2621 3843 2693">
    <p class='ocr_par' dir='ltr' id='par_1_52' title="bbox 2242 2621 3843 2693">
     <span class='ocr_line' id='line_1_52' title="bbox 2242 2621 3843 2693; baseline -0.009 -5"><span class='ocrx_word' id='word_1_406' title='bbox 2242 2635 2418 2688; x_wconf 88' lang='lat' dir='ltr'><strong>dicens</strong></span> <span class='ocrx_word' id='word_1_407' title='bbox 2446 2646 2464 2686; x_wconf 92' lang='lat'><strong>:</strong></span> <span class='ocrx_word' id='word_1_408' title='bbox 2495 2631 2752 2687; x_wconf 86' lang='lat' dir='ltr'><strong>Scrutans</strong></span> <span class='ocrx_word' id='word_1_409' title='bbox 2770 2628 2934 2684; x_wconf 88' lang='lat' dir='ltr'><strong>corda</strong></span> <span class='ocrx_word' id='word_1_410' title='bbox 2960 2637 3008 2680; x_wconf 82' lang='lat' dir='ltr'><strong>et</strong></span> <span class='ocrx_word' id='word_1_411' title='bbox 3032 2641 3178 2679; x_wconf 87' lang='lat' dir='ltr'><strong>renes</strong></span> <span class='ocrx_word' id='word_1_412' title='bbox 3201 2623 3342 2678; x_wconf 83' lang='lat' dir='ltr'><strong>Deus</strong></span> <span class='ocrx_word' id='word_1_413' title='bbox 3371 2622 3552 2693; x_wconf 82' lang='lat' dir='ltr'><strong>(Psal.</strong></span> <span class='ocrx_word' id='word_1_414' title='bbox 3579 2622 3706 2692; x_wconf 79' lang='lat' dir='ltr'><strong>vn).</strong></span> <span class='ocrx_word' id='word_1_415' title='bbox 3730 2621 3843 2676; x_wconf 63' lang='lat' dir='ltr'><strong>Hac</strong></span> 
     </span>
    </p>
   </div>
   <div class='ocr_carea' id='block_1_53' title="bbox 2240 2714 3846 2796">
    <p class='ocr_par' dir='ltr' id='par_1_53' title="bbox 2240 2714 3846 2796">
     <span class='ocr_line' id='line_1_53' title="bbox 2240 2714 3846 2796; baseline -0.009 -16"><span class='ocrx_word' id='word_1_416' title='bbox 2240 2723 2460 2796; x_wconf 86' lang='lat' dir='ltr'><strong>propria</strong></span> <span class='ocrx_word' id='word_1_417' title='bbox 2498 2723 2691 2786; x_wconf 85' lang='lat' dir='ltr'><strong>virtus,</strong></span> <span class='ocrx_word' id='word_1_418' title='bbox 2721 2727 2782 2775; x_wconf 88' lang='lat' dir='ltr'><strong>ut</strong></span> <span class='ocrx_word' id='word_1_419' title='bbox 2807 2718 3165 2776; x_wconf 87' lang='lat' dir='ltr'><strong>Cassiodorus</strong></span> <span class='ocrx_word' id='word_1_420' title='bbox 3193 2716 3286 2776; x_wconf 86' lang='lat' dir='ltr'><strong>ait.</strong></span> <span class='ocrx_word' id='word_1_421' title='bbox 3333 2714 3506 2770; x_wconf 84' lang='lat' dir='ltr'><strong>solius</strong></span> <span class='ocrx_word' id='word_1_422' title='bbox 3532 2715 3628 2769; x_wconf 86' lang='lat' dir='ltr'><strong>Dei</strong></span> <span class='ocrx_word' id='word_1_423' title='bbox 3655 2721 3765 2776; x_wconf 79' lang='lat' dir='ltr'><strong>est,</strong></span> <span class='ocrx_word' id='word_1_424' title='bbox 3797 2723 3846 2767; x_wconf 86' lang='lat' dir='ltr'><strong>et</strong></span> 
     </span>
    </p>
   </div>
   <div class='ocr_carea' id='block_1_54' title="bbox 2243 2806 3847 2875">
    <p class='ocr_par' dir='ltr' id='par_1_54' title="bbox 2243 2806 3847 2875">
     <span class='ocr_line' id='line_1_54' title="bbox 2243 2806 3847 2875; baseline -0.009 -4"><span class='ocrx_word' id='word_1_425' title='bbox 2243 2815 2410 2871; x_wconf 82' lang='lat' dir='ltr'><strong>corda</strong></span> <span class='ocrx_word' id='word_1_426' title='bbox 2437 2820 2624 2869; x_wconf 86' lang='lat' dir='ltr'><strong>nostra</strong></span> <span class='ocrx_word' id='word_1_427' title='bbox 2648 2813 2937 2873; x_wconf 82' lang='lat' dir='ltr'><strong>discutere,</strong></span> <span class='ocrx_word' id='word_1_428' title='bbox 2971 2815 3028 2864; x_wconf 91' lang='lat' dir='ltr'><strong>et</strong></span> <span class='ocrx_word' id='word_1_429' title='bbox 3057 2807 3222 2862; x_wconf 87' lang='lat' dir='ltr'><strong>animi</strong></span> <span class='ocrx_word' id='word_1_430' title='bbox 3255 2807 3435 2862; x_wconf 87' lang='lat' dir='ltr'><strong>nostri</strong></span> <span class='ocrx_word' id='word_1_431' title='bbox 3482 2806 3721 2875; x_wconf 76' lang='lat' dir='ltr'><strong>vigorem</strong></span> <span class='ocrx_word' id='word_1_432' title='bbox 3748 2819 3847 2874; x_wconf 86' lang='lat' dir='ltr'><strong>po-</strong></span> 
     </span>
    </p>
   </div>
   <div class='ocr_carea' id='block_1_55' title="bbox 2241 2895 3847 2973">
    <p class='ocr_par' dir='ltr' id='par_1_55' title="bbox 2241 2895 3847 2973">
     <span class='ocr_line' id='line_1_55' title="bbox 2241 2895 3847 2973; baseline -0.009 -10"><span class='ocrx_word' id='word_1_433' title='bbox 2241 2907 2418 2963; x_wconf 86' lang='lat' dir='ltr'><strong>tentia</strong></span> <span class='ocrx_word' id='word_1_434' title='bbox 2455 2919 2569 2960; x_wconf 73' lang='lat' dir='ltr'><strong>suze</strong></span> <span class='ocrx_word' id='word_1_435' title='bbox 2595 2904 2732 2960; x_wconf 89' lang='lat' dir='ltr'><strong>lucis</strong></span> <span class='ocrx_word' id='word_1_436' title='bbox 2761 2909 3070 2973; x_wconf 88' lang='lat' dir='ltr'><strong>penetrare.</strong></span> <span class='ocrx_word' id='word_1_437' title='bbox 3104 2899 3241 2954; x_wconf 82' lang='lat' dir='ltr'><strong>Nam</strong></span> <span class='ocrx_word' id='word_1_438' title='bbox 3295 2898 3426 2953; x_wconf 88' lang='lat' dir='ltr'><strong>licet</strong></span> <span class='ocrx_word' id='word_1_439' title='bbox 3469 2896 3623 2952; x_wconf 80' lang='lat' dir='ltr'><strong>nobis</strong></span> <span class='ocrx_word' id='word_1_440' title='bbox 3669 2895 3847 2950; x_wconf 84' lang='lat' dir='ltr'><strong>multo</strong></span> 
     </span>
    </p>
   </div>
   <div class='ocr_carea' id='block_1_56' title="bbox 2244 2991 3846 3068">
    <p class='ocr_par' dir='ltr' id='par_1_56' title="bbox 2244 2991 3846 3068">
     <span class='ocr_line' id='line_1_56' title="bbox 2244 2991 3846 3068; baseline -0.007 -13"><span class='ocrx_word' id='word_1_441' title='bbox 2244 3000 2506 3056; x_wconf 88' lang='lat' dir='ltr'><strong>celsiores</strong></span> <span class='ocrx_word' id='word_1_442' title='bbox 2529 2998 2638 3053; x_wconf 90' lang='lat' dir='ltr'><strong>sint</strong></span> <span class='ocrx_word' id='word_1_443' title='bbox 2663 3003 2961 3068; x_wconf 87' lang='lat' dir='ltr'><strong>potestates</strong></span> <span class='ocrx_word' id='word_1_444' title='bbox 2991 2993 3279 3057; x_wconf 80' lang='lat' dir='ltr'><strong>ccelorum,</strong></span> <span class='ocrx_word' id='word_1_445' title='bbox 3323 2991 3458 3046; x_wconf 86' lang='lat' dir='ltr'><strong>nulli</strong></span> <span class='ocrx_word' id='word_1_446' title='bbox 3488 2999 3673 3044; x_wconf 85' lang='lat' dir='ltr'><strong>tamen</strong></span> <span class='ocrx_word' id='word_1_447' title='bbox 3702 3004 3846 3044; x_wconf 48' lang='lat' dir='ltr'><strong>orca.</strong></span> 
     </span>
    </p>
   </div>
   <div class='ocr_carea' id='block_1_57' title="bbox 2228 3083 3842 3160">
    <p class='ocr_par' dir='ltr' id='par_1_57' title="bbox 2228 3083 3842 3160">
     <span class='ocr_line' id='line_1_57' title="bbox 2228 3083 3842 3160; baseline -0.007 -11"><span class='ocrx_word' id='word_1_448' title='bbox 2228 3103 2493 3149; x_wconf 69' lang='grc' dir='ltr'><strong>⁸ῑιιιοιιιηιιιι</strong></span> <span class='ocrx_word' id='word_1_449' title='bbox 2523 3093 2712 3147; x_wconf 90' lang='lat' dir='ltr'><strong>datum</strong></span> <span class='ocrx_word' id='word_1_450' title='bbox 2747 3098 2831 3146; x_wconf 88' lang='lat' dir='ltr'><strong>est</strong></span> <span class='ocrx_word' id='word_1_451' title='bbox 2863 3088 3254 3160; x_wconf 72' lang='lat' dir='ltr'><strong>cogitationum</strong></span> <span class='ocrx_word' id='word_1_452' title='bbox 3301 3093 3622 3141; x_wconf 75' lang='lat' dir='ltr'><strong>nostrarum</strong></span> <span class='ocrx_word' id='word_1_453' title='bbox 3647 3083 3842 3154; x_wconf 82' lang='lat' dir='ltr'><strong>plenis-</strong></span> 
     </span>
    </p>
   </div>
   <div class='ocr_carea' id='block_1_58' title="bbox 2245 3174 3844 3254">
    <p class='ocr_par' dir='ltr' id='par_1_58' title="bbox 2245 3174 3844 3254">
     <span class='ocr_line' id='line_1_58' title="bbox 2245 3174 3844 3254; baseline -0.009 -13"><span class='ocrx_word' id='word_1_454' title='bbox 2245 3186 2384 3241; x_wconf 87' lang='lat' dir='ltr'><strong>sime</strong></span> <span class='ocrx_word' id='word_1_455' title='bbox 2434 3192 2646 3240; x_wconf 87' lang='lat' dir='ltr'><strong>secreta</strong></span> <span class='ocrx_word' id='word_1_456' title='bbox 2671 3195 3020 3254; x_wconf 81' lang='lat' dir='ltr'><strong>cognoscere.</strong></span> <span class='ocrx_word' id='word_1_457' title='bbox 3065 3178 3331 3250; x_wconf 81' lang='lat' dir='ltr'><strong>Agnoscit</strong></span> <span class='ocrx_word' id='word_1_458' title='bbox 3361 3185 3583 3234; x_wconf 86' lang='lat' dir='ltr'><strong>tantum</strong></span> <span class='ocrx_word' id='word_1_459' title='bbox 3609 3174 3844 3246; x_wconf 71' lang='lat' dir='ltr'><strong>perlecta</strong></span> 
     </span>
    </p>
   </div>
   <div class='ocr_carea' id='block_1_59' title="bbox 557 3267 3840 3347">
    <p class='ocr_par' dir='ltr' id='par_1_59' title="bbox 557 3267 3840 3347">
     <span class='ocr_line' id='line_1_59' title="bbox 557 3267 3840 3347; baseline -0.006 -17"><span class='ocrx_word' id='word_1_460' title='bbox 557 3275 615 3330; x_wconf 91' lang='lat' dir='ltr'><strong>in</strong></span> <span class='ocrx_word' id='word_1_461' title='bbox 637 3274 769 3346; x_wconf 85' lang='lat' dir='ltr'><strong>ipsis</strong></span> <span class='ocrx_word' id='word_1_462' title='bbox 789 3273 1039 3330; x_wconf 80' lang='lat' dir='ltr'><strong>sensibus</strong></span> <span class='ocrx_word' id='word_1_463' title='bbox 1065 3271 1257 3328; x_wconf 74' lang='lat' dir='ltr'><strong>anima:</strong></span> <span class='ocrx_word' id='word_1_464' title='bbox 1286 3277 1532 3341; x_wconf 88' lang='lat' dir='ltr'><strong>regnant.</strong></span> <span class='ocrx_word' id='word_1_465' title='bbox 1553 3268 1739 3338; x_wconf 82' lang='lat' dir='ltr'><strong>Neque</strong></span> <span class='ocrx_word' id='word_1_466' title='bbox 1760 3267 1904 3323; x_wconf 90' lang='lat' dir='ltr'><strong>enim</strong></span> <span class='ocrx_word' id='word_1_467' title='bbox 1928 3268 2145 3322; x_wconf 89' lang='lat' dir='ltr'><strong>aliunde</strong></span> <span class='ocrx_word' id='word_1_468' title='bbox 2175 3329 2214 3347; x_wconf 54' lang='grc' dir='ltr'>η</span> <span class='ocrx_word' id='word_1_469' title='bbox 2247 3280 2304 3335; x_wconf 72' lang='lat' dir='ltr'><strong>in</strong></span> <span class='ocrx_word' id='word_1_470' title='bbox 2336 3279 2492 3333; x_wconf 58' lang='lat' dir='ltr'><strong>nobis</strong></span> <span class='ocrx_word' id='word_1_471' title='bbox 2523 3277 2668 3333; x_wconf 68' lang='grc' dir='ltr'><strong>εοιυε</strong></span> <span class='ocrx_word' id='word_1_472' title='bbox 2697 3278 2834 3347; x_wconf 63' lang='grc' dir='ltr'>ᾕρεε,</span> <span class='ocrx_word' id='word_1_473' title='bbox 2866 3274 2959 3346; x_wconf 65' lang='lat' dir='ltr'><strong>qui</strong></span> <span class='ocrx_word' id='word_1_474' title='bbox 2982 3273 3208 3345; x_wconf 52' lang='lat' dir='ltr'><strong>indicat,</strong></span> <span class='ocrx_word' id='word_1_475' title='bbox 3262 3271 3385 3342; x_wconf 63' lang='lat' dir='ltr'><strong>[pse</strong></span> <span class='ocrx_word' id='word_1_476' title='bbox 3437 3279 3632 3326; x_wconf 68' lang='grc' dir='ltr'><strong>αυιεω</strong></span> <span class='ocrx_word' id='word_1_477' title='bbox 3683 3269 3840 3324; x_wconf 53' lang='lat' dir='ltr'><strong>didi:</strong></span> 
     </span>
    </p>
   </div>
   <div class='ocr_carea' id='block_1_60' title="bbox 557 3329 3841 3440">
    <p class='ocr_par' dir='ltr' id='par_1_60' title="bbox 557 3329 3841 3440">
     <span class='ocr_line' id='line_1_60' title="bbox 557 3329 3841 3440; baseline -0.002 -17"><span class='ocrx_word' id='word_1_478' title='bbox 557 3381 867 3440; x_wconf 88' lang='lat' dir='ltr'><strong>peccamus,</strong></span> <span class='ocrx_word' id='word_1_479' title='bbox 888 3367 994 3421; x_wconf 89' lang='lat' dir='ltr'><strong>nisi</strong></span> <span class='ocrx_word' id='word_1_480' title='bbox 1023 3367 1277 3432; x_wconf 86' lang='lat' dir='ltr'><strong>videndo,</strong></span> <span class='ocrx_word' id='word_1_481' title='bbox 1314 3365 1602 3430; x_wconf 85' lang='lat' dir='ltr'><strong>audiendo,</strong></span> <span class='ocrx_word' id='word_1_482' title='bbox 1653 3363 2019 3431; x_wconf 85' lang='lat' dir='ltr'><strong>attractando,</strong></span> <span class='ocrx_word' id='word_1_483' title='bbox 2049 3379 2146 3434; x_wconf 89' lang='lat' dir='ltr'><strong>gu-</strong></span> <span class='ocrx_word' id='word_1_484' title='bbox 2171 3329 2217 3398; x_wconf 59' lang='grc' dir='ltr'>ε</span> <span class='ocrx_word' id='word_1_485' title='bbox 2249 3372 2432 3428; x_wconf 67' lang='lat' dir='ltr'><strong>Sciant</strong></span> <span class='ocrx_word' id='word_1_486' title='bbox 2461 3386 2641 3424; x_wconf 83' lang='lat' dir='ltr'><strong>omnes</strong></span> <span class='ocrx_word' id='word_1_487' title='bbox 2683 3329 2958 3431; x_wconf 52' lang='lat' dir='ltr'><strong>Ercclesim,</strong></span> <span class='ocrx_word' id='word_1_488' title='bbox 2982 3329 3256 3438; x_wconf 59' lang='grc' dir='ltr'><strong>’ᾳαοηίαιιι</strong></span> <span class='ocrx_word' id='word_1_489' title='bbox 3286 3329 3396 3434; x_wconf 50' lang='lat' dir='ltr'><strong>lego</strong></span> <span class='ocrx_word' id='word_1_490' title='bbox 3442 3379 3572 3417; x_wconf 76' lang='lat' dir='ltr'><strong>sunt</strong></span> <span class='ocrx_word' id='word_1_491' title='bbox 3611 3373 3841 3416; x_wconf 74' lang='lat' dir='ltr'><strong>seruitus</strong></span> 
     </span>
    </p>
   </div>
   <div class='ocr_carea' id='block_1_61' title="bbox 557 3453 2148 3529">
    <p class='ocr_par' dir='ltr' id='par_1_61' title="bbox 557 3453 2148 3529">
     <span class='ocr_line' id='line_1_61' title="bbox 557 3453 2148 3529; baseline -0.004 -13"><span class='ocrx_word' id='word_1_492' title='bbox 557 3460 775 3526; x_wconf 70' lang='lat' dir='ltr'><strong>ctando,</strong></span> <span class='ocrx_word' id='word_1_493' title='bbox 807 3468 968 3528; x_wconf 88' lang='lat' dir='ltr'><strong>atque</strong></span> <span class='ocrx_word' id='word_1_494' title='bbox 997 3457 1288 3529; x_wconf 85' lang='lat' dir='ltr'><strong>tangendo.</strong></span> <span class='ocrx_word' id='word_1_495' title='bbox 1323 3457 1477 3513; x_wconf 87' lang='lat' dir='ltr'><strong>Unde</strong></span> <span class='ocrx_word' id='word_1_496' title='bbox 1503 3464 1560 3511; x_wconf 91' lang='lat' dir='ltr'><strong>et</strong></span> <span class='ocrx_word' id='word_1_497' title='bbox 1599 3455 1734 3511; x_wconf 88' lang='lat' dir='ltr'><strong>alias</strong></span> <span class='ocrx_word' id='word_1_498' title='bbox 1775 3453 1979 3512; x_wconf 89' lang='lat' dir='ltr'><strong>dicitur</strong></span> <span class='ocrx_word' id='word_1_499' title='bbox 2009 3473 2020 3509; x_wconf 92' lang='lat'><strong>:</strong></span> <span class='ocrx_word' id='word_1_500' title='bbox 2056 3455 2148 3518; x_wconf 83' lang='lat' dir='ltr'><strong>In-</strong></span> 
     </span>
    </p>
   </div>
   <div class='ocr_carea' id='block_1_62' title="bbox 561 3546 2148 3621">
    <p class='ocr_par' dir='ltr' id='par_1_62' title="bbox 561 3546 2148 3621">
     <span class='ocr_line' id='line_1_62' title="bbox 561 3546 2148 3621; baseline -0.002 -16"><span class='ocrx_word' id='word_1_501' title='bbox 561 3553 716 3605; x_wconf 84' lang='lat' dir='ltr'><strong>travit</strong></span> <span class='ocrx_word' id='word_1_502' title='bbox 763 3565 906 3604; x_wconf 86' lang='lat' dir='ltr'><strong>mors</strong></span> <span class='ocrx_word' id='word_1_503' title='bbox 934 3565 1025 3618; x_wconf 87' lang='lat' dir='ltr'><strong>per</strong></span> <span class='ocrx_word' id='word_1_504' title='bbox 1053 3550 1310 3617; x_wconf 80' lang='lat' dir='ltr'><strong>fenestras</strong></span> <span class='ocrx_word' id='word_1_505' title='bbox 1336 3557 1535 3602; x_wconf 82' lang='lat' dir='ltr'><strong>uestras</strong></span> <span class='ocrx_word' id='word_1_506' title='bbox 1576 3546 1795 3620; x_wconf 78' lang='lat' dir='ltr'><strong>(Jerem.</strong></span> <span class='ocrx_word' id='word_1_507' title='bbox 1841 3546 1942 3621; x_wconf 77' lang='lat' dir='ltr'><strong>lx).</strong></span> <span class='ocrx_word' id='word_1_508' title='bbox 1991 3546 2148 3614; x_wconf 87' lang='lat' dir='ltr'><strong>Quod</strong></span> 
     </span>
    </p>
   </div>
   <div class='ocr_carea' id='block_1_63' title="bbox 561 3621 2147 3710">
    <p class='ocr_par' dir='ltr' id='par_1_63' title="bbox 561 3621 2147 3710">
     <span class='ocr_line' id='line_1_63' title="bbox 561 3621 2147 3710; baseline 0 -16"><span class='ocrx_word' id='word_1_509' title='bbox 561 3656 689 3694; x_wconf 84' lang='lat' dir='ltr'><strong>vero</strong></span> <span class='ocrx_word' id='word_1_510' title='bbox 715 3641 866 3704; x_wconf 90' lang='lat' dir='ltr'><strong>dicit,</strong></span> <span class='ocrx_word' id='word_1_511' title='bbox 895 3638 979 3693; x_wconf 90' lang='lat' dir='ltr'><strong>vel</strong></span> <span class='ocrx_word' id='word_1_512' title='bbox 1001 3639 1296 3694; x_wconf 87' lang='lat' dir='ltr'><strong>voluntatis</strong></span> <span class='ocrx_word' id='word_1_513' title='bbox 1319 3639 1554 3709; x_wconf 68' lang='lat' dir='ltr'><strong>proprias</strong></span> <span class='ocrx_word' id='word_1_514' title='bbox 1595 3639 1936 3710; x_wconf 88' lang='lat' dir='ltr'><strong>subauditur,</strong></span> <span class='ocrx_word' id='word_1_515' title='bbox 1961 3621 2147 3694; x_wconf 72' lang='lat' dir='ltr'><strong>custo-</strong></span> 
     </span>
    </p>
   </div>
   <div class='ocr_carea' id='block_1_64' title="bbox 565 3728 1945 3799">
    <p class='ocr_par' dir='ltr' id='par_1_64' title="bbox 565 3728 1945 3799">
     <span class='ocr_line' id='line_1_64' title="bbox 565 3728 1945 3799; baseline 0.001 -16"><span class='ocrx_word' id='word_1_516' title='bbox 565 3731 677 3787; x_wconf 87' lang='lat' dir='ltr'><strong>diat</strong></span> <span class='ocrx_word' id='word_1_517' title='bbox 701 3745 759 3783; x_wconf 85' lang='lat' dir='ltr'><strong>se</strong></span> <span class='ocrx_word' id='word_1_518' title='bbox 780 3745 808 3783; x_wconf 90' lang='lat' dir='ltr'><strong>a</strong></span> <span class='ocrx_word' id='word_1_519' title='bbox 840 3729 1081 3798; x_wconf 87' lang='lat' dir='ltr'><strong>peccatis</strong></span> <span class='ocrx_word' id='word_1_520' title='bbox 1107 3736 1162 3783; x_wconf 93' lang='lat' dir='ltr'><strong>et</strong></span> <span class='ocrx_word' id='word_1_521' title='bbox 1191 3728 1338 3782; x_wconf 88' lang='lat' dir='ltr'><strong>vitiis</strong></span> <span class='ocrx_word' id='word_1_522' title='bbox 1371 3731 1606 3799; x_wconf 70' lang='lat' dir='ltr'><strong>propria:</strong></span> <span class='ocrx_word' id='word_1_523' title='bbox 1629 3729 1945 3784; x_wconf 86' lang='lat' dir='ltr'><strong>voluntatis.</strong></span> 
     </span>
    </p>
   </div>
   <div class='ocr_carea' id='block_1_65' title="bbox 635 3817 2147 3888">
    <p class='ocr_par' dir='ltr' id='par_1_65' title="bbox 635 3817 2147 3888">
     <span class='ocr_line' id='line_1_65' title="bbox 635 3817 2147 3888; baseline 0 -14"><span class='ocrx_word' id='word_1_524' title='bbox 635 3817 742 3874; x_wconf 88' lang='lat' dir='ltr'><strong>Sed</strong></span> <span class='ocrx_word' id='word_1_525' title='bbox 764 3826 812 3872; x_wconf 89' lang='lat' dir='ltr'><strong>et</strong></span> <span class='ocrx_word' id='word_1_526' title='bbox 837 3817 1097 3872; x_wconf 84' lang='lat' dir='ltr'><strong>desideria</strong></span> <span class='ocrx_word' id='word_1_527' title='bbox 1119 3818 1293 3872; x_wconf 89' lang='lat' dir='ltr'><strong>carnis</strong></span> <span class='ocrx_word' id='word_1_528' title='bbox 1320 3827 1592 3888; x_wconf 82' lang='lat' dir='ltr'><strong>amputare</strong></span> <span class='ocrx_word' id='word_1_529' title='bbox 1619 3819 1846 3888; x_wconf 81' lang='lat' dir='ltr'><strong>festinet.</strong></span> <span class='ocrx_word' id='word_1_530' title='bbox 1883 3818 2147 3876; x_wconf 86' lang='lat' dir='ltr'><strong>Subaudi-</strong></span> 
     </span>
    </p>
   </div>
   <div class='ocr_carea' id='block_1_66' title="bbox 563 3909 2143 3980">
    <p class='ocr_par' dir='ltr' id='par_1_66' title="bbox 563 3909 2143 3980">
     <span class='ocr_line' id='line_1_66' title="bbox 563 3909 2143 3980; baseline -0.002 -10"><span class='ocrx_word' id='word_1_531' title='bbox 563 3923 649 3970; x_wconf 87' lang='lat' dir='ltr'><strong>tur</strong></span> <span class='ocrx_word' id='word_1_532' title='bbox 689 3928 796 3973; x_wconf 88' lang='lat' dir='ltr'><strong>non</strong></span> <span class='ocrx_word' id='word_1_533' title='bbox 842 3911 1140 3968; x_wconf 87' lang='lat' dir='ltr'><strong>delectetur</strong></span> <span class='ocrx_word' id='word_1_534' title='bbox 1162 3909 1406 3980; x_wconf 87' lang='lat' dir='ltr'><strong>implere.</strong></span> <span class='ocrx_word' id='word_1_535' title='bbox 1446 3913 1592 3978; x_wconf 85' lang='lat' dir='ltr'><strong>Quid</strong></span> <span class='ocrx_word' id='word_1_536' title='bbox 1643 3913 1791 3964; x_wconf 89' lang='lat' dir='ltr'><strong>enim</strong></span> <span class='ocrx_word' id='word_1_537' title='bbox 1821 3914 1876 3966; x_wconf 91' lang='lat' dir='ltr'><strong>in</strong></span> <span class='ocrx_word' id='word_1_538' title='bbox 1902 3913 2004 3967; x_wconf 86' lang='lat' dir='ltr'><strong>hac</strong></span> <span class='ocrx_word' id='word_1_539' title='bbox 2037 3914 2143 3967; x_wconf 85' lang='lat' dir='ltr'><strong>vita</strong></span> 
     </span>
    </p>
   </div>
   <div class='ocr_carea' id='block_1_67' title="bbox 564 4002 2146 4074">
    <p class='ocr_par' dir='ltr' id='par_1_67' title="bbox 564 4002 2146 4074">
     <span class='ocr_line' id='line_1_67' title="bbox 564 4002 2146 4074; baseline -0.001 -12"><span class='ocrx_word' id='word_1_540' title='bbox 564 4006 912 4071; x_wconf 82' lang='lat' dir='ltr'><strong>laboriosius,</strong></span> <span class='ocrx_word' id='word_1_541' title='bbox 933 4018 1093 4074; x_wconf 85' lang='lat' dir='ltr'><strong>quam</strong></span> <span class='ocrx_word' id='word_1_542' title='bbox 1119 4002 1429 4059; x_wconf 85' lang='lat' dir='ltr'><strong>carnalibus</strong></span> <span class='ocrx_word' id='word_1_543' title='bbox 1447 4002 1731 4062; x_wconf 87' lang='lat' dir='ltr'><strong>desideriis</strong></span> <span class='ocrx_word' id='word_1_544' title='bbox 1749 4006 2016 4061; x_wconf 73' lang='lat' dir='ltr'><strong>aestuare?</strong></span> <span class='ocrx_word' id='word_1_545' title='bbox 2040 4005 2146 4061; x_wconf 84' lang='lat' dir='ltr'><strong>Aut</strong></span> 
     </span>
    </p>
   </div>
   <div class='ocr_carea' id='block_1_68' title="bbox 560 4093 2146 4168">
    <p class='ocr_par' dir='ltr' id='par_1_68' title="bbox 560 4093 2146 4168">
     <span class='ocr_line' id='line_1_68' title="bbox 560 4093 2146 4168; baseline 0 -16"><span class='ocrx_word' id='word_1_546' title='bbox 560 4097 689 4168; x_wconf 91' lang='lat' dir='ltr'><strong>quid</strong></span> <span class='ocrx_word' id='word_1_547' title='bbox 740 4097 830 4152; x_wconf 90' lang='lat' dir='ltr'><strong>hic</strong></span> <span class='ocrx_word' id='word_1_548' title='bbox 871 4095 1133 4158; x_wconf 86' lang='lat' dir='ltr'><strong>securius,</strong></span> <span class='ocrx_word' id='word_1_549' title='bbox 1185 4110 1348 4165; x_wconf 88' lang='lat' dir='ltr'><strong>quam</strong></span> <span class='ocrx_word' id='word_1_550' title='bbox 1398 4093 1664 4150; x_wconf 80' lang='lat' dir='ltr'><strong>desideria</strong></span> <span class='ocrx_word' id='word_1_551' title='bbox 1696 4097 1876 4154; x_wconf 89' lang='lat' dir='ltr'><strong>carnis</strong></span> <span class='ocrx_word' id='word_1_552' title='bbox 1910 4113 2018 4153; x_wconf 88' lang='lat' dir='ltr'><strong>non</strong></span> <span class='ocrx_word' id='word_1_553' title='bbox 2045 4098 2146 4152; x_wconf 89' lang='lat' dir='ltr'><strong>im-</strong></span> 
     </span>
    </p>
   </div>
   <div class='ocr_carea' id='block_1_69' title="bbox 561 4186 2143 4264">
    <p class='ocr_par' dir='ltr' id='par_1_69' title="bbox 561 4186 2143 4264">
     <span class='ocr_line' id='line_1_69' title="bbox 561 4186 2143 4264; baseline -0.001 -19"><span class='ocrx_word' id='word_1_554' title='bbox 561 4191 734 4264; x_wconf 90' lang='lat' dir='ltr'><strong>plere,</strong></span> <span class='ocrx_word' id='word_1_555' title='bbox 757 4198 812 4246; x_wconf 87' lang='lat' dir='ltr'><strong>et</strong></span> <span class='ocrx_word' id='word_1_556' title='bbox 836 4189 1016 4245; x_wconf 66' lang='lat' dir='ltr'><strong>saeculi</strong></span> <span class='ocrx_word' id='word_1_557' title='bbox 1048 4187 1207 4257; x_wconf 84' lang='lat' dir='ltr'><strong>hujus</strong></span> <span class='ocrx_word' id='word_1_558' title='bbox 1235 4186 1371 4244; x_wconf 90' lang='lat' dir='ltr'><strong>nihil</strong></span> <span class='ocrx_word' id='word_1_559' title='bbox 1393 4197 1668 4258; x_wconf 90' lang='lat' dir='ltr'><strong>appetere.</strong></span> <span class='ocrx_word' id='word_1_560' title='bbox 1700 4188 1802 4256; x_wconf 83' lang='lat' dir='ltr'><strong>Qui</strong></span> <span class='ocrx_word' id='word_1_561' title='bbox 1829 4192 1974 4245; x_wconf 90' lang='lat' dir='ltr'><strong>enim</strong></span> <span class='ocrx_word' id='word_1_562' title='bbox 2000 4191 2143 4245; x_wconf 91' lang='lat' dir='ltr'><strong>hunc</strong></span> 
     </span>
    </p>
   </div>
   <div class='ocr_carea' id='block_1_70' title="bbox 567 4280 2146 4356">
    <p class='ocr_par' dir='ltr' id='par_1_70' title="bbox 567 4280 2146 4356">
     <span class='ocr_line' id='line_1_70' title="bbox 567 4280 2146 4356; baseline -0.003 -16"><span class='ocrx_word' id='word_1_563' title='bbox 567 4285 824 4340; x_wconf 89' lang='lat' dir='ltr'><strong>mundum</strong></span> <span class='ocrx_word' id='word_1_564' title='bbox 849 4282 1100 4356; x_wconf 90' lang='lat' dir='ltr'><strong>diligunt,</strong></span> <span class='ocrx_word' id='word_1_565' title='bbox 1129 4288 1186 4336; x_wconf 89' lang='lat' dir='ltr'><strong>et</strong></span> <span class='ocrx_word' id='word_1_566' title='bbox 1230 4280 1495 4336; x_wconf 86' lang='lat' dir='ltr'><strong>desideria</strong></span> <span class='ocrx_word' id='word_1_567' title='bbox 1549 4280 1733 4336; x_wconf 90' lang='lat' dir='ltr'><strong>carnis</strong></span> <span class='ocrx_word' id='word_1_568' title='bbox 1764 4281 1988 4352; x_wconf 89' lang='lat' dir='ltr'><strong>implere</strong></span> <span class='ocrx_word' id='word_1_569' title='bbox 2017 4295 2146 4335; x_wconf 89' lang='lat' dir='ltr'><strong>con-</strong></span> 
     </span>
    </p>
   </div>
   <div class='ocr_carea' id='block_1_71' title="bbox 565 4371 2148 4442">
    <p class='ocr_par' dir='ltr' id='par_1_71' title="bbox 565 4371 2148 4442">
     <span class='ocr_line' id='line_1_71' title="bbox 565 4371 2148 4442; baseline -0.004 -11"><span class='ocrx_word' id='word_1_570' title='bbox 565 4377 816 4442; x_wconf 79' lang='lat' dir='ltr'><strong>tendunt,</strong></span> <span class='ocrx_word' id='word_1_571' title='bbox 846 4390 877 4428; x_wconf 91' lang='lat' dir='ltr'><strong>a</strong></span> <span class='ocrx_word' id='word_1_572' title='bbox 899 4373 1228 4430; x_wconf 87' lang='lat' dir='ltr'><strong>turbulentis</strong></span> <span class='ocrx_word' id='word_1_573' title='bbox 1249 4371 1433 4430; x_wconf 67' lang='lat' dir='ltr'><strong>saeculi</strong></span> <span class='ocrx_word' id='word_1_574' title='bbox 1455 4371 1907 4428; x_wconf 87' lang='lat' dir='ltr'><strong>sollicitudinibus</strong></span> <span class='ocrx_word' id='word_1_575' title='bbox 1929 4380 2148 4427; x_wconf 88' lang='lat' dir='ltr'><strong>contur-</strong></span> 
     </span>
    </p>
   </div>
   <div class='ocr_carea' id='block_1_72' title="bbox 566 4453 2146 4538">
    <p class='ocr_par' dir='ltr' id='par_1_72' title="bbox 566 4453 2146 4538">
     <span class='ocr_line' id='line_1_72' title="bbox 566 4453 2146 4538; baseline -0.001 -18"><span class='ocrx_word' id='word_1_576' title='bbox 566 4467 782 4520; x_wconf 83' lang='lat' dir='ltr'><strong>bantur.</strong></span> <span class='ocrx_word' id='word_1_577' title='bbox 810 4465 914 4532; x_wconf 80' lang='lat' dir='ltr'><strong>Qui</strong></span> <span class='ocrx_word' id='word_1_578' title='bbox 935 4471 1117 4519; x_wconf 87' lang='lat' dir='ltr'><strong>autem</strong></span> <span class='ocrx_word' id='word_1_579' title='bbox 1139 4465 1213 4518; x_wconf 89' lang='lat' dir='ltr'><strong>ita</strong></span> <span class='ocrx_word' id='word_1_580' title='bbox 1244 4465 1373 4518; x_wconf 90' lang='lat' dir='ltr'><strong>huic</strong></span> <span class='ocrx_word' id='word_1_581' title='bbox 1393 4464 1596 4538; x_wconf 85' lang='lat' dir='ltr'><strong>mundo</strong></span> <span class='ocrx_word' id='word_1_582' title='bbox 1616 4453 1942 4529; x_wconf 80' lang='lat' dir='ltr'><strong>moriuntur,</strong></span> <span class='ocrx_word' id='word_1_583' title='bbox 1963 4472 2024 4520; x_wconf 87' lang='lat' dir='ltr'><strong>ut</strong></span> <span class='ocrx_word' id='word_1_584' title='bbox 2046 4462 2146 4519; x_wconf 78' lang='lat' dir='ltr'><strong>soli</strong></span> 
     </span>
    </p>
   </div>
   <div class='ocr_carea' id='block_1_73' title="bbox 2246 3455 3837 3532">
    <p class='ocr_par' dir='ltr' id='par_1_73' title="bbox 2246 3455 3837 3532">
     <span class='ocr_line' id='line_1_73' title="bbox 2246 3455 3837 3532; baseline -0.008 -14"><span class='ocrx_word' id='word_1_585' title='bbox 2246 3479 2396 3518; x_wconf 86' lang='lat' dir='ltr'><strong>rencs</strong></span> <span class='ocrx_word' id='word_1_586' title='bbox 2427 3471 2475 3518; x_wconf 81' lang='lat' dir='ltr'><strong>et</strong></span> <span class='ocrx_word' id='word_1_587' title='bbox 2505 3477 2600 3516; x_wconf 90' lang='lat' dir='ltr'><strong>cor</strong></span> <span class='ocrx_word' id='word_1_588' title='bbox 2633 3459 2820 3532; x_wconf 81' lang='lat' dir='ltr'><strong>(Apoc.</strong></span> <span class='ocrx_word' id='word_1_589' title='bbox 2874 3457 2957 3530; x_wconf 88' lang='grc' dir='ltr'><strong>ιι).</strong></span> <span class='ocrx_word' id='word_1_590' title='bbox 3001 3457 3139 3512; x_wconf 82' lang='lat' dir='ltr'><strong>Hinc</strong></span> <span class='ocrx_word' id='word_1_591' title='bbox 3180 3456 3379 3510; x_wconf 84' lang='lat' dir='ltr'><strong>iterum</strong></span> <span class='ocrx_word' id='word_1_592' title='bbox 3420 3455 3699 3525; x_wconf 81' lang='lat' dir='ltr'><strong>scriptum</strong></span> <span class='ocrx_word' id='word_1_593' title='bbox 3727 3461 3837 3507; x_wconf 81' lang='lat' dir='ltr'><strong>est:</strong></span> 
     </span>
    </p>
   </div>
   <div class='ocr_carea' id='block_1_74' title="bbox 2250 3545 3838 3622">
    <p class='ocr_par' dir='ltr' id='par_1_74' title="bbox 2250 3545 3838 3622">
     <span class='ocr_line' id='line_1_74' title="bbox 2250 3545 3838 3622; baseline -0.007 -12"><span class='ocrx_word' id='word_1_594' title='bbox 2250 3554 2517 3622; x_wconf 83' lang='lat' dir='ltr'><strong>Quoniam</strong></span> <span class='ocrx_word' id='word_1_595' title='bbox 2540 3569 2724 3608; x_wconf 88' lang='lat' dir='ltr'><strong>renum</strong></span> <span class='ocrx_word' id='word_1_596' title='bbox 2753 3550 2900 3606; x_wconf 89' lang='lat' dir='ltr'><strong>illius</strong></span> <span class='ocrx_word' id='word_1_597' title='bbox 2938 3549 3081 3605; x_wconf 87' lang='lat' dir='ltr'><strong>testis</strong></span> <span class='ocrx_word' id='word_1_598' title='bbox 3129 3557 3208 3603; x_wconf 85' lang='lat' dir='ltr'><strong>est</strong></span> <span class='ocrx_word' id='word_1_599' title='bbox 3248 3547 3415 3612; x_wconf 77' lang='lat' dir='ltr'><strong>Dus,</strong></span> <span class='ocrx_word' id='word_1_600' title='bbox 3448 3557 3498 3600; x_wconf 87' lang='lat' dir='ltr'><strong>et</strong></span> <span class='ocrx_word' id='word_1_601' title='bbox 3534 3545 3716 3601; x_wconf 84' lang='lat' dir='ltr'><strong>cordis</strong></span> <span class='ocrx_word' id='word_1_602' title='bbox 3740 3545 3838 3614; x_wconf 69' lang='lat' dir='ltr'><strong>ejus</strong></span> 
     </span>
    </p>
   </div>
   <div class='ocr_carea' id='block_1_75' title="bbox 2244 3640 3840 3716">
    <p class='ocr_par' dir='ltr' id='par_1_75' title="bbox 2244 3640 3840 3716">
     <span class='ocr_line' id='line_1_75' title="bbox 2244 3640 3840 3716; baseline -0.005 -15"><span class='ocrx_word' id='word_1_603' title='bbox 2244 3656 2514 3701; x_wconf 86' lang='lat' dir='ltr'><strong>scrutator</strong></span> <span class='ocrx_word' id='word_1_604' title='bbox 2539 3654 2616 3701; x_wconf 89' lang='lat' dir='ltr'><strong>est</strong></span> <span class='ocrx_word' id='word_1_605' title='bbox 2659 3661 2809 3699; x_wconf 80' lang='lat' dir='ltr'><strong>verus</strong></span> <span class='ocrx_word' id='word_1_606' title='bbox 2838 3642 2994 3716; x_wconf 89' lang='lat' dir='ltr'><strong>(Sap.</strong></span> <span class='ocrx_word' id='word_1_607' title='bbox 3025 3641 3086 3713; x_wconf 90' lang='grc' dir='ltr'><strong>ι).</strong></span> <span class='ocrx_word' id='word_1_608' title='bbox 3121 3640 3298 3698; x_wconf 85' lang='lat' dir='ltr'><strong>Corda</strong></span> <span class='ocrx_word' id='word_1_609' title='bbox 3325 3655 3458 3710; x_wconf 86' lang='lat' dir='ltr'><strong>ergo</strong></span> <span class='ocrx_word' id='word_1_610' title='bbox 3485 3650 3680 3698; x_wconf 79' lang='lat' dir='ltr'><strong>nostra</strong></span> <span class='ocrx_word' id='word_1_611' title='bbox 3698 3653 3840 3693; x_wconf 73' lang='lat' dir='ltr'><strong>suu-</strong></span> 
     </span>
    </p>
   </div>
   <div class='ocr_carea' id='block_1_76' title="bbox 2246 3728 3840 3805">
    <p class='ocr_par' dir='ltr' id='par_1_76' title="bbox 2246 3728 3840 3805">
     <span class='ocr_line' id='line_1_76' title="bbox 2246 3728 3840 3805; baseline -0.006 -13"><span class='ocrx_word' id='word_1_612' title='bbox 2246 3745 2400 3792; x_wconf 89' lang='lat' dir='ltr'><strong>tatur</strong></span> <span class='ocrx_word' id='word_1_613' title='bbox 2426 3736 2709 3801; x_wconf 88' lang='lat' dir='ltr'><strong>Dominus,</strong></span> <span class='ocrx_word' id='word_1_614' title='bbox 2726 3735 2948 3805; x_wconf 89' lang='lat' dir='ltr'><strong>quando</strong></span> <span class='ocrx_word' id='word_1_615' title='bbox 2977 3733 3334 3804; x_wconf 82' lang='lat' dir='ltr'><strong>cogitationes</strong></span> <span class='ocrx_word' id='word_1_616' title='bbox 3355 3728 3614 3784; x_wconf 85' lang='lat' dir='ltr'><strong>cordium</strong></span> <span class='ocrx_word' id='word_1_617' title='bbox 3641 3739 3840 3784; x_wconf 81' lang='lat' dir='ltr'><strong>nostro-</strong></span> 
     </span>
    </p>
   </div>
   <div class='ocr_carea' id='block_1_77' title="bbox 2248 3820 3841 3892">
    <p class='ocr_par' dir='ltr' id='par_1_77' title="bbox 2248 3820 3841 3892">
     <span class='ocr_line' id='line_1_77' title="bbox 2248 3820 3841 3892; baseline -0.004 -10"><span class='ocrx_word' id='word_1_618' title='bbox 2248 3843 2369 3882; x_wconf 91' lang='lat' dir='ltr'><strong>rum</strong></span> <span class='ocrx_word' id='word_1_619' title='bbox 2397 3827 2672 3885; x_wconf 86' lang='lat' dir='ltr'><strong>subtiliter</strong></span> <span class='ocrx_word' id='word_1_620' title='bbox 2720 3825 3032 3892; x_wconf 86' lang='lat' dir='ltr'><strong>investigat,</strong></span> <span class='ocrx_word' id='word_1_621' title='bbox 3088 3828 3149 3875; x_wconf 90' lang='lat' dir='ltr'><strong>ut</strong></span> <span class='ocrx_word' id='word_1_622' title='bbox 3187 3835 3310 3890; x_wconf 73' lang='lat' dir='ltr'><strong>qua:</strong></span> <span class='ocrx_word' id='word_1_623' title='bbox 3358 3820 3689 3877; x_wconf 83' lang='lat' dir='ltr'><strong>hominibus</strong></span> <span class='ocrx_word' id='word_1_624' title='bbox 3733 3830 3841 3876; x_wconf 86' lang='grc' dir='ltr'><strong>ι</strong></span> 
     </span>
    </p>
   </div>
   <div class='ocr_carea' id='block_1_78' title="bbox 2246 3910 3837 3985">
    <p class='ocr_par' dir='ltr' id='par_1_78' title="bbox 2246 3910 3837 3985">
     <span class='ocr_line' id='line_1_78' title="bbox 2246 3910 3837 3985; baseline -0.006 -12"><span class='ocrx_word' id='word_1_625' title='bbox 2246 3917 2485 3982; x_wconf 89' lang='lat' dir='ltr'><strong>occulta,</strong></span> <span class='ocrx_word' id='word_1_626' title='bbox 2506 3915 2580 3970; x_wconf 92' lang='lat' dir='ltr'><strong>illi</strong></span> <span class='ocrx_word' id='word_1_627' title='bbox 2606 3915 2740 3970; x_wconf 75' lang='lat' dir='ltr'><strong>fiant</strong></span> <span class='ocrx_word' id='word_1_628' title='bbox 2757 3914 2810 3968; x_wconf 90' lang='lat' dir='ltr'><strong>in</strong></span> <span class='ocrx_word' id='word_1_629' title='bbox 2832 3913 3029 3985; x_wconf 86' lang='lat' dir='ltr'><strong>palam.</strong></span> <span class='ocrx_word' id='word_1_630' title='bbox 3053 3911 3324 3984; x_wconf 86' lang='lat' dir='ltr'><strong>Scriptum</strong></span> <span class='ocrx_word' id='word_1_631' title='bbox 3348 3918 3438 3966; x_wconf 89' lang='lat' dir='ltr'><strong>est</strong></span> <span class='ocrx_word' id='word_1_632' title='bbox 3461 3911 3650 3967; x_wconf 81' lang='lat' dir='ltr'><strong>enim:</strong></span> <span class='ocrx_word' id='word_1_633' title='bbox 3678 3910 3837 3965; x_wconf 73' lang='lat' dir='ltr'><strong>Hm</strong></span> 
     </span>
    </p>
   </div>
   <div class='ocr_carea' id='block_1_79' title="bbox 2245 4002 3838 4079">
    <p class='ocr_par' dir='ltr' id='par_1_79' title="bbox 2245 4002 3838 4079">
     <span class='ocr_line' id='line_1_79' title="bbox 2245 4002 3838 4079; baseline -0.006 -13"><span class='ocrx_word' id='word_1_634' title='bbox 2245 4010 2384 4066; x_wconf 82' lang='lat' dir='ltr'><strong>uidet</strong></span> <span class='ocrx_word' id='word_1_635' title='bbox 2409 4009 2467 4064; x_wconf 93' lang='lat' dir='ltr'><strong>in</strong></span> <span class='ocrx_word' id='word_1_636' title='bbox 2488 4010 2647 4079; x_wconf 75' lang='lat' dir='ltr'><strong>facie,</strong></span> <span class='ocrx_word' id='word_1_637' title='bbox 2680 4008 2826 4062; x_wconf 86' lang='lat' dir='ltr'><strong>Deus</strong></span> <span class='ocrx_word' id='word_1_638' title='bbox 2848 4016 3024 4060; x_wconf 84' lang='lat' dir='ltr'><strong>autem</strong></span> <span class='ocrx_word' id='word_1_639' title='bbox 3053 4005 3109 4060; x_wconf 88' lang='lat' dir='ltr'><strong>in</strong></span> <span class='ocrx_word' id='word_1_640' title='bbox 3133 4005 3309 4058; x_wconf 86' lang='lat' dir='ltr'><strong>corde.</strong></span> <span class='ocrx_word' id='word_1_641' title='bbox 3342 4002 3638 4058; x_wconf 85' lang='lat' dir='ltr'><strong>Scrutatur</strong></span> <span class='ocrx_word' id='word_1_642' title='bbox 3661 4013 3838 4057; x_wconf 76' lang='lat' dir='ltr'><strong>autem</strong></span> 
     </span>
    </p>
   </div>
   <div class='ocr_carea' id='block_1_80' title="bbox 2246 4096 3827 4174">
    <p class='ocr_par' dir='ltr' id='par_1_80' title="bbox 2246 4096 3827 4174">
     <span class='ocr_line' id='line_1_80' title="bbox 2246 4096 3827 4174; baseline -0.007 -14"><span class='ocrx_word' id='word_1_643' title='bbox 2246 4119 2429 4170; x_wconf 90' lang='lat' dir='ltr'><strong>renes,</strong></span> <span class='ocrx_word' id='word_1_644' title='bbox 2463 4103 2678 4174; x_wconf 90' lang='lat' dir='ltr'><strong>quando</strong></span> <span class='ocrx_word' id='word_1_645' title='bbox 2725 4100 2891 4156; x_wconf 89' lang='lat' dir='ltr'><strong>animi</strong></span> <span class='ocrx_word' id='word_1_646' title='bbox 2922 4100 3092 4154; x_wconf 85' lang='lat' dir='ltr'><strong>nostri</strong></span> <span class='ocrx_word' id='word_1_647' title='bbox 3128 4097 3641 4154; x_wconf 83' lang='lat' dir='ltr'><strong>constantissimum</strong></span> <span class='ocrx_word' id='word_1_648' title='bbox 3667 4096 3827 4150; x_wconf 81' lang='lat' dir='ltr'><strong>inten-</strong></span> 
     </span>
    </p>
   </div>
   <div class='ocr_carea' id='block_1_81' title="bbox 2247 4189 3834 4266">
    <p class='ocr_par' dir='ltr' id='par_1_81' title="bbox 2247 4189 3834 4266">
     <span class='ocr_line' id='line_1_81' title="bbox 2247 4189 3834 4266; baseline -0.007 -14"><span class='ocrx_word' id='word_1_649' title='bbox 2247 4200 2328 4253; x_wconf 91' lang='lat' dir='ltr'><strong>dit</strong></span> <span class='ocrx_word' id='word_1_650' title='bbox 2358 4199 2621 4266; x_wconf 86' lang='lat' dir='ltr'><strong>vigorem,</strong></span> <span class='ocrx_word' id='word_1_651' title='bbox 2652 4197 2766 4248; x_wconf 85' lang='lat' dir='ltr'><strong>sive</strong></span> <span class='ocrx_word' id='word_1_652' title='bbox 2786 4205 3076 4261; x_wconf 74' lang='lat' dir='ltr'><strong>corporeus</strong></span> <span class='ocrx_word' id='word_1_653' title='bbox 3097 4190 3302 4260; x_wconf 86' lang='lat' dir='ltr'><strong>liquide</strong></span> <span class='ocrx_word' id='word_1_654' title='bbox 3323 4196 3588 4260; x_wconf 75' lang='lat' dir='ltr'><strong>penetrat</strong></span> <span class='ocrx_word' id='word_1_655' title='bbox 3609 4189 3834 4244; x_wconf 79' lang='lat' dir='ltr'><strong>delecta-</strong></span> 
     </span>
    </p>
   </div>
   <div class='ocr_carea' id='block_1_82' title="bbox 2247 4287 2444 4344">
    <p class='ocr_par' dir='ltr' id='par_1_82' title="bbox 2247 4287 2444 4344">
     <span class='ocr_line' id='line_1_82' title="bbox 2247 4287 2444 4344; baseline -0.01 -1"><span class='ocrx_word' id='word_1_656' title='bbox 2247 4287 2444 4344; x_wconf 85' lang='lat' dir='ltr'><strong>tiones.</strong></span> 
     </span>
    </p>
   </div>
   <div class='ocr_carea' id='block_1_83' title="bbox 2323 4371 3834 4440">
    <p class='ocr_par' dir='ltr' id='par_1_83' title="bbox 2323 4371 3834 4440">
     <span class='ocr_line' id='line_1_83' title="bbox 2323 4371 3834 4440; baseline -0.007 -6"><span class='ocrx_word' id='word_1_657' title='bbox 2323 4378 2392 4434; x_wconf 86' lang='lat' dir='ltr'><strong>Et</strong></span> <span class='ocrx_word' id='word_1_658' title='bbox 2420 4379 2650 4432; x_wconf 84' lang='lat' dir='ltr'><strong>iterum:</strong></span> <span class='ocrx_word' id='word_1_659' title='bbox 2683 4373 2943 4428; x_wconf 88' lang='lat' dir='ltr'><strong>Dominus</strong></span> <span class='ocrx_word' id='word_1_660' title='bbox 2988 4373 3129 4427; x_wconf 75' lang='lat' dir='ltr'><strong>nouit</strong></span> <span class='ocrx_word' id='word_1_661' title='bbox 3171 4371 3518 4440; x_wconf 80' lang='lat' dir='ltr'><strong>cogitationes</strong></span> <span class='ocrx_word' id='word_1_662' title='bbox 3551 4373 3834 4431; x_wconf 61' lang='lat' dir='ltr'><strong>hominum.</strong></span> 
     </span>
    </p>
   </div>
   <div class='ocr_carea' id='block_1_84' title="bbox 2246 4462 3832 4544">
    <p class='ocr_par' dir='ltr' id='par_1_84' title="bbox 2246 4462 3832 4544">
     <span class='ocr_line' id='line_1_84' title="bbox 2246 4462 3832 4544; baseline -0.008 -18"><span class='ocrx_word' id='word_1_663' title='bbox 2246 4472 2498 4544; x_wconf 84' lang='lat' dir='ltr'><strong>quoniam</strong></span> <span class='ocrx_word' id='word_1_664' title='bbox 2528 4483 2674 4524; x_wconf 62' lang='lat' dir='ltr'><strong>sanie</strong></span> <span class='ocrx_word' id='word_1_665' title='bbox 2695 4475 2820 4524; x_wconf 87' lang='lat' dir='ltr'><strong>sunt</strong></span> <span class='ocrx_word' id='word_1_666' title='bbox 2844 4464 3020 4538; x_wconf 73' lang='lat' dir='ltr'><strong>(Psal.</strong></span> <span class='ocrx_word' id='word_1_667' title='bbox 3045 4463 3372 4538; x_wconf 75' lang='lat' dir='ltr'><strong>xcur).iiinc</strong></span> <span class='ocrx_word' id='word_1_668' title='bbox 3391 4462 3707 4519; x_wconf 82' lang='lat' dir='ltr'><strong>Hieremias</strong></span> <span class='ocrx_word' id='word_1_669' title='bbox 3733 4464 3832 4516; x_wconf 85' lang='lat' dir='ltr'><strong>ait:</strong></span> 
     </span>
    </p>
   </div>
   <div class='ocr_carea' id='block_1_85' title="bbox 564 4555 3832 4630">
    <p class='ocr_par' dir='ltr' id='par_1_85' title="bbox 564 4555 3832 4630">
     <span class='ocr_line' id='line_1_85' title="bbox 564 4555 3832 4630; baseline -0.001 -18"><span class='ocrx_word' id='word_1_670' title='bbox 564 4558 677 4613; x_wconf 86' lang='lat' dir='ltr'><strong>Deo</strong></span> <span class='ocrx_word' id='word_1_671' title='bbox 697 4559 882 4615; x_wconf 89' lang='lat' dir='ltr'><strong>vivere</strong></span> <span class='ocrx_word' id='word_1_672' title='bbox 901 4557 1257 4622; x_wconf 88' lang='lat' dir='ltr'><strong>delectentur,</strong></span> <span class='ocrx_word' id='word_1_673' title='bbox 1283 4556 1480 4612; x_wconf 69' lang='lat' dir='ltr'><strong>futura:</strong></span> <span class='ocrx_word' id='word_1_674' title='bbox 1504 4559 1653 4627; x_wconf 88' lang='lat' dir='ltr'><strong>pacis</strong></span> <span class='ocrx_word' id='word_1_675' title='bbox 1683 4559 1948 4628; x_wconf 86' lang='lat' dir='ltr'><strong>requiem,</strong></span> <span class='ocrx_word' id='word_1_676' title='bbox 1981 4573 2146 4628; x_wconf 88' lang='lat' dir='ltr'><strong>quam</strong></span> <span class='ocrx_word' id='word_1_677' title='bbox 2251 4563 2407 4619; x_wconf 87' lang='lat' dir='ltr'><strong>Oculi</strong></span> <span class='ocrx_word' id='word_1_678' title='bbox 2430 4561 2530 4615; x_wconf 90' lang='lat' dir='ltr'><strong>mei</strong></span> <span class='ocrx_word' id='word_1_679' title='bbox 2553 4574 2709 4630; x_wconf 84' lang='lat' dir='ltr'><strong>super</strong></span> <span class='ocrx_word' id='word_1_680' title='bbox 2733 4559 2844 4613; x_wconf 80' lang='lat' dir='ltr'><strong>uias</strong></span> <span class='ocrx_word' id='word_1_681' title='bbox 2867 4558 3158 4612; x_wconf 86' lang='lat' dir='ltr'><strong>hominum.</strong></span> <span class='ocrx_word' id='word_1_682' title='bbox 3212 4555 3338 4611; x_wconf 84' lang='lat' dir='ltr'><strong>Non</strong></span> <span class='ocrx_word' id='word_1_683' title='bbox 3363 4567 3492 4610; x_wconf 84' lang='lat' dir='ltr'><strong>sunt</strong></span> <span class='ocrx_word' id='word_1_684' title='bbox 3517 4557 3832 4612; x_wconf 67' lang='lat' dir='ltr'><strong>abscondit:</strong></span> 
     </span>
    </p>
   </div>
   <div class='ocr_carea' id='block_1_86' title="bbox 561 4646 3832 4762">
    <p class='ocr_par' dir='ltr' id='par_1_86' title="bbox 561 4646 3832 4762">
     <span class='ocr_line' id='line_1_86' title="bbox 561 4646 3832 4762; baseline -0.002 -57"><span class='ocrx_word' id='word_1_685' title='bbox 561 4649 692 4762; x_wconf 64' lang='lat' dir='ltr'><strong>illuc</strong></span> <span class='ocrx_word' id='word_1_686' title='bbox 717 4656 1051 4762; x_wconf 70' lang='lat' dir='ltr'><strong>exspectant,</strong></span> <span class='ocrx_word' id='word_1_687' title='bbox 1087 4648 1178 4705; x_wconf 91' lang='lat' dir='ltr'><strong>hic</strong></span> <span class='ocrx_word' id='word_1_688' title='bbox 1217 4649 1614 4719; x_wconf 85' lang='lat' dir='ltr'><strong>quodammodo</strong></span> <span class='ocrx_word' id='word_1_689' title='bbox 1660 4651 1863 4706; x_wconf 86' lang='lat' dir='ltr'><strong>habere</strong></span> <span class='ocrx_word' id='word_1_690' title='bbox 1898 4648 2012 4720; x_wconf 88' lang='lat' dir='ltr'><strong>jam</strong></span> <span class='ocrx_word' id='word_1_691' title='bbox 2061 4649 2145 4704; x_wconf 91' lang='lat' dir='ltr'><strong>in-</strong></span> <span class='ocrx_word' id='word_1_692' title='bbox 2167 4700 2221 4762; x_wconf 68' lang='grc' dir='ltr'>Β</span> <span class='ocrx_word' id='word_1_693' title='bbox 2249 4673 2283 4709; x_wconf 80' lang='grc' dir='ltr'><strong>ιι</strong></span> <span class='ocrx_word' id='word_1_694' title='bbox 2307 4655 2442 4724; x_wconf 82' lang='lat' dir='ltr'><strong>facie</strong></span> <span class='ocrx_word' id='word_1_695' title='bbox 2463 4668 2599 4716; x_wconf 85' lang='lat' dir='ltr'><strong>mea,</strong></span> <span class='ocrx_word' id='word_1_696' title='bbox 2629 4659 2675 4704; x_wconf 90' lang='lat' dir='ltr'><strong>et</strong></span> <span class='ocrx_word' id='word_1_697' title='bbox 2703 4666 2809 4706; x_wconf 90' lang='lat' dir='ltr'><strong>non</strong></span> <span class='ocrx_word' id='word_1_698' title='bbox 2838 4649 2938 4727; x_wconf 74' lang='lat' dir='ltr'><strong>fuit</strong></span> <span class='ocrx_word' id='word_1_699' title='bbox 2967 4648 3175 4704; x_wconf 85' lang='lat' dir='ltr'><strong>occulta</strong></span> <span class='ocrx_word' id='word_1_700' title='bbox 3197 4649 3453 4718; x_wconf 84' lang='lat' dir='ltr'><strong>iniquitas</strong></span> <span class='ocrx_word' id='word_1_701' title='bbox 3498 4665 3688 4701; x_wconf 75' lang='lat' dir='ltr'><strong>eorum</strong></span> <span class='ocrx_word' id='word_1_702' title='bbox 3737 4646 3832 4714; x_wconf 78' lang='lat' dir='ltr'><strong>(Je-</strong></span> 
     </span>
    </p>
   </div>
   <div class='ocr_carea' id='block_1_87' title="bbox 561 4738 3831 4816">
    <p class='ocr_par' dir='ltr' id='par_1_87' title="bbox 561 4738 3831 4816">
     <span class='ocr_line' id='line_1_87' title="bbox 561 4738 3831 4816; baseline -0.002 -18"><span class='ocrx_word' id='word_1_703' title='bbox 561 4743 781 4798; x_wconf 89' lang='lat' dir='ltr'><strong>choant.</strong></span> <span class='ocrx_word' id='word_1_704' title='bbox 818 4741 960 4810; x_wconf 82' lang='lat' dir='ltr'><strong>Ergo</strong></span> <span class='ocrx_word' id='word_1_705' title='bbox 984 4749 1096 4795; x_wconf 84' lang='lat' dir='ltr'><strong>tam</strong></span> <span class='ocrx_word' id='word_1_706' title='bbox 1137 4751 1556 4812; x_wconf 85' lang='lat' dir='ltr'><strong>perseveranter</strong></span> <span class='ocrx_word' id='word_1_707' title='bbox 1603 4743 1887 4804; x_wconf 88' lang='lat' dir='ltr'><strong>intendere</strong></span> <span class='ocrx_word' id='word_1_708' title='bbox 1931 4750 2146 4814; x_wconf 90' lang='lat' dir='ltr'><strong>oportet</strong></span> <span class='ocrx_word' id='word_1_709' title='bbox 2167 4738 2220 4762; x_wconf 77' lang='grc' dir='ltr'>ν</span> <span class='ocrx_word' id='word_1_710' title='bbox 2252 4761 2382 4800; x_wconf 89' lang='lat' dir='ltr'><strong>rem.</strong></span> <span class='ocrx_word' id='word_1_711' title='bbox 2417 4742 2550 4816; x_wconf 74' lang='lat' dir='ltr'><strong>xvn).</strong></span> <span class='ocrx_word' id='word_1_712' title='bbox 2585 4741 2722 4796; x_wconf 79' lang='lat' dir='ltr'><strong>Hinc</strong></span> <span class='ocrx_word' id='word_1_713' title='bbox 2745 4741 3001 4797; x_wconf 89' lang='lat' dir='ltr'><strong>Salomon</strong></span> <span class='ocrx_word' id='word_1_714' title='bbox 3031 4741 3108 4796; x_wconf 91' lang='lat' dir='ltr'><strong>ait</strong></span> <span class='ocrx_word' id='word_1_715' title='bbox 3140 4757 3154 4794; x_wconf 91' lang='lat'><strong>:</strong></span> <span class='ocrx_word' id='word_1_716' title='bbox 3183 4739 3416 4809; x_wconf 78' lang='lat' dir='ltr'><strong>Respicit</strong></span> <span class='ocrx_word' id='word_1_717' title='bbox 3449 4738 3717 4793; x_wconf 70' lang='lat' dir='ltr'><strong>Dominus</strong></span> <span class='ocrx_word' id='word_1_718' title='bbox 3737 4738 3831 4791; x_wconf 74' lang='lat' dir='ltr'><strong>sies</strong></span> 
     </span>
    </p>
   </div>
   <div class='ocr_carea' id='block_1_88' title="bbox 529 4832 3832 4907">
    <p class='ocr_par' dir='ltr' id='par_1_88' title="bbox 529 4832 3832 4907">
     <span class='ocr_line' id='line_1_88' title="bbox 529 4832 3832 4907; baseline -0.002 -18"><span class='ocrx_word' id='word_1_719' title='bbox 529 4849 531 4851; x_wconf 76' lang='lat'>‘</span> <span class='ocrx_word' id='word_1_720' title='bbox 563 4834 807 4889; x_wconf 85' lang='lat' dir='ltr'><strong>animum</strong></span> <span class='ocrx_word' id='word_1_721' title='bbox 854 4840 1097 4888; x_wconf 90' lang='lat' dir='ltr'><strong>nostrum</strong></span> <span class='ocrx_word' id='word_1_722' title='bbox 1125 4834 1333 4889; x_wconf 90' lang='lat' dir='ltr'><strong>orando</strong></span> <span class='ocrx_word' id='word_1_723' title='bbox 1362 4842 1525 4904; x_wconf 91' lang='lat' dir='ltr'><strong>atque</strong></span> <span class='ocrx_word' id='word_1_724' title='bbox 1556 4835 1837 4904; x_wconf 89' lang='lat' dir='ltr'><strong>pulsando,</strong></span> <span class='ocrx_word' id='word_1_725' title='bbox 1863 4849 2145 4904; x_wconf 87' lang='lat' dir='ltr'><strong>quousque</strong></span> <span class='ocrx_word' id='word_1_726' title='bbox 2251 4837 2498 4900; x_wconf 83' lang='lat' dir='ltr'><strong>hominis,</strong></span> <span class='ocrx_word' id='word_1_727' title='bbox 2527 4846 2576 4890; x_wconf 87' lang='lat' dir='ltr'><strong>et</strong></span> <span class='ocrx_word' id='word_1_728' title='bbox 2605 4851 2782 4890; x_wconf 87' lang='lat' dir='ltr'><strong>omnes</strong></span> <span class='ocrx_word' id='word_1_729' title='bbox 2813 4851 3020 4907; x_wconf 88' lang='lat' dir='ltr'><strong>gressus</strong></span> <span class='ocrx_word' id='word_1_730' title='bbox 3045 4835 3180 4905; x_wconf 80' lang='lat' dir='ltr'><strong>ejus</strong></span> <span class='ocrx_word' id='word_1_731' title='bbox 3221 4833 3523 4892; x_wconf 81' lang='lat' dir='ltr'><strong>considerat</strong></span> <span class='ocrx_word' id='word_1_732' title='bbox 3557 4832 3741 4905; x_wconf 73' lang='lat' dir='ltr'><strong>(Prae.</strong></span> <span class='ocrx_word' id='word_1_733' title='bbox 3767 4834 3832 4901; x_wconf 65' lang='grc' dir='ltr'><strong>ν).</strong></span> 
     </span>
    </p>
   </div>
   <div class='ocr_carea' id='block_1_89' title="bbox 523 4924 3833 4996">
    <p class='ocr_par' dir='ltr' id='par_1_89' title="bbox 523 4924 3833 4996">
     <span class='ocr_line' id='line_1_89' title="bbox 523 4924 3833 4996; baseline -0 -17"><span class='ocrx_word' id='word_1_734' title='bbox 523 4927 905 4995; x_wconf 79' lang='lat' dir='ltr'><strong>&#39;importunas</strong></span> <span class='ocrx_word' id='word_1_735' title='bbox 956 4924 1346 4986; x_wconf 79' lang='lat' dir='ltr'><strong>desideriorum</strong></span> <span class='ocrx_word' id='word_1_736' title='bbox 1387 4925 1686 4981; x_wconf 85' lang='lat' dir='ltr'><strong>carnalium</strong></span> <span class='ocrx_word' id='word_1_737' title='bbox 1735 4927 2141 4996; x_wconf 87' lang='lat' dir='ltr'><strong>suggestiones,</strong></span> <span class='ocrx_word' id='word_1_738' title='bbox 2252 4929 2390 4984; x_wconf 84' lang='lat' dir='ltr'><strong>Hinc</strong></span> <span class='ocrx_word' id='word_1_739' title='bbox 2415 4928 2582 4982; x_wconf 88' lang='lat' dir='ltr'><strong>David</strong></span> <span class='ocrx_word' id='word_1_740' title='bbox 2639 4928 2800 4983; x_wconf 89' lang='lat' dir='ltr'><strong>dicit:</strong></span> <span class='ocrx_word' id='word_1_741' title='bbox 2826 4925 3044 4982; x_wconf 79' lang='lat' dir='ltr'><strong>Servavi</strong></span> <span class='ocrx_word' id='word_1_742' title='bbox 3065 4927 3313 4981; x_wconf 82' lang='lat' dir='ltr'><strong>mandata</strong></span> <span class='ocrx_word' id='word_1_743' title='bbox 3340 4937 3433 4982; x_wconf 85' lang='lat' dir='ltr'><strong>tua</strong></span> <span class='ocrx_word' id='word_1_744' title='bbox 3462 4934 3513 4980; x_wconf 88' lang='lat' dir='ltr'><strong>et</strong></span> <span class='ocrx_word' id='word_1_745' title='bbox 3541 4926 3833 4980; x_wconf 59' lang='lat' dir='ltr'><strong>mutauit!</strong></span> 
     </span>
    </p>
   </div>
   <div class='ocr_carea' id='block_1_90' title="bbox 561 5013 3833 5092">
    <p class='ocr_par' dir='ltr' id='par_1_90' title="bbox 561 5013 3833 5092">
     <span class='ocr_line' id='line_1_90' title="bbox 561 5013 3833 5092; baseline -0 -21"><span class='ocrx_word' id='word_1_746' title='bbox 561 5033 683 5088; x_wconf 64' lang='lat' dir='ltr'><strong>quae</strong></span> <span class='ocrx_word' id='word_1_747' title='bbox 728 5015 932 5071; x_wconf 91' lang='lat' dir='ltr'><strong>nostris</strong></span> <span class='ocrx_word' id='word_1_748' title='bbox 959 5013 1277 5086; x_wconf 87' lang='lat' dir='ltr'><strong>obstrepunt</strong></span> <span class='ocrx_word' id='word_1_749' title='bbox 1309 5015 1576 5079; x_wconf 89' lang='lat' dir='ltr'><strong>sensibus,</strong></span> <span class='ocrx_word' id='word_1_750' title='bbox 1631 5015 1924 5069; x_wconf 79' lang='lat' dir='ltr'><strong>fortissima</strong></span> <span class='ocrx_word' id='word_1_751' title='bbox 1967 5015 2134 5070; x_wconf 85' lang='lat' dir='ltr'><strong>inten-</strong></span> <span class='ocrx_word' id='word_1_752' title='bbox 2251 5032 2368 5088; x_wconf 87' lang='lat' dir='ltr'><strong>tua,</strong></span> <span class='ocrx_word' id='word_1_753' title='bbox 2419 5022 2545 5092; x_wconf 87' lang='lat' dir='ltr'><strong>quia</strong></span> <span class='ocrx_word' id='word_1_754' title='bbox 2590 5037 2767 5075; x_wconf 87' lang='lat' dir='ltr'><strong>omnes</strong></span> <span class='ocrx_word' id='word_1_755' title='bbox 2818 5022 2914 5075; x_wconf 73' lang='lat' dir='ltr'><strong>via:</strong></span> <span class='ocrx_word' id='word_1_756' title='bbox 2964 5036 3093 5075; x_wconf 74' lang='lat' dir='ltr'><strong>metu</strong></span> <span class='ocrx_word' id='word_1_757' title='bbox 3143 5022 3200 5073; x_wconf 91' lang='lat' dir='ltr'><strong>in</strong></span> <span class='ocrx_word' id='word_1_758' title='bbox 3235 5029 3519 5090; x_wconf 78' lang='lat' dir='ltr'><strong>conspectu</strong></span> <span class='ocrx_word' id='word_1_759' title='bbox 3546 5029 3645 5074; x_wconf 78' lang='lat' dir='ltr'><strong>tuo</strong></span> <span class='ocrx_word' id='word_1_760' title='bbox 3673 5017 3833 5090; x_wconf 69' lang='lat' dir='ltr'><strong>(Pal.</strong></span> 
     </span>
    </p>
   </div>
   <div class='ocr_carea' id='block_1_91' title="bbox 564 5108 3835 5186">
    <p class='ocr_par' dir='ltr' id='par_1_91' title="bbox 564 5108 3835 5186">
     <span class='ocr_line' id='line_1_91' title="bbox 564 5108 3835 5186; baseline 0 -22"><span class='ocrx_word' id='word_1_761' title='bbox 564 5109 715 5164; x_wconf 83' lang='lat' dir='ltr'><strong>tione</strong></span> <span class='ocrx_word' id='word_1_762' title='bbox 743 5121 1085 5178; x_wconf 86' lang='lat' dir='ltr'><strong>superemus,</strong></span> <span class='ocrx_word' id='word_1_763' title='bbox 1115 5123 1180 5162; x_wconf 90' lang='lat' dir='ltr'><strong>ac</strong></span> <span class='ocrx_word' id='word_1_764' title='bbox 1208 5109 1394 5163; x_wconf 88' lang='lat' dir='ltr'><strong>tandiu</strong></span> <span class='ocrx_word' id='word_1_765' title='bbox 1424 5108 1696 5174; x_wconf 87' lang='lat' dir='ltr'><strong>insistere,</strong></span> <span class='ocrx_word' id='word_1_766' title='bbox 1717 5122 1998 5179; x_wconf 87' lang='lat' dir='ltr'><strong>quousque</strong></span> <span class='ocrx_word' id='word_1_767' title='bbox 2021 5122 2146 5178; x_wconf 91' lang='lat' dir='ltr'><strong>per-</strong></span> <span class='ocrx_word' id='word_1_768' title='bbox 2249 5112 2462 5186; x_wconf 82' lang='lat' dir='ltr'><strong>cxvm).</strong></span> <span class='ocrx_word' id='word_1_769' title='bbox 2489 5112 2605 5168; x_wconf 84' lang='lat' dir='ltr'><strong>Non</strong></span> <span class='ocrx_word' id='word_1_770' title='bbox 2633 5113 2810 5168; x_wconf 90' lang='lat' dir='ltr'><strong>solum</strong></span> <span class='ocrx_word' id='word_1_771' title='bbox 2852 5112 3031 5179; x_wconf 80' lang='lat' dir='ltr'><strong>factis,</strong></span> <span class='ocrx_word' id='word_1_772' title='bbox 3078 5111 3175 5168; x_wconf 86' lang='lat' dir='ltr'><strong>sed</strong></span> <span class='ocrx_word' id='word_1_773' title='bbox 3224 5112 3389 5166; x_wconf 81' lang='lat' dir='ltr'><strong>etiam</strong></span> <span class='ocrx_word' id='word_1_774' title='bbox 3418 5111 3835 5182; x_wconf 61' lang='lat' dir='ltr'><strong>cogitationi!!!</strong></span> 
     </span>
    </p>
   </div>
   <div class='ocr_carea' id='block_1_92' title="bbox 561 5198 2141 5282">
    <p class='ocr_par' dir='ltr' id='par_1_92' title="bbox 561 5198 1132 5256">
     <span class='ocr_line' id='line_1_92' title="bbox 561 5198 1132 5256; baseline -0.004 -1"><span class='ocrx_word' id='word_1_775' title='bbox 561 5198 808 5256; x_wconf 76' lang='lat' dir='ltr'><strong>aistendo</strong></span> <span class='ocrx_word' id='word_1_776' title='bbox 833 5198 1132 5254; x_wconf 84' lang='lat' dir='ltr'><strong>vincamus.</strong></span> 
     </span>
    </p>
   </div>
   <div class='ocr_carea' id='block_1_93' title="bbox 2247 5198 3832 5282">
    <p class='ocr_par' dir='ltr' id='par_1_93' title="bbox 2247 5203 3832 5282">
     <span class='ocr_line' id='line_1_93' title="bbox 2247 5203 3832 5282; baseline -0.007 -21"><span class='ocrx_word' id='word_1_777' title='bbox 2247 5206 2632 5277; x_wconf 88' lang='lat' dir='ltr'><strong>delinquimus,</strong></span> <span class='ocrx_word' id='word_1_778' title='bbox 2657 5205 2800 5282; x_wconf 82' lang='lat' dir='ltr'><strong>sicis</strong></span> <span class='ocrx_word' id='word_1_779' title='bbox 2820 5205 3004 5262; x_wconf 78' lang='lat' dir='ltr'><strong>illicito</strong></span> <span class='ocrx_word' id='word_1_780' title='bbox 3031 5203 3450 5260; x_wconf 81' lang='lat' dir='ltr'><strong>occurrentibus</strong></span> <span class='ocrx_word' id='word_1_781' title='bbox 3479 5203 3832 5255; x_wconf 71' lang='lat' dir='ltr'><strong>delectemur.</strong></span> 
     </span>
    </p>
   </div>
   <div class='ocr_carea' id='block_1_94' title="bbox 633 5286 2140 5359">
    <p class='ocr_par' dir='ltr' id='par_1_94' title="bbox 633 5286 2140 5359">
     <span class='ocr_line' id='line_1_94' title="bbox 633 5286 2140 5359; baseline 0.001 -18"><span class='ocrx_word' id='word_1_782' title='bbox 633 5287 705 5341; x_wconf 66' lang='grc' dir='ltr'><strong>Α]</strong></span> <span class='ocrx_word' id='word_1_783' title='bbox 711 5288 883 5342; x_wconf 88' lang='lat' dir='ltr'><strong>stimet</strong></span> <span class='ocrx_word' id='word_1_784' title='bbox 905 5304 959 5344; x_wconf 87' lang='lat' dir='ltr'><strong>se</strong></span> <span class='ocrx_word' id='word_1_785' title='bbox 975 5289 1130 5343; x_wconf 88' lang='lat' dir='ltr'><strong>homo</strong></span> <span class='ocrx_word' id='word_1_786' title='bbox 1146 5286 1212 5342; x_wconf 87' lang='lat' dir='ltr'><strong>de</strong></span> <span class='ocrx_word' id='word_1_787' title='bbox 1234 5287 1374 5346; x_wconf 77' lang='lat' dir='ltr'><strong>ctelis</strong></span> <span class='ocrx_word' id='word_1_788' title='bbox 1395 5304 1596 5359; x_wconf 87' lang='lat' dir='ltr'><strong>semper</strong></span> <span class='ocrx_word' id='word_1_789' title='bbox 1615 5306 1648 5342; x_wconf 91' lang='lat' dir='ltr'><strong>a</strong></span> <span class='ocrx_word' id='word_1_790' title='bbox 1664 5288 1772 5344; x_wconf 90' lang='lat' dir='ltr'><strong>Deo</strong></span> <span class='ocrx_word' id='word_1_791' title='bbox 1791 5289 1978 5358; x_wconf 84' lang='lat' dir='ltr'><strong>respici</strong></span> <span class='ocrx_word' id='word_1_792' title='bbox 1999 5291 2140 5343; x_wconf 88' lang='lat' dir='ltr'><strong>omni</strong></span> 
     </span>
    </p>
   </div>
   <div class='ocr_carea' id='block_1_95' title="bbox 561 5377 2141 5450">
    <p class='ocr_par' dir='ltr' id='par_1_95' title="bbox 561 5377 2141 5450">
     <span class='ocr_line' id='line_1_95' title="bbox 561 5377 2141 5450; baseline 0.001 -18"><span class='ocrx_word' id='word_1_793' title='bbox 561 5388 714 5445; x_wconf 77' lang='lat' dir='ltr'><strong>hora,</strong></span> <span class='ocrx_word' id='word_1_794' title='bbox 745 5388 794 5433; x_wconf 86' lang='lat' dir='ltr'><strong>et</strong></span> <span class='ocrx_word' id='word_1_795' title='bbox 823 5378 967 5448; x_wconf 79' lang='lat' dir='ltr'><strong>facta</strong></span> <span class='ocrx_word' id='word_1_796' title='bbox 992 5395 1091 5432; x_wconf 88' lang='lat' dir='ltr'><strong>sua</strong></span> <span class='ocrx_word' id='word_1_797' title='bbox 1120 5381 1176 5433; x_wconf 87' lang='lat' dir='ltr'><strong>in</strong></span> <span class='ocrx_word' id='word_1_798' title='bbox 1201 5380 1341 5434; x_wconf 88' lang='lat' dir='ltr'><strong>omni</strong></span> <span class='ocrx_word' id='word_1_799' title='bbox 1371 5377 1484 5435; x_wconf 90' lang='lat' dir='ltr'><strong>loco</strong></span> <span class='ocrx_word' id='word_1_800' title='bbox 1509 5379 1572 5434; x_wconf 89' lang='lat' dir='ltr'><strong>ab</strong></span> <span class='ocrx_word' id='word_1_801' title='bbox 1597 5389 1808 5450; x_wconf 86' lang='lat' dir='ltr'><strong>aspectu</strong></span> <span class='ocrx_word' id='word_1_802' title='bbox 1839 5379 2141 5436; x_wconf 82' lang='lat' dir='ltr'><strong>Diuinitatis</strong></span> 
     </span>
    </p>
   </div>
   <div class='ocr_carea' id='block_1_96' title="bbox 560 5469 2143 5542">
    <p class='ocr_par' dir='ltr' id='par_1_96' title="bbox 560 5469 2143 5542">
     <span class='ocr_line' id='line_1_96' title="bbox 560 5469 2143 5542; baseline 0.004 -18"><span class='ocrx_word' id='word_1_803' title='bbox 560 5469 748 5535; x_wconf 72' lang='lat' dir='ltr'><strong>uideri,</strong></span> <span class='ocrx_word' id='word_1_804' title='bbox 768 5471 901 5526; x_wconf 90' lang='lat' dir='ltr'><strong>etab</strong></span> <span class='ocrx_word' id='word_1_805' title='bbox 922 5469 1144 5542; x_wconf 84' lang='lat' dir='ltr'><strong>angelis,</strong></span> <span class='ocrx_word' id='word_1_806' title='bbox 1170 5473 1236 5527; x_wconf 85' lang='lat' dir='ltr'><strong>de</strong></span> <span class='ocrx_word' id='word_1_807' title='bbox 1265 5473 1407 5528; x_wconf 85' lang='lat' dir='ltr'><strong>omni</strong></span> <span class='ocrx_word' id='word_1_808' title='bbox 1427 5471 1557 5528; x_wconf 78' lang='lat' dir='ltr'><strong>hora</strong></span> <span class='ocrx_word' id='word_1_809' title='bbox 1581 5474 1894 5530; x_wconf 85' lang='lat' dir='ltr'><strong>renuntiari.</strong></span> <span class='ocrx_word' id='word_1_810' title='bbox 1931 5472 2143 5541; x_wconf 84' lang='lat' dir='ltr'><strong>Quanto</strong></span> 
     </span>
    </p>
   </div>
   <div class='ocr_carea' id='block_1_97' title="bbox 559 5561 2144 5637">
    <p class='ocr_par' dir='ltr' id='par_1_97' title="bbox 559 5561 2144 5637">
     <span class='ocr_line' id='line_1_97' title="bbox 559 5561 2144 5637; baseline 0.003 -21"><span class='ocrx_word' id='word_1_811' title='bbox 559 5561 708 5617; x_wconf 78' lang='lat' dir='ltr'><strong>enim</strong></span> <span class='ocrx_word' id='word_1_812' title='bbox 733 5564 1101 5635; x_wconf 84' lang='lat' dir='ltr'><strong>unusquisque</strong></span> <span class='ocrx_word' id='word_1_813' title='bbox 1126 5565 1414 5622; x_wconf 85' lang='lat' dir='ltr'><strong>sollicitius</strong></span> <span class='ocrx_word' id='word_1_814' title='bbox 1436 5581 1495 5622; x_wconf 88' lang='lat' dir='ltr'><strong>se</strong></span> <span class='ocrx_word' id='word_1_815' title='bbox 1516 5581 1549 5622; x_wconf 84' lang='lat' dir='ltr'><strong>s</strong></span> <span class='ocrx_word' id='word_1_816' title='bbox 1578 5565 1690 5624; x_wconf 82' lang='lat' dir='ltr'><strong>Deo</strong></span> <span class='ocrx_word' id='word_1_817' title='bbox 1716 5567 1952 5622; x_wconf 68' lang='lat' dir='ltr'><strong>aestimat</strong></span> <span class='ocrx_word' id='word_1_818' title='bbox 1973 5567 2144 5637; x_wconf 89' lang='lat' dir='ltr'><strong>respi-</strong></span> 
     </span>
    </p>
   </div>
   <div class='ocr_carea' id='block_1_98' title="bbox 559 5656 2145 5726">
    <p class='ocr_par' dir='ltr' id='par_1_98' title="bbox 559 5656 2145 5726">
     <span class='ocr_line' id='line_1_98' title="bbox 559 5656 2145 5726; baseline 0.002 -13"><span class='ocrx_word' id='word_1_819' title='bbox 559 5656 632 5724; x_wconf 90' lang='lat' dir='ltr'><strong>ci,</strong></span> <span class='ocrx_word' id='word_1_820' title='bbox 663 5663 816 5715; x_wconf 78' lang='lat' dir='ltr'><strong>tanto</strong></span> <span class='ocrx_word' id='word_1_821' title='bbox 858 5657 1018 5716; x_wconf 86' lang='lat' dir='ltr'><strong>debet</strong></span> <span class='ocrx_word' id='word_1_822' title='bbox 1059 5660 1272 5722; x_wconf 82' lang='lat' dir='ltr'><strong>cautius</strong></span> <span class='ocrx_word' id='word_1_823' title='bbox 1309 5662 1509 5726; x_wconf 87' lang='lat' dir='ltr'><strong>vivere,</strong></span> <span class='ocrx_word' id='word_1_824' title='bbox 1559 5669 1615 5716; x_wconf 88' lang='lat' dir='ltr'><strong>et</strong></span> <span class='ocrx_word' id='word_1_825' title='bbox 1663 5661 1830 5717; x_wconf 88' lang='lat' dir='ltr'><strong>vitam</strong></span> <span class='ocrx_word' id='word_1_826' title='bbox 1863 5675 2017 5717; x_wconf 87' lang='lat' dir='ltr'><strong>suam</strong></span> <span class='ocrx_word' id='word_1_827' title='bbox 2047 5661 2145 5716; x_wconf 79' lang='lat' dir='ltr'><strong>ho-</strong></span> 
     </span>
    </p>
   </div>
   <div class='ocr_carea' id='block_1_99' title="bbox 561 5751 2146 5812">
    <p class='ocr_par' dir='ltr' id='par_1_99' title="bbox 561 5751 2146 5812">
     <span class='ocr_line' id='line_1_99' title="bbox 561 5751 2146 5812; baseline 0.003 -7"><span class='ocrx_word' id='word_1_828' title='bbox 561 5751 874 5809; x_wconf 87' lang='lat' dir='ltr'><strong>nestissime</strong></span> <span class='ocrx_word' id='word_1_829' title='bbox 913 5753 1191 5810; x_wconf 85' lang='lat' dir='ltr'><strong>custodire</strong></span> <span class='ocrx_word' id='word_1_830' title='bbox 1223 5772 1235 5809; x_wconf 90' lang='lat'><strong>:</strong></span> <span class='ocrx_word' id='word_1_831' title='bbox 1273 5770 1339 5810; x_wconf 92' lang='lat' dir='ltr'><strong>ne</strong></span> <span class='ocrx_word' id='word_1_832' title='bbox 1393 5754 1513 5811; x_wconf 88' lang='lat' dir='ltr'><strong>illos</strong></span> <span class='ocrx_word' id='word_1_833' title='bbox 1555 5754 1872 5810; x_wconf 87' lang='lat' dir='ltr'><strong>Divinitatis</strong></span> <span class='ocrx_word' id='word_1_834' title='bbox 1907 5751 2146 5812; x_wconf 74' lang='lat' dir='ltr'><strong>oﬂ&#39;endat</strong></span> 
     </span>
    </p>
   </div>
   <div class='ocr_carea' id='block_1_100' title="bbox 505 5842 2140 5919">
    <p class='ocr_par' dir='ltr' id='par_1_100' title="bbox 505 5842 2140 5919">
     <span class='ocr_line' id='line_1_100' title="bbox 505 5842 2140 5919; baseline 0.005 -23"><span class='ocrx_word' id='word_1_835' title='bbox 505 5871 514 5878; x_wconf 92' lang='lat'><strong><em>-</em></strong></span> <span class='ocrx_word' id='word_1_836' title='bbox 567 5842 774 5908; x_wconf 86' lang='lat' dir='ltr'><strong>oculos,</strong></span> <span class='ocrx_word' id='word_1_837' title='bbox 801 5858 938 5914; x_wconf 86' lang='lat' dir='ltr'><strong>quos</strong></span> <span class='ocrx_word' id='word_1_838' title='bbox 970 5846 1084 5901; x_wconf 87' lang='lat' dir='ltr'><strong>vult</strong></span> <span class='ocrx_word' id='word_1_839' title='bbox 1103 5848 1302 5902; x_wconf 86' lang='lat' dir='ltr'><strong>habere</strong></span> <span class='ocrx_word' id='word_1_840' title='bbox 1344 5848 1625 5919; x_wconf 87' lang='lat' dir='ltr'><strong>propitios.</strong></span> <span class='ocrx_word' id='word_1_841' title='bbox 1666 5847 1908 5918; x_wconf 82' lang='lat' dir='ltr'><strong>Respicit</strong></span> <span class='ocrx_word' id='word_1_842' title='bbox 1929 5846 2018 5903; x_wconf 87' lang='lat' dir='ltr'><strong>ille</strong></span> <span class='ocrx_word' id='word_1_843' title='bbox 2043 5849 2140 5904; x_wconf 92' lang='lat' dir='ltr'><strong>ab-</strong></span> 
     </span>
    </p>
   </div>
   <div class='ocr_carea' id='block_1_101' title="bbox 563 5932 2142 6008">
    <p class='ocr_par' dir='ltr' id='par_1_101' title="bbox 563 5932 2142 6008">
     <span class='ocr_line' id='line_1_101' title="bbox 563 5932 2142 6008; baseline 0.006 -21"><span class='ocrx_word' id='word_1_844' title='bbox 563 5932 697 6000; x_wconf 86' lang='lat' dir='ltr'><strong>dita,</strong></span> <span class='ocrx_word' id='word_1_845' title='bbox 731 5942 786 5991; x_wconf 81' lang='lat' dir='ltr'><strong>et</strong></span> <span class='ocrx_word' id='word_1_846' title='bbox 812 5944 1021 5994; x_wconf 83' lang='lat' dir='ltr'><strong>secreta</strong></span> <span class='ocrx_word' id='word_1_847' title='bbox 1073 5945 1236 6008; x_wconf 82' lang='lat' dir='ltr'><strong>atque</strong></span> <span class='ocrx_word' id='word_1_848' title='bbox 1289 5939 1500 5996; x_wconf 90' lang='lat' dir='ltr'><strong>occulta</strong></span> <span class='ocrx_word' id='word_1_849' title='bbox 1545 5939 1874 6007; x_wconf 80' lang='lat' dir='ltr'><strong>cotisiderat,</strong></span> <span class='ocrx_word' id='word_1_850' title='bbox 1917 5952 2018 5996; x_wconf 86' lang='lat' dir='ltr'><strong>nec</strong></span> <span class='ocrx_word' id='word_1_851' title='bbox 2046 5938 2142 5997; x_wconf 91' lang='lat' dir='ltr'><strong>Dei</strong></span> 
     </span>
    </p>
   </div>
   <div class='ocr_carea' id='block_1_102' title="bbox 2245 5290 3833 5369">
    <p class='ocr_par' dir='ltr' id='par_1_102' title="bbox 2245 5290 3833 5369">
     <span class='ocr_line' id='line_1_102' title="bbox 2245 5290 3833 5369; baseline -0.003 -17"><span class='ocrx_word' id='word_1_852' title='bbox 2245 5297 2384 5358; x_wconf 86' lang='lat' dir='ltr'><strong>Nam</strong></span> <span class='ocrx_word' id='word_1_853' title='bbox 2403 5297 2452 5354; x_wconf 90' lang='lat' dir='ltr'><strong>si</strong></span> <span class='ocrx_word' id='word_1_854' title='bbox 2477 5297 2628 5369; x_wconf 85' lang='lat' dir='ltr'><strong>prius</strong></span> <span class='ocrx_word' id='word_1_855' title='bbox 2649 5311 2831 5369; x_wconf 64' lang='lat' dir='ltr'><strong>pravae</strong></span> <span class='ocrx_word' id='word_1_856' title='bbox 2853 5297 3169 5367; x_wconf 82' lang='lat' dir='ltr'><strong>cogitationi</strong></span> <span class='ocrx_word' id='word_1_857' title='bbox 3193 5290 3526 5356; x_wconf 81' lang='lat' dir='ltr'><strong>resistimus,</strong></span> <span class='ocrx_word' id='word_1_858' title='bbox 3549 5290 3614 5348; x_wconf 81' lang='lat' dir='ltr'><strong>in</strong></span> <span class='ocrx_word' id='word_1_859' title='bbox 3637 5291 3833 5361; x_wconf 68' lang='lat' dir='ltr'><strong>lupam</strong></span> 
     </span>
    </p>
   </div>
   <div class='ocr_carea' id='block_1_103' title="bbox 2243 5388 2940 5460">
    <p class='ocr_par' dir='ltr' id='par_1_103' title="bbox 2243 5388 2940 5460">
     <span class='ocr_line' id='line_1_103' title="bbox 2243 5388 2940 5460; baseline -0.009 -14"><span class='ocrx_word' id='word_1_860' title='bbox 2243 5389 2425 5460; x_wconf 84' lang='lat' dir='ltr'><strong>operis</strong></span> <span class='ocrx_word' id='word_1_861' title='bbox 2452 5403 2560 5444; x_wconf 92' lang='lat' dir='ltr'><strong>non</strong></span> <span class='ocrx_word' id='word_1_862' title='bbox 2592 5388 2940 5443; x_wconf 86' lang='lat' dir='ltr'><strong>incurrimus.</strong></span> 
     </span>
    </p>
   </div>
   <div class='ocr_carea' id='block_1_104' title="bbox 2317 5473 3838 5546">
    <p class='ocr_par' dir='ltr' id='par_1_104' title="bbox 2317 5473 3838 5546">
     <span class='ocr_line' id='line_1_104' title="bbox 2317 5473 3838 5546; baseline -0.005 -9"><span class='ocrx_word' id='word_1_863' title='bbox 2317 5481 2389 5537; x_wconf 82' lang='lat' dir='ltr'><strong>Et</strong></span> <span class='ocrx_word' id='word_1_864' title='bbox 2416 5481 2542 5535; x_wconf 85' lang='lat' dir='ltr'><strong>item</strong></span> <span class='ocrx_word' id='word_1_865' title='bbox 2561 5477 2691 5534; x_wconf 85' lang='lat' dir='ltr'><strong>dicit</strong></span> <span class='ocrx_word' id='word_1_866' title='bbox 2717 5492 2735 5530; x_wconf 81' lang='lat'><strong>.&#39;</strong></span> <span class='ocrx_word' id='word_1_867' title='bbox 2763 5475 3079 5534; x_wconf 67' lang='lat' dir='ltr'><strong>Intellexisti</strong></span> <span class='ocrx_word' id='word_1_868' title='bbox 3105 5474 3446 5546; x_wconf 77' lang='lat' dir='ltr'><strong>cogitationes</strong></span> <span class='ocrx_word' id='word_1_869' title='bbox 3464 5490 3620 5530; x_wconf 75' lang='lat' dir='ltr'><strong>meas</strong></span> <span class='ocrx_word' id='word_1_870' title='bbox 3643 5493 3678 5530; x_wconf 74' lang='grc' dir='ltr'><em>α</em></span> <span class='ocrx_word' id='word_1_871' title='bbox 3696 5473 3838 5541; x_wconf 67' lang='lat' dir='ltr'><strong>longe</strong></span> 
     </span>
    </p>
   </div>
   <div class='ocr_carea' id='block_1_105' title="bbox 2247 5564 3837 5649">
    <p class='ocr_par' dir='ltr' id='par_1_105' title="bbox 2247 5564 3837 5649">
     <span class='ocr_line' id='line_1_105' title="bbox 2247 5564 3837 5649; baseline -0.008 -19"><span class='ocrx_word' id='word_1_872' title='bbox 2247 5574 2420 5649; x_wconf 87' lang='lat' dir='ltr'><strong>(Psal.</strong></span> <span class='ocrx_word' id='word_1_873' title='bbox 2453 5570 2741 5644; x_wconf 77' lang='lat' dir='ltr'><strong>cxxxvm).</strong></span> <span class='ocrx_word' id='word_1_874' title='bbox 2774 5570 2914 5628; x_wconf 80' lang='lat' dir='ltr'><strong>Hinc</strong></span> <span class='ocrx_word' id='word_1_875' title='bbox 2932 5585 3030 5640; x_wconf 83' lang='lat' dir='ltr'><strong>per</strong></span> <span class='ocrx_word' id='word_1_876' title='bbox 3065 5567 3410 5629; x_wconf 81' lang='lat' dir='ltr'><strong>Salomonem</strong></span> <span class='ocrx_word' id='word_1_877' title='bbox 3433 5566 3645 5622; x_wconf 84' lang='lat' dir='ltr'><strong>dicitur</strong></span> <span class='ocrx_word' id='word_1_878' title='bbox 3670 5583 3687 5621; x_wconf 90' lang='lat'><strong>:</strong></span> <span class='ocrx_word' id='word_1_879' title='bbox 3716 5564 3837 5619; x_wconf 76' lang='lat'><strong>0-—</strong></span> 
     </span>
    </p>
   </div>
   <div class='ocr_carea' id='block_1_106' title="bbox 2249 5657 3840 5734">
    <p class='ocr_par' dir='ltr' id='par_1_106' title="bbox 2249 5657 3840 5734">
     <span class='ocr_line' id='line_1_106' title="bbox 2249 5657 3840 5734; baseline -0.007 -14"><span class='ocrx_word' id='word_1_880' title='bbox 2249 5683 2336 5721; x_wconf 89' lang='lat' dir='ltr'><strong>nes</strong></span> <span class='ocrx_word' id='word_1_881' title='bbox 2361 5667 2459 5720; x_wconf 66' lang='lat' dir='ltr'><strong>via:</strong></span> <span class='ocrx_word' id='word_1_882' title='bbox 2484 5665 2755 5719; x_wconf 83' lang='lat' dir='ltr'><strong>hominum</strong></span> <span class='ocrx_word' id='word_1_883' title='bbox 2779 5661 3090 5734; x_wconf 85' lang='lat' dir='ltr'><strong>panduntur</strong></span> <span class='ocrx_word' id='word_1_884' title='bbox 3113 5659 3310 5724; x_wconf 85' lang='lat' dir='ltr'><strong>oculis;</strong></span> <span class='ocrx_word' id='word_1_885' title='bbox 3357 5657 3608 5727; x_wconf 68' lang='lat' dir='ltr'><strong>infirmas</strong></span> <span class='ocrx_word' id='word_1_886' title='bbox 3649 5667 3701 5714; x_wconf 81' lang='lat' dir='ltr'><strong>et</strong></span> <span class='ocrx_word' id='word_1_887' title='bbox 3729 5673 3840 5727; x_wconf 75' lang='lat' dir='ltr'><strong>per-</strong></span> 
     </span>
    </p>
   </div>
   <div class='ocr_carea' id='block_1_107' title="bbox 2243 5748 3837 5826">
    <p class='ocr_par' dir='ltr' id='par_1_107' title="bbox 2243 5748 3837 5826">
     <span class='ocr_line' id='line_1_107' title="bbox 2243 5748 3837 5826; baseline -0.009 -12"><span class='ocrx_word' id='word_1_888' title='bbox 2243 5759 2374 5814; x_wconf 85' lang='lat' dir='ltr'><strong>ditio</strong></span> <span class='ocrx_word' id='word_1_889' title='bbox 2401 5774 2580 5814; x_wconf 85' lang='lat' dir='ltr'><strong>caram</strong></span> <span class='ocrx_word' id='word_1_890' title='bbox 2602 5756 2828 5812; x_wconf 87' lang='lat' dir='ltr'><strong>Domino</strong></span> <span class='ocrx_word' id='word_1_891' title='bbox 2861 5751 3041 5826; x_wconf 75' lang='lat' dir='ltr'><strong>(Prov.</strong></span> <span class='ocrx_word' id='word_1_892' title='bbox 3075 5752 3211 5820; x_wconf 66' lang='lat' dir='ltr'><strong>ut),</strong></span> <span class='ocrx_word' id='word_1_893' title='bbox 3237 5757 3436 5819; x_wconf 81' lang='lat' dir='ltr'><strong>quanto</strong></span> <span class='ocrx_word' id='word_1_894' title='bbox 3463 5764 3652 5820; x_wconf 73' lang='lat' dir='ltr'><strong>magis</strong></span> <span class='ocrx_word' id='word_1_895' title='bbox 3676 5748 3837 5804; x_wconf 83' lang='lat' dir='ltr'><strong>corda</strong></span> 
     </span>
    </p>
   </div>
   <div class='ocr_carea' id='block_1_108' title="bbox 2247 5839 3839 5912">
    <p class='ocr_par' dir='ltr' id='par_1_108' title="bbox 2247 5839 3839 5912">
     <span class='ocr_line' id='line_1_108' title="bbox 2247 5839 3839 5912; baseline -0.006 -10"><span class='ocrx_word' id='word_1_896' title='bbox 2247 5847 2480 5902; x_wconf 82' lang='lat' dir='ltr'><strong>ﬁliorum</strong></span> <span class='ocrx_word' id='word_1_897' title='bbox 2510 5845 2810 5904; x_wconf 88' lang='lat' dir='ltr'><strong>hominum.</strong></span> <span class='ocrx_word' id='word_1_898' title='bbox 2835 5842 2883 5898; x_wconf 82' lang='grc' dir='ltr'><strong>Δ</strong></span> <span class='ocrx_word' id='word_1_899' title='bbox 2903 5842 3060 5912; x_wconf 78' lang='lat' dir='ltr'><strong>longe</strong></span> <span class='ocrx_word' id='word_1_900' title='bbox 3088 5841 3234 5899; x_wconf 74' lang='lat' dir='ltr'><strong>enirn</strong></span> <span class='ocrx_word' id='word_1_901' title='bbox 3268 5839 3412 5912; x_wconf 83' lang='lat' dir='ltr'><strong>quod</strong></span> <span class='ocrx_word' id='word_1_902' title='bbox 3430 5839 3592 5905; x_wconf 81' lang='lat' dir='ltr'><strong>dicit,</strong></span> <span class='ocrx_word' id='word_1_903' title='bbox 3623 5856 3740 5894; x_wconf 85' lang='lat' dir='ltr'><strong>non</strong></span> <span class='ocrx_word' id='word_1_904' title='bbox 3765 5839 3839 5892; x_wconf 83' lang='lat' dir='ltr'><strong>lo-</strong></span> 
     </span>
    </p>
   </div>
   <div class='ocr_carea' id='block_1_109' title="bbox 2247 5930 3836 6012">
    <p class='ocr_par' dir='ltr' id='par_1_109' title="bbox 2247 5930 3836 6012">
     <span class='ocr_line' id='line_1_109' title="bbox 2247 5930 3836 6012; baseline -0.005 -16"><span class='ocrx_word' id='word_1_905' title='bbox 2247 5954 2371 5996; x_wconf 85' lang='lat' dir='ltr'><strong>cum</strong></span> <span class='ocrx_word' id='word_1_906' title='bbox 2394 5937 2681 6012; x_wconf 78' lang='lat' dir='ltr'><strong>signilicat,</strong></span> <span class='ocrx_word' id='word_1_907' title='bbox 2715 5935 2812 5992; x_wconf 85' lang='lat' dir='ltr'><strong>sed</strong></span> <span class='ocrx_word' id='word_1_908' title='bbox 2856 5942 3102 6003; x_wconf 72' lang='lat' dir='ltr'><strong>tempus;</strong></span> <span class='ocrx_word' id='word_1_909' title='bbox 3149 5933 3277 6003; x_wconf 78' lang='lat' dir='ltr'><strong>quia</strong></span> <span class='ocrx_word' id='word_1_910' title='bbox 3323 5947 3429 5992; x_wconf 83' lang='lat' dir='ltr'><strong>non</strong></span> <span class='ocrx_word' id='word_1_911' title='bbox 3462 5931 3648 5990; x_wconf 78' lang='lat' dir='ltr'><strong>solum</strong></span> <span class='ocrx_word' id='word_1_912' title='bbox 3697 5930 3836 5990; x_wconf 72' lang='lat' dir='ltr'><strong>facta</strong></span> 
     </span>
    </p>
   </div>
  </div>
