3994 6502
210 386 318 461 818

1241 381 1594 442 COMMENT.
1636 380 1702 447 IN
1740 378 1898 443 REG.
1942 378 1998 435 S.
2042 372 2425 435 BENEDlCTl.

3356 369 3462 425 8H

211 513 398 569 nostra
422 501 681 583 pmvidet
699 501 862 566 Deus,
886 512 1074 559 verum
1095 498 1260 554 etiam
1286 505 1576 568 antequam
1596 495 1786 552 existi-
1813 512 1868 577 Α
1890 490 2196 567 exemplum
2221 488 2499 561 discipulis
2515 487 2630 545 suis
2668 486 2934 555 tribuens,
2987 492 3046 541 ut
3075 498 3193 583 non
3221 483 3469 540 volunta-

211 612 425 663 mamus
449 594 552 673 ipsi
580 609 699 661 nos,
729 592 1085 663 cogitationes
1104 599 1321 647 nostras
1343 588 1639 669 cognoscit.
1669 586 1790 643 Non

211 697 297 753 est
318 686 635 763 timendum.
663 684 709 745 si
734 684 873 749 bona
897 681 1147 757 malaque
1198 682 1253 738 in
1290 680 1671 757 cogitationem
1699 694 1792 735 ve-

213 783 385 861 niant,
419 780 517 861 sed
543 779 717 863 magis
743 777 1084 865 gloriandum
1118 786 1221 847 est,
1278 778 1325 841 si
1378 793 1533 847 mens
1582 776 1722 835 mala
1758 793 1791 834 a

213 875 373 953 liquis
422 873 696 959 intellectu
744 873 975 945 rationis
1006 873 1302 953 discernat,
1355 880 1410 928 et
1458 871 1604 951 quod
1650 870 1792 931 inter

212 969 418 1037 bonum
457 976 513 1031 et
552 964 753 1049 ωδιμᾳι
802 983 963 1051 sensu
1012 966 1350 1051 prudentiori
1385 964 1660 1035 discernit,
1700 970 1796 1027 aut

212 1061 357 1131 mala
388 1060 605 1139 cognita
634 1068 847 1133 caveat,
871 1069 963 1127 aut
994 1059 1263 1121 intellecta
1292 1061 1434 1129 bona
1463 1058 1647 1115 faciat.

288 1152 356 1213 Et
396 1155 521 1226 quia
564 1154 810 1227 cogitatio
851 1152 1076 1215 hominis
1118 1152 1453 1223 conﬁtebitur
1498 1151 1590 1208 tibi
1616 1149 1790 1226 (Psal.

210 1240 397 1318 μιν).
430 1241 698 1317 Cogitatio
727 1258 857 1305 vero
881 1244 1115 1322 hominis
1165 1251 1296 1317 tunc
1341 1245 1453 1321 Deo
1482 1244 1793 1317 confitetur,

211 1336 430 1411 quando
459 1346 682 1417 peccata
702 1337 975 1413 przeterita
996 1338 1187 1399 humili
1215 1338 1584 1407 satisfactione
1611 1337 1680 1401 ab
1706 1332 1795 1401 illo

214 1427 543 1507 damnantur
571 1446 586 1483 :
609 1429 739 1507 quia
765 1429 893 1509 dum
917 1430 1289 1507 unusquisque
1323 1431 1501 1489 divina
1525 1429 1797 1507 illumina-

210 1520 365 1579 tione
386 1523 738 1601 praevenitur,
768 1525 959 1609 statim
990 1526 1254 1589 molestiis
1308 1527 1547 1609 turpium
1594 1523 1799 1609 cogitur

211 1612 426 1683 tionum
450 1615 722 1699 pulsatur,
754 1620 849 1701 sed
876 1634 969 1689 cas
991 1620 1219 1701 Domino
1238 1619 1487 1701 conﬁteri
1522 1619 1798 1687 humiliter

209 1723 323 1773 non
348 1717 588 1775 veretur.

289 1800 434 1879 Nam
456 1811 512 1861 ut
532 1800 788 1883 saturitas
809 1803 876 1863 sit
898 1804 1039 1861 circa
1063 1804 1404 1883 cogitationes
1437 1820 1563 1865 suas
1582 1819 1792 1877 perver-

1892 596 2003 644 tem
2050 600 2222 652 suam,
2267 583 2366 639 sed
2391 582 2488 639 Dei
2519 583 2748 649 faciant,
2785 580 3036 637 addidit:
3075 576 3492 661 Verumtamen,"

1891 697 1997 737 non
2043 678 2183 752 quod
2213 694 2306 750 ego
2336 675 2471 749 volo,
2501 674 2593 731 sed
2621 674 2760 747 quod
2786 683 2862 729 tu.
2907 672 2975 729 Et
3017 671 3122 727 alio
3149 670 3270 727 loco
3296 672 3426 728 dicit
3456 690 3471 725 τ

1892 774 2151 831 Descendi
2190 776 2255 830 de
2291 772 2441 840 caelo,
2472 789 2578 828 non
2607 780 2666 826 ut
2687 771 2881 843 faciam
2916 768 3235 827 voluntatem
3279 786 3470 839 meum,

1892 867 1984 922 sed
2006 867 2121 938 ejus
2142 865 2231 938 qui
2254 865 2395 920 misit
2424 880 2506 920 me
2545 861 2727 937 (Joan.
2775 861 2875 937 vt).
2900 861 3057 931 Quod
3085 859 3132 918 si
3160 860 3307 918 illius
3344 860 3477 917 obe-

1895 958 2031 1017 divit
2052 955 2596 1014 faceretvoluntatem
2620 954 2816 1029 patris,
2860 962 3066 1026 quanto
3091 952 3266 1025 magis
3287 966 3477 1010 servus

1895 1056 2057 1112 debet
2080 1053 2323 1115 obedire.
2350 1060 2408 1110 et
2428 1067 2537 1109 non
2578 1065 2754 1117 suam,
2795 1050 2892 1107 sed
2919 1047 3137 1105 Domini
3171 1047 3352 1106 facere
3377 1056 3479 1105 vo-’

1893 1145 2158 1205 luntatem
2182 1146 2198 1202 l

1968 1269 2234 1335 Docemur
2258 1284 2381 1347 ergo
2416 1269 2600 1333 merito
2626 1283 2732 1331 non
2755 1264 2930 1347 facere
2968 1273 3205 1327 nostram
3233 1264 3479 1329 volunta-

1896 1373 2034 1433 tem;
2063 1380 2185 1421 cum
2209 1378 2485 1427 caveamus
2510 1362 2664 1425 illud,
2697 1359 2838 1434 quod
2864 1359 2991 1429 dicit
3029 1366 3210 1433 sancta
3239 1357 3480 1433 Scriptu-

1899 1472 1961 1519 ra
1984 1468 2002 1508 :
2022 1453 2157 1511 Sunt
2174 1456 2274 1515 via:
2307 1472 2426 1535 quin
2454 1453 2698 1513 videntur
2724 1451 3022 1529 hominibus
3057 1459 3230 1517 rector,
3254 1466 3478 1523 quorum

1897 1548 2023 1625 ﬁnis
2045 1564 2208 1623 usque
2227 1548 2296 1609 ad
2320 1547 2642 1625 profundum
2655 1545 2852 1617 inferni
2871 1545 3122 1621 demergit
3144 1540 3328 1623 (Prov.
3345 1541 3482 1616 xvi).

1898 1638 2028 1703 Hinc
2045 1648 2129 1709 est
2151 1639 2243 1701 illa
2270 1628 2381 1705 lata
2399 1648 2455 1695 et
2483 1639 2718 1710 spatiosa
2748 1638 2854 1705 via,
2883 1653 3002 1713 qua:
3031 1652 3131 1710 per
3151 1651 3210 1694 se
3234 1634 3486 1713 gradien-

1901 1738 1985 1795 tes
2003 1727 2155 1787 ducit
2174 1728 2241 1784 ad
2265 1728 2648 1799 perditionem,
2678 1742 2779 1799 per
2806 1742 2964 1801 quam
2997 1726 3154 1787 multi
3181 1723 3489 1797 voluntates

1901 1835 2032 1889 suas
2058 1821 2337 1907 sequendo
2358 1828 2608 1897 pereunt,
2653 1827 2708 1877 et
2745 1819 3080 1907 descendunt
3104 1819 3161 1879 in
3190 1816 3484 1874 infernum.

208 1907 326 1956 sas,
356 1891 497 1947 dicat
520 1909 721 1965 semper
742 1893 887 1950 utilis
915 1894 1083 1968 frater
1103 1895 1159 1951 in
1197 1895 1354 1953 corde
1372 1912 1468 1959 suo
1492 1909 1512 1949 :
1538 1894 1681 1957 Tum:
1706 1910 1795 1953 ero

1923 1909 2042 1969 dine
2067 1884 2286 1987 quidam
2314 1884 2533 1982 sapiens
2554 1884 2687 1965 dicit
2718 1928 2731 1965 :
2781 1906 2880 1964 Via
2905 1910 3234 1982 peccantium
3257 1907 3488 1985 compla-

207 1981 586 2041 immaculatus
611 2002 788 2051 coram
815 2003 896 2053 eo,
917 1988 964 2049 si
999 1987 1332 2049 observavero
1374 2004 1457 2051 me
1500 1988 1565 2049 ab
1598 1987 1794 2067 iniqui-

210 2081 324 2139 tate
349 2091 464 2137 mea
489 2070 662 2159 (Psal,
690 2078 845 2151 xvn).
880 2077 1166 2145 Subtiliter
1188 2082 1470 2149 Natorum
1508 2081 1800 2153 monacho-

215 2182 339 2223 rum
361 2169 471 2224 vita
496 2170 845 2239 describitur,
865 2172 958 2243 qui
989 2176 1205 2243 quando
1234 2175 1300 2229 ad
1330 2174 1567 2246 aliquam
1598 2189 1657 2233 se
1678 2190 1803 2248 gra-

214 2258 350 2337 tiam
378 2261 593 2327 Domini
618 2264 930 2347 pervenisse
957 2275 1309 2351 adgnoscunt,
1340 2256 1558 2340 'cavent
1599 2283 1669 2345 ne
1702 2268 1803 2335 ite-

216 2368 341 2410 rum
380 2353 686 2433 iniquitatis
732 2359 972 2431 antiquze
1023 2358 1425 2439 calamitatibus
1452 2363 1798 2431 innodentur.

214 2440 354 2499 Nam
375 2446 733 2531 cogitationes
758 2448 973 2509 illicitas
1026 2451 1343 2533 immittere,
1370 2455 1676 2517 daemonum
1695 2465 1801 2527 est.

216 2535 638 2623 cogitationibus
663 2554 794 2596 vero
820 2540 1082 2619 obiectari
1103 2546 1396 2621 perversis,
1425 2547 1675 2623 nocivum
1698 2555 1800 2617 est.

215 2621 566 2707 iniquitatem
591 2627 695 2697 hoc
723 2629 779 2684 in
794 2629 915 2687 loco
930 2631 1111 2711 posuit
1136 2648 1238 2704 pro
1262 2621 1611 2711 cogitatione.
1633 2636 1805 2693 Omne

217 2714 368 2771 enim
396 2717 540 2811 quod
564 2733 777 2797 aequum
797 2735 907 2807 non
936 2731 1038 2792 est,
1066 2725 1308 2805 iniquum
1336 2735 1438 2807 est.
1467 2727 1611 2811 Ergo
1631 2729 1723 2805 qui
1747 2744 1807 2791 se

220 2818 253 2863 a
276 2806 460 2877 pravis
480 2807 733 2887 observat
757 2813 1198 2893 cogitationibus,
1248 2806 1418 2881 levius
1466 2834 1525 2874 se
1550 2806 1807 2885 observat

220 2910 254 2959 a
281 2898 464 2971 pravis
491 2900 764 2983 operibus.
795 2902 864 2958 Et
894 2904 1015 2963 ideo
1042 2906 1180 2963 dixit
1213 2923 1227 2962 :
1263 2907 1333 2962 Et
1360 2922 1451 2983 ero
1486 2908 1803 2971 immacula-

222 2996 306 3043 tus
331 3006 509 3051 coram
534 2982 627 3059 ‘eo,
677 2982 725 3048 si
766 2995 1099 3079 observavero
1138 3016 1220 3054 me
1264 3000 1329 3054 ab
1377 2980 1652 3081 iniquitate
1690 3018 1807 3056 mea

224 3076 398 3152 (Psal.
432 3081 586 3154 xvii).
614 3082 693 3141 Ac
719 3086 765 3141 si
795 3074 1036 3147 diceret:
1070 3089 1221 3147 Tunc
1277 3074 1679 3171 immaculatum
1706 3109 1807 3171 puc-

223 3181 342 3233 tero
364 3178 560 3249 ducere
589 3180 782 3248 vitam,
806 3181 853 3238 si
889 3198 976 3238 me
1004 3199 1112 3257 non
1151 3184 1502 3245 maculaverit
1552 3186 1810 3257 cogitatio

222 3281 412 3340 prava.
446 3269 631 3353 Neque
653 3274 797 3353 enim
825 3285 1008 3347 potest
1031 3277 1149 3334 sine
1173 3278 1385 3334 macula
1411 3278 1618 3345 vivere,
1658 3278 1811 3349 cujus

224 3354 411 3430 iniqua
436 3362 691 3441 cogitatio
714 3365 905 3443 polluit
923 3378 1180 3426 mentem.
1200 3370 1308 3427 Sed
1333 3371 1420 3427 ille
1447 3380 1656 3447 tantum
1672 3372 1812 3428 bene

226 3448 612 3513 immaculatus
640 3459 792 3526 vivit,
826 3461 918 3537 qui
952 3477 1011 3519 se
1044 3463 1112 3519 ab
1144 3463 1427 3536 iniquitate
1455 3481 1639 3543 pravae
1666 3465 1815 3539 cogi-

226 3546 452 3604 tationis
485 3551 739 3637 custodit.
777 3553 846 3625 Et
875 3571 943 3637 ne
972 3556 1167 3630 aliquis
1195 3560 1340 3616 dicat
1366 3579 1379 3614 :
1415 3558 1666 3634 Cogitare
1696 3568 1817 3616 tan-

1901 2010 2030 2079 nata
2058 2000 2342 2079 lapidibus,
2373 2011 2421 2058 et
2447 2001 2505 2058 in
2523 2000 2629 2072 ﬁne
2667 1999 2883 2055 illorum
2934 2000 3114 2071 inferi,
3161 2008 3208 2054 et
3241 1998 3488 2063 tenebrae,

1973 2109 2135 2175 paena:
2158 2074 2497 2177 (Eccl.'xxt).
2524 2082 2601 2147 De
2643 2091 2840 2163 quibus
2879 2099 2936 2146 et
2982 2091 3039 2163 in
3074 2090 3214 2147 libro
3238 2087 3339 2145 Job
3367 2090 3497 2161 legi-

1903 2172 2330 2259 turtExsultant
2355 2185 2411 2257 in
2431 2174 2652 2253 lusibus,
2691 2191 2862 2239 tenent
2892 2192 3222 2259 tympanum,
3243 2192 3290 2259 et
3312 2183 3494 2256 cgtha-

1905 2258 2043 2343 ram,
2067 2287 2115 2345 et
2136 2275 2364 2351 gaudent
2388 2275 2456 2333 ad
2483 2276 2713 2345 sonitum
2740 2274 2959 2347 organi;
2987 2264 3253 2351 deducunt
3271 2258 3328 2328 in
3347 2272 3495 2329 bonis

1906 2369 2017 2429 dies
2029 2386 2175 2436 suos,
2189 2377 2237 2424 et
2260 2369 2315 2422 in
2329 2378 2520 2441 puncto
2543 2366 2612 2422 ad
2633 2367 2842 2439 inferna
2855 2365 3176 2427 descendunt
3194 2365 3337 2435 (Job.
3354 2363 3495 2437 xxx).

1906 2457 2044 2531 Nam
2087 2465 2144 2514 et
2171 2459 2235 2514 de
2263 2458 2368 2514 illis
2398 2457 2623 2535 intelligi
2654 2464 2854 2530 potest,
2892 2457 2985 2531 qui
3014 2471 3159 2512 nunc
3183 2455 3340 2511 electi
3369 2471 3492 2511 esse

1909 2551 2193 2621 videntur;
2226 2549 2321 2629 sed
2346 2549 2475 2629 quia
2505 2565 2612 2625 non
2635 2556 2782 2617 sunt,
2811 2564 2842 2604 a
2862 2547 3091 2605 Domino
3113 2546 3496 2620 reprobantur,

1908 2645 2126 2702 dicente
2172 2645 2487 2725 propheta;
2545 2641 2754 2705 Vocavit
2805 2641 3065 2713 Dominus
3109 2640 3377 2714 judicium
3428 2638 3498 2694 ad

1907 2738 2105 2814 ignem,
2154 2746 2203 2792 et
2249 2728 2515 2811 devoravit
2548 2745 2752 2813 partem
2797 2733 3192 2813 domus(1imos
3221 2731 3341 2805 vn).
3368 2732 3505 2791 Pars

1910 2829 2110 2911 quippe
2130 2830 2323 2899 domus
2346 2828 2712 2901 devorabitur,
2733 2827 2861 2901 quia
2910 2826 3033 2884 illos
3057 2828 3227 2903 etiam
3257 2824 3505 2887 infernus

1912 2921 2246 2989 absorbebit,
2289 2922 2381 3009 qui
2435 2938 2579 2981 nunc
2736 2920 2790 2976 in
2850 2921 3135 2995 praeceptis
3189 2918 3504 2997 coelestibus

1913 3024 2065 3075 stare
2093 3002 2414 3103 gloriantur.
2437 3013 2626 3093 Potest
2650 3022 2706 3071 et
2733 3014 2801 3070 de
2828 3013 2936 3070 illis
2958 3029 3067 3069 non
3117 3010 3507 3073 inconvenien-

1913 3116 2000 3164 ter
2028 3109 2277 3183 intelligi,
2306 3102 2443 3187 quos
2468 3108 2598 3183 vitia
2626 3107 2726 3167 sub
2756 3106 3103 3169 simulatione
3134 3106 3393 3181 virtutum
3417 3102 3513 3160 de-

1914 3200 2143 3271 cipiunt.
2195 3199 2454 3273 Quasdam
2524 3198 2658 3261 vitia
2704 3199 2942 3273 speciem
2988 3199 3250 3256 virtutum
3312 3196 3515 3252 habere

1918 3292 2196 3360 videntur,
2251 3293 2348 3367 sed
2374 3292 2606 3349 virtutes
2634 3308 2743 3347 non
2775 3296 2919 3347 sunt.
2949 3289 3088 3349 Nam
3115 3290 3386 3365 interdum
3414 3285 3516 3343 sub

1917 3392 2184 3460 praetextu
2207 3384 2434 3457 iustitia:
2463 3384 2756 3441 crudelitas
2784 3384 2982 3458 agitur,
3036 3388 3093 3436 et
3119 3381 3244 3437 inde
3293 3395 3352 3435 se
3380 3394 3517 3437 non-

1920 3475 2056 3533 nulli
2077 3475 2257 3549 justas
2285 3490 2408 3532 esse
2431 3474 2730 3553 conﬁdunt,
2754 3472 2897 3529 unde
2917 3471 3154 3528 maxime
3175 3469 3315 3549 apud
3336 3468 3520 3525 Domi—

1920 3585 2055 3633 num
2101 3569 2480 3643 reprobantur.
2542 3564 2802 3624 Carnales
2861 3573 3043 3622 autem
3073 3563 3395 3635 plerumque
3418 3576 3518 3634 per

227 3640 368 3735 min}
395 3654 503 3735 ¹ῗ⁰¹¹
533 3640 735 3735 facere:
762 3661 873 3719 ηοιι
902 3656 988 3704 θεῖ
1033 3652 1239 3729 arande
1291 3660 1599 3725 peccatum.
1632 3652 1817 3707 andi”
1924 3640 2399 3719 insensibilitatem
2428 3660 2630 3717 mentis
2678 3674 2788 3715 non
2833 3663 3140 3733 agnoscunt
3181 3655 3375 3731 vitium
3402 3667 3524 3711 esse

230 3730 360 3828 quid
391 3730 457 3828 δέ
488 3730 752 3795 minorum
776 3741 1197 3819 εοςίιθιῑοηὶῠμε
1223 3744 1293 3815 εἰς
1344 3747 1627 3823 εενῑριυωσ
1676 3745 1819 3802 Dic“
1925 3756 2211 3828 culpabile,
2259 3740 2430 3827 quod~
2457 3754 2680 3827 dignum
2729 3730 2947 3828 videtur
2985 3730 3355 3825 damnatione.
3386 3744 3526 3801 Hinc

231 3824 381 3921 enim.
412 3824 693 3919 Scriptura
724 3849 737 3887 :
775 3828 1035 3915 Cogitatio
1064 3839 1212 3893 stulti
1238 3850 1507 3908 peccatum
1536 3849 1612 3895 est
1633 3838 1814 3913 (Prov.
1924 3824 2033 3921 per—
2076 3824 2422 3909 Salomonem
2473 3824 2678 3915 dicitur
2704 3861 2717 3899 :
2747 3824 2892 3900 ‘Vias
2919 3859 3036 3913 qua:
3084 3859 3117 3893 ιι
3173 3824 3373 3892 dextris
3401 3844 3524 3892 sunt

233 3918 409 4011 ξων).
428 3920 497 3981 Et
516 3914 575 3978 ut
609 3924 940 4011 intelligercs
968 3928 1127 4009 quale
1153 3938 1453 4003 peccatum,
1472 3929 1606 3985 dicit
1628 3932 1818 3986 eadem
1924 3914 2068 3995 novit
2125 3937 2405 4000 Dominus,
2448 3914 2707 4005 perversa:
2757 3949 2876 3988 vero
2907 3941 3049 3997 sunt,
3086 3946 3204 4005 qua:
3225 3948 3258 3983 a
3296 3927 3526 3985 sinistris

237 4008 520 4083 Scriptura
562 4012 617 4070 in
658 4008 775 4072 alio
817 4017 935 4076 loco
966 4008 1280 4076 :Perversce
1310 4021 1649 4093 cogitationes
1676 4037 1823 4092 sepa—
1928 4035 2052 4083 sunt
2086 4024 2268 4100 (Prov.
2304 4024 2401 4097 tv).
2434 4023 2760 4097 [intelligitur
2786 4032 2842 4079 et
2883 4022 2951 4077 de
2972 4022 3264 4087 haereticis,
3292 4034 3525 4090 quorum

236 4111 358 4158 rant
382 4120 413 4157 a
437 4104 889 4183 Deo(Sapien.1).
918 4107 1036 4164 Non
1064 4111 1208 4165 enim
1232 4126 1483 4185 parvum,
1501 4109 1596 4163 sed
1618 4111 1823 4187 grande
1932 4120 2129 4193 dogma
2174 4118 2319 4175 illius
2351 4118 2567 4195 videtur
2594 4126 2827 4185 rectum,
2871 4116 2967 4171 sed
3002 4132 3031 4171 a
3083 4114 3366 4197 catliolicis
3395 4115 3528 4195 viris

235 4202 520 4268 Peccatum
543 4206 624 4252 εει
643 4201 885 4267 separari
914 4216 945 4252 8
976 4200 1106 4265 θεον
1131 4209 1187 4254 et
1204 4201 1359 4273 iungi
1386 4201 1621 4257 (Πῖὼοῖοο
1652 4201 1695 4255 Α
1717 4215 1825 4275 quo
1925 4206 2286 4285 discernitur,
2317 4217 2371 4263 ct
2387 4206 2662 4279 iudicatur
2683 4222 2804 4262 esse
2835 4222 3094 4278 pravum;
3117 4206 3244 4277 quia
3265 4222 3529 4276 sequaces

238 4302 304 4345 se
346 4290 484 4346 bene
527 4293 800 4358 observat,
848 4294 941 4364 qui
997 4294 1353 4369 cogitationes
1401 4295 1638 4377 iniquas,
1698 4297 1826 4353 dum
1936 4312 2064 4353 suos
2095 4297 2230 4353 dicit
2258 4298 2327 4355 ad
2355 4305 2639 4353 tartarum.
2679 4297 2818 4354 Hinc
2847 4297 3103 4365 Salomon
3146 4302 3259 4358 ait:
3302 4300 3402 4358 Via
3426 4303 3530 4358 im-

238 4380 419 4463 ttdhuc
438 4382 568 4469 sunt
602 4383 862 4455 parvulas,
896 4394 1041 4443 tenet
1068 4394 1123 4441 et
1152 4387 1323 4443 allidit
1350 4387 1415 4443 ad
1450 4397 1683 4461 petram.

327 4473 657 4530 Voluntatem
687 4494 804 4532 vero
850 4480 1119 4551 propriam
1165 4481 1242 4535 ita
1271 4481 1445 4553 facere
1469 4483 1826 4557 prohibemur,

1936 4390 2147 4462 piorum
2194 4390 2489 4457 tenebrosa,
2521 4390 2759 4445 nesciunt
2810 4392 2897 4446 ubi
2946 4403 3193 4448 corruant
3219 4391 3403 4467 (Prov.
3430 4391 3529 4469 Iv).

1940 4481 2082 4541 Hinc
2104 4482 2305 4557 iterum
2348 4481 2518 4561 dicit:
2553 4480 2621 4555 In
2665 4482 2851 4539 itinere
2892 4493 3303 4558 contemptorum
3341 4501 3533 4557 vorago

238 4581 365 4620 cum
387 4565 814 4668 dicitﬁcriptura
831 4570 976 4625 nobis
998 4570 1099 4626 :Et
1122 4590 1155 4627 a
1179 4571 1530 4630 voluntatibus
1555 4576 1658 4630 tuis
1681 4593 1832 4630 aver-
1857 4605 1912 4668 Β
1943 4571 2129 4649 (Prov.
2157 4572 2301 4646 xm).

239 4664 354 4711 tere
385 4654 553 4728 (Eccl.
615 4658 759 4731 vui).
818 4658 877 4715 in
922 4663 1105 4719 multis
1148 4664 1261 4736 jam
1296 4666 1502 4721 dictum
1549 4676 1652 4735 est,
1706 4669 1834 4739 quia

240 4748 525 4823 propriam
554 4750 889 4809 voluntatem
935 4755 1069 4811 nulli
1131 4770 1369 4830 unquam
1400 4759 1581 4816 facere
1612 4742 1835 4834 permit-

246 4840 473 4896 tendum
501 4849 606 4908 est,
640 4843 742 4899 nisi
760 4844 981 4916 judicio,
1008 4856 1062 4903 et
1085 4851 1404 4920 probatione
1418 4853 1503 4908 vel
1518 4853 1836 4923 multorum,

244 4933 338 4990 vel
366 4951 553 4991 eorum
577 4937 669 5008 qui
697 4951 957 5019 praesunt.
1013 4942 1150 5001 Nam
1204 4944 1349 5002 illam
1402 4950 1631 5006 dicimus
1656 4951 1838 5022 perfe-

252 5035 397 5117 ctam
422 5026 830 5107 continentiam,
855 5051 961 5105 qua
994 5052 1052 5092 se
1079 5032 1113 5092 a
1157 5022 1393 5117 propriis
1413 5043 1527 5097 suis
1548 5042 1841 5098 voluntati-

250 5116 357 5207 bus
382 5121 641 5207 continet.
674 5123 945 5191 Quantum
982 5116 1173 5182 autem
1207 5129 1408 5187 habeat
1456 5132 1701 5205 periculi,
1745 5132 1839 5207 qui

256 5206 589 5289 voluntatem
612 5206 891 5293 propriam
914 5217 1092 5285 facere
1115 5221 1246 5289 vult,
1266 5230 1320 5281 et
1342 5238 1449 5278 non
1466 5220 1704 5291 Domini,
1723 5206 1843 5281 cer-

264 5309 379 5357 tum
425 5310 605 5357 estex
634 5304 892 5376 Apostolo
921 5313 1134 5387 dicente
1173 5336 1186 5369 :
1226 5312 1503 5371 Facientes
1552 5317 1842 5374 voluntates

264 5391 440 5446 carnis
466 5402 516 5447 et
552 5395 927 5465 cogitationum
960 5415 1169 5455 eramus
1211 5404 1496 5475 aliquando
1535 5416 1584 5461 et
1619 5424 1713 5462 nos
1742 5424 1839 5463 na«

267 5492 389 5573 tura
538 5486 655 5552 ἕνα,
682 5487 817 5541 sicut
840 5500 886 5543 et
912 5491 1087 5544 ctrteri
1116 5482 1285 5565 (Eph:
1310 5494 1390 5573 ii).

343 5566 622 5629 Et‘iterum
642 5588 662 5629 :
689 5575 949 5649 Rogemus
970 5578 1139 5634 Deum
1163 5583 1217 5635 in
1237 5566 1496 5651 oratione,
1513 5596 1568 5640 ut
1589 5590 1683 5656 ﬁat
1706 5586 1850 5644 illius

271 5666 507 5723 voluntas
551 5670 608 5726 in
655 5670 801 5725 nobis
833 5670 1045 5740 (Matth.
1071 5675 1169 5747 vr).
1195 5677 1456 5733 Dominus
1481 5678 1850 5738 inﬁrmitatem

272 5758 529 5826 hominis,
581 5775 742 5849 quam
770 5764 1047 5834 portabat,
1087 5768 1377 5825 ostendens
1426 5769 1502 5825 ait
1536 5789 1548 5826 :
1590 5769 1772 5839 Pater,
1807 5774 1854 5829 si

275 5855 392 5941 [teri
419 5861 604 5928 potest,
656 5860 887 5908 transeat
918 5870 949 5909 a
975 5869 1058 5907 me
1086 5857 1226 5911 calix
1252 5860 1348 5913 iste
1397 5858 1547 5935 (Luc.
1585 5860 1740 5934 xm).
1784 5862 1852 5917 Et

2017 4710 2089 4767 Et
2114 4726 2234 4766 cum
2259 4711 2383 4783 item
2406 4726 2684 4768 canamus
2704 4710 2865 4777 illud,
2905 4712 3048 4783 quod
3067 4713 3133 4769 de
3153 4713 3535 4786 negligentibus

1946 4801 2147 4859 dictum
2167 4810 2243 4856 est
2264 4814 2283 4854 :
2307 4802 2555 4872 ϐατταριὶ
2576 4809 2721 4867 sunt,
2750 4810 2798 4861 et
2846 4802 3223 4863 abominabiles
3264 4805 3394 4876 facti
3415 4813 3537 4865 sunt

1944 4893 2006 4955 in
2029 4890 2381 4963 voluptatibus
2406 4894 2518 4957 suis
2542 4889 2851 4966 (Psalau).
2884 4892 3134 4966 Correpti
3158 4904 3285 4957 sunt
3304 4909 3539 4967 sequen-

1948 4986 2021 5053 do
2056 4988 2363 5051 libertatem
2399 4989 2609 5053 arbitrii
2643 4990 2746 5055 sui,
2767 4998 2824 5049 et
2847 4990 3238 5055 abominabiles
3260 4989 3387 5049 tacti
3411 4999 3539 5046 sunt

1949 5084 2230 5155 sequendo
2259 5085 2566 5145 voluntates
2593 5085 2795 5155 proprii
2818 5086 3000 5149 cordis
3022 5085 3125 5142 sui.
3182 5083 3256 5149 Dc
3285 5084 3371 5143 bis
3392 5082 3537 5139 enim

1951 5173 2244 5245 Apostolus
2269 5174 2347 5235 ait
2375 5193 2389 5233 :
2422 5172 2676 5237 Homines
2705 5176 2942 5247 corrupti
2961 5185 3153 5243 mente,
3195 5174 3400 5246 reprobi
3427 5174 3539 5229 sine

1953 5264 2170 5333 aﬂ‘ectu,
2202 5265 2657 5335 praevaricatores,
2685 5266 2935 5335 immites,
2969 5267 3317 5331 canteriatam
3340 5264 3539 5323 haben-

1954 5364 2030 5415 tes
2055 5356 2450 5423 conscientiam,
2482 5364 2588 5417 etc.
2621 5356 2675 5430 (ι
2703 5356 2838 5425 Tim.
2870 5356 2965 5429 tv).

2032 5489 2097 5545 In
2128 5489 2401 5546 desideriis
2428 5508 2545 5547 vero
2569 5494 2744 5547 carnis
2776 5491 2851 5546 ita
2879 5490 3028 5546 nobis
3072 5489 3235 5545 Deum
3268 5490 3540 5546 credamus

1953 5600 2221 5655 superesse
2248 5590 2574 5654 punientem,
2626 5603 2743 5640 cum
2788 5584 2915 5641 dicit
2968 5580 3231 5655 Propheta
3270 5583 3539 5639 Domino:

1956 5675 2092 5731 Ante
2133 5686 2182 5731 te
2222 5686 2299 5733 est
2338 5694 2489 5733 omne
2518 5677 2835 5732 desiderium
2887 5692 3059 5731 meum
3109 5675 3280 5748 (Psal.
3310 5672 3541 5745 sum).

1955 5769 2076 5827 Non
2096 5771 2240 5827 enim
2269 5778 2394 5827 ante
2421 5771 2690 5836 homines,
2723 5771 2921 5841 inquit,
2972 5770 3063 5841 qui
3094 5786 3191 5825 cor
3224 5770 3407 5825 videre
3434 5781 3543 5821 non

1957 5869 2201 5935 possunt,
2238 5863 2334 5920 sed
2379 5869 2506 5918 ante
2553 5869 2608 5918 te
2647 5868 2730 5916 est
2758 5875 2918 5918 omne
2957 5860 3281 5916 desiderium
3311 5872 3490 5915 meum
3527 5875 3539 5911 :
