3994 6498
525 408 634 477 8ίὸ

1815 406 2166 467 SMARAGDI
2202 404 2496 464 ABBATIS

525 535 615 592 cui
641 547 750 588 non
769 530 944 589 latent
963 543 1084 602 qua:
1130 535 1254 586 sunt
1278 528 1334 583 in
1377 525 1707 599 cogitatione
1726 523 1815 582 vel
1835 523 2101 582 desiderio
2127 528 2182 592 Α
2206 530 2328 578 est:
2359 518 2512 578 Oculi
2536 516 2750 573 Domini
2773 531 2929 587 super
2942 513 3140 586 justas,
3171 522 3220 570 et
3245 528 3398 570 aures
3422 512 3536 585 ejus
3570 513 3648 568 ad
3677 529 3812 585 pre-

525 628 708 686 cordis
731 628 859 686 mei.

597 720 898 778 Cauendum
923 735 1044 792 ergo
1071 718 1189 775 ideo
1212 716 1411 774 malum
1448 717 1790 782 desiderium,
1810 714 1936 787 quia
1964 730 2107 770 mors

523 831 675 872 secus
715 815 984 870 introuum
1024 814 1382 870 delectationis
1433 814 1602 886 posita
1623 820 1719 869 est.
1769 809 1916 866 Mors
1965 810 2106 866 dicta

519 909 606 964 vel
640 923 672 963 a
698 922 904 976 morsu,
932 906 1019 964 vel
1046 907 1173 980 quia
1201 923 1386 964 amara
1415 916 1518 963 est.
1546 907 1671 962 Ideo
1712 921 1744 960 a
1789 918 1972 960 morsu
2026 903 2108 958 di-

517 1007 608 1057 cta
637 1007 724 1056 est
749 1015 917 1067 mors,
948 998 1094 1071 quod
1123 998 1412 1056 delectavit
1441 999 1553 1054 Eva
1593 999 1660 1053 de
1695 996 1838 1068 ligno
1865 993 2106 1066 paradisi

520 1093 806 1150 comedere
834 1093 1022 1161 vetito,
1055 1101 1109 1148 et
1135 1107 1293 1149 suasa
1319 1108 1350 1147 a
1377 1091 1587 1148 diabolo
1617 1090 1825 1161 accepit
1859 1104 2102 1160 pomum,

516 1192 574 1240 et
600 1184 892 1241 momordit
920 1183 1072 1251 illud,
1099 1192 1154 1239 et
1177 1183 1359 1239 statim
1381 1189 1611 1238 mortem
1628 1179 1844 1254 glutivit
1860 1194 2104 1234 amaram

514 1288 641 1332 cum
665 1291 872 1332 morsu.
904 1274 1200 1331 Delectavit
1227 1284 1280 1332 et
1305 1273 1613 1340 momordit,
1643 1281 1699 1330 et
1735 1272 1920 1330 statim
1953 1286 2103 1327 mor—

512 1369 584 1424 tis
605 1369 902 1441 perieulum
934 1369 1182 1424 incurrit.
1233 1367 1460 1423 Intravit
1508 1365 1796 1422 delectatio
1849 1363 1998 1436 pomi
2046 1363 2104 1418 in

515 1461 787 1529 animam;
822 1461 1046 1516 intravit
1067 1461 1274 1532 pariter
1302 1468 1357 1517 et
1382 1475 1529 1516 mors
1555 1475 1680 1516 cum
1707 1458 1816 1514 illa.
1861 1457 1929 1512 Et
1981 1456 2104 1512 ideo

510 1563 672 1612 Secus
693 1555 974 1611 introitum
995 1555 1366 1611 delectationis
1397 1561 1625 1611 mortem
1652 1553 1888 1626 positam
1911 1551 2106 1607 beatus

510 1659 632 1701 esse
654 1645 977 1702 Benedictus
997 1646 1148 1702 dicit.
1175 1644 1313 1700 Nam
1353 1646 1544 1702 eodem
1588 1645 1958 1701 blandimento
2003 1641 2107 1697 de-

510 1733 821 1793 lectationis
845 1737 1192 1808 decipiuntur
1216 1753 1361 1792 nunc
1387 1753 1486 1808 per
1508 1737 1802 1802 diabolum,
1841 1751 1949 1806 quo
1973 1750 2102 1805 pro-

510 1827 729 1900 t0plasti
751 1830 807 1885 in
829 1831 1082 1902 paradiso
1105 1839 1230 1887 sunt
1244 1831 1477 1902 decepti.
1505 1831 1760 1888 Diabolus
1781 1831 1924 1886 enim
1937 1845 2104 1901 quan-

508 1921 578 1976 do
600 1922 852 1993 decipere
887 1924 1122 1995 aliquem
1149 1925 1316 1995 cupit,
1345 1914 1496 1996 prius
1521 1932 1771 1980 naturam
1807 1923 1968 1980 unius
2006 1939 2101 1980 cu-

502 2015 696 2087 iusque
731 2016 991 2084 incendit,
1042 2025 1097 2072 et
1134 2017 1259 2072 inde
1305 2033 1364 2073 se
1409 2017 1665 2088 applicat,
1717 2017 1863 2072 unde
1914 2024 2103 2088 aptum

505 2105 787 2164 hominem
831 2109 899 2164 ad
950 2116 1233 2179 peccatum
1291 2108 1610 2180 inspexerit.
1653 2108 1910 2165 Diabolus
1955 2109 2100 2165 enim

502 2213 730 2269 serpens
771 2206 857 2255 est
880 2199 1141 2268 lubricus,
1193 2199 1279 2255 cui
1324 2200 1369 2254 si
1416 2201 1472 2255 in
1509 2201 1685 2271 capite
1739 2199 2100 2272 suggestionis

503 2306 614 2347 non
644 2291 941 2360 resistitur,
967 2300 1111 2347 totus
1142 2293 1197 2347 in
1220 2293 1434 2348 interna
1456 2293 1657 2361 cordis,
1683 2292 1811 2348 dum
1845 2308 1952 2348 non
1976 2308 2100 2350 sen-

501 2383 658 2450 titur,
691 2382 950 2440 illabitur.
979 2383 1038 2440 Si
1063 2393 1244 2440 autem
1266 2385 1315 2440 ei
1329 2384 1540 2442 fortiter
1557 2386 1614 2441 in
1641 2386 1818 2457 capite
1841 2402 1870 2440 a
1894 2385 2098 2443 sanctis

501 2475 634 2531 viris
665 2476 970 2545 resistatur,
1016 2483 1129 2532 tota
1166 2476 1281 2548 ejus
1307 2478 1581 2549 suggestio
1607 2477 1715 2534 cito
1743 2479 2094 2534 anniliilatur.

501 2565 657 2624 Unde
686 2577 740 2624 et
763 2568 1050 2625 Psalmista
1087 2569 1204 2623 ait:
1236 2568 1319 2622 Ad
1357 2568 1581 2624 nihilum
1622 2569 1877 2625 deductus
1923 2577 2001 2626 est
2038 2570 2096 2625 in

500 2671 776 2730 conspectu
822 2661 936 2732 ejus
973 2660 1234 2732 malignus
1263 2659 1436 2736 (Psal.
1475 2661 1626 2734 le);
1659 2670 1749 2719 et:
1775 2662 1973 2720 Beatus
2004 2664 2096 2735 qui

498 2757 636 2806 tenet
656 2760 704 2805 et
725 2750 895 2806 allidit
919 2751 1166 2824 parvulos
1189 2770 1310 2808 suos
1335 2754 1404 2808 ad
1425 2763 1627 2825 petram
1661 2753 1833 2828 (Psal.
1850 2755 2092 2829 cxxxvr).

575 2839 724 2898 Unde
757 2842 1035 2916 Scriptura
1058 2845 1294 2918 prtecipit
1331 2845 1507 2902 dicens
1537 2846 1707 2902 :Post
1735 2847 2094 2920 concupiscen-

500 2934 604 2988 tias
643 2943 762 2990 tuas
791 2953 895 2992 non
916 2954 1004 2992 eas
1035 2937 1202 3010 (Eccl.
1231 2955 1367 2995 xvm
1387 2937 1428 3011 ).
1447 2939 1586 2996 Hinc
1611 2936 1845 2997 Jacobus
1870 2950 2090 3014 aposto-

497 3023 584 3080 lus
628 3025 742 3080 ait:
772 3024 1136 3101 Unusquisque
1192 3047 1310 3086 vero
1353 3040 1588 3087 tentatur
1611 3049 1646 3088 a
1670 3034 2092 3105 concupiscentia

495 3138 595 3176 sua
634 3121 928 3179 abstractus
965 3135 1016 3180 et
1056 3124 1262 3182 illectus
1301 3125 1510 3200 (Iacob.
1544 3127 1616 3200 ι).
1644 3126 1969 3186 Abstractus
2011 3127 2091 3184 vi-

494 3215 692 3273 delicet
719 3225 925 3276 arceto
957 3218 1172 3289 itinere,
1217 3229 1272 3278 et
1312 3221 1527 3279 illectus
1571 3223 1628 3279 in
1681 3223 1904 3280 malum.
1947 3223 2088 3280 Hinc

2211 633 2293 672 ces
2324 631 2505 670 eorum
2535 610 2709 685 (Psal.
2740 609 2958 681 xxxx").
2982 603 3174 665 Vultus
3213 615 3394 664 autem
3437 606 3665 663 Domini
3714 622 3812 663 su-

2204 728 2301 784 per
2327 711 2589 767 facientes
2613 707 2776 775 mala,
2799 717 2859 762 ut
2882 705 3074 778 perdat
3102 705 3170 760 de
3194 711 3341 759 terra
3369 700 3706 758 memoriam
3731 715 3814 758 eo-

2206 821 2349 860 rum.
2387 803 2631 875 Respicit
2653 809 2709 858 et
2737 816 2894 873 super
2921 798 3060 870 ﬁlios
3111 796 3401 862 hominum,
3440 803 3502 849 ut
3534 793 3728 850 videat
3771 793 3813 849 si

2205 904 2282 951 est
2312 895 2505 966 aliquis
2525 895 2667 949 inter
2702 908 2796 950 eos
2819 890 3112 962 intelligens
3145 898 3239 945 aut
3282 888 3555 962 requirens
3613 887 3809 942 Deum.

2203 986 2297 1043 Ille
2329 987 2474 1044 enim
2496 986 2637 1058 apud
2659 983 2828 1041 Deum
2851 980 3155 1056 intelligens
3180 981 3435 1048 habetur,
3453 979 3631 1051 quiin
3646 993 3814 1051 opere

2204 1088 2261 1136 et
2289 1079 2534 1136 oratione
2562 1092 2669 1134 non
2692 1077 2876 1143 alium,
2919 1074 3014 1132 sed
3047 1074 3226 1147 ipsum
3265 1072 3579 1130 auditorem
3636 1071 3811 1127 soln

2205 1171 2438 1243 requirit
2467 1178 2521 1228 et
2548 1178 2757 1226 exorat.
2788 1169 2890 1237 Qui
2916 1183 3023 1225 non
3053 1167 3110 1223 in
3142 1166 3246 1224 alio
3275 1182 3490 1231 curam,
3515 1181 3687 1236 spem
3730 1164 3810 1221 vel

2204 1263 2479 1330 ﬁduciam,
2508 1263 2613 1319 nisi
2639 1263 2695 1318 in
2723 1263 2839 1332 ipso
2861 1261 2976 1317 solo
3002 1257 3544 1332 Dominoponitlesn
3559 1257 3807 1313 Christo.

2204 1354 2422 1422 Curam,
2453 1361 2510 1409 ut
2535 1353 2692 1409 Jacta
2714 1352 2770 1406 in
2799 1351 3026 1407 Domino
3069 1367 3252 1406 curam
3292 1361 3461 1405 tuam.
3515 1349 3724 1419 Spem,
3759 1356 3810 1404 ut

2207 1447 2338 1520 Spes
2381 1463 2498 1502 mea
2546 1444 2804 1500 Dominus
2832 1461 2864 1499 a
2881 1444 3156 1516 juventute
3204 1457 3343 1498 mea.
3395 1441 3725 1506 Fiduciam,
3763 1448 3811 1495 ut

2203 1537 2413 1595 Bonum
2428 1548 2504 1595 est
2524 1537 2784 1608 conﬁdere
2807 1539 2863 1592 in
2894 1536 3140 1592 Domino.
3155 1535 3388 1610 Angelos
3401 1535 3566 1592 nobis
3580 1536 3809 1605 depulso

2209 1640 2294 1690 tos
2318 1633 2469 1700 dicit,
2499 1631 2566 1688 de
2594 1631 2788 1702 quibus
2814 1629 3071 1686 Dominus
3101 1630 3214 1686 ait:
3238 1629 3427 1702 Angeli
3458 1647 3660 1684 eorum
3687 1647 3811 1684 sem-

2206 1742 2299 1798 per
2327 1725 2498 1779 uident
2536 1724 2726 1796 faciem
2755 1722 2934 1777 Patris
2958 1723 3081 1791 mei,
3102 1725 3195 1796 qui
3218 1724 3276 1778 in
3306 1710 3448 1778 certis
3480 1732 3564 1778 est
3591 1722 3806 1796 (Matth.

2205 1818 2384 1892 xvm).
2406 1817 2474 1873 Et
2501 1831 2600 1888 pro
2629 1815 2827 1887 quibus
2858 1813 3058 1871 Paulus
3089 1814 3377 1886 Apostolus
3396 1814 3678 1871 mulieres
3699 1831 3809 1888 pro-

2127 1923 2175 1986 B
2202 1910 2355 1967 hibet
2383 1909 2439 1963 in
2462 1907 2762 1964 Ecclesiam
2794 1922 2902 1964 non
2930 1907 3124 1964 velatis
3154 1908 3360 1965 intrare
3391 1909 3706 1979 capitibus.
3749 1909 3804 1965 Et

2207 2004 2275 2061 de
2300 2005 2496 2076 quibus
2521 2007 2665 2062 idem
2708 2005 2817 2062 alio
2865 2005 2988 2061 loco
3026 2003 3176 2073 dicit,
3216 2005 3361 2076 quod
3412 2005 3616 2076 Angeli
3662 2008 3802 2062 missi

2205 2106 2333 2156 sunt
2357 2099 2412 2154 in
2458 2100 2823 2158 ministerium
2865 2108 3092 2174 propter
3136 2115 3231 2158 eos
3284 2100 3380 2173 qui
3423 2099 3802 2157 haereditatem

2203 2192 2426 2266 capiunt
2453 2193 2668 2250 salutis.

2273 2284 2577 2343 Cavendum
2604 2295 2682 2344 est
2707 2304 2828 2360 ergo
2851 2287 2996 2344 omni
3033 2287 3184 2354 hora,
3230 2287 3444 2358 fratres,
3492 2288 3640 2343 sicut
3685 2289 3800 2343 dicit

2198 2376 2256 2431 in
2275 2376 2477 2448 psalmo
2508 2377 2794 2451 Propheta,
2831 2396 2895 2436 ne
2921 2397 3013 2436 nos
3049 2380 3370 2436 declinantes
3400 2381 3457 2435 in
3494 2380 3724 2448 malum,
3758 2390 3798 2436 et

2198 2469 2408 2526 inutiles
2427 2471 2594 2542 factos
2625 2471 2805 2546 aliqua
2829 2473 2961 2529 hora
2985 2475 3206 2546 aspiciat
3240 2474 3406 2543 Deus,
3446 2487 3502 2532 et
3539 2478 3797 2549 parcendo

2199 2566 2346 2622 nobis
2368 2568 2424 2622 in
2445 2567 2544 2623 hoc
2563 2576 2792 2640 tempore
2832 2568 2988 2642 (quia
3013 2569 3130 2640 pius
3155 2578 3252 2637 est,
3289 2581 3339 2625 et
3387 2583 3661 2642 exspectat
3711 2588 3795 2627 nos

2197 2659 2422 2714 converti
2441 2659 2498 2713 in
2525 2659 2743 2733 melius)
2766 2661 2906 2716 dicat
2929 2662 3072 2718 nobis
3101 2663 3156 2717 in
3186 2662 3368 2733 futuro
3388 2675 3406 2715 :
3429 2661 3564 2719 Hm:
3604 2665 3796 2735 fecisti,

2194 2757 2246 2804 et
2279 2749 2422 2804 tacui
2443 2748 2614 2823 (Psal.
2639 2750 2758 2821 ιιι).
2788 2750 2883 2807 Ille
2902 2751 3047 2808 enim
3075 2751 3312 2808 declinat
3339 2752 3653 2818 in-malum,
3701 2756 3799 2826 qui

2193 2839 2344 2910 prius
2363 2841 2515 2898 stetit
2533 2842 2590 2898 in
2620 2843 2785 2912 bono,
2814 2850 2870 2900 et
2899 2843 2992 2917 qui
3012 2845 3162 2916 prius
3183 2845 3238 2900 in
3263 2851 3409 2902 statu
3451 2847 3799 2902 rectitudinis

2193 2935 2362 3001 stetit,
2391 2933 2440 2991 si
2473 2935 2823 2993 declinaverit
2864 2929 2921 2992 in
2963 2937 3188 3005 malum,
3229 2935 3410 2994 factus
3455 2947 3542 2994 est
3589 2940 3797 2996 inutilis

2192 3041 2383 3084 servus
2409 3035 2466 3084 et
2485 3045 2707 3100 pravus.
2734 3031 2812 3086 De
2834 3029 2928 3086 tali
2950 3031 3095 3087 enim
3119 3030 3299 3087 anima
3320 3031 3457 3088 dicit
3475 3033 3783 3103 Propheta:

2195 3120 2369 3188 Quam
2389 3121 2506 3179 vilis
2525 3122 2668 3193 facta
2694 3142 2746 3180 es
2774 3125 2928 3180 nimis
2957 3125 3153 3180 iterans
3183 3127 3293 3181 vias
3320 3134 3444 3181 tuas
3470 3125 3699 3198 (Jerem.
3716 3126 3794 3198 tt).

2190 3209 2286 3269 Illa
2314 3214 2514 3270 misera
2556 3215 2786 3272 elIicitur
2810 3215 3011 3284 anima,
3042 3231 3162 3287 quae
3192 3216 3259 3272 de
3285 3224 3433 3273 statu
3453 3218 3795 3275 rectitudinis

495 3306 695 3365 iterum
723 3309 838 3381 ipse
867 3331 879 3367 :
909 3312 1110 3369 Dehinc
1163 3315 1581 3387 concupiscentia
1618 3332 1737 3370 cum
1772 3316 2084 3387 conceperit,
2116 3307 2161 3372 C
2193 3307 2387 3363 Cl‘ebl‘o
2411 3308 2743 3367 descendens
2771 3310 3064 3367 committit
3110 3310 3346 3384 culpam.
3392 3310 3563 3369 Unde
3602 3321 3658 3369 et
3701 3314 3793 3369 mi-

490 3399 632 3468 parit
649 3411 941 3472 peccatum.
959 3402 1244 3461 Peccatum
1257 3423 1376 3462 vero
1395 3424 1514 3462 cum
1536 3417 1954 3462 consummatum
1975 3408 2091 3478 fue-

491 3493 584 3560 rit,
640 3505 852 3566 generat
893 3506 1110 3553 mortem
1144 3497 1307 3572 (Ibid.
1327 3499 1368 3572 ).
1392 3499 1655 3556 Tentatus
1679 3509 1765 3556 est
1796 3500 1969 3555 David
2007 3500 2090 3556 vi-

490 3601 556 3641 su
584 3587 772 3643 uxoris
801 3588 1014 3657 alienae,
1042 3591 1167 3646 etin
1185 3593 1622 3663 concupiscentia
1653 3610 1750 3650 sua
1778 3595 2084 3650 abstractus

491 3684 547 3730 et
575 3675 785 3734 illectus
809 3686 913 3734 est.
943 3679 1121 3750 Atque
1141 3681 1230 3737 ubi
1257 3690 1576 3754 conceptum
1625 3684 1802 3740 scelus
1831 3686 2081 3756 perfecit,

490 3767 547 3822 in
572 3777 783 3825 reatum
807 3772 999 3828 mortis
1025 3773 1191 3828 etiam
1216 3775 1438 3847 proprio
1451 3773 1826 3843 orejudicatus
1855 3776 2076 3843 incidit;

492 3874 653 3928 quem
674 3867 856 3916 tamen
891 3863 1203 3932 ptenitendo
1229 3864 1422 3920 evasit.
1481 3864 1745 3921 Tentatus
1792 3873 1876 3921 est
1913 3864 2083 3922 Judas

488 3967 588 4021 per
615 3951 1022 4024 philargyriam,
1054 3959 1109 4007 et
1126 3951 1250 4022 quia
1279 3960 1400 4008 erat
1437 3967 1655 4020 avarus,
1701 3951 1770 4008 ab
1798 3953 1914 4024 ipsa
1943 3969 2080 4011 con-

488 4042 823 4113 cupiscentia
849 4058 947 4100 sua
973 4043 1279 4100 abstractus
1320 4051 1376 4100 et
1419 4043 1629 4100 illectus
1683 4045 1750 4100 ad
1799 4045 2078 4103 interitum

488 4136 874 4193 consentiendo
894 4143 979 4192 est
1003 4136 1283 4193 deductus.
1311 4136 1574 4193 Tentatus
1600 4145 1684 4194 est
1719 4136 1921 4209 Ioseph
1949 4155 2075 4195 ver-

484 4233 571 4289 bis
600 4232 864 4298 dominaz;
896 4231 991 4288 sed
1015 4232 1142 4304 quia
1160 4246 1259 4287 nec
1286 4231 1781 4302 concupiscentiam
1811 4231 2071 4298 libidinis,

484 4340 589 4382 nec
607 4323 1019 4382 delectationem
1046 4324 1236 4381 habuit
1277 4323 1479 4391 carnis,
1507 4338 1541 4379 a
1569 4323 1864 4380 tentatione
1897 4322 2074 4380 victor

487 4419 681 4474 evasit.

559 4507 702 4581 Ergo
729 4507 775 4563 si
806 4506 942 4562 oculi
967 4505 1176 4561 Domini
1222 4504 1560 4578 speculantur
1603 4505 1765 4562 bonos
1812 4515 1862 4563 et
1904 4505 2070 4566 malos

486 4599 660 4674 (Psal.
677 4598 869 4670 χχιιι),
886 4608 934 4653 et
956 4597 1211 4652 Dominus
1232 4597 1296 4652 de
1323 4597 1449 4653 caelo
1472 4614 1673 4671 semper
1694 4601 1902 4672 respicit
1915 4618 2072 4674 super

2192 3414 2314 3456 sera
2349 3408 2403 3457 et
2428 3401 2637 3458 inutilis
2665 3401 2948 3470 estfacta;
2984 3403 3079 3460 sed
3106 3418 3208 3461 nec
3231 3404 3438 3461 talibus
3466 3406 3785 3464 interdicen-

2190 3493 2258 3549 da
2285 3501 2369 3550 est
2389 3495 2570 3550 venia.
2604 3493 2712 3552 Sed
2740 3496 2844 3552 hoc
2869 3510 3092 3554 necesse
3114 3505 3198 3554 est
3220 3504 3282 3553 ut
3300 3499 3610 3567 custodiat,
3641 3499 3790 3555 utsic

2187 3587 2524 3655 praeteritam
2551 3587 2773 3660 plangat
2800 3589 3037 3660 culpam,
3062 3605 3131 3646 ne
3170 3589 3370 3646 iterum
3424 3591 3788 3666 plangendum

2187 3680 2514 3747 committat,
2543 3687 2601 3736 et
2636 3695 2762 3737 eum
2809 3680 3070 3740 Dominus
3113 3680 3436 3754 frequenter
3471 3695 3787 3755 peccantem

2185 3772 2477 3843 aspiciens,
2506 3781 2562 3828 et
2594 3774 2792 3833 reverti
2820 3773 2911 3829 diu
2942 3775 3010 3830 ad
3024 3773 3408 3844 paenitentiam
3431 3788 3784 3848 exspectans,

2183 3861 2261 3917 illi
2301 3863 2506 3918 nolenti
2551 3865 2884 3920 dicat:ch
2923 3865 3096 3935 fecisti
3139 3873 3189 3922 et
3225 3868 3367 3922 tacui
3399 3866 3585 3942 (Psal.
3621 3869 3785 3942 xm).

2183 3953 2444 4026 Superius
2473 3956 2619 4012 enim
2647 3957 2917 4027 peccatori
2958 3958 3219 4016 Dominus
3257 3960 3522 4019 dixerat:
3562 3962 3642 4019 Ta
3673 3983 3784 4022 cere

2181 4047 2338 4102 odisti
2363 4048 2716 4121 disciplinam,
2745 4059 2793 4106 et
2817 4051 3084 4124 projecisti
3117 4071 3380 4111 sermones
3410 4075 3558 4114 meos
3591 4070 3784 4116 retror-

2178 4158 2294 4196 sum
2310 4139 2482 4215 (Psal.
2501 4144 2686 4216 xux);
2718 4153 2776 4202 et
2794 4155 3012 4215 caetera,
3044 4166 3164 4222 qua:
3187 4149 3261 4206 ibi
3294 4153 3579 4224 descripta
3603 4170 3782 4226 pecca-

2178 4243 2360 4289 torum
2382 4236 2552 4289 multa
2581 4238 2889 4293 retinentur
2909 4238 3072 4295 mala.
3101 4240 3170 4296 Et
3194 4249 3324 4298 tunc
3349 4243 3462 4300 ista
3485 4245 3782 4317 subiiciens

2176 4326 2314 4382 dixit
2341 4328 2616 4399 peccatori
2639 4329 2692 4385 in
2721 4330 3041 4389 vindictam.
3070 4333 3149 4392 Ac
3173 4335 3218 4392 si
3249 4337 3459 4394 diceret
3493 4357 3508 4393 :
3543 4339 3679 4398 Haec
3697 4358 3780 4398 sn-

2173 4419 2420 4490 pradicta
2446 4419 2758 4492 frequenter
2783 4426 3104 4483 commisisti
3134 4438 3380 4498 peccata,
3409 4439 3471 4486 et
3519 4450 3642 4490 non
3688 4433 3776 4490 tibi

2175 4510 2385 4568 reddidi
2414 4512 2630 4586 dignam
2656 4515 2837 4587 operis
2890 4518 2968 4572 tui
2996 4519 3152 4589 pravi
3185 4519 3508 4588 vindictam,
3554 4525 3662 4580 sed
3693 4540 3779 4596 po-

2175 4604 2282 4662 tius
2304 4607 2465 4675 tacui,
2500 4617 2555 4664 et
2584 4611 2894 4680 exspectavi
2923 4618 2977 4667 te
3005 4612 3244 4667 converti
3258 4612 3326 4668 ad
3367 4615 3770 4684 ptenitentiam.

483 4694 626 4766 ﬁlios
652 4694 943 4760 hominum,
967 4701 1024 4746 ut
1053 4692 1225 4746 videat
1247 4691 1292 4746 si
1322 4700 1399 4746 est
1436 4691 1729 4764 intelligens
1765 4703 1859 4748 aut
1893 4697 2070 4766 requi-
2094 4676 2149 4736 D
2173 4697 2294 4754 Non
2321 4699 2418 4756 tibi
2443 4716 2542 4770 pro
2569 4676 2727 4756 malis
2762 4701 2990 4758 reddere
3027 4703 3168 4760 volui
3194 4676 3491 4772 malm-sed
3525 4710 3700 4776 tacui,
3727 4718 3774 4763 et

484 4805 602 4845 rens
625 4788 817 4854 Deum,
853 4794 900 4840 et
930 4785 975 4840 si
1000 4784 1063 4840 ab
1107 4783 1302 4857 angelis
1348 4784 1494 4840 nobis
1539 4786 1802 4858 deputatis
1838 4789 2071 4861 quotidie

484 4886 706 4942 Domino
721 4886 914 4958 factori
934 4893 1109 4940 nostro
1136 4901 1292 4957 opera
1333 4893 1512 4940 nostra
1552 4888 1867 4942 nuntiantur
1893 4886 2066 4961 (Psal.

483 4982 625 5052 xm).
650 4980 802 5036 Oculi
823 4979 1036 5034 Domini
1061 4979 1328 5049 respectio
1352 4986 1436 5034 est
1463 4977 1667 5047 divina,
1711 4996 1816 5051 qua
1852 4994 2069 5049 semper

481 5074 702 5144 respicit
725 5089 887 5144 super
905 5073 1092 5138 bonos,
1118 5081 1179 5127 ut
1199 5087 1294 5129 eos
1322 5073 1388 5128 ab
1411 5072 1623 5128 insidiis
1652 5071 1859 5126 inimici
1885 5071 2069 5127 defen-

481 5165 592 5231 dat,
616 5180 646 5218 a
674 5163 910 5236 peccatis
939 5165 1221 5232 custodiat,
1275 5171 1331 5219 et
1366 5163 1422 5218 in
1458 5163 1617 5219 bonis
1649 5162 1851 5234 jugiter
1887 5162 2066 5233 operi-

478 5253 581 5309 bus
637 5254 934 5326 persistere
985 5255 1166 5311 l‘aciat.
1223 5257 1604 5328 Respexerunt
1656 5257 1798 5313 oculi
1851 5258 2063 5314 Domini

477 5345 725 5413 Petrum,
775 5356 830 5402 et
856 5348 945 5403 ille
988 5348 1173 5404 statim
1217 5363 1471 5407 reversus
1512 5367 1543 5406 a
1579 5351 1884 5422 negationis
1929 5350 2063 5407 vitio

477 5438 731 5510 cognovit
764 5439 1072 5507 Dominum,
1103 5448 1158 5495 et
1184 5455 1368 5497 amare
1413 5440 1591 5497 ﬂendo
1627 5441 1936 5497 emendavit
1969 5441 2063 5497 de-

477 5526 687 5585 lictum.
714 5530 1072 5602 Speculantut‘
1097 5548 1224 5604 ergo
1248 5533 1390 5588 oculi
1430 5532 1643 5589 Domini
1677 5534 1850 5589 bonos
1873 5540 1926 5587 et
1950 5547 2062 5588 ma-

469 5620 579 5693 los,
601 5632 662 5679 ut
692 5624 848 5680 bonis
884 5627 1043 5693 bona,
1073 5634 1129 5681 et
1153 5626 1310 5684 malis
1338 5627 1643 5682 retribuant
1662 5627 1826 5682 mala.
1852 5627 1926 5683 Ut
1954 5626 2058 5683 illis

474 5729 577 5787 pro
600 5716 758 5774 bonis
783 5719 1036 5790 operibus
1073 5719 1314 5790 praemia,
1345 5719 1464 5775 istis
1490 5735 1588 5790 pro
1615 5720 1800 5790 pravis
1829 5717 2057 5774 actioni-

2173 4790 2482 4860 eXSpectavi
2513 4796 2573 4843 ut
2595 4790 2972 4861 paenitentiam
3003 4794 3182 4863 agenti
3208 4794 3503 4852 redderem
3525 4800 3768 4868 prmmia.

2173 4880 2378 4937 Tacere
2406 4881 2551 4937 enim
2575 4883 2788 4938 Domini
2823 4893 2928 4953 est,
2957 4886 3229 4957 peccatori
3256 4886 3467 4944 malum
3493 4906 3600 4960 pro
3639 4890 3768 4946 malo

2170 4989 2281 5030 non
2328 4975 2576 5044 reddere,
2625 4977 2720 5033 sed
2758 4977 2850 5034 diu
2897 4979 2965 5035 ad
3001 4979 3382 5051 paenitentiam
3422 4995 3764 5057 exspectare.

2170 5066 2451 5126 Peccatori
2490 5070 2635 5126 enim
2670 5071 2932 5129 Dominus
2969 5089 3077 5129 non
3115 5081 3338 5142 taceret,
3395 5078 3500 5132 sed
3538 5095 3766 5152 respon-

2170 5162 2343 5229 deret,
2373 5164 2419 5218 si
2450 5163 2744 5219 vindictam
2773 5165 2838 5220 de
2866 5165 2982 5237 ejus
3009 5167 3191 5237 pravis
3229 5168 3542 5227 actionibus
3587 5175 3762 5226 statim

2168 5263 2528 5325 exspectaret.
2569 5256 2677 5311 Sed
2712 5271 2873 5328 quem
2913 5257 3004 5312 diu
3045 5267 3322 5329 exspectat
3354 5268 3414 5310 ut
3458 5257 3758 5327 pceniteat:

2168 5347 2216 5405 si
2248 5348 2624 5420 paenitentiam
2655 5364 2764 5404 non
2809 5352 3000 5419 egerit,
3041 5346 3218 5403 subito
3255 5343 3387 5402 ferit
3431 5357 3497 5403 ut
3547 5360 3758 5423 pereat.

2545 5450 2624 5502 De
2644 5450 2863 5501 secundo
2885 5449 3171 5501 humilitatis
3193 5449 3368 5511 gradu.

2237 5535 2513 5593 Secundus
2542 5533 2850 5588 humilitatis
2888 5532 3085 5605 gradus
3111 5543 3205 5599 est,
3235 5535 3280 5589 si
3315 5537 3597 5607 propriam
3645 5539 3758 5609 quis

2167 5645 2271 5685 non
2305 5645 2489 5683 amans
2523 5625 2864 5692 voluntatem,
2903 5625 3161 5682 desideria
3191 5643 3288 5682 sua
3319 5644 3424 5682 non
3469 5629 3758 5686 delectetur

2163 5719 2408 5791 implere'
2433 5719 2525 5776 sed
2553 5736 2728 5775 vocem
2758 5717 2906 5774 illam
2941 5717 3156 5774 Domini
3184 5719 3339 5791 factis
3378 5719 3642 5790 imitetur,
3676 5723 3754 5779 di—

477 5804 579 5860 bus
638 5823 856 5876 poenam
876 5811 1076 5867 tribuat
1105 5811 1507 5881 sempiternam.
1534 5809 1672 5865 Istos
1711 5817 1773 5864 ut
1800 5810 2057 5865 exaudiat
2160 5816 2324 5870 centis
2352 5829 2369 5868 :
2398 5815 2521 5871 Non
2551 5814 2662 5870 veni
2691 5813 2865 5883 facere
2920 5810 3236 5868 voluntatem
3273 5830 3463 5882 meam,
3510 5815 3609 5871 sed
3639 5816 3751 5888 ejus

481 5895 747 5964 etsalvet,
781 5897 900 5958 illos
929 5907 990 5958 ut
1013 5900 1203 5972 perdat
1224 5911 1278 5956 et
1320 5903 1560 5972 damnet,
1604 5901 1742 5960 sicut
1790 5900 2054 5973 scriptum
2158 5905 2248 5978 qui
2277 5907 2415 5965 mis-it
2450 5922 2529 5963 me
2556 5905 2737 5978 (Joan.
2759 5901 2855 5975 vt).
2881 5901 3035 5963 Sicut
3067 5920 3171 5965 non
3197 5913 3380 5979 potest
3417 5905 3593 5968 homo
3638 5908 3748 5968 ῡω
