3994 6458
235 417 339 478 817

1257 415 1618 478 COMMENT.
1655 415 1727 478 IN
1765 414 1924 476 REG.
1965 416 2025 474 S.
2067 412 2428 475 BENEDICTI

3395 423 3502 489 818

231 536 397 602 simul
425 545 483 596 et
509 525 828 598 mammonae
852 524 1082 606 servire,
1124 540 1205 598 sic
1250 555 1360 598 non
1408 549 1590 615 potest
1619 540 1814 599 volun-
1838 543 1895 606 Α
1918 546 2079 606 trem,
2105 545 2162 595 et
2180 538 2352 596 simus
2378 551 2481 611 pro
2521 537 2666 596 illius
2718 551 2902 597 amore
2947 521 3260 610 majoribus
3282 523 3503 601 subditi

236 641 408 692 tatem
434 633 713 705 propriam
741 640 800 687 et
823 632 918 687 Dei
945 633 1154 702 pariter
1201 633 1425 703 implere
1455 634 1816 690 voluntatem.

237 724 359 784 Uno
395 725 540 780 enim
565 740 660 780 vas
705 724 897 796 poculo
945 724 1163 797 plenum
1206 728 1418 800 impleri
1471 727 1667 800 poculo
1708 742 1818 784 non

231 817 436 891 poterit
471 816 662 873 altero.
693 815 810 873 Nisi
836 817 982 874 enim
1031 819 1363 876 exhaurierit
1411 820 1682 886 nocivum,
1710 833 1819 876 non

233 907 442 981 poterit
465 905 764 963 hauriendo
791 907 1014 978 implere
1057 908 1318 980 proﬁcuo.
1363 907 1475 966 Nec
1513 910 1675 965 unius
1719 924 1817 981 pe-

232 1003 404 1058 ctoris
432 1017 568 1058 urna
595 1001 778 1058 carnis
805 1002 967 1057 simul
992 1010 1047 1058 et
1066 1001 1365 1072 maiestatis
1405 1003 1677 1060 sustinere
1720 1017 1818 1074 po-

235 1093 364 1148 terit
391 1093 680 1161 desideria,
721 1094 818 1150 sed
859 1094 1002 1150 unde
1044 1096 1304 1152 recedunt
1344 1112 1496 1164 unm,
1523 1097 1820 1154 succedunt

233 1185 374 1252 alias,
398 1186 452 1242 id
486 1193 589 1252 est,
621 1201 654 1240 a
683 1199 789 1256 qua
821 1193 1001 1242 mente
1038 1188 1299 1244 recedunt
1345 1188 1480 1244 vitia
1520 1188 1818 1246 succedens

230 1275 494 1333 virtutum
528 1276 685 1348 copia
711 1276 972 1348 possidet.
1006 1277 1150 1350 Ergo
1174 1293 1206 1332 a
1232 1279 1405 1336 nostri
1423 1279 1662 1352 pectoris
1689 1292 1817 1334 arca

229 1366 598 1423 exhaurienda
629 1377 756 1424 sunt
788 1368 1029 1425 carnalia
1069 1369 1356 1437 desideria,
1409 1380 1471 1427 ut
1511 1379 1575 1426 et
1606 1369 1817 1442 impleri

225 1459 400 1532 possit
423 1459 681 1516 virtutum
707 1461 1033 1532 spiritalium
1076 1463 1251 1535 copia,
1284 1471 1340 1519 et
1374 1479 1405 1519 a
1444 1463 1554 1519 Deo
1591 1462 1816 1519 venien-

227 1548 305 1604 tia
333 1555 520 1605 tenere
537 1551 708 1620 possit
726 1551 990 1622 spiritalia
1019 1552 1302 1610 desideria.
1333 1552 1472 1610 Hinc
1501 1553 1647 1610 enim
1680 1553 1818 1610 scri-

224 1650 378 1714 ptum
397 1649 482 1698 est
511 1659 526 1698 :
557 1643 782 1716 Lignum
801 1646 918 1701 vita:
943 1646 1261 1704 desiderium
1282 1649 1511 1718 veniens,
1535 1658 1584 1706 et
1604 1650 1815 1706 deside-

223 1737 364 1791 rium
384 1753 538 1793 suum
557 1738 719 1809 justis
757 1741 972 1796 dabitur
1011 1740 1198 1815 (Prov.
1234 1745 1378 1821 xtn).
1401 1744 1480 1801 De
1524 1744 1816 1816 impiorum

223 1838 407 1887 autem
437 1832 704 1891 desiderio
731 1835 808 1891 ita
839 1838 1101 1908 scriptum
1132 1839 1600 1898 estzDesiderium
1627 1842 1817 1914 impio-

1921 648 2093 705 usque
2117 635 2187 690 ad
2214 641 2448 689 mortem
2479 651 2493 688 :
2518 633 2645 704 quia
2671 641 2728 690 et
2763 634 2873 702 ille,
2902 649 3028 692 eum
3082 635 3140 690 in
3188 634 3362 691 forma
3402 637 3502 695 Dei

1921 735 2084 794 esset,
2115 741 2224 782 non
2255 726 2504 797 rapinam
2527 726 2820 784 arbitratus
2842 734 2925 784 est
2964 741 3084 784 esse
3128 741 3189 783 se
3238 727 3502 798 aequalem

1921 817 2054 886 Deo,
2106 819 2203 876 sed
2248 819 2596 889 semetipsum
2639 818 2933 874 exinauivit
2973 818 3203 874 formam
3236 819 3382 875 servi
3412 834 3504 877 ac-

1921 910 2150 981 cipiens,
2172 909 2227 965 in
2250 911 2656 966 similitudinem
2683 911 2960 966 hominum
2985 910 3186 984 factus,
3218 918 3273 968 et
3314 913 3504 970 habitu

1920 1002 2174 1059 inventus
2193 1011 2255 1058 ut
2277 1003 2440 1060 homo
2467 1003 2771 1058 humiliavit
2796 1003 3146 1073 semetipsum
3175 1003 3354 1060 factus
3374 1006 3504 1062 obeu-

1921 1094 2076 1150 diens
2103 1109 2276 1164 usque
2295 1095 2363 1151 ad
2391 1103 2641 1151 mortem.
2689 1093 2868 1149 Videte
2904 1112 3047 1166 ergo,
3071 1096 3214 1151 idem
3241 1096 3319 1152 ait
3359 1096 3502 1168 Apo-

1919 1185 2112 1252 stolus,
2137 1186 2346 1258 qualem
2373 1187 2679 1243 charitatem
2704 1186 2846 1241 dedit
2892 1187 3036 1240 nobis
3066 1186 3248 1254 Pater,
3298 1195 3355 1243 ut
3405 1189 3505 1259 ﬁlii

1919 1276 2020 1334 Dei
2046 1279 2375 1335 nominemur
2401 1289 2449 1336 et
2475 1281 2638 1336 simus
2669 1279 2721 1353 (ι
2755 1278 2911 1335 Ioan.
2945 1279 3049 1351 ιιι).
3085 1279 3162 1335 Ita
3201 1283 3345 1338 enim
3378 1297 3508 1354 per-

1921 1372 2049 1430 fecti
2079 1375 2285 1432 erimus
2313 1375 2591 1443 charitate,
2626 1375 2670 1432 si
2694 1375 2892 1431 nullius
2931 1374 3172 1440 alterius,
3215 1376 3322 1430 nisi
3365 1376 3507 1432 sicut

1921 1465 2011 1522 ille
2041 1467 2229 1523 salutis
2256 1477 2457 1526 nostra:
2476 1470 2651 1542 gratia
2679 1469 2828 1541 prior
2851 1483 2952 1525 nos
2972 1467 3190 1534 dilexit;
3218 1469 3293 1523 ita
3327 1478 3382 1524 et
3404 1485 3504 1526 nos

1920 1558 2121 1616 nullius
2140 1559 2364 1617 alterius
2382 1560 2483 1627 rei,
2505 1561 2609 1617 nisi
2639 1568 2854 1617 tantum
2873 1559 2957 1616 sui
2971 1557 3172 1615 amoris
3195 1557 3504 1627 dilectione,

1920 1657 1977 1707 et
1997 1649 2296 1721 majoribus
2318 1651 2498 1719 subdi,
2525 1660 2582 1708 et
2607 1668 2706 1723 pro
2731 1652 2823 1709 illo
2844 1652 2983 1708 mori
3010 1653 3180 1709 simus
3198 1649 3395 1724 parati.

2327 1752 2409 1805 De
2429 1758 2603 1817 quarto
2618 1754 2900 1805 humilitatis
2922 1755 3096 1818 gradu.

1993 1837 2230 1904 Quartus
2256 1836 2568 1893 humilitatis
2596 1838 2792 1909 gradus
2815 1846 2911 1905 est,
2926 1838 2972 1893 si
2989 1839 3045 1892 in
3072 1837 3186 1910 ipsa
3213 1837 3508 1895 obedientia

223 1939 341 1978 rum
369 1927 744 1983 munimentum
781 1938 856 1984 est
885 1932 1226 2000 pessimorum
1254 1930 1444 2004 .(Prov.
1481 1932 1602 2005 xu).
1630 1934 1698 1990 Et
1715 1934 1814 1990 ali-
1837 1926 1888 1989 B
1915 1927 2066 1983 duris
2087 1937 2136 1983 et
2163 1928 2442 1984 contrariis
2474 1928 2626 1984 rebus
2653 1928 2731 1985 vel
2756 1929 2914 1985 etiam
2933 1929 3244 2001 quibuslibet
3262 1930 3510 2003 irrogatis

221 2013 279 2070 bi
305 2017 564 2089 scriptum
589 2029 671 2076 est
697 2040 710 2075 :
734 2020 804 2076 In
833 2021 1147 2078 allocutione
1175 2025 1420 2081 desiderii
1449 2028 1684 2082 ascendit
1705 2028 1809 2085 illis

222 2107 288 2163 de
311 2111 445 2164 mari
470 2120 839 2184 ortygometra,
885 2123 935 2169 et
974 2117 1270 2171 vexationes
1312 2119 1668 2189 peccatoribus
1716 2136 1812 2174 su-

223 2214 564 2272 pervenerunt
593 2203 748 2277 (Sap.
774 2206 912 2282 xxx).
943 2209 1084 2281 Ergo
1124 2209 1490 2280 relinquendae
1537 2219 1667 2268 sunt
1711 2227 1814 2268 no—

222 2300 349 2350 stne
381 2296 686 2354 voluntates
725 2307 780 2354 et
808 2299 1094 2368 desideria,
1123 2309 1186 2357 ut
1205 2300 1364 2358 factis
1407 2302 1554 2358 illam
1597 2305 1812 2362 Domini

221 2399 414 2442 vocem
450 2389 652 2444 imitari
681 2392 951 2462 possimus
984 2408 1090 2464 qua
1119 2393 1286 2450 dicit:
1311 2394 1436 2451 Non
1475 2398 1593 2453 veni
1640 2397 1814 2468 facere

221 2475 539 2533 uoluntatem
569 2496 758 2549 meam,
790 2483 881 2537 sed
908 2482 1022 2553 ejus
1058 2485 1150 2558 qui
1177 2485 1318 2540 misit
1359 2503 1462 2543 me.
1515 2486 1671 2556 Quod
1717 2505 1816 2546 au-

224 2573 338 2623 tem
367 2569 608 2640 sequitur
627 2587 641 2625 :

295 2656 430 2712 Item
467 2661 593 2716 dicit
641 2661 953 2735 Scriptura:
985 2664 1244 2725 Voluntas
1287 2668 1439 2726 habet
1483 2687 1712 2744 poenam,
1762 2681 1815 2731 et

224 2751 502 2805 necessitas
546 2755 687 2823 parit
743 2771 1010 2812 coronam.
1064 2758 1266 2818 Fateor
1312 2778 1424 2830 me,
1481 2765 1587 2820 nisi
1630 2765 1810 2837 fallor,

223 2853 502 2912 nunquam
531 2843 714 2903 hocin
757 2847 954 2906 divinis
995 2850 1192 2925 legisse
1229 2854 1557 2928 Scripturis;
1590 2866 1646 2914 et
1690 2859 1814 2917 ideo

224 2944 332 2986 non
357 2931 518 3001 hujus
553 2938 834 2996 sententiae
854 2956 1064 3009 sonum,
1106 2945 1203 3000 sed
1234 2948 1407 3017 magis
1446 2947 1687 3017 ejusdem
1730 2952 1815 3008 in-

225 3022 500 3083 tellectum
525 3043 769 3099 quaerere
797 3034 940 3091 volo.
965 3036 1109 3093 Dicit
1146 3039 1329 3097 enim:
1365 3041 1614 3115 Voluptas
1659 3046 1815 3102 habet

223 3134 446 3188 plenam,
478 3131 526 3178 et
549 3127 825 3183 necessitas
849 3130 989 3200 parit
1027 3147 1293 3189 coronam.
1342 3135 1422 3191 Ac
1467 3138 1514 3193 si
1560 3139 1807 3197 diceret:

224 3211 360 3270 Lata
384 3223 438 3272 et
461 3219 697 3288 spatiosa
711 3223 798 3278 via
817 3231 920 3293 est,
944 3240 1064 3296 quae
1081 3226 1229 3283 ducit
1248 3229 1316 3284 ad
1336 3231 1528 3287 mortis
1556 3220 1807 3304 poenam;

223 3312 372 3362 arcta
400 3316 455 3363 et
475 3321 704 3383 angusta
723 3321 807 3370 est
829 3316 941 3384 via,
977 3333 1099 3388 quae
1121 3319 1270 3376 ducit
1291 3321 1360 3376 ad
1378 3322 1579 3390 vitam;
1601 3325 1693 3380 ubi
1716 3340 1813 3382 ne-

223 3397 531 3488 cessitatem
569 3418 669 3473 pro
709 3406 936 3463 Domino
967 3411 1235 3480 patientes
1274 3427 1504 3470 coronas
1545 3416 1814 3488 recipiant

221 3485 598 3555 sempiternas.
626 3489 765 3548 Hinc
806 3489 1005 3551 iterum
1047 3495 1309 3554 Dominus
1357 3500 1524 3557 dicit:
1553 3485 1677 3570 Qui
1701 3504 1812 3560 vult

219 3584 333 3645 post
386 3594 468 3634 me
514 3583 686 3638 venire
733 3585 946 3659 abneget
994 3591 1344 3662 semetipsum,
1397 3593 1547 3650 tollat
1602 3613 1809 3652 crucem

220 3680 392 3759 suam,
418 3678 466 3722 et
493 3683 741 3743 sequatur
777 3693 857 3731 me
885 3677 1099 3750 (Matth.
1122 3698 1236 3748 xw;
1262 3682 1392 3740 Luc.
1427 3685 1526 3759 ιι).
1565 3686 1705 3755 Quid
1728 3697 1815 3747 est

221 3755 365 3850 aliud
395 3762 744 3834 semetipsum
777 3768 1048 3841 abnegare
1077 3774 1184 3829 nisi
1206 3774 1371 3831 latam
1411 3755 1807 3850 et'spatiosam

221 3847 364 3904 viam
406 3850 674 3922 deserere,
708 3866 765 3914 et
803 3860 1110 3920 voluntates
1157 3866 1404 3938 proprias
1456 3847 1641 3927 odi—re?
1669 3871 1810 3940 Quid

223 3949 306 3996 est
340 3943 491 4001 tollat
517 3963 735 4006 crucem
763 3967 917 4009 suam
955 3963 1010 4011 et
1038 3967 1297 4028 sequatur
1320 3975 1426 4024 me,
1454 3962 1559 4018 nisi
1599 3970 1809 4022 arctam

222 4040 277 4086 et
301 4045 582 4107 angustam
611 4041 757 4096 viam
780 4045 1025 4116 arripiat,
1049 4049 1140 4104 ubi
1161 4064 1261 4119 pro
1283 4067 1370 4107 me
1393 4053 1592 4110 multas
1616 4071 1814 4114 neces-

221 4123 408 4182 sitates
465 4131 762 4188 sustineat?
804 4143 860 4191 et
915 4136 996 4191 sic
1037 4139 1106 4193 ad
1159 4141 1352 4210 gaudia
1409 4154 1672 4216 perpetua
1722 4160 1812 4204 me

221 4231 452 4288 sequens
474 4224 794 4293 veniat,ubi
832 4234 1093 4284 aeternam
1136 4245 1396 4289 coronam
1441 4250 1530 4292 me
1577 4236 1812 4295 donante

221 4309 479 4382 recipiat?

635 4409 715 4464 De
737 4413 890 4465 tertio
911 4413 1203 4468 humilitatis
1225 4417 1401 4481 gradu.

294 4499 499 4557 Tertius
545 4505 742 4576 gradus
787 4507 1100 4565 humilitatis
1150 4519 1250 4578 est,
1295 4519 1355 4568 ut
1407 4515 1524 4586 quis
1572 4532 1668 4587 pro
1715 4517 1816 4575 Dei

218 4594 576 4655 amore,omni
604 4594 890 4651 obedientia
913 4614 969 4652 se
991 4599 1180 4655 subdat
1203 4603 1432 4673 majori;
1462 4605 1675 4662 imitans
1704 4608 1814 4664 Do-

215 4677 440 4743 minum,
470 4677 658 4750 dequo
707 4681 832 4739 dicit
872 4682 1150 4756 Apostolus
1175 4705 1193 4744 :
1217 4685 1418 4749 Factus
1455 4701 1528 4746 est
1569 4694 1812 4752 obediens

217 4783 388 4838 usque
413 4768 483 4822 ad
510 4779 736 4827 mortem
760 4770 986 4855 (Philip.
1011 4777 1094 4850 ιι).
1124 4778 1184 4836 Si
1212 4781 1358 4838 enim
1387 4782 1578 4852 Deum,
1606 4794 1668 4842 ut
1718 4787 1812 4845 de-

218 4866 328 4926 cet,
352 4859 655 4933 diligamus,
685 4879 794 4921 non
835 4866 1008 4924 solum
1048 4870 1104 4925 in
1142 4873 1288 4928 omni
1338 4874 1643 4934 obedientia
1683 4879 1812 4936 sub-

219 4949 276 5004 di
298 4950 511 5021 majori,
541 4955 657 5023 sed,
689 4957 734 5012 si
758 4973 980 5016 necesse
1018 4960 1202 5031 fuerit,
1247 4966 1423 5035 parati
1467 4983 1590 5025 esse
1645 4970 1812 5026 debe-

218 5061 343 5102 mus
366 5049 528 5105 etiam
551 5065 650 5122 pro
675 5052 766 5109 illo
801 5056 967 5123 mori;
996 5057 1135 5113 sicut
1162 5066 1218 5114 et
1245 5059 1334 5115 ille
1358 5076 1460 5131 pro
1486 5063 1642 5120 nobis
1663 5079 1808 5121 mor-

221 5145 349 5194 tuus
387 5151 490 5211 est,
538 5145 680 5204 sicut
726 5147 1014 5218 Apostolus
1059 5151 1156 5217 ait,
1209 5152 1436 5211 dicens:
1464 5154 1806 5214 Commendat

221 5226 364 5284 Deus
393 5247 546 5286 suam
571 5235 876 5294 charitatem
901 5240 959 5294 in
985 5241 1152 5308 nobis,
1178 5245 1428 5315 quoniam
1469 5263 1588 5301 cum
1630 5248 1806 5304 adhuc

219 5333 514 5396 peccatores
540 5343 786 5396 essemus,
830 5327 1069 5387 Christus
1103 5352 1196 5405 pro
1245 5336 1394 5392 nobis
1443 5349 1805 5403 mortuus,est

221 5415 404 5491 (Rom.
435 5417 512 5494 v).
538 5419 606 5477 Et
646 5435 756 5478 non
806 5421 981 5479 solum
1017 5440 1116 5495 pro
1156 5427 1250 5484 illo
1289 5429 1452 5498 mori,
1508 5433 1604 5487 sed
1639 5433 1802 5490 etiam

222 5530 324 5590 pro
359 5516 618 5576 fratribus
662 5519 871 5578 animas
900 5537 1102 5594 ponere
1139 5525 1394 5583 debemus
1439 5541 1559 5584 esse
1605 5530 1803 5601 parati,

225 5611 370 5668 sicut
389 5613 467 5669 ait
494 5613 638 5671 idem
655 5613 942 5685 Apostolus
966 5629 980 5671 :
1007 5615 1075 5671 In
1106 5618 1202 5673 hoc
1228 5620 1585 5690 cognoscimus
1632 5622 1808 5678 chari-

226 5713 386 5762 tatem
419 5707 556 5780 ejus,
578 5708 773 5778 inquit,
816 5710 1064 5782 quoniam
1107 5710 1198 5766 ille
1241 5729 1337 5785 pro
1383 5713 1531 5769 nobis
1577 5717 1808 5772 animam

225 5816 379 5855 suam
403 5799 593 5871 posuit,
628 5808 676 5855 et
708 5815 800 5855 nos
825 5799 1066 5856 debemus
1087 5818 1181 5872 pro
1212 5802 1466 5873 fratribus
1492 5805 1695 5862 animas
1718 5823 1814 5878 po-

229 5903 350 5946 nere
377 5889 429 5953 (I
463 5890 621 5949 loan.
661 5890 766 5963 ιιι).
805 5888 1100 5961 υἱιίαιιιιιιιι
1133 5903 1264 5965 ει*σο
1292 5891 1463 5954 Deum
1485 5903 1547 5954 ut
1577 5895 1674 5956 ﬁlii
1718 5909 1816 5970 pa-

1915 2021 2155 2091 injuriis,
2201 2021 2364 2076 tacita
2415 2020 2731 2076 conscientia
2777 2021 3085 2091 patientiam
3141 2020 3503 2093 amplectatur.

1915 2111 2257 2181 Frequenter
2301 2110 2440 2169 solet
2482 2113 2816 2183 contingere,
2870 2121 2931 2168 ut
2981 2120 3242 2184 quantum
3287 2127 3348 2169 se
3392 2126 3510 2169 mo-

1917 2203 2125 2260 nachus
2153 2203 2446 2260 humilitati
2483 2211 2538 2260 et
2577 2204 2898 2261 obedientim
2934 2206 3255 2274 subdiderit,
3298 2211 3508 2262 tantum

1915 2295 2124 2354 invenit
2153 2297 2300 2367 quod
2339 2296 2530 2352 durius
2579 2305 2780 2369 portat.
2838 2296 2994 2355 Unde
3036 2313 3260 2356 necesse
3294 2305 3399 2366 est,
3448 2306 3512 2353 ut

1918 2389 2310 2460 unusquisque,
2334 2404 2460 2445 cum
2489 2389 2558 2445 ad
2591 2389 2689 2445 Dei
2725 2391 2934 2446 accedit
2970 2391 3273 2458 servitium,
3301 2392 3369 2447 ad
3391 2407 3509 2447 om-

1915 2480 2008 2536 nia
2046 2481 2325 2538 toleranda
2355 2497 2510 2538 suum
2539 2479 2753 2538 fortiter
2795 2491 3065 2554 praeparet
3098 2483 3368 2550 animum,
3403 2484 3510 2540 sic-

1914 2582 1979 2630 ut
2013 2576 2276 2647 scriptum
2312 2584 2434 2632 est:
2463 2574 2604 2643 Fili,
2648 2577 2900 2632 accedens
2944 2577 3014 2631 ad
3053 2579 3354 2633 servitutem
3408 2576 3509 2632 Dei

1916 2676 2000 2724 sta
2024 2669 2081 2723 in
2102 2668 2316 2739 justitia
2334 2676 2383 2724 et
2408 2669 2614 2734 timore,
2635 2677 2684 2722 et
2709 2685 2952 2740 praepara
2975 2670 3206 2724 animam
3249 2678 3398 2724 tuam
3437 2667 3507 2723 ad

1918 2760 2278 2816 tentationem.
2302 2758 2548 2832 Deprime
2573 2775 2662 2814 cor
2681 2769 2851 2827 tuum,
2879 2767 2929 2815 et
2961 2759 3159 2814 sustine
3188 2757 3388 2831 (Eccle.
3413 2757 3511 2829 tt);

1916 2860 1974 2910 et
1994 2853 2110 2909 sive
2150 2854 2420 2924 irrogatas
2465 2851 2692 2922 injurias
2735 2852 2805 2907 ab
2845 2852 2969 2917 alio,
3021 2852 3136 2908 sive
3182 2851 3510 2906 tentationes

1916 2946 2198 3002 venientes
2223 2960 2290 3001 ex
2318 2944 2498 3001 animo
2533 2944 2699 3000 tacita
2745 2943 3079 3000 conscientia
3124 2943 3411 3009 sustineat,
3455 2950 3514 2998 et

1920 3037 2212 3093 auxiliante
2251 3038 2364 3094 Deo
2413 3052 2538 3093 cum
2576 3036 2838 3106 patientia
2883 3035 3067 3092 omnia
3109 3035 3313 3091 vincat.
3359 3032 3511 3090 Scri-

1915 3135 2071 3199 ptum
2092 3136 2178 3184 est
2205 3129 2350 3184 enim
2374 3146 2387 3183 :
2413 3130 2472 3184 ln
2500 3129 2763 3200 patientia
2786 3135 2966 3184 vestra
3003 3126 3351 3200 possidebitis
3398 3126 3512 3181 ani-

1918 3233 2038 3273 mas
2064 3226 2294 3274 vestras.
2324 3218 2464 3274 Hinc
2486 3218 2722 3274 Iacobus
2744 3217 2857 3273 ait:
2891 3216 3122 3274 Scientes
3150 3217 3293 3288 quod
3320 3216 3513 3288 proba-

1839 3291 1885 3357 C
1917 3311 1992 3365 tio
2032 3308 2158 3380 ﬁdei
2201 3310 2511 3380 patientiam
2557 3309 3112 3380 operatur;patientia
3164 3315 3338 3363 autem
3379 3321 3511 3376 opus

1917 3399 2203 3471 perfectum
2265 3399 2416 3454 habet
2461 3397 2670 3471 (Iacob.
2697 3397 2760 3471 ι).
2803 3398 2948 3465 Ideo,
3005 3397 3205 3470 inquit,
3264 3395 3510 3454 adversis

1918 3490 2207 3546 tentamini
2227 3498 2288 3545 ut
2313 3491 2570 3546 virtutem
2590 3491 2863 3562 patientiae
2883 3491 3131 3559 discatis,
3156 3498 3214 3547 et
3232 3503 3330 3562 per
3369 3490 3512 3546 hanc

1915 3583 2207 3640 ostendere
2232 3583 2454 3655 possitis
2488 3597 2553 3639 ac
2597 3584 2849 3656 probare,
2900 3585 3029 3655 quia
3073 3583 3288 3640 ﬁrmam
3347 3581 3510 3638 ﬁdem

1914 3676 2182 3733 sustinere
2226 3678 2603 3736 retributionis
2652 3679 2710 3736 in
2758 3680 2922 3736 corde
2966 3680 3215 3752 gestatis.
3271 3677 3410 3734 Hinc
3453 3683 3511 3732 et

1913 3768 2112 3826 Paulus
2138 3770 2391 3826 similiter
2422 3771 2522 3838 ait,
2547 3769 2752 3838 dicens,
2793 3772 2938 3843 quod
2975 3770 3268 3826 Tribulatio
3305 3769 3509 3840 patien-

1912 3861 2041 3918 tiam
2086 3871 2366 3934 operatur;
2419 3865 2675 3937 patientia
2714 3873 2889 3920 autem
2921 3864 3278 3935 probationem
3321 3864 3499 3937 (Rom.

1911 3951 1968 4030 ε)
2035 3951 2301 4016 Patientia
2332 3953 2479 4009 enim
2516 3953 2892 4025 probationem
2931 3962 3221 4025 operatur;
3252 3955 3380 4026 quia
3411 3970 3509 4010 cu-

1905 4057 2006 4118 jus
2025 4047 2283 4118 patientia
2302 4047 2446 4102 vinci
2471 4062 2578 4101 non
2606 4053 2808 4117 potest,
2835 4047 2923 4102 ille
2938 4046 3213 4116 perfectus
3233 4061 3352 4102 esse
3388 4060 3512 4115 pro-

1912 4137 2092 4193 batur.
2120 4137 2213 4194 llla
2261 4138 2407 4192 enim
2456 4138 2596 4193 ratio
2638 4135 2770 4193 facit
2811 4136 2994 4192 ﬁdeles
3043 4151 3141 4208 per
3189 4137 3505 4207 patientiam

1913 4228 2176 4293 exerceri,
2201 4236 2376 4298 utper
2401 4228 2544 4284 hanc
2580 4227 2715 4284 ﬁdes
2759 4243 2947 4284 eorum
2986 4243 3107 4299 quae
3155 4227 3228 4284 sit
3265 4226 3507 4299 perfecta

1912 4320 2192 4392 probetur,
2221 4322 2349 4377 dum
2379 4329 2435 4376 et
2457 4322 2618 4378 rebus
2645 4321 2922 4394 prosperis
2945 4321 3095 4377 utilia
3109 4320 3291 4392 justus
3319 4337 3506 4378 exem-

1911 4413 2001 4484 pla
2021 4421 2242 4484 praestet
2273 4412 2600 4480 hominibus,
2633 4428 2857 4470 necesse
2882 4421 2969 4470 est
2989 4414 3188 4470 iterum
3210 4415 3361 4487 tangi
3402 4414 3502 4470 ad-

1913 4503 2283 4572 versitatibus,
2306 4513 2573 4575 quatenus
2591 4505 2710 4578 ejus
2744 4504 3010 4576 patientia
3047 4505 3250 4562 bonum
3288 4506 3504 4565 caeteris

1915 4596 2008 4652 det
2033 4599 2332 4670 exemplar,
2369 4607 2424 4656 et
2450 4599 2729 4670 patientiae
2755 4614 2866 4656 suae
2919 4607 3046 4671 post
3089 4608 3323 4658 mortem
3359 4602 3504 4659 reci-

1836 4665 1892 4728 D
1915 4689 2028 4761 piat
2046 4665 2268 4761 praemia
2293 4665 2469 4763 :unia-
2485 4691 2577 4762 qui
2609 4691 2780 4747 Deum
2809 4705 2910 4764 pro
2922 4665 3183 4764 irrogata
3204 4691 3391 4749 laudat
3420 4695 3506 4750 inv

1903 4781 2071 4853 juria,
2100 4792 2157 4840 et
2177 4785 2469 4841 commissa
2490 4785 2609 4840 sine
2627 4782 2794 4841 dubio
2813 4785 3006 4856 perdet
3027 4785 3292 4855 facinora,
3313 4793 3370 4842 et
3384 4800 3504 4858 pro-

1909 4876 2075 4933 missa
2105 4877 2429 4948 quandoque
2457 4892 2488 4932 a
2523 4875 2636 4932 Deo
2669 4876 2896 4948 recipiet
2917 4878 3162 4949 praemia.

1979 4969 2050 5025 Et
2065 4972 2327 5027 sustinens
2351 4986 2457 5025 non
2469 4970 2739 5039 lassescat,
2755 4971 2832 5027 uel
2845 4971 3102 5038 discedat,
3121 4971 3324 5027 dicente
3357 4969 3506 5028 Scri-

1903 5071 2062 5135 ptura
2093 5081 2112 5120 :
2148 5063 2251 5131 Qui
2281 5065 2679 5135 perseveraverit
2704 5080 2866 5137 usque
2899 5066 2958 5119 in
2980 5064 3160 5134 ﬁnem,
3202 5063 3286 5118 hic
3323 5063 3503 5121 salvus

1906 5156 2006 5210 erit
2033 5155 2252 5228 (Matth.
2286 5172 2341 5221 x,
2389 5155 2562 5230 xxxv).
2604 5154 2742 5211 Nam
2789 5155 3170 5212 inchoantibus
3217 5154 3504 5226 praemium

1904 5247 2262 5318 promittitur,
2285 5248 2379 5304 sed
2409 5249 2886 5318 perseverantibus
2927 5247 3105 5302 datur.
3163 5244 3314 5300 Tunc
3354 5243 3502 5300 enim

1905 5339 2083 5412 placet
2102 5341 2212 5396 Deo
2239 5347 2426 5396 nostra
2454 5341 2822 5405 conversatio,
2858 5338 3073 5409 quando
3113 5335 3316 5390 bonum
3356 5329 3502 5404 quod

1907 5432 2195 5502 incipimus
2230 5434 2597 5503 perseveranti
2627 5432 2734 5488 ﬁne
2772 5428 3124 5501 complemus.
3158 5425 3253 5484 Ille
3301 5440 3498 5482 mona-

1912 5528 2047 5584 chus
2067 5527 2340 5595 lassescit,
2357 5527 2445 5586 vel
2469 5528 2718 5595 discedit,
2753 5526 2846 5597 qui
2887 5524 3136 5597 regulare
3177 5539 3312 5597 opus
3354 5525 3499 5596 quod

1915 5621 2080 5692 coepit
2103 5621 2170 5677 ad
2196 5621 2496 5693 perfectum
2535 5634 2642 5676 non
2694 5617 2871 5684 ducit;
2924 5616 3015 5688 qui
3061 5617 3117 5672 in
3165 5616 3283 5687 ipso
3334 5632 3500 5688 opere

1915 5712 2060 5783 quod
2089 5726 2247 5784 agere
2275 5710 2508 5769 ferventi
2530 5709 2711 5764 animo
2747 5708 2934 5782 coepit,
2974 5706 3233 5780 paulatim
3284 5705 3500 5777 langue~

1915 5817 2073 5861 scens
2093 5804 2339 5876 tepescit,
2374 5810 2431 5858 et
2453 5808 2547 5857 aut
2571 5800 2638 5855 ab
2657 5815 2821 5872 opere
2859 5808 3092 5867 tantum,
3115 5806 3208 5857 aut
3238 5797 3398 5854 simul
3427 5797 3496 5854 ab

1918 5909 2082 5968 opere
2106 5903 2163 5955 et
2184 5892 2515 5954 monasterio
2540 5892 2842 5963 tepefactus
2867 5891 3092 5958 recedit,
3136 5905 3243 5947 non
3287 5901 3494 5959 ponens
