3994 6522
1316 381 1667 450 COMMENT.
1713 385 1779 451 [Ν
1818 379 1978 450 nec.
2019 381 2078 450 s.
2121 379 2506 452 assentari.

266 514 370 573 Ille
397 510 492 586 qui
541 506 885 570 maledictum
911 525 1020 566 non
1042 493 1218 566 reddit
1249 517 1347 580 pro
1383 502 1685 575 maledicto,
1724 510 1876 564 aure-
1905 509 1957 570 Α
1982 507 2201 577 gniﬁcat
2244 515 2483 574 cursum,
2527 505 2621 563 ubi
2661 506 2846 564 miseri
2882 514 3004 563 sunt
3043 505 3352 579 quicunque
3397 509 3562 566 delin-

268 609 422 665 renti
444 607 682 661 tunicam
721 593 942 661 dimittit
965 612 1018 659 et
1041 599 1282 673 pallium:
1309 598 1400 655 iiie
1441 601 1531 671 qui
1569 615 1673 655 non
1708 601 1870 656 vinci-

271 707 420 762 tura
446 695 605 768 maio,
643 699 738 756 sed
789 693 958 754 Vincit
1007 690 1065 753 in
1115 692 1258 751 bono
1299 695 1520 761 malum,
1548 693 1868 766 'angarianti

271 791 533 853 milliaria
559 783 862 848 voluntarie
887 786 1065 862 perin
1099 789 1223 844 duo.
1248 775 1353 843 iste
1383 786 1501 842 sine
1539 786 1704 842 dubio
1743 785 1870 841 talis

271 885 550 962 patienter
570 883 691 943 cum
715 881 883 940 Paulo
907 881 1074 939 i‘al'sos
1099 879 1296 938 fratres
1341 879 1573 936 sustinet
1616 886 1672 936 et
1693 879 1871 960 male-

271 983 523 1040 dicentes
575 975 944 1036 benedicendo‘
995 973 1262 1032 veraciter
1308 972 1634 1030 humilitatis
1684 971 1870 1043 implet

272 1082 628 1146 praeceptum.

685 1160 764 1213 De
786 1165 959 1224 quinto
983 1157 1266 1210 humilitatis
1287 1155 1461 1219 gradu.

351 1255 581 1322 Quintus
603 1251 914 1310 humilitatis
938 1249 1131 1325 gradus
1154 1257 1250 1315 est,
1291 1247 1338 1304 si
1371 1257 1550 1302 omnes
1596 1243 1871 1317 cogitatio-

272 1363 367 1400 nes
400 1343 568 1400 maias
597 1344 742 1399 cordi
764 1359 857 1398 suo
880 1340 1227 1405 advenientes,
1257 1337 1333 1392 vei
1353 1337 1496 1391 mala
1516 1354 1548 1391 a
1569 1347 1622 1390 se
1655 1334 1871 1390 abscon-

273 1453 332 1492 se
357 1437 652 1498 commissa,
683 1441 774 1506 per
811 1431 1061 1488 humilem
1114 1428 1488 1500 confessionem
1539 1427 1716 1482 abbati
1766 1433 1870 1482 non

274 1530 524 1585 celaverit
546 1543 662 1582 suo.
704 1525 844 1581 Hinc
873 1523 1126 1581 Salomon
1163 1521 1278 1578 ait:
1306 1521 1410 1588 Qui
1442 1519 1712 1576 abscondit
1753 1521 1867 1575 sce-

273 1619 387 1676 lera
412 1635 532 1684 sua,
564 1633 666 1674 non
691 1617 945 1688 dirigetur
967 1629 984 1668 :
1006 1615 1096 1687 qui
1123 1619 1296 1669 autem
1332 1613 1599 1683 confessus
1643 1612 1800 1682 fuerit
1819 1618 1869 1668 ετ

276 1711 543 1785 reliquerit
557 1719 638 1779 ea,
654 1707 1067 1767 misericordiam
1083 1718 1424 1782 consequetur
1452 1699 1632 1786 (Prov.
1652 1703 1865 1779 xxvm).

275 1807 594 1864 Amaritudo
624 1801 766 1864 enim
786 1805 1117 1879 poenitentia:
1140 1801 1272 1859 facit
1299 1803 1538 1858 animum
1568 1803 1622 1857 et
1659 1817 1754 1857 sua
1793 1795 1868 1855 fa-

1973 608 2177 670 quunt;
2202 600 2292 655 ubi
2319 599 2401 654 fas
2427 604 2510 655 est
2540 601 2702 656 corda
2727 609 2911 657 nostra
2951 602 3222 668 converti,
3253 608 3309 657 et
3345 603 3561 660 miseri—

1971 691 2213 747 cordiam
2249 691 2542 762 postulari;
2573 693 2648 748 ibi
2691 693 2833 748 enim
2876 693 3151 748 (ieiunatio
3192 700 3275 750 est
3314 695 3562 752 conﬁteri

1969 791 2253 854 peccatum
2281 783 2372 839 ubi
2398 785 2512 856 jam
2540 779 2753 840 constat
2777 793 2900 840 esse
2920 783 3183 854 judicium

2044 877 2113 931 Et
2125 877 2247 932 item
2265 876 2526 948 Propheta
2543 889 2560 930 :
2576 873 2836 930 Delicium
2858 889 3028 931 nteant
3043 873 3307 948 cognitum
3327 876 3422 932 tibi
3435 877 3557 948 reci,

1971 981 2020 1028 et
2050 970 2338 1045 injustitias
2371 987 2513 1027 meas
2539 981 2642 1026 non
2676 971 2857 1041 operai
2889 967 3060 1034 (Psat.
3103 969 3277 1040 xxxi).
3309 964 3423 1024 Hoc
3448 977 3556 1036 est,

1973 1066 2236 1135 cognitum
2264 1064 2458 1134 facere,
2490 1064 2544 1118 in
2582 1062 2978 1118 confessionem
3006 1057 3187 1118 delicti
3223 1057 3556 1134 producere:

1972 1155 2174 1226 operire
2189 1162 2388 1221 autem,
2410 1153 2546 1209 velle
2572 1151 2774 1224 aliquid
2791 1153 3009 1208 silentio
3031 1161 3234 1224 tegere,
3248 1160 3342 1209 aut
3357 1161 3557 1226 corpus

1972 1245 2402 1301 dissimulatione
2432 1244 2629 1301 celare.
2661 1244 2774 1300 ΗΜ
2798 1243 3005 1298 faciunt
3031 1245 3204 1311 stulti,
3235 1246 3326 1315 qui
3363 1253 3562 1316 pulsnt

1975 1337 2142 1392 Deum
2171 1338 2420 1409 ignorare
2445 1349 2604 1408 posse
2632 1338 2772 1408 quod
2805 1342 2992 1407 agunt.
3021 1336 3245 1403 Contra,
3277 1339 3370 1410 qui
3409 1337 3561 1394 illum

1973 1433 2245 1485 noverunt
2275 1441 2366 1486 res
2391 1435 2581 1485 omnes
2609 1425 2812 1484 habere
2851 1425 3183 1491 manifestas,
3210 1426 3278 1482 ad
3303 1428 3563 1485 humilem

1973 1522 2369 1579 confessionem
2397 1531 2451 1578 et
2475 1521 2808 1593 paenitentiae
2843 1525 2966 1576 vote
2995 1517 3355 1585 descendunt,
3385 1525 3455 1574 ne
3475 1517 3565 1588 in-

1973 1613 2148 1668 dicem
2191 1613 2467 1684 patiantur
2513 1612 2771 1667 infestum
2820 1619 2982 1682 quem
3021 1602 3317 1682 propitium
3360 1609 3565 1666 habere

1971 1708 2226 1770 poterant
2253 1701 2593 1757 advocatum.
2622 1695 2917 1772 Sequitur:

2043 1794 2192 1860 Dixi,
2237 1794 2605 1851 Pronuntiabo
2651 1793 2926 1850 adversum
2972 1792 3371 1863 meinjustitias
3418 1802 3564 1848 meas

276 1895 365 1956 cta
394 1897 644 1956 subtilius
663 1877 950 1960 diScutcre,
979 1905 1036 1953 et
1063 1893 1200 1952 dona
1233 1891 1351 1962 Dei,
1378 1909 1497 1966 qum
1519 1888 1863 1964 contempsit,
1893 1880 1942 1968 ﬁ
1973 1883 2233 1949 007735710;
2259 1893 2306 1938 ει
2334 1892 2391 1936 ιιι
2415 1883 2659 1937 remisisti
2693 1882 3013 1952 ίπΨίεεαεεηι
3041 1881 3214 1934 εονάίε
3243 1880 3343 1935 ’λεί
3382 1877 3560 1951 (Ρηι

275 1989 452 2048 ﬂendo
490 2001 934 2048 commemorare.
985 1983 1174 2062 Magna
1209 1983 1318 2057 jam
1359 1979 1582 2056 iustitiae
1620 1980 1746 2057 pars
1783 1993 1868 2041 eat

277 2079 627 2154 semetipsum
665 2089 828 2138 nosse
868 2075 1098 2136 interius
1135 2077 1430 2145 hominem,
1477 2073 1620 2149 quod
1665 2087 1870 2152 prav'us

278 2173 384 2241 est,
421 2174 481 2228 iit
501 2183 566 2230 ex
599 2185 664 2228 eo
691 2173 886 2228 divina:
914 2171 1102 2227 virtuti
1123 2167 1343 2226 humilis
1379 2164 1642 2226 subdatur
1667 2181 1734 2227 ex
1762 2167 1870 2241 quo

277 2279 372 2320 sua
413 2267 743 2336 cbghdscens
776 2259 999 2334 peccata
1041 2261 1195 2318 alteri
1243 2261 1566 2318 confiteatur
1603 2265 1686 2320 ea.
1732 2257 1869 2322 Hinc

278 2356 475 2412 iterum
501 2343 755 2412 Salomon
779 2356 856 2411 ait
879 2375 892 2411 :
921 2352 1110 2411 Revela
1147 2355 1373 2410 Domino
1396 2349 1551 2426 opera
1575 2363 1689 2423 tua,
1724 2355 1772 2411 et
1793 2349 1873 2412 (ii-

277 2449 512 2520 rigentui'
556 2445 896 2521 cogitatione
945 2455 1050 2503 tua:
1089 2443 1273 2520 (Prov.
1315 2446 1451 2519 ivt).
1484 2443 1638 2505 Unde
1682 2447 1737 2504 et
1781 2445 1870 2506 hic

280 2538 529 2595 subditur
545 2555 560 2607 ;

357 2629 595 2686 Hortaris
635 2641 728 2686 nos
768 2631 834 2686 de
875 2631 976 2685 hac
1014 2637 1069 2686 re
1110 2623 1410 2702 Scriptura,
1435 2631 1652 2687 ‘dicens:
1683 2630 1871 2688 Revela

281 2719 507 2777 Domina
532 2721 672 2776 viam
703 2727 849 2776 tuam
870 2717 1045 2795 (Psal.
1081 2718 1290 2795 xxxvi).
1317 2717 1376 2776 id
1403 2729 1506 2789 est,
1550 2721 1728 2779 revela
1771 2733 1872 2795 per

281 2811 672 2868 confessionem
715 2809 918 2879 abbati,
966 2827 1128 2884 quem
1161 2813 1260 2869 tibi
1287 2811 1548 2870 Dominus
1575 2828 1674 2885 pro
1702 2830 1761 2871 se
1789 2813 1872 2870 vi-

280 2903 486 2958 carium
534 2905 702 2971 dedit,
731 2905 971 2961 actiones
1012 2912 1131 2961 tuas
1175 2906 1228 2961 in
1260 2903 1454 2977 quibus
1495 2907 1704 2976 peccati
1741 2921 1870 2964 con-

285 2995 509 3050 scientia
540 2992 692 3051 latet.

354 3086 423 3142 Et
451 3101 601 3159 spera
641 3087 696 3142 in
737 3075 1019 3142 Dominum
1048 3078 1262 3160 (Ibid.).‘
1293 3089 1395 3156 Qui
1434 3089 1530 3145 tibi
1556 3090 1770 3146 veniam
1802 3089 1870 3146 de

281 3179 585 3234 commissis
638 3177 1063 3235 misericorditer
1099 3179 1310 3234 donet.-
1335 3179 1476 3236 Hinc
1513 3181 1866 3240 Cassiodorus

1971 1975 2145 2047 xxxi).
2194 1975 2331 2031 Hinc
2366 1975 2563 2046 inagna
2590 1975 2765 2045 pietas
2804 1972 3114 2029 Divinitatis
3157 1973 3480 2038 ostenditur,
3505 1981 3564 2029 ut

1969 2071 2040 2126 ad
2067 2067 2236 2124 solam
2261 2065 2760 2140 pronuntiationem
2798 2067 3103 2128 devotionis
3141 2066 3321 2122 subito
3344 2067 3560 2122 laxlve-

1971 2161 2045 2216 rit
2065 2168 2312 2231 peccata,
2341 2160 2559 2230 quando
2593 2159 2674 2214 sic
2692 2157 2899 2228 iudicat
2918 2157 3068 2227 pium
3087 2159 3273 2212 vottim
3300 2157 3563 2227 quomoda-

1969 2253 2188 2309 modum
2215 2250 2546 2323 operationis
2565 2249 2838 2306 enectum.
2860 2247 3008 2304 Dixit
3028 2248 3173 2305 enim
3196 2247 3251 2304 in
3274 2247 3441 2304 corde
3461 2257 3565 2306 suo

1973 2345 2200 2403 Domino
2238 2359 2348 2402 non
2393 2353 2575 2401 tacere
2601 2359 2724 2415 quae
2769 2350 3038 2416 gesserat,
3066 2350 3124 2400 et
3165 2349 3423 2412 tanquam
3445 2339 3564 2412 jam

1971 2447 2167 2496 cuncta
2201 2436 2532 2511 prodiderat,
2579 2437 2655 2492 ita
2684 2436 2763 2492 illi
2799 2436 3030 2494 reurissa
3075 2445 3202 2492 sunt
3233 2435 3356 2507 quae
3392 2429 3562 2492 voluit

1973 2533 2242 2590 conﬁteri.
2273 2532 2556 2590 Confessio
2579 2545 2713 2605 ergo
2747 2533 2870 2589 mea
2898 2533 3078 2590 adhuc
3119 2532 3174 2588 in
3219 2533 3384 2589 corde
3414 2538 3559 2600 erat,

1970 2635 2025 2682 et
2052 2628 2118 2684 ad
2146 2638 2208 2683 os
2231 2627 2473 2682 nondum
2512 2633 2756 2682 venerat.
2806 2625 3062 2682 Dixeram
3096 2625 3262 2690 enim,
3309 2619 3561 2681 Pronun-

1972 2719 2114 2774 tiabo
2140 2719 2416 2775 adversum
2440 2731 2544 2786 me,
2573 2726 2950 2775 verumtamen
2971 2719 3115 2776 Deus
3141 2719 3357 2776 auditor
3380 2710 3560 2775 cordis

1971 2810 2079 2865 mei
2109 2809 2312 2866 dimisit
2331 2809 2670 2880 impietatem
2699 2811 2911 2881 peccati
2936 2811 3063 2866 mei.

2399 2912 2476 2962 De
2493 2903 2640 2962 esito
2656 2911 2943 2963 humilitatis
2961 2913 3130 2976 gradu.

2042 2995 2236 3052 Sextus
2271 2992 2585 3050 humilitatis
2614 2995 2812 3066 gradus
2849 3005 2946 3062 est,
2992 2996 3039 3051 si
3073 2997 3216 3052 omni
3243 2995 3443 3053 vilitate
3476 2993 3560 3052 ad

1967 3089 2295 3143 extremitate
2335 3087 2608 3143 contentu
2666 3089 2736 3143 sit
2797 3087 3105 3144 mersae/tus.
3170 3088 3359 3161 Magna
3420 3087 3561 3159 apud

1969 3179 2136 3234 Deum
2167 3179 2395 3251 refulget
2423 3180 2617 3249 gratia,
2649 3179 2739 3248 qul
2767 3178 2896 3235 huic
2915 3179 3119 3235 mundo
3144 3177 3560 3250 contemptibilis

285 3272 412 3328 dicit
458 3289 472 3328 :
518 3272 709 3328 Velum
749 3272 1020 3343 quoddam
1052 3280 1136 3328 est
1180 3273 1548 3344 peccatorum,
1574 3276 1715 3332 unde
1754 3276 1863 3343 via,
1893 3262 1939 3332 C
1971 3271 2136 3327 merit
2172 3279 2229 3326 et
2254 3269 2394 3326 vilis.
2435 3268 2570 3326 Nam
2595 3281 2782 3326 revera
2809 3281 3031 3327 necesse
3053 3279 3140 3327 est
3168 3280 3424 3341 ut~quem
3448 3265 3558 3324 odit

286 3365 337 3420 id
359 3373 442 3419 est
469 3365 580 3420 vita
607 3372 812 3428 nostra,
847 3363 1136 3419 tenebrosa
1177 3365 1407 3422 amictus
1444 3366 1870 3422 circumdatione

284 3455 624 3520 vestita—est;
657 3455 800 3510 hanc
831 3454 1138 3511 revelamns
1188 3454 1404 3526 quando
1443 3453 1640 3512 delicta
1683 3461 1870 3513 nostra

286 3549 569 3604 tenebrosa
597 3549 999 3619 promptissime
1026 3547 1378 3603 (conﬁtemur.
1408 3543 1689 3604 Revelavit
1721 3549 1869 3604 enim

286 3641 480 3697 Paulus
512 3640 655 3696 viam
704 3651 859 3696 suam
897 3641 1112 3711 quando
1159 3641 1340 3695 dixit:
1373 3640 1510 3696 Caro
1549 3642 1869 3711 concupiscit

285 3734 530 3788 adversus
573 3733 836 3804 spiritum,
881 3733 1097 3804 spiritus
1139 3742 1313 3787 autem
1363 3733 1610 3788 adversus
1656 3743 1868 3787 cantent

287 3825 485 3900 (σκιαί.
507 3826 584 3901 v).
611 3826 866 3898 Speravit
889 3834 1070 3889 autem
1097 3828 1152 3884 In
1176 3826 1404 3881 Domino
1425 3827 1551 3882 dum
1567 3819 1827 3881 clamaret
1848 3841 1864 3882 :

286 3918 484 3989 luteum
507 3914 600 3993 ego
627 3923 803 3987 nomo,
824 3924 941 3993 quis
981 3927 1062 3988 τε
1100 3919 1338 3976 liberabit
1359 3921 1424 3976 de
1444 3929 1657 3991 corpore
1681 3921 1866 3976 mortis

286 4012 442 4084 hujus
472 4013 651 4086 (Rom.
695 4016 826 4088 vn)?
866 4015 1052 4072 Gratia
1100 4011 1196 4071 Dei
1239 4025 1337 4084 per
1374 4014 1560 4071 lesum
1592 4013 1866 4070 Christum

285 4102 569 4159 Dominum
594 4109 858 4159 nostrum.
902 4104 1038 4159 Hinc
1075 4105 1408 4176 Augustinus
1439 4107 1554 4160 ait:
1584 4105 1735 4171 Quod
1776 4113 1869 4159 au-

287 4201 392 4251 tem
421 4197 669 4276 habcsin
695 4198 876 4264 Corde,
917 4195 1130 4267 paterae
1177 4197 1231 4250 in
1259 4211 1510 4252 sermone
1531 4211 1630 4267 per
1657 4197 1870 4252 confes-

284 4287 510 4344 sionem.
540 4289 708 4361 Spera
744 4290 796 4345 in
839 4279 986 4356 eum,
1015 4297 1070 4344 et
1107 4290 1222 4360 ipse
1263 4287 1443 4355 faciet,
1475 4289 1579 4345 hoc
1617 4295 1722 4356 est,
1753 4288 1868 4360 ipse

285 4380 380 4436 tibi
410 4381 643 4438 dimittet
663 4389 888 4454 peccata
933 4389 1046 4448 tua,
1088 4391 1143 4439 et
1184 4382 1417 4440 deducet
1446 4384 1500 4438 in
1543 4383 1866 4438 charitatem

281 4475 447 4540 Opera
476 4478 588 4526 tua.
623 4472 882 4544 Sequitur
905 4493 918 4527 :

356 4561 426 4615 Et
445 4561 568 4616 item
589 4563 754 4618 dicit:
778 4562 1111 4633 Conﬁtemini
1138 4562 1382 4630 Domino,
1405 4564 1655 4635 quoniam
1682 4565 1864 4632 bonus,

1973 3363 2206 3418 mundus
2239 3361 2430 3434 diligat
2459 3363 2620 3418 Deus.
2667 3360 2852 3418 Sancti
2900 3359 2991 3432 qui
3030 3362 3290 3418 vilitatem
3334 3361 3562 3432 diligunt

1969 3465 2026 3513 et
2050 3457 2213 3514 rebus
2258 3457 2663 3528 honoribusque
2708 3457 3038 3524 renuntiant,
3072 3456 3194 3512 ideo
3221 3471 3294 3518 se
3318 3457 3387 3511 ab
3414 3455 3558 3511 omni

1970 3554 2184 3604 terrena
2231 3547 2575 3619 possessione
2623 3548 2978 3614 mortiﬁcant,
3030 3556 3090 3602 ut
3139 3548 3195 3603 in
3246 3547 3559 3603 haereditate

1968 3651 2092 3697 cum
2126 3642 2236 3698 Deo
2274 3639 2502 3699 fcliciter
2543 3643 2748 3698 vivant.
2792 3643 2918 3698 Ideo
2953 3643 3218 3700 vilitatem
3247 3641 3537 3699 extremm

1968 3741 2188 3804 temque
2213 3741 2419 3800 amant,
2447 3741 2509 3789 ut
2529 3731 2824 3790 validiores
2849 3735 2917 3789 ad
2938 3734 3104 3789 vitam
3132 3733 3278 3789 illam
3311 3744 3433 3806 qum
3455 3731 3559 3788 illis

1967 3833 2242 3896 praeparat
2268 3833 2492 3893 acterna,
2524 3825 2592 3882 de
2619 3825 2780 3896 hujus
2817 3826 2943 3881 vitae
2983 3824 3400 3882 mortiﬁcatione
3425 3837 3557 3880 con-

1969 3926 2214 3988 surgant.
2248 3918 2505 3989 Sequitur
2533 3935 2548 3972 :

2043 4014 2111 4068 Et
2140 4015 2209 4069 ad
2240 4015 2416 4068 omnia
2441 4030 2560 4086 qua!
2583 4014 2684 4068 sibi
2712 4015 3082 4086 injunguntur,
3104 4013 3241 4069 velut
3260 4011 3557 4084 operarium

1969 4104 2170 4158 malum
2204 4115 2252 4158 et
2279 4105 2555 4175 indignum
2585 4106 2874 4174 sejudicet.
2899 4106 3026 4160 Ideo
3049 4105 3349 4160 monachus
3372 4109 3560 4175 spero

1970 4196 2111 4250 rium
2129 4194 2336 4265 judicat
2357 4212 2415 4251 se
2452 4197 2675 4264 malum,
2721 4199 2847 4267 quia
2869 4198 3141 4267 quomodo
3163 4213 3301 4269 opus
3327 4197 3445 4270 ejus
3475 4205 3560 4255 re-

1969 4289 2204 4359 cipiatur
2229 4288 2406 4344 nescit
2431 4303 2461 4343 a
2492 4289 2740 4346 Domino.
2769 4281 3073 4362 Operamur
3104 4291 3249 4346 enim
3278 4282 3378 4348 nos
3409 4299 3560 4348 exte-

1970 4378 2103 4445 rius,
2147 4379 2242 4435 sed
2280 4379 2550 4450 quomodo
2591 4389 2726 4452 opus
2772 4395 2805 4436 ιι
2850 4382 3078 4437 Domitio
3118 4383 3411 4455 recipiatur
3464 4395 3560 4441 ne-

1969 4471 2173 4526 scimus
2232 4471 2479 4527 interius.
2528 4471 2654 4528 Ideo
2715 4475 2773 4528 se
2833 4473 3111 4543 indignum
3152 4471 3389 4546 judicat,
3432 4476 3559 4546 quis

1971 4564 2113 4620 sicut
2148 4577 2255 4619 non
2307 4571 2434 4619 sunt
2485 4566 2764 4638 condignae
2819 4567 3097 4637 passiones
3135 4568 3296 4641 hujus
3347 4577 3558 4643 tempo-

279 4655 531 4725 quoniam
553 4654 606 4707 in
624 4653 874 4708 siccatum
892 4627 1256 4709 misericordia
1275 4627 1388 4725 ejus
1403 4627 1574 4726 (Psai.
1598 4656 1706 4726 ev).
1733 4627 1870 4712 Hinc
1892 4627 1946 4688 Β
1972 4655 2049 4711 ris
2092 4657 2160 4711 ad
2210 4654 2446 4711 futuram
2485 4627 2713 4728 gloriam
2740 4627 2861 4727 quis
2911 4627 3238 4714 revelabitui'
3270 4659 3324 4715 in
3375 4627 3556 4728 nobis,

281 4742 638 4801 Cassiodorus
664 4745 739 4800 ait
764 4763 776 4799 :
801 4743 1210 4801 confessionem
1238 4746 1399 4801 istam
1444 4746 1511 4800 ad
1543 4745 1867 4803 medicinam

278 4836 632 4907 paenitudinis
671 4837 1044 4908 applicandam
1076 4838 1343 4908 designat.
1377 4836 1483 4893 Sed
1521 4838 1625 4893 hoc
1651 4846 1868 4909 quoque

279 4925 349 4982 ad
369 4929 635 4998 ρηρεδηιε
658 4929 867 4984 Domini
887 4930 1158 5001 pertinere
1176 4945 1282 4984 non
1296 4936 1380 4985 est
1394 4928 1636 4996 dubium,
1651 4930 1868 5002 quando

280 5015 454 5089 major
498 5019 667 5092 cici-iu
706 5029 793 5077 est
828 5022 1045 5092 pietatis
1093 5021 1370 5078 conﬁtenti
1411 5037 1652 5092 parcere,
1699 5033 1865 5094 quam

193 5165 221 5181 ,
282 5110 483 5166 viventi
515 5112 632 5168 sine
665 5111 1010 5168 centessitine
1044 5118 1324 5183 priestare.
1365 5112 1433 5167 Et
1459 5123 1529 5167 ne
1571 5113 1766 5183 aliquis
1799 5113 1868 5170 de

282 5201 560 5272 culparum
591 5219 814 5260 suarum
841 5205 1325 5260 numerositetibus
1349 5212 1650 5260 terreretur
1667 5245 1682 5269 ,
1723 5205 1870 5259 addi-

279 5291 397 5347 dit:
429 5293 678 5363 quoniam
717 5293 902 5348 bonus.
928 5294 1062 5360 Quis
1087 5295 1234 5350 enim
1273 5294 1488 5350 dubitat
1520 5295 1587 5348 ad
1627 5303 1752 5349 eum
1782 5309 1868 5349 re-

279 5397 523 5452 currere,
545 5399 708 5456 quem
731 5386 835 5442 sibi
877 5387 1026 5441 audit
1054 5385 1191 5442 velle
1225 5386 1512 5442 celerrime
1539 5386 1869 5442 subvenire?

279 5476 517 5542 Addidit,
559 5479 810 5548 quoniam
847 5479 904 5532 in
945 5477 1195 5533 sarculum
1217 5479 1577 5535 misericordia
1597 5479 1732 5549 ejus.
1757 5479 1867 5534 Ait-

280 5569 395 5626 dito
422 5569 564 5626 bono
594 5569 844 5637 Domino,
870 5586 940 5626 ne
965 5585 1024 5626 se
1068 5571 1306 5626 humana
1345 5571 1665 5643 negligentia
1693 5587 1723 5626 a
1751 5580 1865 5627 stu-

281 5659 433 5715 diosa
473 5667 528 5715 et
570 5659 755 5716 sedula
788 5660 1178 5730 supplicatione
1216 5663 1594 5732 suspenderat,
1638 5661 1861 5719 remedii

283 5767 497 5808 causam
542 5752 693 5816 dicit,
729 5760 789 5806 ut
835 5753 902 5808 ad
940 5753 1333 5808 confessionem
1377 5755 1609 5810 celerem
1649 5756 1862 5811 Domini

283 5845 474 5904 debeat
496 5845 691 5902 merito
727 5843 1004 5902 festinare.
1047 5845 1117 5900 In
1145 5847 1419 5914 secutum,
1447 5847 1574 5902 vita:
1599 5845 1760 5917 hujus
1780 5847 1860 5904 sl-

1968 4745 2044 4800 lta
2101 4758 2211 4800 non
2258 4755 2384 4802 sunt
2445 4744 2640 4818 digna,
2706 4747 2954 4818 quamvis
3010 4747 3120 4805 sint
3187 4749 3328 4807 bona
3389 4759 3555 4823 opera

1968 4843 2175 4903 nostra,
2204 4835 2272 4891 ad
2297 4838 2726 4908 conquirendum
2750 4838 2976 4910 gloriam
2999 4840 3084 4897 vel
3103 4841 3326 4912 pmthia
3354 4841 3556 4914 sempi~

1969 4934 2146 4983 terna.

2040 5021 2231 5075 Dicens
2251 5035 2371 5075 cum
2401 5019 2705 5093 Propheta:
2729 5019 2814 5078 Ad
2840 5024 3058 5080 nihilum
3085 5023 3328 5081 redactus
3351 5035 3469 5081 sitm
3502 5030 3554 5081 et

1967 5113 2155 5168 nescivi
2177 5111 2351 5185 (Psal.
2383 5112 2575 5186 ιιχιι).
2613 5113 2738 5171 Haec
2774 5125 2878 5171 vos
2927 5115 3250 5172 humilitatis
3295 5120 3396 5182 est,
3441 5122 3552 5194 non

1961 5205 2205 5270 timoris;
2227 5205 2485 5276 sapientis
2508 5207 2689 5277 potius
2708 5215 2870 5279 quam
2891 5208 3182 5264 nescientis
3203 5215 3330 5265 sunt
3350 5207 3548 5278 verba;

1965 5294 2324 5362 humiliantis,
2355 5311 2464 5352 non
2490 5298 2780 5355 exultantis
2832 5313 2892 5355 se
2935 5303 3019 5356 est
3055 5287 3341 5354 sententia.
3392 5298 3552 5371 Apud

1963 5386 2111 5441 enim
2133 5387 2387 5443 saectilum
2411 5389 2557 5445 istud
2583 5404 2644 5446 se
2683 5389 2863 5460 justus
2905 5391 3188 5462 cognoscit
3214 5390 3457 5459 stultum,
3488 5393 3550 5449 ut

1965 5477 2273 5534 inveniatur
2295 5482 2510 5551 sapiens
2535 5483 2674 5553 apud
2701 5483 3010 5538 Dominum.
3043 5481 3180 5539 Hinc
3205 5482 3404 5541 Paulus
3431 5485 3506 5541 ait
3529 5491 3548 5542 ξ

1966 5569 2144 5626 Stulta
2163 5574 2346 5628 mundi
2374 5574 2525 5646 elegit
2558 5576 2720 5640 Deus,
2758 5579 2814 5629 ut
2849 5575 3138 5645 confundat
3172 5577 3449 5649 sapientes,
3497 5582 3548 5633 et

1963 5663 2177 5732 inﬁrma
2205 5665 2387 5720 mundi
2427 5666 2598 5736 elegit,
2641 5675 2695 5718 ut
2721 5664 3010 5734 confundat
3035 5666 3194 5736 fortia
3219 5667 3274 5739 (I
3313 5667 3436 5722 Cor.
3479 5667 3543 5740 i)‘.

1967 5756 2194 5823 Nescivi,
2227 5759 2379 5822 dixit,
2427 5758 2480 5813 id
2525 5766 2628 5823 est,
2663 5758 2990 5814 nescientem
3033 5769 3120 5815 me
3147 5769 3267 5816 esse
3293 5760 3539 5830 cognovi.

1965 5850 2199 5907 Stultum
2227 5860 2284 5910 et
2309 5849 2592 5928 parvulum
2620 5849 2896 5922 deputavl,
2929 5859 2984 5907 et
3007 5851 3156 5909 velut
3197 5846 3540 5928 insipientem
