3994 6460
1841 321 2198 386 SMARAGDI
2227 327 2520 392 ABBATIS

3720 359 3832 420 εει

535 420 776 500 despui.
821 426 924 496 Qui
952 429 1098 487 enim
1141 432 1304 490 modo
1331 448 1392 491 se
1420 436 1561 508 apud
1605 452 1666 496 se
1698 437 1978 500 humiliter
2023 460 2123 502 ne-
2149 447 2203 510 Α
2225 456 2326 540 tem
2368 459 2610 521 quierunt
2657 468 2890 510 animam
2932 454 3048 529 ejus
3089 455 3270 533 (Prov.
3312 466 3487 540 xxix).
3520 467 3662 529 Hac
3689 481 3830 540 ratio

533 520 794 577 scientem
840 523 1108 594 cognovit,
1155 525 1478 599 quandoque
1510 531 1727 602 sapiens
1760 535 1902 607 apud
1947 535 2120 593 Deum
2221 520 2480 598 discernit
2505 544 2651 600 inter
2694 545 2835 605 ﬁlios
2861 546 2959 604 Dei
2996 558 3054 606 et
3078 520 3218 611 filios
3264 520 3483 629 diaboli,
3537 567 3678 637 quia
3731 571 3825 632 ﬁlii

533 618 584 637 Α.
613 611 878 637 --.-..-.-.-
910 615 1158 637 ---φιμ
2237 631 2271 637 _-
2309 633 2325 637 _
2381 635 2394 637 _

528 618 586 668 et
610 611 881 670 exaltatus
905 615 1179 686 gaudebit.

600 701 672 758 Ut
683 705 984 776 jumentum
1024 708 1196 778 factus
1234 727 1354 767 sum
1393 714 1536 786 apud
1579 723 1650 782 te,
1694 724 1744 773 et
1785 734 1879 790 ego
1915 736 2118 794 semper

525 803 696 852 tecum
733 795 904 869 (Psal.
933 799 1125 869 Lxxn).
1153 799 1273 857 Non
1314 804 1422 861 tale
1443 805 1770 877 jumentum,
1807 811 1952 880 quod
1983 810 2116 868 insi-

521 887 784 960 pientiam
820 892 1004 947 cordis
1036 893 1317 964 haberem,
1355 897 1451 954 sed
1501 900 1594 970 qui
1634 908 1748 958 toto
1794 918 2022 975 corpore
2057 913 2115 962 et

521 979 685 1036 corde
705 981 876 1036 Deum
903 983 1222 1054 bajularem.
1253 984 1567 1046 Iumentum
1591 991 1734 1048 enim
1757 992 1972 1050 Domini
2000 1011 2111 1054 non

519 1080 738 1128 recusat
770 1072 916 1130 ferre
937 1077 1298 1150 quodcunque
1340 1080 1417 1136 illi
1446 1080 1612 1139 fuerit
1636 1087 1848 1156 pondus
1886 1087 2112 1159 imposi-

517 1169 656 1229 tum,
687 1163 780 1219 sed
801 1167 1076 1236 patienter
1115 1170 1354 1228 tolerans
1390 1181 1593 1244 portat,
1625 1177 1797 1235 donec
1823 1181 1893 1237 ad
1927 1180 2109 1238 locum

517 1250 843 1310 destinatum
883 1259 1183 1327 perveniat.
1216 1261 1296 1318 lta
1326 1271 1382 1320 et
1411 1268 1708 1324 monachus
1739 1271 1922 1328 omnia
1958 1287 2107 1343 quae-

512 1355 728 1414 cunque
753 1344 828 1400 illi
860 1346 928 1402 ab
959 1347 1153 1406 abbate
1180 1351 1267 1407 vel
1292 1353 1360 1408 ab
1387 1355 1497 1412 alio
1531 1357 1712 1430 aliquo
1744 1361 1927 1431 priore
1951 1379 2107 1437 regu-

455 1499 458 1502 g
511 1430 702 1489 lariter
738 1433 903 1494 fuerit
945 1439 1281 1512 impositum,
1319 1447 1592 1517 patienter
1628 1430 1860 1509 tolerare
1889 1461 1945 1511 et
1986 1430 2104 1515 sine

512 1529 940 1588 murmuratione
990 1533 1148 1590 debet
1192 1536 1441 1608 sufferre,
1492 1544 1662 1600 donec
1709 1547 1780 1602 ad
1817 1547 1944 1605 vitae
1991 1564 2102 1608 suae

508 1622 790 1688 perveniat
829 1623 1054 1693 calcem,
1095 1628 1210 1696 ubi,
1249 1631 1493 1702 deposito
1531 1633 1734 1694 laboris
1784 1653 1972 1708 onere,
2005 1657 2103 1699 ex-

506 1720 712 1782 spectet
740 1730 772 1771 a
809 1715 1039 1776 Domino
1067 1720 1287 1793 dignam
1313 1725 1496 1796 operis
1526 1729 1611 1785 sui
1654 1731 1902 1805 accipere
1936 1735 2100 1794 retri-

501 1801 806 1863 butionem.

888 1900 966 1956 De
988 1907 1200 1970 septimo
1221 1907 1514 1964 humilitatis
1531 1915 1706 1979 gradu.

569 1991 836 2065 Septimus
856 1997 1172 2058 humilitatis
1191 2005 1390 2075 gradus
1411 2015 1507 2074 est,
1531 2010 1579 2064 si
1598 2009 1839 2067 omnibus
1871 2028 1929 2070 se
1955 2014 2094 2087 infe-

495 2083 691 2140 riorem
717 2096 764 2142 et
791 2089 1026 2146 viliorem
1065 2110 1169 2150 non
1198 2096 1369 2154 solum
1412 2117 1513 2156 sua
1550 2102 1732 2176 lingua
1761 2083 2086 2179 pronuntiet,

485 2176 588 2230 sed
617 2179 776 2235 etiam
815 2183 1000 2240 intimo
1042 2190 1217 2246 cordis
1257 2194 1437 2250 credat
1473 2197 1686 2267 affectu.
1718 2176 1821 2268 Qui
1855 2202 2000 2259 enim
2031 2176 2088 2260 in

492 2279 664 2339 regno
684 2269 800 2326 vult
817 2286 938 2331 esse
957 2281 1222 2349 superior,
1247 2298 1470 2343 necesse
1489 2297 1576 2345 est
1594 2298 1654 2346 ut
1679 2291 1734 2347 in
1755 2293 1859 2350 hoc
1885 2295 2086 2354 mundo

488 2355 591 2413 nat
614 2358 867 2432 inferior;
913 2375 970 2424 et
994 2371 1086 2440 qui
1113 2374 1230 2429 vult
1267 2391 1389 2434 esse
1417 2379 1754 2451 honoratior,
1801 2385 1899 2442 ﬁat
1927 2389 2086 2448 vilior

485 2456 548 2512 et
579 2451 906 2528 despectior,
934 2465 1232 2523 secundum
1254 2468 1467 2528 Domini
1497 2477 1826 2533 sententiam
1851 2481 1944 2550 qui
1966 2482 2079 2540 ait:

483 2540 598 2610 Qui
623 2545 843 2606 voluerit
868 2552 1006 2610 inter
1027 2573 1116 2613 vos
1154 2561 1356 2630 primus
1389 2581 1518 2631 esse,
1553 2568 1653 2623 erit
1686 2580 1854 2626 vester
1879 2589 2079 2631 servus.

485 2633 558 2692 Et
587 2641 882 2716 quicunque
904 2647 1130 2705 voluerit
1153 2653 1293 2708 inter
1315 2671 1405 2712 vos
1423 2657 1599 2729 major
1633 2660 1770 2731 ﬁeri,
1809 2663 1878 2718 sit
1915 2676 2082 2722 vester

482 2730 744 2803 minister,
767 2745 872 2794 etc.
903 2740 1098 2813 (Marc.
1134 2744 1217 2818 x).
1248 2747 1399 2806 Tunc
1426 2766 1560 2824 ergo
1594 2730 1655 2812 se
1681 2757 1912 2828 quisque
1956 2775 2075 2816 mo-

482 2824 718 2882 nachum
741 2827 965 2901 iudicet,
1005 2840 1223 2906 quando
1251 2853 1311 2896 se
1338 2843 1643 2912 minimum,
1681 2824 1992 2906 inferiorem
2021 2860 2078 2909 et

475 2915 731 2976 viliorem
772 2927 982 2982 caeteris
1027 2929 1438 2989 existimaverit.
1483 2934 1568 2991 Ad
1612 2937 1718 2994 hoc
1774 2942 2075 3001 monachus

475 3006 617 3064 vivit
650 3011 707 3066 in
734 3019 1089 3085 monasterio,
1119 3028 1180 3075 ut
1206 3022 1551 3082 bumiliatum
1575 3028 1783 3086 habens
1806 3033 2067 3102 animum,

477 3101 692 3158 caeteris
749 3108 991 3174 praebeat
1039 3111 1362 3172 humilitatis
1422 3119 1750 3190 exemplum.
1809 3123 1962 3181 Unde
2009 3101 2066 3183 et

2219 631 2418 692 diaboli
2460 648 2645 694 amant
2671 649 2726 695 et
2771 640 3000 714 diligunt
3040 648 3322 719 mundum,
3353 651 3450 710 ﬁlii
3484 631 3682 716 autem
3729 663 3824 724 Dei

2217 736 2404 784 amant
2431 738 2488 787 et
2515 731 2746 804 diligunt
2782 733 2974 792 Deum.
3006 736 3113 795 Sed
3141 739 3236 798 lilii
3271 744 3470 804 diaboli
3500 750 3685 810 ﬁlium
3731 756 3824 817 Dei

2214 831 2246 872 a
2273 821 2461 877 mundi
2487 838 2672 880 amore
2694 836 3026 898 separatum,
3054 838 3111 886 et
3135 834 3445 896 coelestibus
3470 850 3702 902 tantum
3731 850 3823 908 de-

2175 923 2179 927 '
2211 907 2433 967 sideriis
2475 913 2760 983 intentum,
2805 933 2991 977 amare
3030 938 3136 980 non
3183 941 3427 997 possunt.
3459 934 3821 1002 Abominatio

2211 1009 2298 1058 est
2333 1005 2500 1074 enim,
2539 1016 2599 1063 ut
2635 1025 2795 1082 supra
2826 1013 2975 1082 dicit,
3007 1023 3310 1088 peccatoris
3339 1027 3556 1102 religio.

2280 1091 2567 1153 Exaltatus
2613 1117 2729 1156 sum
2773 1112 2821 1158 et
2857 1105 3194 1179 humiliatus,
3243 1124 3292 1170 et
3328 1091 3586 1190 confusus
3638 1128 3815 1198 (Psal.

2209 1185 2474 1258 Lxxxvn).
2508 1187 2622 1247 Hoc
2649 1194 2956 1262 specialiter
2979 1205 3273 1262 convenire
3308 1185 3583 1280 probatur
3600 1185 3811 1281 electis.

2207 1272 2516 1334 Exaltatum
2551 1295 2610 1337 se
2639 1298 2759 1340 esse
2793 1285 2925 1343 dicit
2965 1291 3086 1360 quis
3116 1272 3353 1364 illorum,
3383 1272 3814 1379 quando"me

2205 1381 2296 1423 res
2314 1368 2576 1428 humanas
2591 1375 2864 1446 cogitabat
2878 1381 3040 1437 corde
3061 1386 3284 1442 tumido.
3308 1368 3810 1472 ﬂammatus-sun:

2204 1455 2402 1528 inquit,
2429 1465 2648 1533 quando
2671 1467 2741 1522 ad
2767 1468 3188 1544 confessionem,
3220 1482 3545 1543 medicabile
3575 1455 3806 1564 donum:

2205 1549 2386 1609 divina
2414 1549 2587 1627 gratia
2619 1558 2934 1631 miserante,
2964 1571 3233 1638 pervenit.
3265 1572 3560 1648 Confusus,

2203 1638 2294 1698 illa
2319 1659 2439 1715 qua:
2465 1647 2604 1704 male
2624 1653 2873 1722 gesserit,
2912 1659 3244 1726 poenitentiae
3266 1638 3623 1735 professione
3647 1638 3807 1735 idam-

2199 1735 2368 1790 navit.
2402 1735 2447 1793 0
2491 1739 2651 1796 beata
2673 1743 2920 1803 confusio
2959 1763 3080 1820 quae
3103 1762 3365 1814 aeternum
3409 1761 3566 1820 tollis
3610 1782 3803 1840 oppro-

2123 1831 2173 1895 Β
2201 1825 2410 1884 brium!
2433 1828 2571 1887 Nam
2592 1833 2856 1908 quidquid
2874 1838 2930 1895 in
2953 1851 3162 1900 reatum
3180 1851 3390 1906 venerit
3409 1825 3798 1931 pamiterimni,

2199 1920 2479 1989 perpetuis
2505 1923 2717 1982 saeculis
2741 1928 2986 1986 redditur
3011 1935 3314 1995 absolutum

2265 2008 2337 2064 Et
2355 2012 2478 2068 item
2499 2013 2692 2073 bonum
2719 2020 2866 2088 mihi,
2891 2026 3032 2095 quod
3056 2028 3350 2089 humiliasti
3371 2051 3478 2106 me,
3506 2049 3575 2095 stt
3599 2043 3793 2103 discam

2190 2103 2448 2160 mandata
2494 2115 2586 2164 tua
2624 2107 2797 2182 (Psal.
2840 2117 3050 2188 cxvm).
3101 2120 3336 2194 Exponit
3381 2103 3540 2188 enim
3588 2136 3661 2191 de
3709 2139 3790 2194 illa

2188 2191 2476 2252 dulcedine
2520 2208 2761 2271 gustare,
2795 2219 2916 2275 quae
2955 2224 3147 2268 omnes
3183 2191 3494 2280 suavitates
3531 2191 3789 2296 probam;

2187 2292 2475 2362 excedere,
2504 2303 2562 2352 et
2592 2297 2726 2355 dicit
2754 2319 2768 2356 :
2797 2301 3003 2361 Bonum
3030 2309 3161 2365 mihi
3189 2317 3332 2385 quod
3360 2292 3672 2381 humiliasti
3696 2347 3786 2399 me,

2185 2378 2242 2435 id
2290 2390 2390 2449 est,
2441 2394 2504 2440 ut
2542 2390 2921 2450 mandatorum
2976 2378 3208 2457 tuorum.
3234 2403 3512 2465 discerem
3551 2378 3783 2486 copiam:

2184 2485 2346 2543 quam
2372 2485 2533 2532 antea
2555 2481 2798 2553 recipere
2824 2486 3061 2545 tumidus
3090 2491 3175 2547 vel
3213 2500 3486 2567 superbus
3509 2481 3785 2577 non-pote;

2182 2579 2322 2621 ram.
2352 2566 2642 2629 Humilitas
2665 2575 2812 2632 enim
2848 2577 2951 2634 ista
2994 2579 3295 2664 Ierusalem
3333 2595 3516 2666 tangit
3551 2566 3782 2670 gloriosa

2178 2655 2416 2729 fastigia.
2447 2660 2583 2718 Nam
2609 2664 2749 2722 sicut
2775 2672 3030 2740 superbia
3059 2655 3255 2750 mergit
3279 2681 3347 2736 ad
3381 2655 3780 2757 tartamm,ita

2177 2748 2283 2805 ista
2328 2751 2466 2810 tollit
2511 2756 2580 2812 ad
2610 2759 2824 2817 caelum.
2871 2763 2976 2821 Ista
3018 2748 3214 2842 quippe
3259 2773 3564 2837 humiliatio
3605 2748 3771 2854 quale

2173 2849 2462 2916 praemium
2495 2851 2708 2920 habeat,
2739 2871 3136 2932 consequenter
3163 2872 3410 2939 exponit,
3440 2891 3571 2931 cum
3595 2849 3730 2935 dicit
3751 2897 3772 2936 :

2176 2938 2250 2996 Ut
2275 2941 2482 3000 discam
2514 2949 2768 3006 mandata
2791 2959 2904 3008 tua.
2938 2954 3091 3013 Tunc
3112 2960 3254 3015 enim
3282 2938 3536 3033 perfecte
3564 2971 3776 3030 discun-

2173 3039 2266 3088 tur
2285 3037 2541 3095 mandata
2582 3043 2800 3111 quando
2823 3045 3039 3105 Domini
3067 3049 3296 3110 fideliter
3322 3057 3630 3129 implentur
3649 3081 3775 3137 pre-

2171 3135 2358 3198 cepta;
2388 3132 2604 3200 quando
2639 3151 2759 3206 qua:
2801 3148 2951 3197 recto
2996 3142 3373 3216 intelliguntur
3419 3156 3622 3227 corde,
3653 3132 3771 3217 'ea-

473 3187 671 3250 Petrus
713 3199 988 3267 apostolus
1036 3205 1115 3259 ait
1157 3223 1171 3260 :
1217 3204 1409 3266 Omnes
1451 3187 1670 3267 invicem
1717 3214 2065 3274 humilitatem
2093 3202 2138 3270 C
2170 3218 2286 3275 caci
2312 3218 2606 3291 implentur
2626 3235 2680 3284 et
2699 3243 2880 3300 opere.

469 3283 741 3343 insinuata
769 3287 824 3362 (Ι
854 3288 972 3348 Pet.
1003 3292 1080 3368 v).
1131 3295 1226 3353 Ille
1260 3302 1401 3356 bene
1439 3304 1651 3361 caeteris
1702 3305 2064 3365 humilitatem

469 3374 730 3446 insinuat,
785 3383 878 3453 qui
912 3399 1034 3442 eam
1081 3392 1349 3449 veraciter
1395 3393 1452 3450 in
1504 3398 1669 3454 corde
1720 3408 1929 3471 portat;
1969 3403 2064 3473 qui

469 3482 579 3525 non
608 3476 667 3527 se
691 3489 950 3547 magnum
973 3489 1028 3534 et
1047 3481 1235 3551 altum,
1265 3485 1362 3543 sed
1391 3497 1450 3543 ut
1479 3489 1639 3547 vilem
1665 3500 1721 3548 et
1746 3493 2062 3565 despectum

469 3565 764 3631 componit,
794 3575 850 3622 et
885 3577 1035 3640 aptat
1062 3589 1257 3647 magno
1298 3579 1477 3648 pium;
1529 3582 1622 3652 qui
1664 3597 1725 3640 se
1765 3599 2060 3658 pauperem

465 3652 662 3720 spiritu
715 3665 772 3710 et
820 3666 879 3712 ut
925 3676 1149 3733 puerum
1206 3669 1490 3736 parvulum
1536 3671 1591 3728 in
1645 3652 1823 3730 medio
1867 3652 2055 3734 existi-

467 3753 600 3812 mat,
641 3755 697 3803 et
749 3748 971 3808 exhibet
1019 3754 1264 3814 fratrem.
1324 3761 1462 3818 Hinc
1511 3764 1702 3821 beatus
1759 3764 2055 3836 Gregorius

465 3836 581 3892 ait:
617 3837 907 3898 Sciendum
937 3860 1261 3920 magnopere
1289 3861 1375 3909 est
1402 3855 1529 3925 quia
1562 3864 1770 3912 tantum
1799 3875 2056 3931 unaquae-

455 3941 571 3997 que
603 3931 786 3988 anima
821 3936 1114 4005 pretiosior
1155 3951 1282 4000 ante
1333 3947 1520 4004 oculos
1565 3948 1662 4006 Dei
1707 3960 1813 4020 est,
1851 3965 2053 4025 quanto

451 4032 574 4092 prae
619 4039 806 4083 amore
844 4031 1090 4091 veritatis
1135 4035 1440 4110 despectior
1487 4041 1652 4101 fuerit
1699 4053 1824 4104 ante
1865 4048 2050 4106 oculos

456 4125 590 4172 ⁸1105
603 4155 610 4171 ι

449 4254 454 4256 .
525 4204 832 4268 Humilians
855 4230 908 4269 se
935 4223 984 4271 et
1018 4217 1194 4276 dicens
1231 4237 1351 4279 cum
1391 4222 1659 4298 Propheta
1685 4242 1706 4284 :
1730 4229 1846 4302 Ego
1869 4239 2045 4290 autem

449 4309 569 4350 sum
595 4301 783 4356 vermis
808 4311 858 4358 et
884 4322 988 4360 non
1010 4307 1188 4377 homo,
1215 4306 1550 4385 approbrium
1584 4319 1856 4376 hominum
1881 4333 1931 4380 et
1952 4325 2046 4380 ab-

443 4385 608 4456 jectio
646 4390 810 4461 plebis
854 4394 1026 4468 (Psal.
1077 4401 1212 4473 χχι).
1251 4405 1366 4477 Ego
1397 4419 1574 4466 autem
1611 4429 1728 4469 sum
1768 4419 1955 4473 vermis
1993 4428 2043 4475 et

447 4493 555 4532 non
580 4480 756 4551 homo,
776 4497 998 4559 pr0pter
1031 4499 1501 4566 exaggerationem
1537 4505 1670 4563 dicit
1697 4509 2036 4571 humilitatis.

445 4569 662 4637 Yermis
686 4577 831 4632 enim
859 4580 1115 4640 humilior
1147 4592 1358 4647 cunctis
1391 4595 1754 4657 animantibus
1793 4617 1915 4660 esse
1949 4607 2034 4662 vi-

422 4659 605 4716 detur
631 4671 688 4720 et
711 4665 887 4726 vilior.
907 4670 1156 4733 Nutritus
1177 4680 1322 4735 enim
1344 4686 1543 4741 vermis
1567 4702 1634 4742 ex
1657 4689 1802 4762 ligno
1829 4659 2032 4764 quanto

441 4750 709 4825 fragilior,
738 4766 890 4817 tanto
925 4777 1044 4821 esse
1073 4771 1334 4840 probatur
1359 4783 1415 4830 et
1446 4779 1654 4847 purior.
1687 4750 1785 4840 διιί
1814 4750 2032 4859 compa-

442 4852 598 4901 ratur
639 4856 954 4922 monachus,
992 4861 1083 4930 qui
1129 4875 1330 4934 quanto
1374 4869 1427 4925 in
1466 4871 1569 4928 hoc
1619 4878 1815 4934 saeculo
1864 4852 2030 4939 fuerit

441 4933 767 5009 despectior,
793 4944 1061 5003 inﬁrmior
1082 4933 1336 5024 etvilior,
1367 4967 1518 5018 tanto
1540 4966 1682 5034 apud
1704 4966 1874 5024 Deum
1894 4985 2024 5028 san-

438 5028 580 5084 ctior
606 5029 880 5091 invenitur
905 5046 960 5093 et
994 5044 1262 5102 mundior.
1291 5047 1368 5106 De
1389 5028 1589 5122 quibus
1617 5055 1872 5116 Salomon
1910 5064 2026 5122 ait:

435 5113 724 5219 [formica
763 5127 988 5219 populus
1031 5133 1296 5207 inﬁmus,
1337 5113 1428 5213 qui
1463 5113 1825 5219 praeparat
1838 5113 2028 5213 ﬁmes'se'

433 5208 610 5316 cibum
628 5215 729 5269 sibi
753 5213 937 5289 (Prov.
961 5225 1114 5297 xxx).
1138 5227 1293 5296 Quod
1313 5208 1494 5292 autem
1515 5208 1666 5309 dicit,
1690 5208 2025 5316 opprobrium

2582 3337 2660 3388 De
2677 3338 2848 3394 octavo
2871 3343 3155 3400 humilitatis
3171 3352 3344 3416 gradu.

2233 3411 2458 3471 Octavus
2486 3417 2798 3478 humilitatis
2819 3427 3018 3496 gradus
3040 3440 3140 3499 est,
3174 3411 3231 3488 si
3262 3437 3400 3492 nihil
3423 3451 3563 3513 agat
3581 3460 3763 3501 mona-

2159 3503 2312 3572 chus,
2343 3507 2447 3562 nisi
2467 3509 2609 3580 quod
2636 3519 2928 3572 communis
2953 3525 3261 3579 monasterii
3281 3503 3582 3598 regula'vel
3606 3536 3768 3606 majo-

2159 3609 2277 3648 rum
2299 3598 2646 3656 cohortantur
2665 3606 2922 3677 exempla.
2946 3609 3028 3666 Ac
3048 3611 3094 3667 si
3113 3613 3319 3672 diceret
3343 3636 3357 3673 :
3383 3618 3510 3678 Non
3534 3598 3766 3696 aliquam

2157 3685 2398 3743 inveniat
2425 3694 2723 3750 monachus
2751 3697 2980 3757 arbitrio
3005 3717 3104 3760 suo
3135 3706 3544 3769 institutionem
3584 3717 3761 3773 novel.

2154 3777 2283 3845 lam,
2315 3781 2412 3838 sed
2437 3784 2618 3853 potius
2655 3789 2837 3845 omnia
2881 3808 3002 3863 quas
3028 3795 3096 3852 ab
3117 3797 3240 3855 aliis
3266 3801 3472 3860 viderit
3496 3808 3589 3878 agi
3617 3817 3760 3878 agat,

2151 3877 2211 3926 et
2238 3885 2358 3944 qua:
2376 3881 2600 3932 caeteros
2630 3878 2824 3938 viderit
2844 3882 3046 3954 facere,
3075 3889 3309 3959 pleniter
3334 3893 3532 3963 faciat,
3548 3877 3621 3955 iet
3643 3877 3760 3972 qua

2150 3961 2354 4033 scripta
2391 3971 2644 4024 tenentur
2687 3970 2744 4027 in
2793 3972 3020 4047 Regula,
3067 3978 3296 4039 firmiter
3345 3961 3674 4055 custodiat;
3701 3999 3761 4047 et

2150 4053 2399 4121 expedite
2455 4067 2652 4115 cuncta
2695 4065 2952 4134 operibus
2991 4069 3281 4141 compleat,
3324 4082 3382 4132 et
3422 4079 3508 4134 sic
3537 4053 3757 4138 demum

2147 4143 2440 4202 ordinatim
2469 4149 2536 4206 ad
2563 4155 2842 4225 exemplar
2879 4159 3146 4231 majorum
3189 4169 3477 4236 perveniat
3506 4183 3753 4242 patrum,

2144 4243 2202 4291 et
2228 4238 2534 4308 exemplum
2557 4243 2789 4315 accipiat
2817 4247 3142 4309 humilitatis
3168 4270 3200 4310 a
3233 4257 3474 4328 Christo,
3506 4238 3754 4322 devotio;

2145 4327 2230 4384 nis
2277 4343 2310 4384 a
2356 4329 2540 4401 Petro,
2587 4336 2873 4395 charitatis
2919 4356 2951 4397 a
2995 4341 3232 4414 Joanne,
3284 4327 3622 4413 obedientize
3685 4357 3750 4414 ab

2144 4415 2441 4488 Abraham,
2473 4423 2746 4492 patientia:
2789 4431 2859 4485 ab
2883 4429 3054 4502 Isaac,
3096 4436 3400 4497 tolerantiae
3426 4458 3459 4498 a
3489 4442 3667 4503 Iacob
3696 4457 3751 4505 et

2143 4505 2267 4577 Iob,
2301 4513 2634 4572 castimonia:
2679 4533 2711 4572 n
2740 4517 2962 4592 Ioseph,
3008 4531 3445 4589 mansuetudinis
3477 4551 3511 4590 a
3541 4536 3748 4610 Moyse,

2141 4609 2465 4666 constantiae
2510 4625 2542 4666 a
2588 4610 2774 4682 Iosue,
2812 4617 3160 4690 benignitatis
3192 4639 3225 4679 a
3252 4624 3497 4695 Samuel,
3531 4633 3749 4688 miseri-

2136 4788 2278 4846 facta
2314 4791 2527 4862 piorum
2571 4810 2680 4865 quo
2725 4797 2908 4856 labore
2928 4841 2944 4868 ,
2990 4818 3101 4875 quo
3142 4807 3522 4867 moderamine
3569 4829 3745 4885 quave

2133 4880 2433 4938 intentione
2459 4885 2545 4940 vel
2582 4893 2997 4959 compunctione
3041 4907 3320 4967 gerantur,
3353 4912 3592 4962 sanctus
3615 4907 3740 4962 imi-

2134 4971 2298 5029 tando
2325 4975 2632 5033 consideret
2661 4983 2974 5052 monachus,
3007 4989 3210 5066 utejus
3237 4993 3538 5052 auxiliante
3577 4997 3738 5055 Chri-

2131 5067 2220 5116 sto
2242 5078 2413 5136 usque
2447 5066 2516 5122 ad
2541 5083 2729 5126 eorum
2759 5075 3037 5148 exemplar
3060 5081 3362 5151 proteletur
3384 5099 3554 5156 opus.

2555 5180 2632 5232 De
2657 5195 2788 5234 nono
2811 5185 3106 5243 humilitatis
3125 5194 3300 5256 gradu.

2200 5258 2390 5316 Nonus
2411 5262 2720 5323 humilitatis
2744 5272 2941 5340 gradus
2968 5284 3063 5343 est,
3092 5278 3138 5332 si
3159 5278 3395 5350 linguam
3416 5285 3490 5339 ad
3511 5286 3730 5361 loquen-

433 5299 704 5361 hominum
724 5318 773 5364 et
804 5312 1026 5382 abiectio
1053 5319 1239 5389 plebis,
1271 5335 1462 5384 contra
1489 5299 1770 5402 superbos,
1787 5349 1841 5395 et
1863 5344 2026 5399 rusti-

2124 5349 2251 5404 dum
2289 5354 2560 5424 prohibeat
2605 5363 2914 5431 monachus,
2963 5376 3016 5421 et
3067 5349 3482 5431 taciturnitatem

433 5409 530 5451 cos
549 5400 769 5504 respicit
785 5408 1092 5480 p0pulares,
1107 5417 1198 5488 qui
1219 5433 1433 5491 semper
1451 5400 1754 5497 despiciunt
1769 5432 2019 5504 humiles,

2123 5457 2287 5512 usque
2329 5445 2400 5499 ad
2428 5446 2888 5520 interrogationem
2931 5473 3040 5514 non.
3079 5459 3345 5533 loquatur,
3393 5481 3730 5529 monstrate

1335 5488 1352 5491 —
1548 5488 1565 5497 -
1883 5488 2019 5504 σ--ηι
2127 5488 2285 5512 -η-,π
2330 5488 2398 5499 ..-
2429 5488 2888 5520 ..ηνηνυωηυηυηι
2931 5488 3040 5514 mm
3079 5488 3345 5533 unguatur,
3393 5488 3722 5529 monstra“

432 5493 491 5541 el
529 5488 791 5633 abiciunt
826 5513 1114 5633 lpauperes.
1160 5507 1449 5580 Opponunt
1484 5517 1590 5575 illis
1635 5537 1754 5591 quae
1798 5536 2027 5594 Possunt
2126 5532 2400 5605 Scriptura
2421 5539 2544 5610 quia
2571 5541 2628 5596 in
2651 5543 2979 5620 multiloquio
3006 5569 3110 5609 non
3138 5557 3416 5629 e/fugietur
3441 5576 3722 5633 peceatum

432 5590 602 5633 σοι)Γο
640 5598 743 5633 1⁵12-
788 5603 824 5633 n
862 5591 1049 5633 ﬁniunt
1091 5605 1363 5633 Ληηιηη-ε..
1406 5609 1566 5633 ..Α-ι.-
1642 5621 1689 5633 ,Α
1732 5630 1778 5633 __
1805 5631 1832 5633 Α,
1893 5631 1902 5633 -
1973 5620 1984 5632 σ
2135 5623 2196 5633 ρ..
2376 5630 2383 5633 .
2446 5629 2499 5633 __
2597 5632 2625 5633 η

1650 5581 1669 5591 ⁸
1798 5581 1816 5594 ⁸
1884 5581 1887 5582 ⁷
1908 5581 1919 5582 ί
1938 5581 2024 5584 ""'
2126 5581 2210 5589 ""
2227 5581 2352 5605 'I"'"
2367 5581 2399 5591 "
2421 5581 2543 5610 7""
2574 5581 2628 5596 "'
2653 5581 2979 5620 "'“uuulluﬂl
3007 5581 3109 5609 ηυη
3138 5581 3416 5629 εηιιςιεηυ·

432 5581 743 5715 ogprobr‘ia,
783 5589 1054 5715 :bjici‘unt
1091 5605 1366 5660 contraria
1406 5609 1591 5677 verba,
1635 5621 1691 5668 et
1727 5630 1943 5687 semper
1970 5620 2028 5676 in
2127 5623 2310 5698 (Prov.
2336 5630 2414 5699 ι).
2444 5629 2570 5687 Ideo
2593 5632 2833 5706 linguam
2855 5653 3008 5697 suam
3034 5646 3320 5715 prohibere
3340 5653 3505 5709 debet
3526 5671 3724 5713 ωοιιι.

435 5683 468 5715 ³
510 5687 638 5715 BDA“
683 5685 757 5715 ιίη
819 5691 933 5715 nlnn
957 5703 1069 5715 ιιι-Α
1092 5706 1194 5715 ..--
1227 5711 1304 5715 _-_
1321 5713 1332 5715 -
1350 5713 1362 5715 _
1417 5708 1430 5715 -
1479 5701 1541 5715 III
1639 5703 1671 5715 ι·-
1712 5705 1726 5715 -
1947 5711 1957 5715 -

1578 5669 1588 5677 ’
1768 5669 1871 5687 ""r
1890 5669 1932 5672 η
1970 5669 2028 5676 "‘
2127 5669 2175 5698 ι’
2204 5669 2310 5680 "'"
2337 5669 2414 5699 “I'
2444 5669 2570 5687 *ιι-νυ
2593 5669 2833 5706 "usu-ml
2855 5669 3008 5697 auaui
3034 5669 3320 5715 promisere
3340 5669 3505 5709 debet
3526 5671 3718 5713 mona-

435 5669 757 5734 abscondito
783 5680 1071 5744 detrahere
1092 5706 1198 5748 non
1220 5708 1454 5755 cessant.
1479 5701 1615 5758 Hinc
1638 5703 1892 5762 Salomon
1909 5711 1986 5765 ait
2009 5715 2027 5756 τ
2126 5715 2263 5773 chus
2300 5718 2368 5774 ad
2396 5719 2740 5793 loquendum,
2777 5744 2846 5785 ne
2883 5731 2938 5786 in
2967 5733 3289 5806 multiloquii
3315 5741 3479 5798 cadat
3513 5760 3684 5816 pecu
3713 5780 3718 5783 .

583 5772 893 5816 lanuuinum
922 5778 1144 5816 odos-41A!
1172 5786 1452 5816 οᾶκμιιιρ...
1506 5791 1690 5816 In)---”
1718 5796 1893 5816 τευ-.ρῖ
1973 5811 1996 5816 ,Α
2145 5810 2154 5816 .
2325 5807 2368 5816 .-
2439 5811 2451 5816 -
2591 5813 2599 5816 .

1741 5759 1892 5762 λη-
1911 5759 1986 5765 __-
2130 5759 2263 5773 η.--
2300 5759 2368 5774 ....
2396 5759 2740 5793 .uquwuum,
2779 5759 2846 5785 uc
2883 5759 2938 5786 ιιι
2967 5759 3288 5806 muiuroquu
3315 5759 3479 5798 canat
3513 5760 3684 5816 pecca
3713 5780 3717 5783 η

415 5759 563 5840 ,"iri
583 5772 896 5841 sanguinein
922 5778 1144 5837 oderunt
1168 5786 1472 5860 simplicem,
1505 5791 1690 5867 ouum
1716 5796 1894 5872 [justi]
1929 5811 2028 5858 σιω-
2139 5810 2272 5864 tam.
2325 5807 2691 5876 Taciturnitas
2740 5818 2887 5878 enim
2907 5821 3164 5907 virtutes
3208 5827 3476 5900 plurimas
3526 5836 3717 5894 nutris
