3994 6458
207 389 320 456 825

1228 365 1582 429 COMMENT.
1622 366 1692 424 IN
1727 332 1888 424 anc.
1927 362 1985 420 s.
2029 361 2416 420 BENEDICTI.

3355 359 3462 420 836

209 504 511 582 loquacitas
534 511 664 556 vero
690 496 854 554 etiam
889 490 1122 548 nutritas
1156 487 1436 560 dispergit.
1465 484 1602 540 Hinc
1629 481 1784 537 Salo-
1812 481 1867 543 Α
1890 486 1984 534 aut
2019 477 2240 534 stultum
2267 484 2359 531 aut
2388 477 2579 545 levem,
2611 483 2703 533 aut
2738 463 2886 534 certe
2909 488 3106 534 vanum
3134 475 3466 533 monachum

210 581 342 662 mon
365 597 482 654 ait:
519 592 666 651 Sicut
691 590 814 645 urbs
839 596 1043 660 patens,
1073 589 1121 638 et
1162 581 1352 652 absque
1379 592 1649 632 murorum
1677 590 1790 627 am-

212 695 347 759 bitu,
371 691 448 745 ita
469 687 548 742 vir
574 683 662 758 qui
686 699 786 737 non
813 687 976 751 potest
1003 677 1060 731 in
1095 673 1350 747 loquendo
1377 670 1608 725 cohibere
1636 667 1792 739 spiri-

214 797 328 843 tum
349 797 501 840 suum
517 777 695 852 (Prov.
719 773 903 844 xxln).
921 772 1126 828 Civitas
1144 767 1288 825 enim
1308 771 1496 838 patens
1514 771 1568 818 et
1590 761 1792 852 absque

214 879 468 937 clausura
490 887 597 928 non
627 875 807 926 servat
830 864 1056 922 interius
1080 861 1222 934 quod
1248 867 1392 915 tenet
1414 856 1661 920 illaesum,
1685 851 1793 908 nisi

214 977 461 1038 tempore
495 976 732 1033 congruo
757 967 851 1016 aut
891 956 1028 1015 seris
1055 953 1337 1011 claudatur
1379 955 1473 1004 aut
1502 963 1688 1014 muro;
1719 946 1795 1001 ita

213 1069 273 1117 et
300 1037 599 1113 monachus
627 1052 732 1108 nisi
760 1051 998 1121 linguam
1021 1043 1305 1118 prohibeat
1340 1041 1409 1096 ad
1443 1037 1791 1109 loquendum,

215 1152 446 1207 virtutes
495 1163 630 1221 quas
659 1154 806 1202 tenet
843 1141 1069 1201 interius
1097 1154 1195 1212 per
1233 1135 1577 1210 loquacitatis
1617 1131 1797 1205 perdit

215 1242 431 1312 vitium,
461 1239 568 1296 nisi
611 1238 695 1296 ori
738 1251 836 1294 suo
875 1232 1175 1292 custodiam
1218 1229 1462 1304 posuerit
1489 1235 1544 1284 et
1571 1225 1794 1283 ostium.

217 1333 482 1405 Sequitur
505 1349 520 1387 :

288 1426 360 1481 Et
403 1427 529 1498 quia
575 1425 653 1481 vir
689 1423 956 1495 linguosus
987 1435 1093 1476 non
1122 1419 1377 1491 dirigetur
1417 1431 1572 1488 super
1603 1423 1798 1469 terram

219 1517 396 1591 (Psal.
433 1516 680 1586 cxxxrx).
711 1515 965 1583 Quamvis
993 1512 1222 1584 linguosi
1251 1516 1474 1582 possunt
1505 1506 1612 1562 dici
1641 1511 1696 1560 et
1719 1503 1802 1558 illi

217 1611 311 1682 qui
362 1609 559 1681 linguae
601 1609 848 1664 ubertate
880 1606 1098 1662 facundi
1135 1612 1502 1670 sunt,-tamen
1547 1600 1652 1655 illis
1697 1600 1800 1654 hoc

218 1700 528 1776 specialiter
555 1714 752 1755 nomen
793 1705 1005 1755 constat
1037 1696 1348 1767 impositum
1379 1693 1469 1765 qui
1499 1689 1801 1747 inconside-

220 1803 338 1850 rata
364 1792 637 1848 locutione
671 1790 883 1847 verbosi
911 1797 1054 1846 sunt.
1088 1787 1179 1844 Sic
1207 1786 1351 1842 enim
1378 1783 1680 1840 contrarios
1714 1796 1800 1837 sa-

1893 590 2014 634 esse
2048 573 2384 630 denuntiant.
2426 572 2716 628 Humiliter
2752 573 2896 630 enim
2933 581 2987 628 et
3031 587 3152 628 cum
3207 571 3470 644 gravitate

1895 669 2054 724 debet
2093 667 2388 721 monachus
2422 663 2589 735 loqui,
2633 665 2756 735 quia
2784 665 3041 736 scriptum
3073 670 3156 719 est
3185 681 3200 717 :
3235 662 3364 717 Noli
3397 664 3474 718 ci-

1894 764 2034 812 tatus
2055 773 2164 812 esse
2189 757 2244 811 in
2273 756 2451 826 lingua
2483 753 2673 828 (Eccli.
2698 754 2792 827 ιγ).
2818 756 2884 810 Et
2913 774 2926 809 :
2957 754 3060 822 Qui
3097 754 3206 809 odit
3237 753 3473 826 loquaci-
3548 743 3550 745 ’

1894 858 2073 916 tatem,
2129 850 2410 920 exstinguit
2456 847 2714 902 malitiam
2761 847 2950 919 (Eccli.
2996 846 3131 920 xtx).
3185 845 3252 902 Et
3297 861 3469 916 pauca

1893 944 2062 996 Verba
2111 947 2168 996 et
2211 939 2548 996 rationabilia
2595 939 2863 1009 loquatur.
2917 939 3042 996 Ideo
3095 953 3287 1010 pauca,
3345 939 3476 1009 quia

1897 1036 2156 1107 scripturn
2183 1042 2269 1089 est
2293 1051 2308 1089 :
2333 1033 2392 1089 In
2417 1032 2755 1102 multiloquio
2787 1048 2893 1087 non
2920 1032 3143 1104 ellugies
3168 1039 3473 1104 peccatum,

1897 1138 1954 1186 et
1975 1129 2065 1200 qui
2085 1128 2266 1185 multis
2284 1129 2455 1184 utitur
2479 1128 2657 1183 verbis
2677 1125 2836 1182 lzedet
2859 1125 3091 1181 animam
3117 1140 3270 1181 suam
3291 1123 3474 1198 (Prov.

1897 1222 1978 1297 x).
2014 1222 2138 1279 l'deo
2165 1223 2528 1289 rationabilia,
2559 1222 2683 1292 quia
2715 1222 2977 1292 scriptum
3003 1228 3128 1276 est:
3163 1219 3268 1286 Qui
3301 1217 3480 1274 mode—

1899 1325 2049 1371 ratur
2069 1314 2208 1370 labia
2231 1333 2327 1370 sua
2348 1314 2783 1386 prudentissimus
2805 1320 2878 1367 est
2902 1309 3111 1383 (Ibid.).
3138 1309 3262 1364 Ideo
3283 1323 3478 1379 pauca,

1899 1407 2026 1478 quia
2051 1406 2309 1477 scriptum
2338 1413 2420 1460 est
2445 1423 2458 1459 ε
2493 1403 2698 1459 Stultus
2727 1399 2880 1458 verba
2906 1398 3238 1471 multiplicat.
3280 1397 3350 1451 Et
3391 1395 3482 1452 ubi

1900 1507 2021 1554 sunt
2040 1498 2192 1553 verba
2223 1497 2476 1568 plurima,
2507 1496 2579 1552 ibi
2624 1495 2917 1568 frequenter
2958 1499 3155 1564 egestas
3185 1487 3374 1560 (Eccli.
3398 1488 3478 1559 χ).

1899 1590 2025 1647 Ideo
2053 1590 2412 1655 rationabilia,
2450 1589 2575 1660 quia
2607 1589 2869 1658 scriptum
2907 1593 3032 1642 est:
3071 1582 3243 1638 Homo
3274 1579 3480 1650 sapiens

1901 1682 2091 1737 tacebit
2126 1699 2288 1753 usque
2311 1681 2380 1736 ad
2408 1689 2630 1752 tempus,
2655 1679 2879 1734 lascivus
2906 1685 3082 1732 autem
3105 1684 3151 1730 et
3182 1672 3485 1745 imprudens

1902 1791 2007 1830 non
2035 1773 2314 1830 servabunt
2357 1782 2580 1843 tempus.
2616 1771 2688 1826 Et
2729 1779 2805 1825 est
2836 1767 3043 1825 odibilis
3071 1767 3160 1839 qui
3188 1779 3384 1838 procax
3410 1769 3484 1817 est

217 1885 490 1957 pientibus
527 1892 582 1941 et
609 1883 818 1940 diverso
852 1895 1112 1939 sermone
1147 1884 1445 1934 tractantes
1489 1881 1674 1931 monet
1715 1872 1800 1928 Ja-
1824 1854 1873 1916 Β
1900 1865 1969 1920 ad
1992 1865 2307 1937 loquendum
2339 1861 2527 1936 (Eccli.
2561 1861 2678 1933 xx).
2702 1861 2771 1916 Et
2772 1879 2806 1957 ἐ
2841 1859 2945 1926 Qui
2965 1855 3385 1957 inconsideratus
3409 1860 3484 1908 est

221 1977 389 2033 cobus
418 1975 694 2047 apostolus
725 1974 910 2030 dicens
936 1991 950 2027 :
979 1971 1060 2028 Sit
1080 1979 1252 2026 autem
1272 1969 1441 2024 omnis
1465 1967 1619 2020 homo
1655 1963 1802 2019 velox

219 2069 290 2124 ad
319 2068 659 2133 audiendum,
683 2065 866 2121 tardus
889 2072 1062 2119 autem
1083 2061 1152 2116 ad
1171 2058 1488 2133 loquendum
1513 2054 1717 2128 (Iacob.
1734 2053 1798 2124 1).

220 2159 379 2215 Tales
403 2159 549 2215 enim
575 2172 738 2228 super
766 2165 968 2212 terram
1011 2153 1236 2209 minime
1278 2149 1612 2220 diriguntur,
1669 2144 1801 2214 quia

221 2249 553 2306 ﬂexibilitate
601 2263 699 2305 sua
749 2246 1062 2317 frequenter
1109 2240 1396 2298 excedunt.
1449 2233 1673 2291 Difﬁcile
1719 2240 1806 2290 est

219 2341 366 2396 enim
397 2339 808 2398 indeliberatum
837 2344 1044 2392 rectum
1083 2349 1202 2390 esse
1230 2344 1558 2388 sermonem.

639 2442 716 2492 De
738 2441 928 2492 decimo
945 2437 1231 2490 humilitatis
1253 2436 1427 2500 gradu.

298 2526 540 2582 Decimus
568 2525 880 2580 humilitatis
905 2522 1101 2594 gradus
1134 2529 1230 2587 est,
1259 2521 1304 2574 si
1325 2535 1429 2573 non
1447 2518 1514 2572 sit
1546 2515 1720 2587 facilis
1741 2531 1804 2571 ac

221 2629 490 2691 promptus
515 2620 571 2673 in
595 2619 725 2684 risu,
750 2617 873 2687 quia
920 2615 1170 2686 scriptum
1209 2621 1326 2668 est:
1355 2610 1558 2666 Stultus
1597 2611 1652 2665 in
1693 2609 1806 2664 risu

222 2709 423 2766 exultat
446 2726 621 2765 vocem
651 2725 801 2764 suam
829 2707 1021 2783 (Eccli.
1062 2706 1199 2779 χχι).
1231 2706 1449 2762 Levitas
1480 2704 1647 2760 animi
1676 2703 1807 2760 facit

223 2801 550 2856 monachum
596 2799 811 2855 facilem
859 2813 924 2854 ac
960 2806 1267 2870 promptum
1313 2811 1433 2853 esse
1483 2810 1696 2866 semper
1748 2796 1805 2851 in

225 2892 358 2948 risu.
405 2890 524 2946 Non
564 2891 708 2946 enim
753 2891 1002 2948 timorem
1045 2889 1258 2946 Domini
1303 2896 1481 2961 gestat
1518 2888 1575 2943 in
1613 2887 1801 2954 corde,

225 2982 346 3038 ideo
391 2983 448 3038 in
479 2983 743 3040 cachinno
778 2981 897 3039 vult
930 2991 986 3038 et
1013 2982 1122 3037 alta
1177 2995 1389 3051 semper
1430 2980 1606 3035 ridere
1647 2993 1801 3035 voce.

225 3074 343 3130 Non
369 3075 514 3131 enim
541 3076 774 3131 attendit
818 3074 947 3145 quid
977 3089 1074 3131 nos
1114 3072 1347 3130 Iacobus
1387 3073 1664 3145 apostolus
1704 3072 1802 3127 ad-

226 3173 410 3221 monet
437 3166 661 3222 dicens:
694 3165 877 3221 Miseri
913 3175 1091 3231 estote,
1143 3164 1332 3237 lugete,
1371 3163 1590 3236 plorate.
1640 3162 1800 3218 Risus

227 3270 392 3316 vester
429 3269 753 3316 convertetur
794 3260 851 3315 in
885 3258 1100 3325 luctum,
1146 3258 1398 3329 gaudium
1435 3258 1493 3311 in
1533 3271 1806 3312 mwrorem

229 3348 438 3422 (Jacob.
481 3347 577 3421 1v).
611 3348 748 3403 Hinc
782 3346 1036 3403 Salomon
1066 3345 1144 3400 ait
1169 3360 1184 3400 :
1213 3344 1371 3400 Risus
1399 3343 1579 3399 dolore
1624 3343 1815 3397 misceo

230 3440 401 3508 bitur;
423 3449 472 3496 et
500 3449 731 3496 extrema
761 3439 944 3512 gaudii
971 3437 1141 3493 luctus
1169 3444 1388 3507 occupat
1417 3434 1601 3510 (Prov.
1631 3432 1808 3503 xxiv).

229 3530 370 3588 Hinc
397 3533 590 3588 iterum
614 3532 729 3604 ipse
755 3549 769 3587 :
804 3529 989 3586 Risum
1011 3529 1243 3600 reputavi
1269 3542 1518 3592 errorem,
1543 3534 1591 3580 et
1615 3523 1810 3597 gaudio

231 3625 342 3680 dixi
368 3638 387 3678 .'
417 3615 556 3692 Quid
596 3625 796 3695 frustra
837 3623 1088 3694 deciperis
1120 3619 1318 3695 (Eccle.
1347 3619 1445 3691 tt)?
1483 3617 1648 3688 Magis
1682 3631 1813 3688 ergo

233 3717 484 3772 convenit
532 3716 798 3772 monacho
843 3714 1018 3772 luctus
1061 3729 1222 3785 quam
1247 3712 1408 3778 risus,
1447 3712 1572 3783 quia
1599 3724 1697 3782 per
1731 3706 1817 3762 lu-

233 3816 380 3866 ctum
411 3808 626 3864 venitur
652 3809 720 3864 ad
748 3809 1021 3881 gaudium,
1050 3807 1190 3864 sicut
1217 3807 1478 3876 scriptum
1506 3812 1590 3861 est
1617 3821 1631 3858 :
1659 3801 1815 3859 Beati

233 3901 323 3971 qui
343 3900 538 3972 lugent,
562 3900 806 3973 quoniam
828 3901 926 3971 ipsi
948 3898 1358 3955 consolabuntur
1379 3895 1594 3971 (Matth.
1612 3894 1689 3969 v).
1712 3895 1818 3952 Per

236 3991 406 4047 risum
443 4005 572 4048 vero
623 3990 839 4046 venitur
880 3991 949 4045 ad
978 3989 1183 4056 ﬂetum,
1213 3990 1354 4046 sicut
1386 3988 1644 4058 scriptum
1685 3994 1814 4042 est:

249 4081 337 4139 Vae
361 4084 501 4138 vobis
531 4083 620 4156 qui
658 4082 839 4137 ridetis
867 4098 1025 4149 nunc,
1064 4083 1187 4151 quia
1227 4081 1415 4151 ﬂebitis
1459 4088 1506 4134 et
1545 4078 1818 4150 plorabitis

238 4174 390 4251 (Luc.
421 4175 498 4249 vr)
524 4176 536 4230 !
570 4175 765 4231 Ridere
790 4173 935 4229 enim
965 4172 1191 4239 homini,
1222 4180 1282 4226 ut
1313 4169 1426 4239 jam
1465 4169 1713 4240 superius
1739 4168 1820 4223 di-

237 4276 383 4324 ctum
413 4275 514 4335 est,
543 4267 760 4338 penitus
777 4281 884 4321 non
908 4273 1141 4330 velatur,
1171 4264 1297 4334 quia
1322 4261 1397 4317 illi
1423 4261 1522 4318 soli
1551 4262 1654 4316 hoc
1678 4260 1822 4316 inter

235 4375 426 4418 omnes
459 4367 736 4416 creaturas
775 4372 1096 4414 concessum
1122 4355 1442 4412 naturaliter
1469 4369 1588 4410 esse
1617 4368 1818 4423 cogno-

235 4453 427 4509 scitur.
475 4451 582 4507 Sed
627 4457 689 4506 ut
725 4449 960 4506 levitatis
1009 4456 1196 4504 caveat
1243 4448 1454 4517 vitium,
1487 4446 1718 4504 facilitas
1766 4453 1822 4502 et

238 4547 351 4603 alta
377 4559 481 4602 vox
510 4544 632 4600 fieri
657 4543 975 4615 prohibetur
1000 4543 1056 4598 in
1082 4543 1216 4599 risu.

594 4645 669 4695 De
693 4645 954 4695 undecimo
977 4644 1261 4694 humilitatis
1282 4641 1459 4706 gradu.

315 4727 630 4784 Undecimus
653 4727 965 4783 humilitatis
990 4727 1185 4800 gradus
1217 4736 1308 4793 est,
1356 4727 1400 4781 si
1427 4742 1546 4782 cum
1591 4724 1822 4798 loquitur

239 4821 547 4890 monachus,
594 4821 779 4878 leniter
805 4830 854 4877 et
880 4823 992 4878 sine
1021 4823 1149 4889 risu,
1179 4821 1447 4878 humiliter
1483 4839 1601 4877 cum
1643 4822 1822 4893 gravi-

241 4924 370 4982 tate,
395 4912 470 4970 vel
498 4931 667 4986 pauca
688 4914 840 4988 verba
864 4923 910 4969 et
934 4913 1271 4970 rationabilia
1293 4913 1557 4985 loquatur.
1582 4913 1820 4981 Leniter,

240 5007 298 5064 id
325 5014 430 5073 est,
459 5013 754 5078 temperate
781 5006 867 5063 vel
891 5005 1101 5078 placide
1125 5007 1279 5062 decet
1303 5007 1626 5063 monachum
1653 5006 1822 5076 loqui,

241 5102 373 5174 quia
400 5103 658 5172 scriptum
683 5109 767 5157 est
792 5119 805 5154 :
852 5099 1022 5154 Verba
1056 5099 1391 5171 prudentium
1412 5109 1606 5154 statera
1627 5099 1824 5170 ponde-

243 5194 503 5249 rabuntur
536 5192 723 5266 (Eccli.
769 5191 906 5263 xxi).
943 5191 1162 5247 Lenitas
1191 5192 1333 5246 enim
1364 5190 1432 5246 de
1460 5190 1607 5246 fonte
1643 5191 1824 5247 dulce-

244 5283 391 5341 dinis
418 5284 619 5355 pariter
654 5281 900 5353 procedit
941 5289 995 5335 et
1031 5281 1197 5351 pacis.
1233 5280 1371 5336 Hinc
1414 5279 1670 5336 Salomon
1707 5282 1820 5336 ait:

258 5374 486 5438 Verbum
513 5373 663 5430 dulce
683 5372 996 5444 multiplicat
1019 5371 1234 5438 amicos,
1259 5381 1307 5426 et
1335 5373 1537 5444 mitigat
1563 5373 1820 5441 inimicos,

245 5475 296 5522 et
318 5466 496 5537 lingua
517 5465 748 5537 gratiosa
767 5464 821 5517 in
840 5463 971 5517 bono
987 5462 1193 5516 homine
1207 5463 1492 5518 abundabit
1518 5461 1704 5534 (Eccli.
1727 5462 1822 5534 vn).

248 5558 390 5616 Hinc
437 5559 633 5614 iterum
677 5557 792 5628 ipse
836 5575 848 5610 :
903 5553 950 5607 F
954 5571 1082 5608 avus
1128 5553 1296 5609 mellis
1340 5555 1489 5610 verba
1544 5556 1829 5625 composita

252 5649 438 5725 (Prov.
452 5649 732 5724 vr).Verba
752 5649 895 5704 enim
915 5647 1055 5704 bene
1070 5648 1367 5718 composita
1390 5657 1444 5702 et
1466 5647 1828 5719 proferentem

253 5745 577 5808 honestam,
623 5749 678 5796 et
728 5740 955 5812 gratiam
1005 5737 1346 5794 audientibus
1397 5740 1826 5795 subministrant.

255 5837 476 5898 Addidit
499 5836 682 5895 dicens
708 5850 723 5894 :
754 5831 823 5892 Et
844 5832 957 5892 sius
995 5833 1142 5901 risu;
1171 5832 1336 5891 verba
1364 5830 1511 5890 enim
1531 5831 1644 5890 risu
1671 5831 1830 5905 plena

1841 4587 1897 4649 D

1901 1957 1971 2012 ad
1996 1956 2334 2027 loquendum,
2364 1954 2546 2009 sentiet
2567 1952 2714 2007 mala
2741 1949 2922 2024 (Prov.
2947 1948 3089 2020 xm).

1974 2048 2044 2103 Et
2081 2065 2186 2104 non
2211 2049 2277 2102 sit
2299 2047 2560 2102 clamosus
2587 2048 2644 2100 in
2671 2062 2809 2101 voce.
2847 2043 3049 2100 Christi
3077 2040 3220 2096 enim
3247 2039 3487 2095 imitator

1902 2140 2200 2196 monachus
2229 2138 2426 2211 tacitus
2452 2138 2612 2192 debet
2635 2150 2778 2201 esse,
2807 2149 2917 2190 non
2945 2133 3232 2188 clamosus.
3260 2129 3338 2184 De
3378 2130 3486 2185 Do—

1902 2231 2051 2288 mino
2077 2230 2223 2286 enim
2249 2230 2510 2299 scriptum
2551 2236 2633 2284 est
2664 2243 2678 2282 :
2726 2226 2849 2282 Non
2877 2226 3142 2292 clamabit,
3173 2241 3266 2281 nec
3305 2223 3489 2278 audie-

1904 2329 1991 2377 tur
2012 2321 2141 2392 foris
2163 2336 2262 2376 vox
2300 2321 2416 2391 ejus
2465 2318 2600 2394 (Isa.
2651 2318 2808 2390 xui).
2863 2317 2989 2374 Plus
3031 2318 3176 2374 enim
3214 2316 3488 2373 silentium

1904 2427 2068 2484 quam
2101 2413 2303 2468 clamor
2350 2413 2604 2469 convenit
2647 2413 2930 2468 monacho.
2967 2411 3316 2467 Honestatem
3361 2425 3490 2481 ergo

1903 2524 2012 2566 vox
2059 2509 2346 2573 submissa,
2393 2516 2450 2564 et
2494 2508 2766 2563 levitatem
2810 2507 3046 2564 ostendit
3079 2521 3186 2562 vox
3227 2505 3484 2562 clamosa.

1911 2601 2068 2674 Saepe
2108 2603 2254 2658 enim
2281 2618 2388 2658 vox
2429 2602 2663 2658 clamosa
2693 2594 2987 2659 'hominem
3033 2599 3288 2658 odibilem
3336 2585 3506 2668 facit,

1905 2694 2179 2750 submissa
2223 2701 2405 2750 autem
2452 2694 2744 2750 amabilem
2791 2693 2988 2750 reddit.
3031 2691 3183 2749 Unde
3228 2691 3490 2762 scriptum

1906 2795 2028 2842 est:
2063 2785 2284 2856 Sapiens
2310 2787 2366 2840 in
2394 2785 2559 2841 verbis
2583 2786 2808 2857 seipsum
2839 2781 3117 2839 amabilem
3141 2781 3268 2853 facit
3295 2779 3489 2853 (Eccli.

1905 2878 2020 2950 xx).
2050 2877 2175 2935 Ideo
2205 2878 2511 2945 amabilem,
2563 2878 2687 2949 quia
2722 2878 3015 2948 prudenter
3056 2873 3396 2931 rationabilia
3439 2881 3495 2928 et

1906 2973 2157 3029 amabilia
2199 2972 2439 3044 loquitur
2487 2973 2674 3029 verba.
2723 2971 2862 3028 Hinc
2903 2969 3135 3026 Basilius
3177 2969 3297 3024 ait:
3332 2967 3496 3024 Vocis

1907 3081 2220 3123 mensuram
2249 3066 2493 3122 definivit
2520 3066 2772 3122 audiendi
2799 3065 3014 3120 modus.
3060 3062 3120 3119 Si
3145 3063 3292 3118 enim
3322 3060 3497 3132 major

1908 3158 2073 3214 fuerit
2096 3173 2202 3215 vox
2228 3175 2391 3230 quam
2413 3158 2664 3231 requirit,
2695 3172 2817 3213 cum
2845 3155 3019 3226 possit
3062 3153 3251 3209 audire
3279 3152 3372 3206 ille
3401 3149 3492 3206 cui

1909 3250 2165 3322 loquitur,
2195 3250 2382 3316 etiam,
2410 3249 2456 3305 si
2487 3249 2741 3320 legimus,
2778 3247 3082 3316 loquamur,
3103 3243 3216 3312 jam
3257 3257 3365 3298 non
3393 3241 3497 3298 erit

1910 3358 2038 3409 vox,
2058 3341 2152 3398 sed
2172 3340 2396 3398 clamor.
2427 3339 2580 3409 Quod
2603 3348 2689 3395 est
2707 3335 2964 3403 notabile,
2982 3336 3087 3392 nisi
3117 3335 3254 3390 forte
3283 3332 3498 3404 gravior

1910 3433 1985 3490 sit
2008 3433 2225 3488 auditus
2249 3429 2368 3501 ejus
2409 3429 2495 3486 cui
2523 3429 2786 3500 loquitur,
2815 3436 2869 3484 et
2895 3425 3189 3482 necessitas
3236 3429 3393 3492 cogat
3429 3420 3497 3477 ad

1912 3525 2277 3584 clamandum.
2300 3523 2439 3580 Hinc
2455 3523 2790 3579 Fructuosus
2816 3520 2923 3576 ait:
2945 3519 3251 3575 Clamosum
3273 3515 3328 3571 in
3347 3513 3498 3570 locu-

1913 3618 2063 3675 tione
2109 3617 2433 3674 monachum
2484 3621 2577 3670 aut
2611 3610 2959 3669 ridiculosum
3004 3623 3124 3667 esse
3158 3622 3271 3664 non
3317 3605 3493 3661 decet.

1913 3713 2018 3783 Qui
2045 3724 2226 3770 autem
2254 3711 2519 3782 ejusmodi
2547 3718 2652 3775 est,
2681 3715 2735 3763 et
2759 3719 2903 3778 saepe
2929 3702 3221 3774 castigatus
3251 3713 3359 3754 non
3383 3695 3501 3752 fue-

1913 3808 1989 3864 rit
2009 3807 2350 3872 emendatus,
2376 3802 2601 3875 ﬂagellis
2621 3799 2892 3857 curandus
2919 3805 3000 3854 est
3024 3803 3077 3852 et
3097 3792 3298 3850 acriter
3322 3802 3502 3847 emen-

1918 3900 2146 3958 dandus.
2174 3897 2467 3968 Sequitur:

1988 3992 2137 4049 Sicut
2161 3964 2413 4063 scriptum
2442 3995 2517 4043 est
2541 4001 2560 4042 .'
2589 3985 2814 4073 Sapieng
2838 3981 3002 4040 verbis
3020 3977 3294 4056 inualescit
3317 3964 3502 4073 paucis

1919 4085 2110 4158 (Eccli.
2156 4082 2274 4153 xx).
2330 4079 2640 4143 Innotescit,
2675 4064 2827 4140 dicit,
2886 4074 2941 4129 id
2989 4081 3092 4136 est,
3141 4067 3318 4139 qualis
3362 4064 3504 4135 apud

1919 4177 2270 4246 semetipsum
2307 4175 2378 4230 sit
2418 4171 2660 4233 interius,
2696 4165 2906 4223 caeteris
2943 4178 3003 4220 se
3033 4159 3320 4218 innotescit
3349 4165 3502 4214 exte—

1919 4267 2053 4324 rius.
2090 4265 2366 4337 Sapientia
2397 4276 2558 4332 quam
2589 4267 2798 4315 secreto
2835 4253 3054 4312 tenebat
3084 4253 3139 4308 in
3171 4251 3354 4316 corde,
3383 4247 3505 4303 aliis

1919 4357 2157 4415 ostendit
2184 4354 2509 4426 proferendo
2534 4364 2805 4407 sermone.
2833 4346 2901 4404 Et
2926 4346 3018 4417 qui
3046 4343 3262 4400 sibimet
3295 4348 3504 4397 tantum

1919 4457 2084 4507 notus
2103 4447 2306 4503 latebat
2334 4444 2568 4510 occulte,
2592 4440 2942 4512 semetipsum
2969 4433 3240 4507 loquendo
3256 4429 3507 4506 producit

1921 4541 1976 4597 in
2009 4541 2303 4612 publicum.
2351 4537 2454 4594 Ubi
2494 4535 2636 4592 enim
2678 4533 2784 4588 ista
2822 4528 3042 4586 traditio
3083 4525 3251 4584 dicit:
3283 4522 3506 4595 Sapiens

1920 4637 1977 4691 in
1997 4635 2164 4690 verbis
2193 4632 2466 4688 innotescit
2492 4630 2676 4702 paucis
2712 4625 2904 4699 (Eccli.
2928 4621 3048 4695 xx),
3075 4620 3178 4676 alia
3205 4618 3336 4675 dicit
3359 4635 3372 4672 :
3405 4615 3508 4673 Sa-

1919 4729 2066 4800 piens
2086 4727 2140 4781 in
2166 4723 2330 4780 verbis
2354 4721 2597 4794 producit
2625 4719 2852 4789 seipsum
2882 4713 2934 4789 (1
2940 4711 3094 4786 bid.),
3123 4711 3177 4768 id
3199 4717 3300 4776 est,
3330 4705 3506 4778 qualis

1923 4817 2151 4875 interius
2186 4822 2362 4870 exstat
2387 4813 2634 4878 tacendo,
2682 4809 2843 4865 talem
2889 4821 2947 4864 se
2991 4803 3242 4878 producit
3268 4800 3506 4860 exterius

1923 4909 2219 4982 loquendo.

2265 4999 2339 5053 De
2360 4997 2648 5049 duodecimo
2670 4992 2959 5046 humilitatis
2992 4989 3164 5055 gradu.

1999 5095 2349 5152 Duodecimus
2382 5089 2692 5145 humilitatis
2737 5086 2933 5160 gradus
2974 5091 3069 5150 est,
3111 5079 3159 5136 si
3196 5094 3300 5133 non
3338 5074 3506 5132 solum

1929 5189 2084 5245 corde
2105 5185 2413 5248 monachus,
2437 5181 2527 5238 sed
2551 5182 2708 5235 etiam
2738 5192 2951 5248 corpore
2973 5169 3316 5228 humilitatem
3341 5165 3510 5222 viden-

1929 5281 2066 5335 tibus
2107 5296 2161 5334 se
2202 5293 2402 5348 semper
2439 5273 2648 5329 indicet.
2683 5269 3052 5326 Humilitatem
3081 5263 3345 5320 veraciter
3375 5260 3512 5314 inte-

1930 5371 2044 5426 rius
2089 5368 2324 5424 retinere
2369 5375 2423 5422 et
2467 5382 2588 5422 eam
2626 5365 2786 5419 debet
2823 5358 3062 5417 exterius
3104 5355 3406 5410 videntibus
3451 5369 3511 5409 se

1930 5463 2227 5518 monachus
2274 5459 2667 5522 demonstrare,
2698 5463 2758 5511 ut
2805 5461 2860 5509 et
2901 5450 3127 5506 interius
3158 5449 3371 5505 interno
3398 5447 3513 5520 pla-

1927 5561 2051 5610 ceat
2092 5551 2285 5624 judici,
2321 5559 2378 5606 et
2420 5549 2657 5605 exterius
2708 5543 2918 5602 cunctis
2970 5539 3230 5612 exemplis
3275 5541 3512 5612 prmheat

1928 5643 2268 5700 humilitatis.
2301 5642 2392 5698 Sic
2419 5642 2474 5696 in
2501 5649 2731 5708 utroque
2776 5632 3100 5691 humilitatis
3130 5633 3329 5688 virtute
3367 5646 3514 5688 com-

1925 5738 2135 5809 positus
2163 5735 2382 5792 humilis
2407 5730 2586 5796 corde,
2616 5727 2837 5783 humilis
2858 5726 3165 5782 inveniatur
3186 5732 3240 5780 et
3265 5737 3508 5792 corpore.

1927 5829 2160 5890 Interius
2186 5825 2406 5888 humilis
2446 5823 2629 5882 animo
2656 5831 2714 5881 et
2734 5820 2972 5880 exterius
3013 5831 3239 5890 corpore
3273 5813 3512 5875 lnvenla-
