3994 6466
510 405 612 463 δυ

1788 384 2142 452 SMARAGDI
2177 388 2469 451 ABBATIS

3684 386 3798 459 ω

504 498 600 576 ’ων
629 513 848 574 humilis
874 513 1082 580 habitu,
1114 520 1174 568 nt
1199 510 1316 583 ejus
1351 506 1595 568 videntes
1628 511 1929 586 exemplum
1970 510 2087 566 lau-
2113 508 2170 572 Α
2191 508 2341 565 nium
2366 519 2647 583 materque
2675 492 2962 580 virtutum,
2984 492 3040 568 et
3063 512 3225 570 corde
3246 526 3469 573 necesse
3490 523 3578 574 est
3606 514 3796 577 ﬁrmi-

508 612 638 668 dent
671 618 726 666 et
752 608 1054 683 glorificent
1092 604 1286 672 Deum,
1317 603 1410 676 qui
1454 603 1530 659 illi
1560 603 1970 661 fundamentum
1993 603 2094 660 hu-

511 703 780 769 militatis,
807 698 1168 758 constantiam
1190 697 1462 755 concessit
1484 706 1538 755 et
1561 696 1758 770 operis.

594 836 653 893 ld
687 840 784 901 est,
820 836 878 889 in
918 845 1094 906 opere,
1131 834 1188 888 tn
1220 834 1471 888 oratorio.
1509 830 1772 888 Videlicet
1794 831 1923 888 dum
1946 840 2090 898 orat,

514 936 697 985 cantat
726 927 986 1000 psaltrios,
1016 924 1266 997 hymnos,
1294 925 1528 989 cantica,
1556 922 1642 980 vel
1668 922 1812 979 aliud
1837 934 1974 995 opus
1994 924 2093 981 Dei

507 1021 563 1078 in
587 1021 703 1091 ipso
731 1028 953 1078 exercet
981 1020 1291 1075 sanctuario
1339 1016 1555 1088 semper
1573 1016 1751 1089 capite
1781 1018 1941 1073 debet
1972 1024 2095 1075 esse

508 1106 813 1170 humiliato.

582 1220 648 1283 In
693 1214 1110 1293 monasterib,in
1134 1226 1305 1290 horto,
1336 1223 1390 1278 in
1432 1224 1540 1291 via,
1569 1222 1625 1278 in
1671 1232 1833 1294 agro:
1861 1216 1942 1277 vel
1974 1214 2095 1277 ubi-

509 1328 710 1392 cunque
740 1298 942 1384 sedens,
973 1314 1247 1372 ambulans
1282 1315 1357 1372 vel
1382 1323 1548 1383 stans,
1583 1315 1832 1370 inclinato
1861 1315 1927 1369 sit
1957 1332 2093 1369 sem-

506 1420 600 1480 per
621 1411 807 1481 capite,
834 1402 1018 1478 tle/iacis
1038 1409 1092 1463 in
1117 1416 1309 1462 terram
1348 1408 1638 1479 aspectibus
1659 1447 1673 1472 ,
1706 1420 1849 1460 reum
1876 1423 1930 1461 se
1949 1405 2094 1463 omni

507 1499 639 1553 hora
668 1496 733 1553 de
757 1496 981 1568 peccatis
1008 1496 1116 1554 suis
1140 1498 1465 1563 existimans,
1482 1498 1597 1569 jam
1631 1506 1685 1551 se
1710 1497 1975 1551 trernendo
1991 1497 2091 1568 ju-

508 1582 646 1645 dicio
689 1584 781 1644 Dei
820 1586 1125 1661 prtrsentiiri
1164 1584 1450 1656 existimet,
1498 1589 1674 1644 dicens
1712 1587 1810 1643 sibi
1851 1586 1907 1643 iri
1938 1587 2092 1643 corde

507 1688 708 1750 semper
730 1675 864 1734 illud
889 1676 1026 1753 qitod
1060 1672 1368 1751 publicanus
1397 1677 1485 1733 ille
1514 1677 1856 1749 evangelicus,
1874 1676 1998 1748 ﬁdis
2033 1678 2091 1733 in

506 1778 703 1825 terram
745 1770 931 1836 oculis,
972 1770 1105 1826 didit
1132 1776 1152 1824 ξ
1176 1756 1418 1834 Domine,
1446 1782 1548 1824 non
1590 1780 1704 1824 sunt
1746 1764 1955 1840 dignus,
1996 1778 2091 1840 ego

505 1868 764 1932 peccator,
802 1858 971 1917 levare
997 1860 1174 1967 oculos
1216 1874 1357 1967 maps
1404 1860 1472 1914 ad
1501 1858 1865 1967 cretum
1907 1859 2085 1967 xviii).
2116 1870 2164 1937 Β
2191 1858 2298 1955 ἀπ’
2326 1906 2393 1947 ne
2420 1858 2601 1948 pen-{at
2627 1858 2905 1950 district“;
2928 1858 3115 1967 Ῐηξιεχ,

507 1951 775 2019 Quantum
799 1953 970 2008 venia:
1000 1951 1250 2007 ﬁduciam
1275 1951 1436 2023 digne
1455 1950 1841 2021 paenitentibus
1861 1942 2086 2022 praebet,

507 2040 650 2114 quod
675 2041 1015 2114 publicanus,
1046 2044 1138 2114 qui
1165 2051 1375 2099 reatum
1419 2054 1528 2099 sure
1572 2036 1826 2114 nequitias
1852 2041 2089 2114 perfecte

507 2130 777 2211 cognovit,
803 2132 968 2201 flevit,
1001 2134 1278 2191 confessus
1306 2142 1407 2189 est.
1434 2128 1549 2189 Etsi
1590 2132 1820 2205 iniustus
1854 2135 1920 2190 ad
1959 2143 2093 2189 tem-

502 2224 653 2295 plum
681 2225 850 2294 venit,
883 2226 1212 2297 iustiﬁcatus
1240 2236 1273 2282 a
1299 2227 1501 2297 templo
1548 2228 1728 2283 rediit.
1766 2227 1917 2283 Unus
1943 2228 2088 2284 enim

505 2314 868 2384 superbiendo
912 2310 1139 2375 recessit
1185 2318 1522 2386 humiliatus,
1568 2319 1706 2375 alter
1744 2316 2089 2376 lamentandti

505 2408 937 2480 appropinquare
962 2402 1158 2467 inaruit
1181 2410 1455 2467 etaltatus
1485 2422 1498 2465 :
1528 2411 1655 2481 quia
1693 2410 1870 2468 omnis
1906 2412 1999 2483 qni
2028 2416 2090 2468 lib

502 2501 706 2559 exaltat
750 2496 1139 2569 humiliahitur,
1171 2512 1227 2560 et
1257 2504 1351 2575 qui
1380 2512 1439 2559 se
1465 2492 1714 2559 humiliat
1758 2498 2088 2559 exaltabitur

503 2592 720 2664 (Matth.
760 2593 937 2667 iisin).
967 2594 1307 2667 Quapropter
1337 2601 1393 2650 et
1416 2594 1485 2649 de
1511 2593 1693 2650 verbis
1734 2590 1861 2649 ela'ti
1899 2587 2089 2649 Phari"-

501 2684 616 2752 ssei,
646 2686 842 2756 quibus
875 2680 1150 2743 humiliari
1192 2682 1413 2753 meruit,
1445 2688 1733 2758 possumus
1765 2702 1834 2742 ex
1870 2682 2085 2743 diverso

499 2775 730 2833 formam
769 2778 1106 2846 humilitatis,
1133 2790 1239 2849 qua
1279 2774 1654 2845 snbiimemur,
1696 2786 1995 2844 assumere,
2026 2785 2086 2834 ut

498 2867 640 2926 sicut
666 2864 775 2937 ille,
799 2870 1153 2928 consideratis
1196 2877 1252 2927 et
1294 2861 1540 2941 peiorum
1568 2864 1717 2925 vitiis
1747 2876 1803 2925 et
1829 2868 1944 2925 suis
1970 2869 2083 2925 γίν-

497 2961 725 3027 tutihus,
768 2970 852 3017 est
896 2958 1070 3018 elatus
1106 2962 1173 3017 ad
1213 2958 1487 3031 iniuriam,
1514 2960 1586 3015 ita
1620 2974 1720 3015 nos
1759 2966 1869 3014 non
1895 2967 2080 3017 nostra

498 3048 672 3106 solum
696 3051 939 3122 pigrlria,
971 3051 1063 3108 sed
1091 3059 1148 3108 et
1174 3050 1457 3108 meliorum
1484 3050 1776 3109 virtutibus
1800 3053 2080 3125 inspectis,

496 3136 847 3199 humiliemur
875 3144 943 3199 ad
976 3141 1223 3215 gloriam,
1268 3144 1537 3217 quatenus
1576 3147 1946 3218 unusquisque
1983 3159 2082 3203 no-

496 3238 673 3288 etrum
725 3235 828 3291 hoc
878 3236 1019 3307 apud
1061 3246 1120 3293 se
1167 3250 1231 3293 ac
1276 3238 1578 3294 submissus
1618 3238 1869 3296 obseeret
1895 3254 1908 3294 :
1935 3236 2079 3297 Deus
2104 3235 2151 3298 C

494 3329 855 3400 omnipotens,
900 3330 1157 3388 miserere
1200 3329 1425 3404 supplici
1468 3332 1582 3398 tuo,
1623 3333 1751 3405 quis
1800 3344 1907 3389 non
1954 3346 2074 3391 sum

499 3420 639 3475 sicut
670 3419 937 3478 innumeri
966 3424 1108 3479 servi
1133 3426 1210 3480 tui
1234 3428 1546 3498 contemptu
1587 3420 1770 3483 saeculi
1792 3421 2075 3495 sublimes,

492 3510 714 3581 iustitia:
763 3516 959 3570 merito
1008 3506 1251 3587 gloriosi;
1303 3516 1569 3575 castitatis
1617 3514 1777 3577 laude
1825 3515 2075 3593 angelici,

499 3601 645 3655 velut
678 3602 839 3658 etiam
882 3606 1036 3660 multi
1078 3606 1291 3662 illorum
1329 3609 1418 3678 qui
1456 3617 1578 3679 post
1610 3609 1815 3680 ﬂagitia
1861 3612 2076 3682 publica

495 3694 809 3764 prandendo
849 3686 944 3752 tibi
974 3701 1285 3756 meruerunt
1320 3715 1441 3757 esse
1477 3698 1675 3758 devoti.
1706 3703 1809 3771 Qui
1839 3705 2002 3760 etiam
2029 3702 2077 3762 si

493 3786 623 3857 quid
646 3781 774 3844 horti
803 3790 891 3845 tua
933 3791 1104 3863 gratia
1134 3792 1396 3864 largiente
1435 3790 1645 3861 fecero,
1698 3808 1807 3867 quo
1843 3797 1949 3853 line
1972 3798 2076 3854 hoc

492 3879 720 3947 faciam,
769 3898 940 3952 quave
987 3899 1017 3938 a
1068 3894 1120 3941 te
1163 3885 1501 3944 districtione
1542 3896 1819 3959 pensatur;
1862 3891 2070 3962 ignoro;

494 3966 563 4026 Et
591 3972 717 4029 item
741 3980 862 4031 eum
885 3966 1145 4048 propheta
1172 3997 1186 4035 :
1212 3980 1526 4037 Incurvatus
1555 3994 1671 4038 sum
1695 3992 1742 4038 et
1767 3981 2074 4042 humiliatus

490 4066 607 4117 sum
630 4071 1013 4140 usquequaque.
1041 4060 1142 4138 Qui
1168 4072 1485 4128 recordatur
1513 4070 1849 4130 altitudinem
1877 4074 2075 4147 quietis
2129 4105 2134 4109 -

492 4158 728 4221 :eternaa,
776 4155 892 4227 ipse
933 4158 1079 4215 videt
1116 4156 1377 4230 quantum
1413 4163 1485 4219 sit
1518 4164 1831 4221 humiliatus
1872 4165 1930 4220 in
1971 4166 2074 4224 hac

489 4246 672 4301 carnis
709 4249 1073 4319 corruptione.
1097 4251 1423 4325 Plangamus
1446 4268 1578 4327 ergo
1622 4263 1678 4310 et
1712 4270 1995 4328 gemamus
2021 4259 2075 4313 in

486 4334 857 4406 confessione,
906 4336 1261 4413 agnoscamus
1310 4346 1404 4401 ubi
1454 4361 1675 4412 sumus,
1728 4348 2076 4403 recordemur

491 4424 829 4484 altitudinem
857 4438 1072 4487 ueterum
1093 4436 1310 4504 quietis,
1337 4443 1393 4491 et
1412 4434 1681 4507 patienter
1696 4447 2076 4508 exspectemus

492 4518 637 4586 Quod
662 4508 749 4574 ille
776 4514 1026 4590 promisit
1051 4524 1141 4595 qui
1174 4525 1329 4581 nobis
1367 4526 1421 4582 in
1450 4526 1740 4598 semetipso
1768 4531 2074 4600 exemplum

490 4600 767 4680 patientiae
816 4618 871 4668 et
935 4608 1254 4674 humilitatis
1297 4620 1553 4676 ostendit.
1614 4621 1958 4678 lncurvatum
2016 4639 2074 4680 se

487 4700 622 4757 dixit
647 4708 843 4761 aetatu
885 4702 1150 4779 elationis,
1196 4718 1253 4769 et
1294 4708 1636 4771 humiliatum
1675 4712 1745 4772 ah
1788 4715 2066 4775 inﬂatione

494 4795 743 4851 tumoris.

556 4927 627 4983 Et
645 4931 835 4986 iterum
862 4948 981 4991 cum
1006 4931 1268 5006 Propheta
1292 4951 1311 4991 :
1333 4937 1651 4997 Incurvatus
1676 4950 1725 4999 et
1745 4938 2061 4997 humiliatus

485 5037 602 5081 sum
650 5012 1017 5097 usquequaque
1046 5018 1219 5100 (Psal.
1256 5026 1469 5103 cxvm).
1516 5030 1574 5087 Id
1613 5041 1698 5089 est
1740 5034 1831 5106 qui
1860 5034 2062 5090 dudum

485 5108 724 5167 elevatus
760 5128 912 5199 eram
960 5111 1016 5171 in
1062 5108 1258 5174 saeculo
1283 5160 1297 5187 ,
1325 5119 1638 5179 incurvatus
1666 5124 1721 5181 et
1752 5120 2064 5180 humiliatus

483 5216 605 5257 sum
645 5202 802 5261 modo
830 5196 929 5263 sub
959 5196 1090 5266 Deo.
1129 5211 1228 5279 Qui
1261 5212 1506 5271 saeculari
1553 5208 1753 5273 dudum
1796 5218 2064 5277 exaltatus

482 5310 633 5350 cram
673 5292 727 5351 in
757 5295 950 5368 gloria,
996 5299 1307 5359 incurvatus
1336 5313 1390 5360 et
1416 5305 1731 5364 humiliatus
1760 5325 1880 5365 sum
1920 5325 2063 5366 mine

482 5386 536 5481 in
573 5382 907 5481 ptenitentize
934 5392 1180 5481 penuria.
1221 5394 1324 5464 Qui
1360 5398 1560 5455 dudum
1605 5401 1875 5477 exaltatus
1909 5420 2061 5462 eram

483 5474 539 5528 in
585 5472 772 5545 habitu
822 5474 1089 5549 smcuiari,
1117 5472 1429 5541 incurvatus
1471 5492 1526 5542 et
1575 5472 1889 5547 humiliatus
1940 5506 2058 5546 sum

483 5563 645 5621 modo
686 5556 785 5624 Sub
820 5572 981 5627 manu
1011 5574 1398 5646 omnipotentis
1427 5572 1542 5633 Dei.
1594 5574 1719 5634 Sive
1748 5579 2058 5639 incurvatus

481 5672 730 5728 corpore,
756 5648 1069 5720 humiliatus
1092 5666 1292 5724 animo.
1318 5662 1471 5737 Quod
1492 5679 1671 5727 autem
1698 5670 1851 5738 dicit,
1868 5687 2061 5747 usque-

484 5768 709 5824 quaque,
740 5750 1063 5830 intelligitur
1101 5776 1169 5816 ex
1198 5759 1346 5843 omni
1375 5771 1530 5839 parte
1570 5772 1626 5820 et
1656 5779 1722 5819 ex
1758 5764 1903 5821 omni
1934 5782 2062 5821 con-

2195 609 2283 659 ter
2310 610 2559 659 teneatur
2586 613 2643 660 et
2681 605 2892 661 cunctis
2922 608 3150 677 corpore
3175 604 3604 667 demonstretur.

2263 696 2405 770 Ergo
2448 697 2529 753 his
2573 697 2815 755 omnibus
2863 684 3179 755 humilitatis
3221 701 3474 774 gradibus
3523 710 3792 776 ascensis,

2193 787 2480 844 monachus
2509 806 2632 845 mox
2652 788 2721 844 ad
2746 789 3059 846 charitatem
3077 790 3177 847 Dei
3203 780 3461 865 perveniet
3487 792 3649 852 illam
3670 816 3792 869 qua

2190 879 2420 951 perfecta
2446 882 2591 954 foras
2618 880 2775 938 mittit
2801 883 3061 940 timorem.
3091 870 3350 943 Dominus
3370 886 3507 945 dicit
3531 891 3589 945 in
3613 888 3795 947 Evan-

2190 970 2331 1041 gelio
2358 990 2370 1025 :
2400 969 2608 1045 Diligite
2652 968 2893 1051 inimicos
2938 983 3152 1042 uestros,
3183 983 3232 1032 et
3272 985 3419 1034 orate
3459 994 3562 1050 pro
3608 996 3793 1052 perse-

2188 1062 2459 1133 quentibus
2502 1082 2608 1131 vos,
2642 1052 2838 1121 insitis
2876 1056 2977 1136 ﬁlii
3017 1058 3197 1123 Patris
3227 1070 3383 1126 vestri
3424 1066 3603 1142 quiin
3645 1072 3792 1129 ratiis

2189 1162 2264 1208 est
2294 1152 2507 1228 (Matth.
2537 1157 2612 1231 v).
2664 1150 2789 1213 Haec
2834 1144 2929 1223 est.
2962 1144 3110 1214 enim
3148 1156 3391 1231 perfecta
3438 1158 3696 1219 chariias
3722 1164 3789 1220 de

2189 1248 2296 1317 qua
2322 1244 2557 1304 Joannes
2582 1248 2855 1320 apostolus
2881 1244 3013 1306 dicit
3038 1268 3052 1305 :
3081 1248 3259 1307 Timor
3278 1269 3384 1308 non
3414 1263 3493 1310 est
3518 1250 3578 1310 in
3605 1255 3788 1309 chari-

2188 1346 2293 1393 tate
2318 1338 2370 1411 (Ι
2394 1338 2558 1397 Joan.
2584 1340 2697 1419 1v);
2730 1343 2785 1397 in
2824 1344 2919 1411 tali
2959 1342 3211 1400 videlicet
3236 1346 3511 1404 charitate
3560 1362 3690 1419 qum
3719 1349 3785 1405 ad

2190 1428 2547 1486 imitationem
2595 1430 2790 1487 divinae
2819 1424 3169 1506 benignitatis
3197 1432 3363 1492 etiam
3401 1436 3653 1496 inimicis
3696 1442 3785 1495 be-

2188 1520 2435 1579 nefacere
2468 1520 2646 1597 ethos
2672 1522 2895 1597 diligere
2938 1524 3108 1582 novit.
3157 1526 3262 1585 Sed
3290 1531 3547 1602 perfecta,
3585 1535 3783 1603 inquit,

2190 1610 2421 1668 charitas
2451 1612 2595 1684 foras
2636 1616 2793 1671 mittit
2821 1616 3059 1674 timorem
3087 1618 3273 1694 (Ibid.)
3293 1663 3308 1687 ,
3337 1620 3491 1677 illum
3523 1624 3787 1680 videlicet

2189 1703 2255 1760 de
2278 1720 2385 1775 quo
2410 1706 2667 1777 scriptum
2691 1717 2775 1763 est
2798 1725 2811 1762 :
2835 1702 3053 1764 Initium
3075 1710 3345 1783 sapientitc
3372 1712 3540 1767 timor
3562 1714 3782 1771 Domini

2191 1790 2382 1868 (Eccli.
2417 1795 2480 1867 ι).
2515 1796 2633 1865 Quo
2662 1796 2821 1855 timet
2862 1801 3091 1871 quisque
3120 1798 3385 1873 incipiens
3415 1820 3593 1876 opera
3629 1802 3785 1876 justi-

3116 1888 3202 1952 ἐι
3243 1912 3301 1954 se
3330 1899 3517 1956 minus
3549 1902 3784 1975 castiga-

2192 1989 2305 2038 tum
2335 1984 2570 2041 damnet.
2604 1968 2710 2042 Sed
2741 1992 2796 2043 et
2820 1990 3170 2059 praesentium
3196 1990 3601 2049 adversitatum
3633 1968 3780 2051 timo-

2190 2082 2303 2131 rem
2331 2076 2572 2148 perfecta
2610 2078 2848 2136 charltas
2877 2080 3024 2151 ejicil
3050 2098 3116 2138 ex
3145 2081 3350 2151 animo,
3381 2090 3556 2158 quam
3586 2089 3776 2145 habere

2189 2171 2463 2238 quaerebat
2510 2172 2602 2244 qui
2636 2170 2866 2231 Domino
2907 2168 3214 2248 supplicans
3258 2172 3486 2236 aiebat:
3514 2178 3565 2235 Α
3606 2184 3777 2239 timore

2187 2260 2389 2316 inimici
2428 2264 2569 2335 eripe
2618 2265 2852 2321 animam
2894 2285 3064 2324 meam
3092 2264 3266 2341 (Psal.
3309 2273 3494 2346 Lxm).
3530 2273 3711 2343 Quam
3732 2284 3779 2331 et

2186 2349 2278 2406 ille
2327 2352 2560 2409 habebat
2585 2356 2678 2427 qui
2706 2354 2919 2414 dicebat
2946 2379 2958 2414 :
2986 2358 3118 2427 Quis
3161 2380 3254 2418 nos
3293 2366 3573 2437 separabit
3600 2386 3633 2422 α
3663 2369 3778 2423 cha-

2185 2442 2340 2497 ritate
2381 2441 2617 2500 Christi?
2644 2446 2917 2505 tribulatio
2943 2492 2957 2516 ,
2990 2467 3061 2505 an
3106 2454 3377 2524 angustia,
3424 2473 3502 2511 an
3539 2474 3778 2529 persecu-

2185 2530 2299 2616 tio?
2322 2540 2426 2590 etc.
2467 2533 2639 2608 (Rom.
2684 2540 2824 2613 vni).
2873 2539 3129 2599 Stimulat
3174 2558 3411 2616 namque
3444 2547 3643 2615 timor,
3689 2550 3775 2605 sed

2184 2612 2294 2682 noli
2320 2616 2531 2685 timere.
2580 2629 2751 2686 intrat
2778 2612 3038 2700 charitas,
3067 2648 3188 2706 quae
3229 2612 3380 2693 foras
3424 2612 3672 2711 aspellat
3717 2638 3777 2696 ti-

2182 2730 2389 2775 morem
2463 2727 2520 2777 et
2561 2731 2719 2779 sanat
2761 2724 2904 2795 quod
2954 2727 3294 2785 vulneratum
3347 2728 3528 2788 erata
3559 2732 3774 2790 timoris

2183 2800 2370 2866 doloie

2253 2892 2361 2955 Per
2384 2914 2540 2975 quam
2564 2902 2807 2962 universa
2836 2921 2955 2981 qua!
2993 2900 3141 2982 prius
3185 2924 3289 2969 non
3330 2914 3451 2970 sine
3493 2914 3777 2987 formidine

2182 2990 2485 3085 observabat
2508 3037 2523 3064 ,
2560 2997 2753 3072 absque
2790 3000 2900 3057 utlo
2940 3001 3119 3060 labore
3164 3006 3300 3085 velut
3324 3009 3680 3085 (naturaliter
3719 3029 3776 3066 es:

2181 3084 2554 3145 consuetudine
2600 3086 2810 3164 incipiet
2854 3098 3136 3154 custodire.
3205 3084 3366 3157 Prius
3416 3096 3576 3158 enim
3625 3102 3775 3159 homo

2180 3198 2306 3238 cum
2356 3184 2523 3241 animi
2553 3185 2748 3245 timore
2783 3190 2840 3246 et
2883 3178 3030 3248 metu
3077 3192 3382 3275 formidinis
3411 3188 3485 3252 ad
3532 3194 3771 3254 habitum

2185 3275 2334 3360 venit
2359 3279 2730 3337 conversionis
2751 3324 2766 3348 ,
2800 3284 2894 3340 sed
2918 3293 3206 3358 postquam
3238 3297 3490 3360 tempore
3519 3278 3772 3347 diuturno

2182 3358 2239 3423 in
2266 3362 2466 3422 Christi
2504 3364 2803 3439 perstiterit
2846 3372 3091 3443 servitio,
3116 3384 3171 3432 et
3208 3376 3325 3447 ejus
3354 3358 3413 3432 in
3458 3380 3617 3435 bona
3655 3398 3773 3437 con-

2181 3460 2475 3516 suetudine
2513 3461 2891 3532 perduraverit
2918 3452 3087 3547 actio,
3120 3452 3446 3526 Succedente
3481 3474 3772 3541 chan'tate,

2177 3558 2325 3608 metu
2367 3560 2519 3609 caret
2557 3560 2719 3627 atque
2748 3554 3053 3617 formidine.
3086 3561 3154 3617 Et
3181 3579 3300 3637 qua:
3330 3572 3498 3620 antea
3536 3564 3764 3623 faciebat

2176 3636 2301 3699 eum
2330 3642 2527 3700 timore
2548 3645 2873 3715 formidinis,
2900 3647 3090 3723 incipit
3119 3636 3400 3712 cuStodire
3430 3644 3563 3713 cum
3593 3676 3770 3715 amore

2177 3728 2496 3819 dulcedinis,
2528 3744 2583 3792 et
2613 3738 2762 3796 velut
2798 3743 3120 3801 naturaliter
3154 3744 3347 3819 incipit
3392 3750 3648 3807 suaviter
3687 3770 3771 3808 cu.

2176 3812 2382 3917 sicilire
2429 3842 2548 3898 qua:
2588 3830 2741 3901 prius
2786 3831 2995 3890 duriter
3037 3843 3093 3893 et
3138 3812 3486 3897 forniidando
3533 3856 3772 3917 coeperat

2177 3912 2355 3994 agere.
2386 3919 2540 3978 Unde
2568 3928 2624 3978 et
2653 3925 2936 3995 sequitur:

2249 4010 2373 4068 Non
2389 4010 2505 4085 jam
2533 4015 2718 4072 timore
2741 4019 3010 4090 gehennae,
3031 4021 3121 4076 sed
3148 4039 3327 4079 amore
3348 4024 3560 4083 Christi
3578 4040 3626 4084 et
3650 4046 3771 4085 con-

2174 4105 2450 4160 suetudine
2497 4107 2612 4179 ipsa
2654 4106 2810 4175 bona,
2839 4117 2889 4163 et
2933 4108 3275 4168 delectatione
3318 4116 3625 4186 virtutum,
3656 4137 3769 4192 quae

2175 4196 2432 4253 Dominus
2446 4197 2564 4270 jam
2593 4200 2649 4255 in
2675 4203 2914 4272 operario
2938 4219 3034 4257 suo
3058 4204 3253 4260 mundo
3283 4223 3314 4260 a
3344 4205 3485 4263 vitiis
3512 4219 3564 4264 et
3595 4229 3630 4265 α
3658 4229 3769 4283 pec-

2176 4289 2330 4356 catis,
2364 4282 2565 4362 Spiritu
2609 4301 2789 4346 sancto
2812 4294 3121 4364 dignabitur
3159 4292 3555 4355 demonstrare.
3599 4282 3761 4367 Multi,

2175 4386 2237 4436 ut
2258 4392 2420 4453 supra
2439 4378 2641 4437 dictum
2662 4388 2766 4448 est,
2784 4383 2979 4439 timore
2999 4400 3283 4456 poenarum
3308 4388 3589 4461 incipiunt
3609 4408 3766 4465 agere

2174 4470 2398 4541 bonum,
2428 4473 2521 4530 sed
2548 4472 2733 4530 amore
2757 4464 2960 4531 Christi
2985 4476 3274 4547 perficiunt
3315 4476 3470 4536 illud.
3500 4464 3766 4540 inchoent

2097 4580 2153 4648 ι)
2178 4581 2208 4620 a
2240 4566 2452 4632 timore,
2485 4565 2578 4620 sed
2609 4573 2800 4621 euntes
2825 4562 2890 4621 de
2917 4564 3118 4624 virtute
3145 4568 3197 4624 in
3228 4566 3513 4648 virtutem,
3545 4574 3619 4630 ad
3647 4588 3766 4646 per-

2164 4665 2364 4720 fectam
2410 4652 2615 4714 Christi
2648 4648 2936 4714 transeunt
2974 4658 3317 4718 charltatem.
3348 4646 3419 4718 Et
3450 4681 3581 4736 qua
3618 4670 3765 4739 prius

2162 4767 2326 4826 agere
2362 4746 2666 4822 ignorantia
2697 4758 2926 4807 nocente
2962 4746 3248 4820 timebant,
3278 4758 3687 4816 censuetudine
3712 4769 3763 4816 et

2160 4840 2385 4899 scientia
2425 4837 2538 4909 jam
2566 4840 2795 4898 docente
2824 4852 2983 4913 agere
3011 4855 3118 4899 non
3148 4834 3466 4903 formidant.
3515 4844 3751 4922 Copiam

2160 4933 2421 4990 virtutum
2468 4930 2671 4987 habere
2717 4932 3047 5000 desiderant,
3077 4937 3132 4990 et
3182 4930 3305 4992 ideo
3353 4940 3495 5008 opus
3548 4936 3753 4997 bonum

2166 5036 2331 5097 agere
2358 5016 2641 5095 satagunt,
2672 5031 2725 5080 et
2754 5041 2783 5080 a
2813 5014 2962 5081 vitiis
3010 5026 3261 5084 celeriter
3289 5020 3566 5089 mundare
3603 5028 3756 5089 festi-

2170 5129 2321 5179 nant.
2349 5120 2586 5192 Accepto
2617 5108 2851 5191 Spiritus
2879 5123 3052 5177 sancti
3084 5124 3244 5191 dono,
3271 5124 3326 5179 in
3354 5124 3444 5182 his
3470 5140 3596 5197 quin
3619 5127 3759 5195 insta

2170 5222 2227 5273 et
2275 5222 2461 5271 sancta
2507 5224 2562 5272 et
2611 5222 2759 5270 recta
2808 5215 3165 5282 delectantur,
3201 5227 3257 5273 et
3286 5232 3407 5289 quia
3457 5220 3755 5283 delectant,

2169 5304 2439 5380 sagaciter
2471 5306 2697 5377 implere
2723 5302 3076 5373 contendunt,
3103 5317 3164 5364 ut
3188 5302 3301 5378 ejus
3330 5324 3623 5368 sacrarum
3652 5329 3759 5370 me

2170 5410 2394 5459 reantur
2430 5398 2566 5459 eilici
2595 5404 2852 5476 templum
2881 5404 2966 5459 cui
3000 5422 3057 5461 se
3086 5403 3154 5461 ab
3190 5404 3344 5461 initio
3380 5392 3760 5465 conversionis

2168 5490 2417 5550 monachi
2462 5510 2580 5550 esse
2622 5494 2920 5565 voverunt;
2955 5505 3014 5551 ut
3059 5496 3349 5573 impleatur
3391 5497 3445 5554 in
3496 5501 3579 5557 eis
3630 5498 3757 5558 illud

2166 5588 2515 5660 apostolicum
2545 5608 2557 5643 :
2588 5587 2852 5661 Templum
2892 5587 2987 5645 Dei
3017 5594 3160 5657 estis,
3191 5601 3235 5645 et
3266 5590 3504 5663 Spiritus
3539 5604 3757 5649 sanctus

2166 5678 2364 5734 habitat
2394 5680 2446 5735 in
2472 5682 2610 5737 vobis
2636 5678 2722 5753 (II
2747 5681 2869 5739 Cor.
2889 5684 3022 5753 xvr).
3051 5686 3165 5752 Quo
3200 5684 3408 5758 Spiritu
3438 5696 3635 5742 sancto
3666 5689 3753 5743 do-

2166 5780 2324 5827 cente
2368 5788 2486 5843 quae
2533 5772 2776 5829 facienda
2813 5784 2937 5830 sunt
2971 5774 3192 5841 faciunt,
3242 5776 3333 5855 illo
3366 5775 3664 5846 adiuvante
3689 5779 3755 5833 ad

486 5834 835 5907 sideratione.
878 5846 1013 5936 Quia
1051 5838 1352 5925 humilitas,
1376 5834 1502 5930 qua:
1537 5858 1797 5933 magistra
1829 5864 1913 5919 est
1939 5875 2058 5919 om-
2095 5885 2135 5935 θλ
2164 5834 2465 5939 perfectum
2511 5866 2813 5936 deducunt,
2838 5866 2930 5925 illo
2970 5834 3219 5927 trahente
3248 5834 3613 5927 desiderando
3641 5878 3754 5933 sta-
