3994 6446
246 428 364 489 829

1309 393 1659 484 COMMEN‘l“.
1699 397 1766 482 is
2001 399 2060 483 s.
2100 398 2477 486 iit-titantem.

3423 423 3531 491 830

250 549 415 606 dium
444 542 674 600 actionis
713 542 868 600 bonae
891 541 1235 614 percurrunt,
1265 509 1322 600 et
1357 545 1625 600 currendo
1645 536 1713 600 de
1739 544 1850 599 vir-
1876 549 1928 609 Α
1952 543 2247 602 nocturnas
2280 559 2401 602 cum
2446 540 2727 604 matutinis
2760 543 2995 604 diximus
3031 539 3182 620 iungi
3203 589 3218 614 ,
3244 537 3304 604 ut
3333 549 3526 622 digesti

251 645 378 694 tute
405 635 459 692 in
486 636 738 691 virtutem
767 633 1074 706 proﬁciunt,
1097 641 1151 690 et
1177 629 1244 691 ad
1279 631 1528 692 bravlum
1557 633 1840 706 sempiter-

252 741 393 787 num
415 729 700 802 pervenire
726 727 1076 796 contendunt,
1101 729 1193 785 ubi
1223 725 1371 785 omni
1399 730 1541 786 bono
1563 737 1616 786 et
1647 730 1840 803 gaudio

254 825 575 895 repleantur
606 830 827 877 aeterno.
859 822 1051 876 Amen.
1081 822 1148 878 Et
1169 839 1234 878 ne
1263 823 1394 878 istos
1424 815 1710 879 duodecim
1737 819 1841 877 hu-

251 915 507 970 militatis
548 915 747 986 gradus
787 901 1007 970 confuse
1052 909 1255 986 positos
1282 923 1312 969 a
1341 917 1500 970 beato
1543 911 1838 970 Benedicto

254 1007 574 1062 existiment
622 1001 890 1078 imperiti,
941 1015 1127 1061 eorum
1172 1007 1552 1062 discretionem
1603 1006 1840 1062 breviter

251 1100 583 1170 patefactam
635 1102 965 1156 monstrabo.
1015 1100 1225 1155 Primus
1277 1099 1462 1172 itaque
1516 1095 1840 1155 humilitatis

253 1191 460 1263 gradus
488 1191 677 1260 incipit
697 1207 728 1246 a
754 1187 966 1246 timore.
997 1187 1296 1257 Secundus,
1326 1199 1384 1246 ut
1405 1199 1513 1247 nan
1543 1207 1695 1246 suam
1723 1208 1840 1247 mo-

253 1283 485 1348 nachus,
520 1283 614 1338 sed
643 1283 851 1339 Domini
885 1284 1105 1354 impleat
1132 1279 1485 1340 voluntatem.
1518 1283 1734 1339 Tertius
1770 1285 1837 1338 de

251 1374 574 1431 obedientize
621 1371 751 1432 dicit
792 1375 1141 1450 perfectione.
1189 1378 1426 1446 Quartus
1469 1377 1534 1433 de
1563 1379 1836 1448 patientia}

250 1466 684 1538 longanimitate.
734 1469 983 1536 Quintus,
1020 1480 1079 1525 ut
1119 1470 1497 1539 unusquisque
1525 1470 1708 1525 abbati
1736 1482 1835 1525 suo

248 1559 496 1615 occultas
521 1561 812 1630 patefaciat
837 1564 1208 1634 cogitationes.
1236 1563 1454 1627 Sextus,
1483 1571 1543 1618 ut
1567 1563 1832 1620 vilitatem

247 1659 308 1705 et
338 1651 736 1706 extremitatem
769 1653 955 1722 diligat
990 1655 1304 1708 monachus.
1342 1654 1639 1724 Septimus,
1660 1665 1718 1710 ut
1747 1656 1833 1710 in-

246 1742 508 1799 feriorem
561 1759 617 1800 se
665 1751 718 1799 et
759 1739 1005 1800 viliorem
1051 1747 1262 1801 caneris
1311 1741 1608 1818 preclamet
1654 1762 1828 1814 voce,

247 1835 436 1889 credat
465 1835 645 1902 corde,
680 1838 928 1896 ostendat
971 1841 1026 1892 et
1072 1851 1253 1907 opere.
1297 1835 1561 1905 Octavus,
1589 1845 1650 1893 ut
1693 1837 1830 1893 nihil

1945 654 1974 691 a
2003 647 2190 694 somno
2233 637 2430 694 fratres
2469 635 2714 712 vigilanti
2741 647 2794 696 et
2819 643 3027 712 digesto
3064 653 3228 698 sensu
3254 651 3390 714 opus
3427 642 3526 700 Dei

1941 729 2118 786 sobrie
2139 732 2456 801 compleant,
2485 741 2540 788 et
2564 734 2707 804 quod
2735 734 2920 789 dicunt
2957 742 3273 806 agnoscant.
3299 735 3366 790 Et
3395 736 3518 792 ideo

1942 823 2281 878 intervallum
2311 823 2544 894 ponitur,
2573 831 2628 878 ut
2656 823 2866 895 prolixa
2887 833 3045 881 nocte
3073 824 3250 880 somni
3276 827 3518 896 gravitas

1941 913 2179 981 finiatur,
2209 929 2277 970 ne
2304 929 2426 971 cum
2465 923 2588 970 ante
2617 915 2884 986 pullorum
2919 921 3135 971 cantum
3169 917 3224 972 in
3265 917 3522 974 brevibus

1941 999 2191 1062 noctibus
2217 1005 2389 1063 coacti
2415 1006 2614 1062 fuerint
2653 1007 2852 1063 fratres
2897 1019 3139 1077 surgere,
3165 1007 3343 1064 adhuc
3367 1007 3525 1065 crudi

1942 1097 2010 1151 ab
2042 1095 2293 1153 inchoato
2341 1098 2570 1163 somnio,
2604 1109 2726 1153 cum
2773 1099 2826 1153 in
2863 1100 2979 1169 ipso
3022 1095 3222 1170 impetu
3265 1111 3522 1156 venarum

1941 1185 2161 1256 sanguis
2199 1195 2252 1242 et
2302 1187 2496 1243 humor
2526 1203 2625 1260 per
2655 1205 2817 1245 venas
2861 1189 3128 1257 bullescit,
3157 1189 3212 1247 et
3235 1191 3523 1248 harmonia

1940 1279 2247 1348 gravedinis
2273 1281 2517 1334 suscitati
2534 1281 2706 1336 somni
2729 1282 3052 1351 discoquunt
3078 1283 3318 1338 membra
3339 1291 3523 1340 escam

1940 1357 2100 1440 quam
2127 1372 2476 1440 sumpserint,
2506 1373 2560 1427 in
2583 1368 2700 1442 ipso
2729 1373 2904 1427 adhuc
2931 1373 3127 1428 incocti
3153 1375 3317 1429 occisi
3340 1375 3525 1431 incen-

1939 1463 2046 1529 dio,
2091 1477 2197 1520 non
2247 1467 2511 1532 suscitati,
2541 1468 2634 1522 sed
2677 1466 2856 1537 potius
2905 1465 3088 1529 occisi,
3119 1479 3242 1519 cum
3284 1465 3524 1521 inchoati

1938 1555 2139 1612 iuerint
2167 1557 2364 1615 fratres
2393 1569 2634 1630 surgere,
2663 1560 2813 1631 gravi
2862 1559 3040 1613 adhuc
3076 1558 3253 1629 capite
3281 1566 3336 1614 et
3380 1559 3525 1614 indl-

1938 1648 2071 1718 gesti
2095 1657 2270 1714 ructu,
2299 1650 2555 1721 eil‘uglent
2581 1649 2817 1721 Spiritus
2840 1649 3012 1706 sancti
3037 1648 3386 1705 charismata.
3417 1647 3522 1710 Se»

1939 1739 2126 1808 quitur
2148 1757 2161 1793 :

2007 1830 2160 1896 Quod
2190 1848 2306 1887 sero
2338 1842 2498 1888 restat
2521 1842 2638 1904 post
2665 1833 2895 1906 uigilias,
2924 1851 2957 1888 a
2987 1832 3242 1903 fratribus
3271 1833 3361 1905 qui
3381 1833 3523 1904 psal-

245 1933 373 1997 agat
411 1922 737 1994 monachus,
771 1920 874 1984 nisi
909 1919 1052 1998 quod
1085 1927 1388 1985 communis
1415 1925 1596 2001 regula
1623 1939 1676 1985 et
1708 1945 1827 1984 ma-
1857 1933 1904 1996 Β
1933 1925 2050 1978 ferii
2075 1923 2151 1978 vel
2178 1923 2459 1979 lectionum
2490 1926 2692 1998 aliquid
2716 1927 2971 1997 indigent,
2998 1925 3328 1980 meditationi
3356 1927 3524 1982 inter-

238 2017 422 2089 jorum
455 2013 811 2075 cohortantur
851 2019 1116 2090 exempla.
1166 2019 1372 2087 Nonus,
1405 2019 1452 2075 si
1495 2019 1732 2092 linguam
1759 2021 1828 2074 ad

241 2109 571 2182 lOQuendum
620 2111 910 2182 prohibeat
956 2111 1273 2166 monachus.
1314 2111 1597 2177 Decimus,
1643 2112 1686 2165 si
1721 2127 1827 2166 non

241 2201 317 2256 sit
345 2201 519 2258 facilis
551 2201 607 2258 in
641 2201 771 2258 risu.
811 2199 1158 2267 Undecimus,
1198 2199 1242 2256 sl
1272 2200 1466 2257 leniter
1501 2201 1751 2272 loquatur
1773 2207 1829 2256 et

241 2293 362 2350 sine
391 2295 521 2351 risu.
552 2289 933 2361 Duodecimus,
959 2301 1020 2348 ut
1041 2293 1094 2349 in
1137 2294 1283 2348 omni
1312 2293 1430 2349 loco
1463 2293 1826 2348 humilitatem

241 2389 499 2444 omnibus
526 2387 691 2444 corde
737 2394 791 2441 et
832 2401 998 2457 opere
1045 2387 1377 2442 demonstret
1407 2402 1464 2442 se
1489 2386 1821 2443 videntibus.

238 2473 340 2532 liis
363 2475 506 2532 enim
538 2473 786 2532 omnibus
818 2473 1138 2532 humilitatis
1172 2476 1410 2533 ascensis
1441 2479 1721 2550 gradibus,
1756 2479 1824 2535 ad

238 2568 507 2622 visionem
556 2567 951 2638 Omnipotenlis
991 2567 1222 2624 feliciter
1268 2569 1450 2623 veniet
1494 2569 1819 2634 menachus,

240 2654 332 2709 ubi
364 2671 487 2710 cum
518 2672 615 2712 suo
641 2657 870 2712 Domino
898 2657 1040 2713 felici
1090 2657 1302 2712 fruatur
1331 2658 1553 2728 gaudio,
1584 2660 1725 2728 quod
1766 2660 1822 2716 in

239 2749 628 2816 sempiternum
667 2764 776 2804 non
821 2747 1101 2804 auferetur
1126 2751 1196 2805 ab
1222 2764 1306 2804 eo.
1356 2748 1516 2804 Ibunt
1563 2753 1706 2805 enim
1755 2752 1822 2807 de

237 2837 438 2892 virtute
487 2835 541 2892 in
572 2837 847 2905 virtutem,
881 2839 948 2895 id
976 2847 1060 2895 est
1107 2841 1173 2896 de
1219 2847 1327 2894 uno
1381 2835 1598 2896 virtutis
1651 2843 1819 2912 gradu

239 2929 540 2986 ascendunt
568 2931 620 2986 in
651 2929 848 3000 alium;
884 2939 937 2988 et
980 2933 1058 2988 sic
1094 2933 1262 2989 Deum
1293 2935 1518 2989 deorum
1562 2935 1821 2992 videbunt

239 3019 297 3077 in
345 3021 476 3079 Sion
529 3031 584 3080 et
628 3021 926 3081 Jerusalem
969 3026 1180 3082 ccelesti
1223 3041 1347 3082 cum
1385 3027 1717 3084 exultatione
1765 3035 1820 3084 et

239 3111 452 3187 gaudio.

823 3209 1054 3268 CAPUT
1088 3212 1220 3269 Vill.

588 3297 669 3357 Ds
698 3302 878 3374 oﬂiciis
905 3305 1098 3360 divinis
1124 3307 1179 3360 in
1205 3305 1461 3362 noctibus.

310 3387 512 3448 Hiemis
543 3402 790 3463 tempore,
812 3397 867 3450 id
888 3406 962 3451 est
987 3415 1017 3451 a
1039 3397 1294 3453 Kalendis
1324 3399 1632 3456 Novembris
1660 3417 1825 3476 usque

236 3481 304 3537 ad
351 3479 559 3539 Pascha
583 3527 597 3551 ,
620 3485 783 3556 juxta
831 3488 1302 3544 considerationem
1353 3493 1573 3547 rationis
1596 3535 1610 3560 ,
1641 3504 1822 3550 octava

235 3573 363 3629 hora
395 3575 560 3630 noctis
588 3578 909 3648 surgendum
947 3587 1041 3646 est,
1065 3582 1121 3634 ut
1152 3581 1355 3636 modice
1379 3577 1606 3654 amplius
1628 3586 1693 3641 de
1720 3599 1824 3641 me-

232 3667 322 3721 dia
353 3677 500 3722 nocte
526 3669 778 3738 pensetur
804 3677 854 3725 et
869 3673 986 3742 jam
1013 3671 1199 3744 digesti
1236 3683 1472 3745 surgant.
1521 3677 1666 3732 istud
1697 3691 1817 3734 mo-

235 3757 351 3816 dice
391 3759 620 3830 amplius
669 3763 736 3818 de
775 3765 950 3819 media
999 3771 1158 3821 necte
1204 3757 1381 3837 potest
1427 3767 1653 3841 intelligi
1683 3771 1816 3826 hora

235 3851 459 3922 septima
489 3852 664 3909 noctis
690 3856 800 3909 tota
829 3861 885 3911 et
906 3861 1099 3913 octava
1143 3857 1385 3913 dimidia.
1423 3859 1575 3916 Tunc
1604 3862 1816 3933 pulsato

232 3943 383 4014 signo
413 3959 602 4002 omnes
631 3948 839 4017 pariter
868 3958 1114 4020 surgant,
1146 3957 1200 4005 et
1228 3952 1307 4006 sic
1333 3952 1447 4017 illa,
1477 3965 1596 4022 quas
1619 3963 1811 4019 restat,

232 4037 446 4095 dimidia
477 4048 691 4108 octava,
717 4042 857 4096 inter
879 4043 1153 4114 signorum
1177 4045 1479 4113 explicetur
1506 4046 1812 4112 intervalla,

231 4140 290 4186 ut
322 4133 387 4188 ah
427 4133 560 4188 hora
590 4133 765 4189 noctis
793 4147 934 4191 nona
980 4135 1265 4191 inchoetur
1294 4137 1490 4207 psalmi
1534 4137 1652 4192 laus
1697 4138 1812 4207 ipsa

231 4231 508 4280 nocturna.
545 4221 678 4281 Nam
705 4225 760 4282 et
783 4225 836 4281 in
875 4226 980 4282 alio
1004 4223 1123 4283 loco
1149 4229 1228 4283 sic
1254 4229 1387 4284 dicit
1412 4246 1424 4282 :
1448 4228 1578 4284 Post
1601 4235 1810 4284 sextam

229 4323 506 4386 surgentes
528 4332 556 4371 a
576 4316 741 4372 missa
761 4325 1040 4389 pausetur,
1067 4321 1122 4374 et
1147 4327 1340 4391 agatur
1366 4335 1510 4376 nona
1537 4322 1813 4380 mediante

225 4415 412 4486 octava
441 4410 592 4464 hora.
627 4409 728 4464 Ubi
757 4412 991 4466 ostendit
1020 4413 1249 4482 septima
1272 4411 1377 4467 diei
1407 4419 1517 4467 tota
1541 4420 1596 4467 et
1619 4421 1810 4470 octava

226 4498 358 4554 hora
388 4495 624 4554 dormire
660 4501 900 4556 dimidia.
951 4501 1099 4557 Talis
1136 4511 1190 4557 et
1216 4502 1307 4558 hic
1337 4502 1472 4558 mihi
1513 4517 1704 4560 sensus
1735 4507 1810 4560 vi-

224 4587 380 4646 detur
401 4601 519 4645 esse
547 4591 851 4660 positus,ut
874 4602 996 4663 post
1023 4601 1118 4650 se!
1145 4595 1322 4650 noctis
1359 4595 1524 4651 horas
1549 4607 1810 4666 pausetur

1931 2015 2127 2068 vidtur.
2153 2013 2268 2069 Non
2294 2015 2383 2069 hic
2409 2013 2665 2080 dormire,
2688 2016 2830 2070 sicut
2851 2015 3069 2084 quidam
3097 2015 3306 2081 volunt,
3332 2016 3522 2071 beatus

1930 2103 2276 2171 Benedictus,
2305 2106 2400 2160 sed
2447 2105 2670 2177 vigilare
2707 2107 2881 2178 jubet,
2911 2121 3017 2160 non
3047 2106 3100 2162 in
3131 2106 3331 2162 lectulo
3361 2121 3523 2163 sanos

1933 2189 2236 2265 quiescere,
2267 2195 2362 2252 sed
2389 2197 2728 2253 meditationi
2747 2196 2900 2266 iubet
2930 2199 3212 2254 inservire.
3247 2198 3521 2268 Scriptum

1930 2295 2014 2342 est
2047 2289 2192 2342 enim
2219 2307 2232 2343 ε
2257 2287 2324 2343 In
2350 2287 2540 2344 lectulo
2572 2306 2684 2344 meo
2709 2291 2924 2361 quwsivi
2949 2308 3104 2363 quem
3133 2291 3309 2362 diligit
3341 2292 3523 2346 anima

1930 2389 2046 2433 mea
2067 2395 2087 2434 ἔ
2104 2381 2318 2451 ᾳιιωεὶυἱ
2341 2390 2388 2436 et
2411 2398 2514 2436 non
2536 2383 2706 2437 inveni
2730 2382 2879 2437 illum
2905 2382 3080 2455 (Cant.
3105 2384 3210 2457 ιιι).
3234 2383 3351 2440 Nan
3375 2384 3519 2439 enim

1927 2469 1982 2524 in
2012 2470 2208 2526 lectulo
2253 2472 2553 2527 carnalium
2603 2473 2948 2544 voluptatum
2998 2475 3226 2530 dilectus
3269 2473 3520 2531 Christus

1925 2563 2221 2631 invenitur,
2255 2565 2346 2620 sed
2377 2565 2432 2620 in
2483 2563 2758 2621 laboribus
2809 2566 3031 2632 sanctis,
3061 2566 3306 2622 excubiis
3346 2566 3519 2622 sacris

1925 2662 1981 2708 et
2024 2657 2363 2712 oﬂtionlbus
2390 2657 2666 2713 invenitur
2707 2658 2949 2724 crebris,
2975 2665 3083 2713 non
3112 2659 3166 2714 in
3192 2658 3373 2714 somni
3403 2665 3518 2714 tor-

1923 2760 2076 2815 pore,
2100 2748 2194 2802 sed
2225 2748 2278 2802 in
2301 2749 2605 2819 vigiliarum
2634 2751 2883 2806 oratione
2910 2757 2966 2805 et
2999 2751 3265 2806 orationis
3302 2750 3522 2806 invenl-

1924 2844 2013 2890 tur
2027 2840 2460 2908 componetione.
2489 2838 2626 2895 Hinc
2645 2840 2938 2897 Cassianus
2958 2842 3034 2896 ait
3054 2838 3334 2898 :Nonnulli
3358 2840 3520 2910 igno-

1922 2915 2126 2994 rantes,
2173 2930 2400 3001 expletis
2442 2933 2724 2988 matutinis
2771 2932 3009 3003 hymnis.
3047 2945 3265 2990 rursum
3323 2946 3508 2988 rever.

1920 3025 2114 3075 tuntur
2133 3022 2201 3077 sd
2229 3037 2498 3090 somnum,
2521 3024 2664 3094 quod
2688 3024 3018 3080 omnimodis
3044 3037 3154 3079 non
3181 3030 3418 3094 oportet,
3443 3037 3511 3078 ne

1919 3111 2357 3180 puriﬁcationem
2389 3123 2628 3170 nostram
2655 3114 2996 3171 confessione
3031 3115 3278 3187 supplici,
3303 3123 3360 3171 et
3385 3122 3512 3171 ante

1922 3199 2180 3256 lucanum
2229 3203 2550 3273 acquisitam
2568 3243 2584 3270 ,
2613 3205 2699 3260 vel
2729 3220 3013 3274 emergens
3043 3207 3288 3274 quietiam
3319 3205 3517 3259 redun-

1851 3292 1896 3355 C
1929 3293 2112 3349 dantia
2135 3296 2422 3352 humorum
2443 3298 2773 3353 naturalium
2802 3299 3037 3368 polluat,
3070 3299 3155 3353 vel
3191 3297 3366 3352 illusio
3390 3313 3512 3352 cor-

1927 3395 2144 3456 rumpat
2188 3386 2395 3443 inimici
2413 3425 2428 3454 ,
2456 3388 2540 3443 vel
2568 3398 2714 3450 certe
2741 3390 3085 3457 intercedens
3114 3391 3276 3452 etiam
3301 3390 3422 3460 puri
3451 3387 3516 3445 ac

1921 3476 2184 3546 simplicis
2214 3479 2388 3534 somni
2426 3478 2653 3536 refectio
2696 3481 3058 3553 interrumpat
3085 3482 3312 3554 spiritus
3340 3484 3514 3538 nostri

1921 3566 2227 3635 fervorem,
2268 3585 2332 3625 ac
2381 3571 2680 3642 tepefactus
2715 3574 2892 3629 somni
2936 3581 3155 3645 torpore
3196 3589 3295 3645 per
3345 3581 3518 3631 totum

1921 3661 2030 3716 diei
2075 3663 2310 3732 spatium
2354 3665 2559 3721 inertes
2589 3667 2844 3737 deinceps
2873 3668 3207 3738 ignavosque
3243 3667 3512 3723 traducat.

1920 3751 2061 3810 Hine
2089 3753 2289 3810 iterum
2319 3757 2433 3827 ipse
2459 3777 2473 3812 :
2499 3757 2609 3812 Nec
2636 3758 2866 3824 ulterius
2898 3761 3184 3830 quisquam
3205 3766 3330 3829 post
3358 3757 3512 3829 puri-

1919 3845 2231 3904 ficationem
2248 3858 2639 3906 nocturnarum
2661 3851 2966 3921 vigiliarum
2987 3851 3043 3905 in
3067 3851 3310 3922 requiem
3335 3848 3514 3908 somni

1918 3937 2117 4000 iterum
2144 3940 2465 4007 resolvatur,
2493 3942 2664 3996 donec
2689 3941 3102 4012 superveniente
3126 3941 3211 3996 die
3232 3949 3515 3997 nocturna

1917 4031 2254 4086 meditationi
2280 4033 2527 4103 operatio
2557 4033 2737 4088 divina
2769 4032 3056 4098 succedat;
3085 4048 3154 4086 ne
3183 4031 3322 4086 forte
3365 4030 3514 4100 puri-

1919 4129 2088 4176 tatem
2138 4131 2381 4178 nostram
2411 4125 2656 4194 psalmis,
2681 4125 3020 4180 orationibus
3048 4123 3392 4193 acquisitam,
3425 4123 3511 4177 in-

1912 4211 2070 4268 vidus
2105 4214 2349 4270 diabolus
2396 4217 2625 4285 quadam
2655 4215 2832 4270 somni
2863 4215 3113 4270 illusione
3150 4215 3505 4270 contaminet.

1913 4305 2053 4362 Hinc
2097 4307 2350 4363 Aurelius
2397 4310 2450 4363 in
2497 4308 2702 4380 Regula
2759 4323 2854 4363 sua
2897 4307 3166 4364 aitzPost
3206 4309 3504 4366 matutinas

1912 4399 2188 4456 orationes
2209 4401 2278 4458 ad
2305 4417 2557 4457 somnum
2595 4402 2794 4457 reverti
2821 4417 2928 4458 non
2959 4401 3151 4470 liceat;
3179 4402 3272 4458 sed
3305 4410 3364 4456 ut
3393 4401 3503 4460 Re-

1913 4493 2036 4566 gula
2065 4495 2141 4549 ait
2167 4513 2178 4549 :
2204 4496 2248 4552 A
2277 4493 2487 4554 Pascha
2517 4509 2692 4554 autem
2735 4511 2898 4570 usque
2931 4498 3000 4552 ad
3025 4499 3358 4569 supradictas
3388 4496 3504 4552 Ka-

1913 4583 2096 4642 lendas
2156 4586 2502 4655 Novembris,
2551 4591 2626 4645 sic
2672 4599 2986 4662 temperetur
3029 4591 3159 4646 hora
3201 4589 3503 4661 uigiliarum

221 4680 398 4736 adhuc
425 4683 650 4751 septima
695 4685 806 4738 tota
837 4692 892 4739 et
935 4689 1123 4739 octava
1152 4686 1396 4750 dimidia,
1430 4697 1486 4741 et
1523 4665 1808 4742 intervallo

1925 4676 2138 4745 agenda,
2175 4687 2232 4732 ut
2265 4681 2578 4749 paruissimo
2613 4679 2910 4748 intervallo,
2939 4697 3042 4752 quo
3084 4681 3276 4751 fratres
3308 4681 3377 4735 ad
3407 4696 3502 4734 ne-

222 4775 496 4847 signorum
543 4774 712 4843 facto,
742 4777 894 4847 quasi
944 4777 1076 4834 hora
1119 4777 1341 4834 dimidia
1390 4779 1735 4851 incipientes,
1776 4795 1806 4836 a

222 4880 361 4923 nona
390 4867 524 4923 hora
553 4870 728 4924 noctis
759 4869 967 4926 alacres
990 4871 1169 4926 animo
1189 4879 1243 4926 et
1265 4885 1493 4942 corpore
1518 4888 1623 4928 non
1653 4874 1806 4944 pigro

222 4957 412 5015 divina:
439 4959 613 5015 laudis
639 4960 875 5017 cilicium
925 4961 1149 5017 reddant
1179 4961 1406 5018 Domino
1437 4973 1625 5019 nostro
1667 4963 1799 5021 Jesu

223 5049 454 5107 Christo.
487 5045 640 5120 Quod
681 5059 858 5108 autem
895 5055 1024 5109 dicit
1049 5065 1062 5110 ε
1087 5055 1156 5108 Et
1184 5056 1301 5125 jam
1326 5051 1514 5126 digesti
1556 5068 1798 5128 surgant,

222 5144 290 5198 ab
315 5142 575 5214 imperitis
600 5146 894 5200 absurdum
922 5161 1043 5200 esse
1070 5147 1305 5216 positum
1341 5147 1556 5202 videtur
1585 5155 1640 5202 et
1667 5148 1801 5204 ridi-

220 5221 481 5300 culosum,
507 5236 600 5291 sed
627 5247 655 5290 a
677 5245 824 5290 recte
855 5236 1279 5309 intelligentibus
1306 5239 1514 5294 utiliter
1533 5255 1657 5295 esse
1676 5253 1799 5311 pro-

220 5327 404 5392 latum,
435 5334 490 5383 et
516 5337 752 5398 congrue
788 5331 1048 5398 probatur
1076 5341 1198 5386 esse
1243 5330 1470 5387 dictum.
1524 5333 1799 5404 Digestum

219 5417 359 5473 enim
407 5419 554 5484 dicit,
587 5425 824 5486 coctum,
867 5429 1266 5490 consumptum,
1315 5422 1399 5476 vel
1442 5423 1607 5486 etiam
1633 5422 1799 5478 dedu-

220 5516 378 5573 ctum,
413 5517 507 5563 aut
553 5519 711 5565 certe
752 5511 1083 5567 exhalatum.
1117 5513 1268 5569 Unde
1318 5515 1408 5568 hic
1450 5513 1798 5586 intelligitur,

219 5600 400 5672 digesti
443 5610 681 5672 surgant,
707 5602 760 5656 id
788 5609 873 5658 est
894 5603 1010 5672 jam
1033 5603 1158 5659 cibo
1187 5607 1453 5661 stomachi
1497 5606 1602 5661 olla
1643 5617 1798 5664 cocto

220 5700 275 5750 et
318 5694 372 5748 in
429 5694 788 5750 Ventriculu‘m
847 5697 1109 5762 deducw,
1156 5699 1455 5768 somnoque
1505 5708 1796 5770 exsurgant

220 5783 484 5844 exhalata.
532 5785 666 5843 Nam
696 5796 753 5845 et
775 5789 831 5843 in
861 5787 967 5844 alio
993 5789 1114 5846 loco
1147 5790 1213 5846 de
1248 5789 1350 5846 hac
1380 5790 1568 5846 eadem
1591 5806 1651 5846 re
1676 5792 1796 5862 qui-

221 5879 342 5941 dam
362 5880 749 5940 monachon
778 5883 1037 5958 magister
1066 5883 1148 5941 sic
1172 5881 1251 5939 ait
1276 5899 1289 5938 :
1314 5881 1440 5941 ideo
1469 5892 1592 5956 post
1617 5884 1796 5958 pullos

1913 4770 2143 4822 cessaria
2174 4779 2380 4825 natura:
2411 4781 2620 4838 exeant,
2648 4771 2930 4838 custodito,
2961 4789 3083 4828 mox
3110 4773 3372 4836 matutini,
3407 4769 3500 4841 qui

1908 4857 2181 4930 incipienti
2204 4860 2320 4917 luce
2342 4863 2532 4933 agendi
2559 4872 2700 4928 sunt,
2734 4863 3138 4936 subsequantur.

2519 4952 2746 5010 CAPUT
2792 4954 2882 5010 IX.

2071 5043 2212 5110 Quot
2233 5047 2424 5118 psalmi
2453 5048 2660 5103 dicendi
2686 5050 2790 5104 sint
2812 5052 2867 5105 in
2890 5049 3158 5105 nocturnis
3186 5047 3348 5102 horis.

1979 5143 2183 5200 Hiemis
2212 5152 2465 5213 tempore,
2489 5144 2760 5214 praemisso
2784 5144 2838 5198 in
2864 5143 3048 5214 primis
3075 5157 3245 5203 uersu,
3275 5139 3416 5194 Deus
3438 5140 3495 5195 in

1905 5237 2233 5307 adjutorium
2277 5250 2449 5290 meum
2480 5234 2724 5301 intende;
2766 5235 3006 5298 Domine,
3042 5232 3110 5286 ad
3135 5230 3495 5302 adjuvanduns

1904 5336 1987 5384 me
2013 5329 2204 5398 festina
2229 5325 2403 5398 (Psal.
2428 5328 2601 5397 LXIX).
2632 5327 2700 5382 In
2729 5327 2958 5383 secundo
2984 5335 3062 5379 ter
3080 5324 3358 5378 dicendum
3383 5333 3491 5378 est:

1903 5421 2147 5488 Domine,
2186 5421 2327 5480 labis
2358 5438 2472 5481 mea
2500 5423 2722 5492 aperias,
2752 5431 2801 5476 et
2839 5434 2897 5474 os
2937 5434 3110 5472 meum
3161 5416 3494 5472 annuntiabit

1904 5513 2116 5568 laudem
2162 5524 2305 5568 tuam
2337 5513 2510 5586 (Psal.
2541 5514 2617 5585 ι).
2661 5513 2812 5567 Sicut
2857 5513 3001 5565 enim
3043 5525 3142 5580 pro
3190 5511 3493 5566 reverentia

1904 5616 2108 5664 sanctae
2136 5607 2421 5664 Trinitatis
2453 5616 2537 5662 ter
2578 5607 2803 5670 dicitur,
2836 5605 3082 5670 Sanctus,
3116 5605 3188 5659 ita
3225 5613 3280 5659 et
3307 5606 3360 5659 in
3389 5605 3490 5659 hac

1903 5699 2295 5771 supplicatione
2321 5700 2462 5754 trina
2489 5696 2770 5766 apertione
2801 5696 3091 5761 labiorum,
3120 5695 3187 5750 ab
3221 5696 3335 5765 ipsa
3366 5710 3492 5749 san-

1901 5801 1989 5851 cta
2005 5802 2258 5864 precatur
2272 5791 2554 5855 Trinitate,
2578 5798 2636 5844 ut
2661 5797 2782 5860 post
2805 5788 3100 5846 labriorum
3126 5789 3488 5858 apertiouem,

1900 5886 2061 5967 digne
2088 5885 2258 5962 possit
2281 5900 2345 5942 os
2379 5897 2662 5944 servorum
2702 5881 2916 5944 Domini
2957 5882 3213 5945 nuntiare
3259 5881 3489 5944 Domino
