3994 6460
487 400 590 460 851

1775 387 2134 452 ΒΠΔΒΑΕΒῙ
2170 387 2471 452 ABBATIS

489 514 724 574 laudem.
753 509 827 571 Os
853 516 1035 568 autem
1055 507 1254 567 dicitur
1275 508 1524 581 corporis
1543 507 1853 566 membrum
1877 515 1934 564 et
1955 521 2077 563 cor-
2101 508 2160 570 Α
2179 513 2289 576 tur,
2322 509 2462 568 doxa
2488 515 2673 567 autem
2698 510 2867 584 gloria
2893 523 3138 573 vocatur.
3166 514 3311 590 Ergo
3350 521 3656 581 orthodoxi
3685 528 3798 589 viri

491 609 576 665 dis
623 620 906 665 arcanum.
947 602 1101 663 Unde
1138 611 1194 660 et
1231 599 1523 658 efﬁcaciter
1555 600 1676 658 laus
1723 600 1906 656 divina
1950 615 2082 658 can-

491 708 661 758 tatur.

565 796 666 853 Cui
708 791 1103 866 subjungendas
1145 799 1220 846 est
1268 790 1454 844 tertius
1500 787 1734 860 psalmus
1778 796 1826 842 et
1873 784 2080 842 Gloria.

493 889 739 948 Psalmus
779 902 880 958 pro
905 884 1218 956 operatione
1247 883 1466 954 ponitur
1491 900 1503 936 :
1533 879 1717 936 Gloria
1746 881 1866 938 laus
1890 891 1976 937 est
1999 879 2085 936 di-

492 985 641 1051 vina,
665 999 827 1054 quam
851 981 1026 1053 angeli
1048 981 1103 1036 in
1127 979 1285 1043 coelo,
1312 978 1562 1034 homines
1585 986 1809 1033 cantant
1835 978 1889 1032 in
1911 985 2080 1046 terra,

491 1078 632 1136 sicut
658 1077 746 1133 ille
771 1076 987 1132 divinus
1014 1074 1303 1130 inchoatur
1324 1072 1559 1142 hymnus
1586 1089 1599 1124 :
1624 1068 1806 1125 Gloria
1833 1071 1885 1125 in
1913 1069 2083 1126 excel-

489 1173 564 1229 sis
588 1172 721 1238 Deo,
748 1179 799 1227 et
839 1171 898 1225 in
926 1179 1069 1226 terra
1101 1182 1209 1238 paa:
1252 1164 1550 1220 hominibus
1599 1163 1750 1220 bona:
1796 1163 2081 1220 voluntatis

493 1267 647 1339 (Luc.
671 1264 757 1338 ιι).

564 1358 692 1416 Post
717 1361 858 1414 hunc
885 1357 1119 1429 psalmus
1149 1353 1515 1426 nonagesimus
1545 1361 1766 1424 quartus
1793 1369 1910 1407 cum
1938 1351 2082 1407 anti-

489 1453 666 1526 phona
686 1493 700 1518 ,
732 1458 824 1506 aut
860 1459 996 1505 certe
1023 1447 1408 1504 decantandus.
1455 1445 1767 1516 Antiphona
1797 1460 1866 1500 ex
1894 1443 2084 1500 Graeco

430 1560 434 1567 '
493 1545 888 1615 interpretatur
915 1557 1020 1597 vox
1039 1540 1339 1611 reciproca,
1371 1539 1582 1594 duobus
1612 1537 1821 1594 scilicet
1846 1536 2084 1592 alterna-

444 1659 448 1666 τ
490 1638 588 1693 tim
641 1635 995 1709 psallentibus
1043 1634 1237 1690 ordine
1285 1638 1637 1688 commutato.
1710 1629 1865 1696 Quod
1913 1643 2084 1700 genus

489 1731 754 1802 psallendi
783 1729 957 1786 Graeci
999 1726 1271 1782 invenisse
1308 1725 1619 1802 traduntur.
1653 1721 1811 1792 Apud
1853 1721 2083 1776 Latinos

493 1801 672 1878 autem
694 1821 1022 1894 imprimitus
1041 1818 1388 1877 beatissimus
1408 1801 1732 1872 Ambrosius
1755 1812 2085 1884 antiphonas

492 1914 744 1971 instituit.

555 2007 699 2062 -Inde
726 2021 976 2079 sequatur
1005 2005 1410 2061 Ambrosianus.
1454 2001 1512 2058 Id
1542 2008 1627 2059 est
1668 2001 1923 2073 hymnus.
1955 1999 2088 2054 Am-

489 2100 806 2157 brosianum
835 2100 986 2166 dicit,
1011 2098 1098 2155 vel
1127 2098 1392 2164 divinum,
1417 2095 1503 2153 vel
1529 2095 1777 2160 caeleste,
1804 2094 1860 2150 id
1887 2101 1973 2150 est
2005 2093 2087 2150 di-

488 2193 694 2249 vinitus
719 2191 804 2246 vel
830 2191 1044 2247 caelitus
1071 2191 1415 2262 inspiratum.
1443 2188 1549 2244 Alii
1571 2186 1993 2244 Ambrosianum
2015 2185 2086 2242 ab

490 2283 778 2339 Ambrosio
812 2284 1136 2354 hymnorum
1160 2283 1423 2354 magistro
1453 2281 1560 2336 dici
1586 2279 1795 2336 volunt.

562 2373 767 2429 Deinde
809 2391 902 2430 sea:
937 2375 1127 2446 psalmi
1164 2392 1283 2429 cum
1309 2374 1633 2446 antiphonis.
1669 2372 1871 2438 Quibus
1901 2371 2083 2438 dictis,

492 2466 633 2522 dicto
683 2484 854 2536 versu,
884 2468 1155 2523 benedicat
1197 2468 1382 2523 abbas.
1430 2467 1489 2522 ld
1520 2474 1604 2522 est
1630 2473 1754 2537 post
1799 2477 2021 2521 versum
2051 2477 2085 2519 a

489 2565 744 2615 cantante
771 2561 975 2616 dictum
997 2560 1143 2616 dicat
1167 2561 1372 2616 abbas:
1397 2556 1661 2614 Precibus
1689 2555 1934 2611 omnium
1960 2569 2086 2612 san-

491 2659 704 2707 ctorum
730 2667 953 2707 suorum
977 2651 1150 2708 salvet
1169 2659 1224 2707 et
1248 2650 1536 2706 benedicat
1565 2662 1664 2703 nos
1690 2647 1972 2714 Dominus,
1997 2644 2086 2703 vel

492 2740 656 2796 aliam
684 2741 923 2812 aliquam
948 2741 1259 2812 huiusmodi
1289 2740 1738 2797 benedictionem.

563 2833 634 2887 Et
659 2834 955 2890 sedentibus
980 2835 1221 2891 omnibus
1244 2837 1299 2890 in
1322 2835 1572 2900 scamnis,
1595 2832 1840 2904 legantur
1856 2832 2086 2888 vicissim

492 2943 526 2981 a
557 2927 812 2996 fratribus
833 2929 891 2984 in
916 2930 1115 2984 codice.
1154 2929 1408 2985 Vicissim
1439 2929 1593 2993 dicit,
1614 2927 1669 2982 id
1689 2935 1772 2982 est
1793 2941 1891 2999 per
1915 2927 2082 2994 vices,

491 3015 826 3088 alternatim,
857 3021 945 3076 vel
991 3031 1210 3091 mutuo,
1236 3022 1293 3078 id
1339 3029 1440 3091 est,
1471 3031 1601 3079 tunc
1643 3021 1768 3090 iste,
1795 3030 1928 3078 tunc
1969 3021 2083 3090 ille,

489 3129 636 3170 nunc
663 3114 813 3183 hinc,
841 3132 985 3172 nunc
1012 3117 1136 3174 inde

564 3203 741 3276 Super
761 3206 1065 3280 analogium
1095 3218 1197 3264 tres
1226 3207 1491 3265 lectiones.
1523 3207 1844 3282 Analogium
1874 3209 2078 3266 dictum

490 3299 558 3354 ab
583 3313 649 3354 eo
679 3302 824 3371 quod
849 3315 1030 3360 sermo
1061 3301 1185 3358 inde
1211 3302 1424 3359 divinus
1448 3311 1542 3359 aut
1568 3303 1801 3376 legatur,
1825 3310 1917 3359 aut
1940 3318 2081 3376 pra:-

491 3391 740 3448 dicetur:
765 3393 911 3466 logos
938 3395 1083 3452 enim
1111 3396 1252 3468 apud
1279 3395 1500 3454 Graecos
1525 3411 1706 3453 sermo
1733 3396 1951 3453 dicitur.

557 3484 710 3540 Inter
747 3504 899 3558 quas,
928 3495 978 3542 et
1013 3490 1115 3544 tria
1148 3490 1783 3562 responsoria-canentur.
1832 3489 1952 3544 Duo
1992 3506 2080 3545 ro-

487 3581 768 3650 sponsoria
812 3581 925 3635 sine
973 3579 1158 3636 Gloria
1206 3583 1473 3637 dicantur.
1525 3581 1655 3637 Post
1705 3583 1912 3637 tertiam
1961 3599 2082 3638 vero

489 3670 786 3738 lectionem,
815 3673 905 3742 qui
931 3681 1130 3738 cantat,
1155 3673 1297 3728 dicat
1327 3672 1532 3729 Gloria.
1585 3675 1760 3741 Quam
1787 3675 1914 3729 dum
1945 3675 2082 3730 inci-

487 3762 561 3832 pit
588 3771 774 3816 cantor
792 3761 984 3829 dicere,
1006 3780 1130 3818 mox
1150 3781 1326 3819 omnes
1349 3765 1415 3819 de
1434 3765 1685 3820 sedilibus
1706 3767 1816 3820 suis
1838 3775 2081 3838 surgant,

491 3853 554 3908 ob
583 3853 833 3909 honorem
861 3863 910 3910 et
939 3857 1280 3910 reverentiam
1305 3864 1501 3912 sanctae
1533 3856 1831 3912 Trinitatis.
1863 3856 2083 3914 Codices

489 3952 665 3999 autem
691 3943 934 4016 legantur
953 3945 1008 4000 in
1025 3945 1215 4016 vigiliis
1235 3958 1341 4002 tam
1368 3945 1566 4003 Veteris
1585 3947 1904 4005 Testamenti
1924 3968 2082 4023 quam

491 4035 631 4093 Novi
660 4038 853 4094 divina:
883 4040 1234 4096 auctoritatis.
1260 4038 1320 4096 Id
1347 4048 1431 4097 est
1458 4040 1583 4097 libri
1612 4041 1803 4114 Moysi,
1833 4042 2080 4111 Genesis,

490 4130 732 4198 Exodus,
757 4133 1052 4200 Leviticus,
1082 4133 1374 4202 Numerus,
1401 4135 1904 4204 Deuteronomium,
1935 4137 2085 4195 Judi-

489 4239 633 4291 cum,
681 4224 847 4292 Ruth,
885 4225 1119 4297 Regum,
1155 4225 1628 4299 Paralipomenon,
1664 4228 1784 4296 Joh,
1835 4230 2085 4287 Psalmo-

487 4329 632 4382 rum,
675 4315 949 4385 Salomon,
985 4317 1278 4389 Sapientia:
1303 4319 1460 4384 liber,
1498 4321 1943 4390 Ecclesiaslicus,
1974 4325 2083 4380 To-

487 4405 628 4472 bias,
660 4407 878 4475 Esther,
928 4407 1134 4475 Judith,
1177 4409 1414 4479 Esdras,
1449 4411 1865 4484 Prophetarum,
1915 4416 1971 4472 id
2000 4425 2086 4474 est

488 4493 683 4560 Isaias,
734 4495 1034 4562 Jeremias,
1076 4497 1326 4554 Ezechiel
1367 4508 1422 4556 et
1461 4501 1666 4570 Daniel,
1718 4502 1894 4571 Oscae,
1942 4504 2086 4576 Joel,

2108 1887 2159 1949 B

2182 609 2344 659 recte:
2370 603 2554 676 gloria:
2584 604 2691 660 dici
2713 616 2958 677 possunt.
2991 608 3253 668 Catholici
3276 627 3406 672 vero
3434 619 3798 682 universales

2184 712 2281 753 seu
2309 699 2586 770 generales
2608 700 3056 772 interpretantur.
3077 703 3196 761 Non
3223 708 3366 763 enim
3399 725 3500 781 per
3523 714 3796 775 haeresim

2183 795 2278 843 aut
2304 788 2536 845 schisma
2561 791 2630 846 ab
2659 791 2954 848 universali
2981 807 3336 867 segregantur
3363 799 3646 860 Ecclesia.

2255 877 2384 934 Post
2415 881 2511 936 has
2536 899 2653 937 vero
2699 893 2800 940 tres
2841 884 3085 942 lectiones
3115 905 3234 942 cum
3268 896 3626 962 responsoriis
3658 902 3798 968 suis,

2184 985 2472 1048 sequantur
2503 978 2691 1051 reliqui
2738 997 2831 1035 sea:
2877 981 3068 1053 psalmi
3115 1000 3233 1040 cum
3264 986 3498 1043 Alleluia
3536 995 3793 1048 canendi.

2185 1067 2315 1124 Post
2344 1070 2436 1125 hos
2461 1069 2612 1126 lectio
2638 1071 2876 1143 Apostoli
2904 1083 3176 1146 sequatur,
3200 1093 3263 1132 ex
3285 1080 3442 1134 corde
3472 1083 3796 1151 recitando;

2183 1170 2231 1216 et
2263 1179 2439 1218 versus
2471 1172 2520 1217 et
2550 1165 2866 1236 supplicatio
2893 1167 3116 1234 litanias,
3148 1169 3203 1222 id
3232 1179 3329 1235 est,
3360 1169 3536 1242 Kyrie
3560 1173 3796 1242 eleisou;

2183 1263 2234 1310 et
2267 1257 2342 1310 sic
2372 1257 2631 1326 ﬁniantur
2673 1259 2865 1330 vigilite
2914 1269 3208 1317 nocturnae.
3240 1261 3408 1334 Kyrie
3447 1266 3606 1319 enim
3654 1269 3796 1337 apud

2185 1347 2403 1405 Crzccos
2427 1349 2654 1407 Domine
2698 1352 2929 1420 dicitur;
2961 1353 3178 1421 cleison,
3207 1357 3472 1414 miserere
3505 1360 3790 1431 interpre~

2163 1450 2350 1508 ,tatur.
2398 1442 2660 1501 Similiter
2684 1453 2740 1501 et
2769 1444 2975 1503 Christe
2995 1447 3213 1517 eleison,
3239 1449 3482 1518 Christe,
3518 1455 3791 1511 miserere

2187 1535 2600 1607 interpretatur.

2808 1630 3040 1690 CAPUT
3079 1633 3150 1690 Χ.

2293 1722 2537 1788 Qualiter
2563 1725 2761 1781 aestatis
2791 1735 3018 1799 tempore
3046 1737 3237 1800 agatur
3261 1739 3530 1787 nocturna
3559 1732 3706 1790 laus.

2247 1812 2302 1867 ‘A
2331 1812 2544 1871 Pascha
2580 1825 2757 1872 autem
2791 1834 2956 1890 usque
2989 1819 3060 1873 ad
3118 1818 3380 1877 Kalendas
3435 1820 3789 1893 Novembris,

2187 1908 2389 1976 omnis,
2421 1916 2477 1962 ut
2508 1926 2668 1981 supra
2695 1911 2897 1966 dictum
2933 1920 3044 1979 est,
3085 1911 3398 1984 psalmodiis
3424 1918 3712 1986 quantitas
3734 1927 3796 1972 te-

2187 2012 2408 2069 neatur;
2434 2011 2669 2074 excepto,
2695 2005 2836 2077 quod
2862 2003 3111 2060 lectiones
3138 2006 3193 2060 in
3217 2005 3416 2071 codice,
3442 2018 3672 2079 propter
3693 2010 3795 2064 bre-

2185 2097 2398 2151 vitatem
2445 2097 2716 2164 noctium,
2766 2097 2981 2152 minime
3043 2096 3287 2168 legantur
3327 2111 3347 2150 :
3383 2099 3482 2152 sed
3523 2117 3630 2169 pro
3680 2102 3792 2171 ipsis

2187 2190 2353 2244 tribus
2383 2189 2722 2256 lectionibus,
2754 2206 2864 2244 una
2892 2189 2956 2244 de
3011 2186 3179 2243 Veteri
3221 2187 3570 2243 Testamento
3617 2207 3792 2246 meiu-

2101 2316 2105 2320 ι
2186 2283 2316 2336 riter
2335 2283 2564 2348 dicatur,
2588 2299 2747 2353 quam
2772 2282 2917 2338 breve
2931 2281 3321 2353 responsorium
3346 2281 3729 2353 subsequatur,
3749 2295 3790 2340 et

2186 2374 2390 2446 reliqua
2416 2375 2626 2439 omnia,
2661 2383 2718 2429 ut
2749 2374 2950 2430 dictum
2977 2382 3076 2440 est,
3101 2372 3461 2444 impleantur;
3495 2375 3555 2427 id
3593 2385 3671 2428 est
3691 2415 3708 2439 ,
3741 2384 3790 2429 st

2186 2462 2458 2538 n'unquam
2495 2468 2671 2522 minus
2707 2485 2742 2522 a
2788 2466 3065 2522 duodecim
3106 2465 3439 2538 psalmorum
3470 2469 3786 2540 quantitate,

2187 2561 2256 2616 ad
2287 2560 2493 2632 vigilias
2522 2569 2812 2617 nocturnas
2840 2560 3071 2628 dicatur,
3097 2561 3327 2634 exceptis
3359 2560 3523 2617 tertio
3547 2571 3598 2616 et
3628 2577 3783 2616 nona-

2185 2655 2384 2726 gesimo
2408 2662 2596 2727 quarto
2622 2652 2848 2726 psalmo.

2813 2743 3042 2802 CAPUT
3069 2743 3163 2801 XI.

2337 2839 2581 2909 Qualiter
2621 2837 2914 2894 Dominicis
2953 2838 3136 2893 diebus
3165 2851 3362 2908 ingnia:
3395 2844 3642 2908 agantur.

2259 2932 2537 2987 Dominico
2556 2930 2640 2984 die
2665 2929 2946 3001 temperius
2967 2936 3220 2998 surgatur
3238 2926 3309 2982 ad
3332 2926 3575 2998 vigilias.
3592 2925 3662 2979 1n
3679 2925 3789 2997 qui-

2189 3029 2283 3084 bus
2306 3026 2498 3098 vigiliis
2539 3034 2780 3081 teneatur
2823 3039 3100 3088 mensura,
3138 3022 3195 3076 id
3243 3029 3340 3086 est,
3382 3021 3700 3085 modulatis,
3737 3027 3788 3074 at

2189 3137 2351 3192 supra
2379 3119 2754 3191 disposuimus,
2795 3132 2887 3171 sea:
2939 3113 3157 3186 psalmis
3193 3122 3242 3168 et
3273 3128 3449 3168 versu.
3489 3111 3788 3184 Temperius

2190 3214 2348 3280 dixit,
2388 3213 2442 3270 id
2462 3221 2566 3278 est,
2610 3212 2770 3267 citius
2787 3251 2801 3279 ,
2825 3210 2996 3280 prius,
3025 3216 3206 3263 antea.
3230 3206 3569 3277 Temperius
3595 3205 3736 3261 enim
3759 3217 3788 3258 a

2185 3313 2427 3376 tempore
2445 3347 2460 3372 ,
2489 3303 2747 3360 adverbio
2772 3301 3049 3374 primitivo
3074 3298 3135 3354 ﬁt
3165 3298 3623 3367 comparativus;
3664 3297 3791 3351 sicut

2185 3416 2217 3458 a
2240 3401 2394 3457 tarde
2422 3397 2662 3463 tardius,
2707 3402 2761 3451 et
2787 3410 2819 3450 a
2841 3395 2949 3449 cito
2972 3392 3032 3448 ﬁt
3052 3392 3234 3448 citius.
3265 3389 3596 3456 Modulatis,
3643 3390 3788 3454 dixit,

2184 3507 2276 3548 sea:
2304 3487 2556 3564 psalmis,
2588 3487 2643 3542 id
2673 3493 2776 3551 est,
2809 3484 3074 3549 cantatis,
3105 3482 3160 3536 in
3188 3496 3322 3537 voce
3351 3480 3688 3552 compositis
3712 3478 3790 3535 vel

2183 3581 2454 3640 formatis.
2487 3577 2780 3635 Modulatio
2808 3576 2953 3632 enim
2981 3573 3180 3632 dicitur
3207 3573 3462 3639 dulcedo,
3497 3573 3594 3629 vel
3617 3571 3787 3628 suavi-

2184 3685 2268 3732 tas
2292 3681 2504 3738 cantus,
2531 3687 2650 3742 quae
2671 3669 2809 3725 litin
2838 3668 3117 3725 modulata
3147 3681 3348 3724 canora
3373 3681 3543 3722 voce.

2253 3767 2616 3823 Residentibus
2637 3763 2834 3821 cunctis
2858 3763 3107 3835 disposite
3131 3771 3181 3818 et
3199 3779 3295 3834 per
3319 3761 3573 3816 ordinem
3595 3763 3651 3816 in
3677 3762 3787 3815 sab-

2181 3858 2364 3925 selliis,
2393 3859 2638 3930 legantur
2666 3859 2721 3912 in
2747 3857 2944 3922 codice,
2982 3866 3038 3910 ut
3063 3871 3225 3926 supra
3261 3853 3529 3919 diximus,
3559 3864 3784 3926 quatuor

2185 3951 2429 4007 lectiones
2457 3967 2576 4004 cum
2612 3948 2956 4021 responsoriis
2981 3947 3113 4003 suis.
3137 3947 3240 4002 Ubi
3273 3957 3486 4002 tantum
3528 3949 3586 4002 in
3603 3955 3789 4017 quarta

2187 4043 2518 4114 responsorio
2548 4042 2763 4096 dicatur
2783 4057 2816 4095 a
2841 4048 3112 4105 cantante,
3135 4036 3342 4094 Gloria.
3366 4037 3665 4106 ‘Subsellia
3685 4055 3784 4095 ca:-

2185 4146 2427 4192 terorum
2456 4134 2736 4190 hominum
2764 4140 2910 4198 sunt,
2941 4133 3224 4188 doctorum
3250 4140 3434 4187 autem
3467 4133 3671 4188 sedilia
3695 4147 3778 4188 ca-

2187 4229 2393 4284 thedrae
2427 4234 2706 4283 vocantur.
2749 4224 2886 4279 Nam
2910 4225 3066 4280 sedes
3097 4223 3448 4295 singulariter
3484 4234 3547 4280 et
3573 4226 3790 4298 proprie

2186 4321 2336 4391 regni
2358 4328 2461 4384 est,
2493 4317 2747 4374 subsellia
2769 4324 2951 4372 autem
2976 4331 3009 4371 a
3034 4315 3294 4382 sedendo,
3323 4315 3481 4386 quasi
3512 4316 3788 4374 subsessia

2185 4420 2585 4482 nuncupantur.

2259 4504 2433 4572 Quam
2461 4504 2589 4558 dum
2611 4503 2820 4575 incipit,
2848 4517 2974 4558 mox
3001 4517 3178 4557 omnes
3205 4517 3327 4556 cum
3357 4503 3660 4557 reveremia
3678 4518 3790 4558 sur-

490 4583 680 4686 émos,
719 4585 944 4686 abditis,
993 4586 1194 4686 Jonas:
1228 4589 1466 4686 Micheas
1485 4633 1501 4659 ,
1521 4591 1762 4686 il‘fiahum,
1802 4595 2076 4668 Ilabacuc,
2103 4623 2157 4686 Ι)
2185 4607 2330 4670 gant.
2358 4595 2486 4652 Post
2507 4612 2640 4668 quas
2661 4594 2931 4660 lectiones,
2963 4602 3253 4666 sequantur
3279 4609 3347 4648 ea:
3368 4594 3565 4650 ordine
3585 4595 3683 4649 alii
3704 4611 3788 4649 ses

490 4678 795 4749 Sophonias
817 4721 832 4747 ,
862 4680 1110 4753 Aggaeus,
1159 4683 1470 4750 Zacharias,
1520 4685 1832 4755 Malachias,
1866 4698 1922 4746 et
1964 4691 2079 4749 Ma—
2103 4678 2146 4686 —
2179 4692 2370 4763 psalmi
2414 4708 2532 4746 cum
2578 4688 2879 4761 antiphonis
2906 4728 2921 4756 ,
2957 4689 3094 4743 sicut
3142 4689 3458 4753 anteriores,
3507 4698 3561 4744 et
3594 4705 3784 4744 versus.

488 4771 856 4827 chabaeorum.
928 4773 1346 4846 Evangeliorum
1395 4785 1629 4848 quatuor
1662 4778 1822 4847 libri',‘
1868 4781 1923 4838 id
1971 4793 2076 4851 est,

489 4868 792 4936 Matthaeus,
822 4867 1056 4936 Marcus,
1083 4870 1257 4927 Lucas
1280 4879 1335 4926 et
1355 4870 1611 4928 Joannes.
1642 4874 1900 4944 Epistolas
1924 4875 2079 4933 Pauli

487 4961 916 5030 quatuordecim,
937 4961 993 5015 id
1018 4969 1102 5016 est
1126 4962 1194 5017 ad
1216 4962 1490 5019 Romanos
1512 4979 1641 5032 una,
1671 4965 1740 5020 ad
1762 4966 2077 5024 Corinthios

488 5051 625 5119 duas,
653 5054 722 5108 ad
752 5052 969 5109 Galatas
998 5069 1127 5121 una,
1147 5058 1214 5110 ad
1239 5054 1503 5126 Ephesios
1526 5073 1654 5126 una,
1678 5059 1746 5114 ad
1766 5058 2079 5131 Philippen-

487 5158 574 5200 ses
603 5159 731 5210 una,
769 5143 837 5198 ad
877 5141 1390 5204 Thessalonicenses
1440 5149 1580 5216 dure,
1610 5149 1680 5205 ad
1721 5149 2074 5208 Colossenses

486 5252 616 5304 una,
648 5236 715 5293 ad
748 5237 1089 5292 Timotheum
1119 5238 1270 5306 duae,
1300 5239 1368 5294 ad
1407 5239 1590 5295 Titum
1616 5256 1743 5307 una,
1787 5242 1855 5298 ad
1892 5242 2066 5299 Philec

486 5343 702 5384 manem
755 5345 878 5393 una,
914 5327 982 5384 ad
1032 5328 1289 5387 Hebraeos
1330 5347 1473 5399 una,
1513 5331 1701 5389 Jacobi
1745 5350 1875 5403 una,
1923 5335 2072 5393 Petri

487 5424 626 5488 duae,
653 5420 874 5479 Joannis
923 5431 1063 5492 tres,
1096 5423 1248 5481 Iudae
1293 5440 1423 5494 una,
1461 5425 1628 5484 Actus
1677 5427 2070 5499 apostolorum,

486 5513 856 5588 Apocalypsis.

560 5605 667 5663 Sed
696 5618 744 5662 et
789 5613 1133 5682 expositiones
1175 5627 1376 5677 earum,
1404 5626 1522 5684 qua:
1561 5627 1594 5665 a
1632 5613 2071 5670 nominatissimis

486 5700 787 5756 doctoribus
804 5705 1106 5760 orthodoxis
1123 5713 1172 5762 et
1189 5705 1462 5760 catholicis
1479 5704 1730 5760 Patribus
1751 5707 1906 5776 factis
1925 5718 2068 5766 sunt.

489 5791 789 5848 Orthodoxi
829 5795 1081 5851 dicuntur
1126 5795 1230 5851 viri
1268 5796 1552 5863 catholici,
1579 5797 1636 5854 in
1679 5797 1785 5854 ﬁde
1831 5800 1984 5866 recti,
2013 5801 2069 5856 in

491 5883 602 5936 vita
633 5884 959 5956 probabiles.
988 5884 1158 5944 Ortho
1182 5885 1327 5944 enim
1353 5887 1494 5959 apud
1522 5887 1739 5947 Graecos
1763 5900 1911 5949 recte
1940 5893 2074 5951 dici-

2180 4783 2308 4840 Post
2335 4801 2464 4856 quos
2495 4784 2686 4837 iterum
2713 4781 2952 4853 legantur
2973 4780 3096 4836 alite
3117 4790 3349 4852 quatuor
3383 4780 3640 4835 lectiones
3674 4796 3785 4834 cm

2180 4876 2521 4948 responsoriis
2544 4875 2654 4929 suis
2674 4875 2859 4930 ordine
2888 4891 2990 4946 quo
3014 4891 3196 4945 supra.
3224 4873 3380 4930 Sicut
3399 4875 3553 4930 enim
3577 4875 3664 4929 die
3687 4873 3787 4928 Do-

2176 4969 2379 5025 minico
2419 4966 2705 5022 duodecim
2735 4965 2848 5020 vult
2878 4965 3113 5036 pleniter
3140 4966 3377 5037 psallere
3410 4966 3682 5037 psalmos,
3715 4967 3787 5020 ita

2177 5061 2292 5118 vult
2326 5058 2612 5117 duodecim
2640 5058 2822 5130 legere
2850 5056 3132 5126 lectiones,
3159 5066 3218 5114 et
3243 5057 3474 5116 totidem
3495 5071 3786 5132 responso-

2175 5154 2258 5210 ria
2285 5152 2593 5208 decantare.

2250 5246 2379 5304 Post
2405 5265 2536 5321 quas
2557 5248 2749 5303 iterum
2772 5245 3023 5300 dicantur
3041 5245 3145 5300 tria
3169 5245 3380 5300 cantica
3401 5245 3468 5301 de
3487 5246 3778 5317 prophetis,

2174 5357 2293 5413 qua:
2320 5340 2604 5396 instituerit
2631 5337 2817 5393 abbas.
2847 5337 2925 5392 Ea
2947 5337 3093 5393 enim
3126 5336 3412 5392 instituere
3447 5337 3782 5394 canticade—

2177 5432 2270 5489 bet
2300 5433 2470 5488 abbas
2509 5446 2632 5504 quae
2659 5428 3024 5500 temporibus,
3053 5425 3445 5484 festivitatibus
3475 5436 3783 5501 congruant

2179 5533 2236 5580 et
2261 5525 2474 5582 diebus.

2251 5618 2383 5685 Qua:
2412 5619 2621 5673 cantica
2650 5632 2768 5673 cum
2789 5613 3007 5672 alleluia
3030 5613 3349 5686 psallantur.
3388 5614 3620 5674 Cantica
3646 5628 3780 5678 tm

2178 5709 2390 5782 Moyses
2434 5711 2670 5781 primum
2717 5708 2921 5766 invexit
2965 5705 3182 5778 quando
3227 5719 3492 5778 percussa
3531 5708 3782 5785 Egypto

2179 5799 2364 5857 decem
2388 5800 2592 5874 plagis,
2640 5809 2697 5857 et
2735 5801 3022 5857 Pharaone
3057 5804 3344 5860 submerso
3377 5816 3506 5857 cum
3534 5802 3776 5874 papulis,

2177 5905 2277 5963 per
2296 5892 2506 5950 insueta
2525 5891 2694 5950 maris
2716 5891 2916 5951 itinera
2937 5891 3010 5952 ad
3031 5891 3308 5954 desertum
3334 5892 3774 5966 gratulabundus
