  <div class='ocr_page' id='page_1' title='image "/cluster/home/n/w/nwhite01/storage/ocr_20150623/102/hvd.32044015466808/422.png"; bbox 0 0 3994 6458; ppageno 0'>
   <div class='ocr_carea' id='block_1_1' title="bbox 220 410 1822 486">
    <p class='ocr_par' dir='ltr' id='par_1_1' title="bbox 220 410 1822 475">
     <span class='ocr_line' id='line_1_1' title="bbox 220 410 1822 475; baseline 0.002 -4"><span class='ocrx_word' id='word_1_1' title='bbox 220 413 337 471; x_wconf 74' lang='grc'><strong>853</strong></span> <span class='ocrx_word' id='word_1_2' title='bbox 1281 410 1637 474; x_wconf 71' lang='grc' dir='ltr'><strong>(ΞΟΜΜΕΝΤ.</strong></span> <span class='ocrx_word' id='word_1_3' title='bbox 1675 413 1745 474; x_wconf 84' lang='grc' dir='ltr'>ΙΝ</span> <span class='ocrx_word' id='word_1_4' title='bbox 1782 415 1822 475; x_wconf 71' lang='lat' dir='ltr'><strong>ll</strong></span> 
     </span>
    </p>
   </div>
   <div class='ocr_carea' id='block_1_2' title="bbox 1930 410 3488 486">
    <p class='ocr_par' dir='ltr' id='par_1_2' title="bbox 1930 413 3488 486">
     <span class='ocr_line' id='line_1_2' title="bbox 1930 413 3488 486; baseline 0.005 -8"><span class='ocrx_word' id='word_1_5' title='bbox 1930 459 1945 478; x_wconf 91' lang='lat'><strong>.</strong></span> <span class='ocrx_word' id='word_1_6' title='bbox 1985 418 2046 479; x_wconf 85' lang='lat' dir='ltr'><strong>S.</strong></span> <span class='ocrx_word' id='word_1_7' title='bbox 2086 413 2471 480; x_wconf 81' lang='lat' dir='ltr'><strong>BENEDICTI.</strong></span> <span class='ocrx_word' id='word_1_8' title='bbox 3379 423 3488 486; x_wconf 65' lang='grc'><strong>854</strong></span> 
     </span>
    </p>
   </div>
   <div class='ocr_carea' id='block_1_3' title="bbox 223 519 3487 608">
    <p class='ocr_par' dir='ltr' id='par_1_3' title="bbox 223 519 3487 608">
     <span class='ocr_line' id='line_1_3' title="bbox 223 519 3487 608; baseline 0.005 -29"><span class='ocrx_word' id='word_1_9' title='bbox 223 536 492 597; x_wconf 83' lang='lat' dir='ltr'><strong>egressus</strong></span> <span class='ocrx_word' id='word_1_10' title='bbox 532 527 621 578; x_wconf 91' lang='lat' dir='ltr'><strong>est</strong></span> <span class='ocrx_word' id='word_1_11' title='bbox 664 519 850 580; x_wconf 90' lang='lat' dir='ltr'><strong>dicens</strong></span> <span class='ocrx_word' id='word_1_12' title='bbox 888 538 903 578; x_wconf 90' lang='lat'><strong>:</strong></span> <span class='ocrx_word' id='word_1_13' title='bbox 946 519 1229 579; x_wconf 80' lang='lat' dir='ltr'><strong>Cantemus</strong></span> <span class='ocrx_word' id='word_1_14' title='bbox 1271 522 1501 582; x_wconf 84' lang='lat' dir='ltr'><strong>Dommo</strong></span> <span class='ocrx_word' id='word_1_15' title='bbox 1531 567 1548 596; x_wconf 93' lang='lat'><strong>,</strong></span> <span class='ocrx_word' id='word_1_16' title='bbox 1594 529 1820 599; x_wconf 88' lang='lat' dir='ltr'><strong>gloriose</strong></span> <span class='ocrx_word' id='word_1_17' title='bbox 1843 542 1899 606; x_wconf 72' lang='grc' dir='ltr'><strong>Α</strong></span> <span class='ocrx_word' id='word_1_18' title='bbox 1921 539 2002 600; x_wconf 87' lang='lat' dir='ltr'><strong>ut,</strong></span> <span class='ocrx_word' id='word_1_19' title='bbox 2032 531 2160 603; x_wconf 86' lang='lat' dir='ltr'><strong>quia</strong></span> <span class='ocrx_word' id='word_1_20' title='bbox 2187 533 2245 589; x_wconf 90' lang='lat' dir='ltr'><strong>in</strong></span> <span class='ocrx_word' id='word_1_21' title='bbox 2268 533 2521 590; x_wconf 89' lang='lat' dir='ltr'><strong>omnibus</strong></span> <span class='ocrx_word' id='word_1_22' title='bbox 2543 529 2802 591; x_wconf 79' lang='lat' dir='ltr'><strong>fratribus</strong></span> <span class='ocrx_word' id='word_1_23' title='bbox 2831 530 3166 607; x_wconf 76' lang='lat' dir='ltr'><strong>negligenter</strong></span> <span class='ocrx_word' id='word_1_24' title='bbox 3197 546 3366 608; x_wconf 83' lang='lat' dir='ltr'><strong>agens</strong></span> <span class='ocrx_word' id='word_1_25' title='bbox 3388 535 3487 594; x_wconf 86' lang='lat' dir='ltr'><strong>de-</strong></span> 
     </span>
    </p>
   </div>
   <div class='ocr_carea' id='block_1_4' title="bbox 225 613 3490 701">
    <p class='ocr_par' dir='ltr' id='par_1_4' title="bbox 225 613 3490 701">
     <span class='ocr_line' id='line_1_4' title="bbox 225 613 3490 701; baseline 0.005 -30"><span class='ocrx_word' id='word_1_26' title='bbox 225 615 374 671; x_wconf 83' lang='lat' dir='ltr'><strong>enim</strong></span> <span class='ocrx_word' id='word_1_27' title='bbox 401 613 780 684; x_wconf 79' lang='lat' dir='ltr'><strong>honoriﬁcatus</strong></span> <span class='ocrx_word' id='word_1_28' title='bbox 805 623 880 668; x_wconf 86' lang='lat' dir='ltr'><strong>est</strong></span> <span class='ocrx_word' id='word_1_29' title='bbox 924 613 1122 684; x_wconf 88' lang='lat' dir='ltr'><strong>(Exod.</strong></span> <span class='ocrx_word' id='word_1_30' title='bbox 1163 614 1294 688; x_wconf 81' lang='lat' dir='ltr'><strong>xv);</strong></span> <span class='ocrx_word' id='word_1_31' title='bbox 1346 617 1540 674; x_wconf 88' lang='lat' dir='ltr'><strong>deinde</strong></span> <span class='ocrx_word' id='word_1_32' title='bbox 1568 618 1815 676; x_wconf 90' lang='lat' dir='ltr'><strong>Debbora</strong></span> <span class='ocrx_word' id='word_1_33' title='bbox 1917 622 2101 694; x_wconf 92' lang='lat' dir='ltr'><strong>liquit,</strong></span> <span class='ocrx_word' id='word_1_34' title='bbox 2147 625 2214 681; x_wconf 93' lang='lat' dir='ltr'><strong>ab</strong></span> <span class='ocrx_word' id='word_1_35' title='bbox 2267 625 2516 682; x_wconf 90' lang='lat' dir='ltr'><strong>omnibus</strong></span> <span class='ocrx_word' id='word_1_36' title='bbox 2573 625 2911 683; x_wconf 79' lang='lat' dir='ltr'><strong>satisfaciens</strong></span> <span class='ocrx_word' id='word_1_37' title='bbox 2958 626 3228 695; x_wconf 89' lang='lat' dir='ltr'><strong>videatur,</strong></span> <span class='ocrx_word' id='word_1_38' title='bbox 3285 637 3342 686; x_wconf 90' lang='lat' dir='ltr'><strong>et</strong></span> <span class='ocrx_word' id='word_1_39' title='bbox 3387 643 3490 701; x_wconf 87' lang='lat' dir='ltr'><strong>pro</strong></span> 
     </span>
    </p>
   </div>
   <div class='ocr_carea' id='block_1_5' title="bbox 227 705 3523 794">
    <p class='ocr_par' dir='ltr' id='par_1_5' title="bbox 227 705 3523 794">
     <span class='ocr_line' id='line_1_5' title="bbox 227 705 3523 794; baseline 0.007 -32"><span class='ocrx_word' id='word_1_40' title='bbox 227 722 344 763; x_wconf 91' lang='lat' dir='ltr'><strong>non</strong></span> <span class='ocrx_word' id='word_1_41' title='bbox 373 706 626 780; x_wconf 74' lang='lat' dir='ltr'><strong>ignobilis</strong></span> <span class='ocrx_word' id='word_1_42' title='bbox 646 705 848 763; x_wconf 80' lang='lat' dir='ltr'><strong>femina</strong></span> <span class='ocrx_word' id='word_1_43' title='bbox 869 705 926 762; x_wconf 89' lang='lat' dir='ltr'><strong>in</strong></span> <span class='ocrx_word' id='word_1_44' title='bbox 953 705 1093 764; x_wconf 88' lang='lat' dir='ltr'><strong>libro</strong></span> <span class='ocrx_word' id='word_1_45' title='bbox 1114 705 1364 766; x_wconf 85' lang='lat' dir='ltr'><strong>Judicum</strong></span> <span class='ocrx_word' id='word_1_46' title='bbox 1386 711 1492 767; x_wconf 93' lang='lat' dir='ltr'><strong>hoc</strong></span> <span class='ocrx_word' id='word_1_47' title='bbox 1511 711 1815 769; x_wconf 89' lang='lat' dir='ltr'><strong>ministerio</strong></span> <span class='ocrx_word' id='word_1_48' title='bbox 1915 716 2034 789; x_wconf 85' lang='lat' dir='ltr'><strong>ejus</strong></span> <span class='ocrx_word' id='word_1_49' title='bbox 2062 717 2258 774; x_wconf 89' lang='lat' dir='ltr'><strong>delicto</strong></span> <span class='ocrx_word' id='word_1_50' title='bbox 2285 719 2501 775; x_wconf 82' lang='lat' dir='ltr'><strong>veniam</strong></span> <span class='ocrx_word' id='word_1_51' title='bbox 2526 717 2594 776; x_wconf 88' lang='lat' dir='ltr'><strong>ab</strong></span> <span class='ocrx_word' id='word_1_52' title='bbox 2617 719 2867 778; x_wconf 87' lang='lat' dir='ltr'><strong>omnibus</strong></span> <span class='ocrx_word' id='word_1_53' title='bbox 2906 718 3340 794; x_wconf 80' lang='lat' dir='ltr'><strong>Cunctipetentis</strong></span> <span class='ocrx_word' id='word_1_54' title='bbox 3388 720 3523 786; x_wconf 64' lang='lat' dir='ltr'><strong>int-0</strong></span> 
     </span>
    </p>
   </div>
   <div class='ocr_carea' id='block_1_6' title="bbox 226 798 2610 883">
    <p class='ocr_par' dir='ltr' id='par_1_6' title="bbox 226 798 2610 883">
     <span class='ocr_line' id='line_1_6' title="bbox 226 798 2610 883; baseline 0.005 -29"><span class='ocrx_word' id='word_1_55' title='bbox 226 798 421 855; x_wconf 88' lang='lat' dir='ltr'><strong>functa</strong></span> <span class='ocrx_word' id='word_1_56' title='bbox 463 798 760 870; x_wconf 88' lang='lat' dir='ltr'><strong>reperitur;</strong></span> <span class='ocrx_word' id='word_1_57' title='bbox 815 807 1001 871; x_wconf 90' lang='lat' dir='ltr'><strong>postea</strong></span> <span class='ocrx_word' id='word_1_58' title='bbox 1035 801 1236 858; x_wconf 89' lang='lat' dir='ltr'><strong>multos</strong></span> <span class='ocrx_word' id='word_1_59' title='bbox 1279 818 1389 859; x_wconf 92' lang='lat' dir='ltr'><strong>non</strong></span> <span class='ocrx_word' id='word_1_60' title='bbox 1424 804 1600 860; x_wconf 87' lang='lat' dir='ltr'><strong>solum</strong></span> <span class='ocrx_word' id='word_1_61' title='bbox 1631 805 1814 876; x_wconf 90' lang='lat' dir='ltr'><strong>viros,</strong></span> <span class='ocrx_word' id='word_1_62' title='bbox 1915 808 2133 883; x_wconf 87' lang='lat' dir='ltr'><strong>plorare</strong></span> <span class='ocrx_word' id='word_1_63' title='bbox 2160 810 2610 869; x_wconf 86' lang='lat' dir='ltr'><strong>misericordiam.</strong></span> 
     </span>
    </p>
   </div>
   <div class='ocr_carea' id='block_1_7' title="bbox 227 892 1820 971">
    <p class='ocr_par' dir='ltr' id='par_1_7' title="bbox 227 892 1820 971">
     <span class='ocr_line' id='line_1_7' title="bbox 227 892 1820 971; baseline 0.004 -20"><span class='ocrx_word' id='word_1_64' title='bbox 227 892 329 951; x_wconf 84' lang='lat' dir='ltr'><strong>sed</strong></span> <span class='ocrx_word' id='word_1_65' title='bbox 365 893 530 950; x_wconf 88' lang='lat' dir='ltr'><strong>etiam</strong></span> <span class='ocrx_word' id='word_1_66' title='bbox 562 892 794 952; x_wconf 77' lang='lat' dir='ltr'><strong>feminas</strong></span> <span class='ocrx_word' id='word_1_67' title='bbox 824 894 1028 966; x_wconf 77' lang='lat' dir='ltr'><strong>Spiritu</strong></span> <span class='ocrx_word' id='word_1_68' title='bbox 1055 895 1239 954; x_wconf 88' lang='lat' dir='ltr'><strong>divino</strong></span> <span class='ocrx_word' id='word_1_69' title='bbox 1266 897 1563 971; x_wconf 86' lang='lat' dir='ltr'><strong>completas</strong></span> <span class='ocrx_word' id='word_1_70' title='bbox 1597 898 1692 956; x_wconf 89' lang='lat' dir='ltr'><strong>Dei</strong></span> <span class='ocrx_word' id='word_1_71' title='bbox 1728 915 1820 957; x_wconf 85' lang='lat' dir='ltr'><strong>ce-</strong></span> 
     </span>
    </p>
   </div>
   <div class='ocr_carea' id='block_1_8' title="bbox 229 981 741 1055">
    <p class='ocr_par' dir='ltr' id='par_1_8' title="bbox 229 981 741 1055">
     <span class='ocr_line' id='line_1_8' title="bbox 229 981 741 1055; baseline 0 -15"><span class='ocrx_word' id='word_1_72' title='bbox 229 981 435 1040; x_wconf 87' lang='lat' dir='ltr'><strong>cinisse</strong></span> <span class='ocrx_word' id='word_1_73' title='bbox 462 984 741 1055; x_wconf 86' lang='lat' dir='ltr'><strong>mysteria.</strong></span> 
     </span>
    </p>
   </div>
   <div class='ocr_carea' id='block_1_9' title="bbox 302 1072 1820 1154">
    <p class='ocr_par' dir='ltr' id='par_1_9' title="bbox 302 1072 1820 1154">
     <span class='ocr_line' id='line_1_9' title="bbox 302 1072 1820 1154; baseline 0.006 -25"><span class='ocrx_word' id='word_1_74' title='bbox 302 1072 456 1129; x_wconf 85' lang='lat' dir='ltr'><strong>Dicto</strong></span> <span class='ocrx_word' id='word_1_75' title='bbox 482 1075 640 1130; x_wconf 90' lang='lat' dir='ltr'><strong>etiam</strong></span> <span class='ocrx_word' id='word_1_76' title='bbox 663 1093 818 1131; x_wconf 85' lang='lat' dir='ltr'><strong>versu</strong></span> <span class='ocrx_word' id='word_1_77' title='bbox 857 1086 907 1133; x_wconf 87' lang='lat' dir='ltr'><strong>et</strong></span> <span class='ocrx_word' id='word_1_78' title='bbox 953 1077 1281 1137; x_wconf 86' lang='lat' dir='ltr'><strong>benedicente</strong></span> <span class='ocrx_word' id='word_1_79' title='bbox 1335 1080 1540 1150; x_wconf 80' lang='lat' dir='ltr'><strong>abbate,</strong></span> <span class='ocrx_word' id='word_1_80' title='bbox 1575 1080 1820 1154; x_wconf 89' lang='lat' dir='ltr'><strong>legantur</strong></span> 
     </span>
    </p>
   </div>
   <div class='ocr_carea' id='block_1_10' title="bbox 228 1165 1820 1240">
    <p class='ocr_par' dir='ltr' id='par_1_10' title="bbox 228 1165 1820 1240">
     <span class='ocr_line' id='line_1_10' title="bbox 228 1165 1820 1240; baseline 0.004 -18"><span class='ocrx_word' id='word_1_81' title='bbox 228 1165 355 1222; x_wconf 73' lang='lat' dir='ltr'><strong>alite</strong></span> <span class='ocrx_word' id='word_1_82' title='bbox 399 1176 629 1238; x_wconf 81' lang='lat' dir='ltr'><strong>quatuor</strong></span> <span class='ocrx_word' id='word_1_83' title='bbox 677 1167 923 1225; x_wconf 73' lang='lat' dir='ltr'><strong>lectiones</strong></span> <span class='ocrx_word' id='word_1_84' title='bbox 959 1171 1026 1226; x_wconf 89' lang='lat' dir='ltr'><strong>de</strong></span> <span class='ocrx_word' id='word_1_85' title='bbox 1073 1170 1223 1228; x_wconf 84' lang='lat' dir='ltr'><strong>Novo</strong></span> <span class='ocrx_word' id='word_1_86' title='bbox 1261 1170 1608 1240; x_wconf 87' lang='lat' dir='ltr'><strong>Testamento,</strong></span> <span class='ocrx_word' id='word_1_87' title='bbox 1638 1173 1820 1228; x_wconf 77' lang='lat' dir='ltr'><strong>ordine</strong></span> 
     </span>
    </p>
   </div>
   <div class='ocr_carea' id='block_1_11' title="bbox 227 1257 1820 1336">
    <p class='ocr_par' dir='ltr' id='par_1_11' title="bbox 227 1257 1820 1336">
     <span class='ocr_line' id='line_1_11' title="bbox 227 1257 1820 1336; baseline 0.006 -25"><span class='ocrx_word' id='word_1_88' title='bbox 227 1275 334 1333; x_wconf 77' lang='lat' dir='ltr'><strong>quo</strong></span> <span class='ocrx_word' id='word_1_89' title='bbox 360 1275 542 1330; x_wconf 91' lang='lat' dir='ltr'><strong>supra.</strong></span> <span class='ocrx_word' id='word_1_90' title='bbox 569 1257 700 1315; x_wconf 93' lang='lat' dir='ltr'><strong>Post</strong></span> <span class='ocrx_word' id='word_1_91' title='bbox 724 1272 970 1334; x_wconf 86' lang='lat' dir='ltr'><strong>quartum</strong></span> <span class='ocrx_word' id='word_1_92' title='bbox 985 1273 1159 1319; x_wconf 90' lang='lat' dir='ltr'><strong>autem</strong></span> <span class='ocrx_word' id='word_1_93' title='bbox 1186 1265 1574 1336; x_wconf 89' lang='lat' dir='ltr'><strong>responsarium</strong></span> <span class='ocrx_word' id='word_1_94' title='bbox 1602 1265 1820 1336; x_wconf 75' lang='lat' dir='ltr'><strong>incipiat</strong></span> 
     </span>
    </p>
   </div>
   <div class='ocr_carea' id='block_1_12' title="bbox 232 1349 1818 1427">
    <p class='ocr_par' dir='ltr' id='par_1_12' title="bbox 232 1349 1818 1427">
     <span class='ocr_line' id='line_1_12' title="bbox 232 1349 1818 1427; baseline 0.003 -24"><span class='ocrx_word' id='word_1_95' title='bbox 232 1349 396 1404; x_wconf 89' lang='lat' dir='ltr'><strong>abbas</strong></span> <span class='ocrx_word' id='word_1_96' title='bbox 427 1350 696 1421; x_wconf 81' lang='lat' dir='ltr'><strong>hymnum,</strong></span> <span class='ocrx_word' id='word_1_97' title='bbox 732 1351 803 1408; x_wconf 88' lang='lat' dir='ltr'><strong>Te</strong></span> <span class='ocrx_word' id='word_1_98' title='bbox 838 1354 1007 1409; x_wconf 87' lang='lat' dir='ltr'><strong>Deum</strong></span> <span class='ocrx_word' id='word_1_99' title='bbox 1060 1354 1364 1411; x_wconf 78' lang='lat' dir='ltr'><strong>laudamus.</strong></span> <span class='ocrx_word' id='word_1_100' title='bbox 1424 1353 1540 1423; x_wconf 90' lang='lat' dir='ltr'><strong>Quo</strong></span> <span class='ocrx_word' id='word_1_101' title='bbox 1579 1354 1818 1427; x_wconf 90' lang='lat' dir='ltr'><strong>perdicto</strong></span> 
     </span>
    </p>
   </div>
   <div class='ocr_carea' id='block_1_13' title="bbox 227 1437 1819 1518">
    <p class='ocr_par' dir='ltr' id='par_1_13' title="bbox 227 1437 1819 1518">
     <span class='ocr_line' id='line_1_13' title="bbox 227 1437 1819 1518; baseline 0.003 -23"><span class='ocrx_word' id='word_1_102' title='bbox 227 1437 370 1513; x_wconf 80' lang='lat' dir='ltr'><strong>legat</strong></span> <span class='ocrx_word' id='word_1_103' title='bbox 395 1440 555 1497; x_wconf 82' lang='lat' dir='ltr'><strong>abbas</strong></span> <span class='ocrx_word' id='word_1_104' title='bbox 578 1441 847 1499; x_wconf 76' lang='lat' dir='ltr'><strong>lectionem</strong></span> <span class='ocrx_word' id='word_1_105' title='bbox 865 1445 1260 1518; x_wconf 84' lang='lat' dir='ltr'><strong>deEvangelia,</strong></span> <span class='ocrx_word' id='word_1_106' title='bbox 1284 1463 1404 1501; x_wconf 89' lang='lat' dir='ltr'><strong>cum</strong></span> <span class='ocrx_word' id='word_1_107' title='bbox 1425 1446 1620 1500; x_wconf 84' lang='lat' dir='ltr'><strong>honore</strong></span> <span class='ocrx_word' id='word_1_108' title='bbox 1642 1453 1690 1499; x_wconf 89' lang='lat' dir='ltr'><strong>et</strong></span> <span class='ocrx_word' id='word_1_109' title='bbox 1712 1453 1819 1500; x_wconf 86' lang='lat' dir='ltr'><strong>tre-</strong></span> 
     </span>
    </p>
   </div>
   <div class='ocr_carea' id='block_1_14' title="bbox 233 1536 1820 1610">
    <p class='ocr_par' dir='ltr' id='par_1_14' title="bbox 233 1536 1820 1610">
     <span class='ocr_line' id='line_1_14' title="bbox 233 1536 1820 1610; baseline 0.001 -20"><span class='ocrx_word' id='word_1_110' title='bbox 233 1551 381 1590; x_wconf 85' lang='lat' dir='ltr'><strong>more</strong></span> <span class='ocrx_word' id='word_1_111' title='bbox 423 1536 682 1591; x_wconf 79' lang='lat' dir='ltr'><strong>stantibus</strong></span> <span class='ocrx_word' id='word_1_112' title='bbox 734 1537 991 1592; x_wconf 85' lang='lat' dir='ltr'><strong>omnibus.</strong></span> <span class='ocrx_word' id='word_1_113' title='bbox 1030 1537 1148 1604; x_wconf 89' lang='lat' dir='ltr'><strong>Qua</strong></span> <span class='ocrx_word' id='word_1_114' title='bbox 1198 1537 1445 1610; x_wconf 85' lang='lat' dir='ltr'><strong>perlecta,</strong></span> <span class='ocrx_word' id='word_1_115' title='bbox 1477 1536 1820 1609; x_wconf 90' lang='lat' dir='ltr'><strong>respondeant</strong></span> 
     </span>
    </p>
   </div>
   <div class='ocr_carea' id='block_1_15' title="bbox 231 1627 1818 1701">
    <p class='ocr_par' dir='ltr' id='par_1_15' title="bbox 231 1627 1818 1701">
     <span class='ocr_line' id='line_1_15' title="bbox 231 1627 1818 1701; baseline 0 -19"><span class='ocrx_word' id='word_1_116' title='bbox 231 1643 433 1694; x_wconf 88' lang='lat' dir='ltr'><strong>omnes,</strong></span> <span class='ocrx_word' id='word_1_117' title='bbox 460 1627 646 1682; x_wconf 82' lang='lat' dir='ltr'><strong>Amen.</strong></span> <span class='ocrx_word' id='word_1_118' title='bbox 679 1627 750 1682; x_wconf 88' lang='lat' dir='ltr'><strong>Et</strong></span> <span class='ocrx_word' id='word_1_119' title='bbox 776 1629 1118 1701; x_wconf 82' lang='lat' dir='ltr'><strong>subsequatur</strong></span> <span class='ocrx_word' id='word_1_120' title='bbox 1163 1645 1286 1684; x_wconf 84' lang='lat' dir='ltr'><strong>mox</strong></span> <span class='ocrx_word' id='word_1_121' title='bbox 1337 1629 1498 1684; x_wconf 86' lang='lat' dir='ltr'><strong>abbas</strong></span> <span class='ocrx_word' id='word_1_122' title='bbox 1547 1629 1818 1700; x_wconf 80' lang='lat' dir='ltr'><strong>hymnum,</strong></span> 
     </span>
    </p>
   </div>
   <div class='ocr_carea' id='block_1_16' title="bbox 233 1715 1822 1790">
    <p class='ocr_par' dir='ltr' id='par_1_16' title="bbox 233 1715 1822 1790">
     <span class='ocr_line' id='line_1_16' title="bbox 233 1715 1822 1790; baseline 0.001 -20"><span class='ocrx_word' id='word_1_123' title='bbox 233 1715 306 1771; x_wconf 86' lang='lat' dir='ltr'><strong>Te</strong></span> <span class='ocrx_word' id='word_1_124' title='bbox 332 1717 473 1772; x_wconf 87' lang='lat' dir='ltr'><strong>decet</strong></span> <span class='ocrx_word' id='word_1_125' title='bbox 500 1717 640 1774; x_wconf 88' lang='lat' dir='ltr'><strong>laus.</strong></span> <span class='ocrx_word' id='word_1_126' title='bbox 670 1717 741 1772; x_wconf 84' lang='lat' dir='ltr'><strong>Et</strong></span> <span class='ocrx_word' id='word_1_127' title='bbox 770 1719 897 1773; x_wconf 89' lang='lat' dir='ltr'><strong>data</strong></span> <span class='ocrx_word' id='word_1_128' title='bbox 928 1719 1317 1786; x_wconf 86' lang='lat' dir='ltr'><strong>benedictione,</strong></span> <span class='ocrx_word' id='word_1_129' title='bbox 1340 1718 1598 1790; x_wconf 87' lang='lat' dir='ltr'><strong>incipiant</strong></span> <span class='ocrx_word' id='word_1_130' title='bbox 1636 1717 1822 1771; x_wconf 86' lang='lat' dir='ltr'><strong>Matu-</strong></span> 
     </span>
    </p>
   </div>
   <div class='ocr_carea' id='block_1_17' title="bbox 230 1798 1819 1883">
    <p class='ocr_par' dir='ltr' id='par_1_17' title="bbox 230 1798 1819 1883">
     <span class='ocr_line' id='line_1_17' title="bbox 230 1798 1819 1883; baseline 0.002 -22"><span class='ocrx_word' id='word_1_131' title='bbox 230 1807 388 1862; x_wconf 90' lang='lat' dir='ltr'><strong>tinos.</strong></span> <span class='ocrx_word' id='word_1_132' title='bbox 437 1806 585 1864; x_wconf 89' lang='lat' dir='ltr'><strong>Dicit</strong></span> <span class='ocrx_word' id='word_1_133' title='bbox 620 1809 767 1864; x_wconf 91' lang='lat' dir='ltr'><strong>enim</strong></span> <span class='ocrx_word' id='word_1_134' title='bbox 819 1809 1047 1881; x_wconf 85' lang='lat' dir='ltr'><strong>incipiat</strong></span> <span class='ocrx_word' id='word_1_135' title='bbox 1096 1809 1266 1866; x_wconf 86' lang='lat' dir='ltr'><strong>abbas</strong></span> <span class='ocrx_word' id='word_1_136' title='bbox 1308 1798 1591 1883; x_wconf 56' lang='lat' dir='ltr'><strong>bimnum,</strong></span> <span class='ocrx_word' id='word_1_137' title='bbox 1625 1807 1819 1865; x_wconf 88' lang='lat' dir='ltr'><strong>lectio-</strong></span> 
     </span>
    </p>
   </div>
   <div class='ocr_carea' id='block_1_18' title="bbox 2520 902 2884 963">
    <p class='ocr_par' dir='ltr' id='par_1_18' title="bbox 2520 902 2884 963">
     <span class='ocr_line' id='line_1_18' title="bbox 2520 902 2884 963; baseline -0.003 0"><span class='ocrx_word' id='word_1_138' title='bbox 2520 902 2748 963; x_wconf 81' lang='lat' dir='ltr'><strong>CAPUT</strong></span> <span class='ocrx_word' id='word_1_139' title='bbox 2769 904 2884 962; x_wconf 78' lang='lat' dir='ltr'><strong>XII.</strong></span> 
     </span>
    </p>
   </div>
   <div class='ocr_carea' id='block_1_19' title="bbox 2091 997 3316 1073">
    <p class='ocr_par' dir='ltr' id='par_1_19' title="bbox 2091 997 3316 1073">
     <span class='ocr_line' id='line_1_19' title="bbox 2091 997 3316 1073; baseline -0.002 -18"><span class='ocrx_word' id='word_1_140' title='bbox 2091 997 2334 1068; x_wconf 82' lang='lat' dir='ltr'><strong>Qualiter</strong></span> <span class='ocrx_word' id='word_1_141' title='bbox 2370 999 2746 1055; x_wconf 88' lang='lat' dir='ltr'><strong>matutinorum</strong></span> <span class='ocrx_word' id='word_1_142' title='bbox 2783 997 3082 1056; x_wconf 90' lang='lat' dir='ltr'><strong>solemnitas</strong></span> <span class='ocrx_word' id='word_1_143' title='bbox 3105 1007 3316 1073; x_wconf 86' lang='lat' dir='ltr'><strong>agatur.</strong></span> 
     </span>
    </p>
   </div>
   <div class='ocr_carea' id='block_1_20' title="bbox 1989 1091 3496 1165">
    <p class='ocr_par' dir='ltr' id='par_1_20' title="bbox 1989 1091 3496 1165">
     <span class='ocr_line' id='line_1_20' title="bbox 1989 1091 3496 1165; baseline -0.001 -15"><span class='ocrx_word' id='word_1_144' title='bbox 1989 1091 2316 1150; x_wconf 87' lang='lat' dir='ltr'><strong>Solemnitas</strong></span> <span class='ocrx_word' id='word_1_145' title='bbox 2361 1093 2558 1149; x_wconf 89' lang='lat' dir='ltr'><strong>dicitur</strong></span> <span class='ocrx_word' id='word_1_146' title='bbox 2600 1091 2969 1165; x_wconf 77' lang='lat' dir='ltr'><strong>religiositatis</strong></span> <span class='ocrx_word' id='word_1_147' title='bbox 3011 1091 3311 1159; x_wconf 89' lang='lat' dir='ltr'><strong>festivitas,</strong></span> <span class='ocrx_word' id='word_1_148' title='bbox 3365 1106 3496 1149; x_wconf 87' lang='lat' dir='ltr'><strong>con-</strong></span> 
     </span>
    </p>
   </div>
   <div class='ocr_carea' id='block_1_21' title="bbox 1918 1186 3490 1260">
    <p class='ocr_par' dir='ltr' id='par_1_21' title="bbox 1918 1186 3490 1260">
     <span class='ocr_line' id='line_1_21' title="bbox 1918 1186 3490 1260; baseline -0.001 -16"><span class='ocrx_word' id='word_1_149' title='bbox 1918 1197 2114 1246; x_wconf 87' lang='lat' dir='ltr'><strong>ventus</strong></span> <span class='ocrx_word' id='word_1_150' title='bbox 2141 1187 2362 1254; x_wconf 68' lang='lat' dir='ltr'><strong>lzetitiaa,</strong></span> <span class='ocrx_word' id='word_1_151' title='bbox 2387 1203 2508 1259; x_wconf 68' lang='lat' dir='ltr'><strong>quae</strong></span> <span class='ocrx_word' id='word_1_152' title='bbox 2533 1186 2651 1244; x_wconf 86' lang='lat' dir='ltr'><strong>fieri</strong></span> <span class='ocrx_word' id='word_1_153' title='bbox 2677 1203 2799 1244; x_wconf 91' lang='lat' dir='ltr'><strong>cum</strong></span> <span class='ocrx_word' id='word_1_154' title='bbox 2825 1196 3096 1244; x_wconf 89' lang='lat' dir='ltr'><strong>conventu</strong></span> <span class='ocrx_word' id='word_1_155' title='bbox 3135 1186 3490 1260; x_wconf 89' lang='lat' dir='ltr'><strong>jucunditatis</strong></span> 
     </span>
    </p>
   </div>
   <div class='ocr_carea' id='block_1_22' title="bbox 1920 1279 3497 1354">
    <p class='ocr_par' dir='ltr' id='par_1_22' title="bbox 1920 1279 3497 1354">
     <span class='ocr_line' id='line_1_22' title="bbox 1920 1279 3497 1354; baseline 0.001 -16"><span class='ocrx_word' id='word_1_156' title='bbox 1920 1282 2077 1339; x_wconf 90' lang='lat' dir='ltr'><strong>solet.</strong></span> <span class='ocrx_word' id='word_1_157' title='bbox 2125 1281 2451 1340; x_wconf 89' lang='lat' dir='ltr'><strong>Solemnitas</strong></span> <span class='ocrx_word' id='word_1_158' title='bbox 2492 1283 2638 1340; x_wconf 89' lang='lat' dir='ltr'><strong>enim</strong></span> <span class='ocrx_word' id='word_1_159' title='bbox 2689 1283 2758 1342; x_wconf 92' lang='lat' dir='ltr'><strong>ab</strong></span> <span class='ocrx_word' id='word_1_160' title='bbox 2809 1297 2874 1339; x_wconf 94' lang='lat' dir='ltr'><strong>eo</strong></span> <span class='ocrx_word' id='word_1_161' title='bbox 2923 1279 3066 1354; x_wconf 91' lang='lat' dir='ltr'><strong>quod</strong></span> <span class='ocrx_word' id='word_1_162' title='bbox 3117 1280 3257 1339; x_wconf 87' lang='lat' dir='ltr'><strong>solet</strong></span> <span class='ocrx_word' id='word_1_163' title='bbox 3297 1295 3497 1339; x_wconf 87' lang='lat' dir='ltr'><strong>nomen</strong></span> 
     </span>
    </p>
   </div>
   <div class='ocr_carea' id='block_1_23' title="bbox 1920 1377 2149 1448">
    <p class='ocr_par' dir='ltr' id='par_1_23' title="bbox 1920 1377 2149 1448">
     <span class='ocr_line' id='line_1_23' title="bbox 1920 1377 2149 1448; baseline -0.009 -16"><span class='ocrx_word' id='word_1_164' title='bbox 1920 1377 2149 1448; x_wconf 86' lang='lat' dir='ltr'><strong>accepit.</strong></span> 
     </span>
    </p>
   </div>
   <div class='ocr_carea' id='block_1_24' title="bbox 1995 1462 3499 1538">
    <p class='ocr_par' dir='ltr' id='par_1_24' title="bbox 1995 1462 3499 1538">
     <span class='ocr_line' id='line_1_24' title="bbox 1995 1462 3499 1538; baseline -0.002 -16"><span class='ocrx_word' id='word_1_165' title='bbox 1995 1467 2059 1522; x_wconf 91' lang='lat' dir='ltr'><strong>In</strong></span> <span class='ocrx_word' id='word_1_166' title='bbox 2090 1467 2366 1524; x_wconf 87' lang='lat' dir='ltr'><strong>Matutinis</strong></span> <span class='ocrx_word' id='word_1_167' title='bbox 2396 1467 2671 1523; x_wconf 77' lang='lat' dir='ltr'><strong>Dominica</strong></span> <span class='ocrx_word' id='word_1_168' title='bbox 2699 1466 2783 1522; x_wconf 90' lang='lat' dir='ltr'><strong>die</strong></span> <span class='ocrx_word' id='word_1_169' title='bbox 2814 1465 2871 1521; x_wconf 87' lang='lat' dir='ltr'><strong>in</strong></span> <span class='ocrx_word' id='word_1_170' title='bbox 2906 1465 3090 1538; x_wconf 85' lang='lat' dir='ltr'><strong>primis</strong></span> <span class='ocrx_word' id='word_1_171' title='bbox 3111 1462 3322 1519; x_wconf 85' lang='lat' dir='ltr'><strong>dicatur</strong></span> <span class='ocrx_word' id='word_1_172' title='bbox 3345 1481 3499 1519; x_wconf 82' lang='lat' dir='ltr'><strong>sexa-</strong></span> 
     </span>
    </p>
   </div>
   <div class='ocr_carea' id='block_1_25' title="bbox 1920 1553 3494 1631">
    <p class='ocr_par' dir='ltr' id='par_1_25' title="bbox 1920 1553 3494 1631">
     <span class='ocr_line' id='line_1_25' title="bbox 1920 1553 3494 1631; baseline -0.004 -19"><span class='ocrx_word' id='word_1_173' title='bbox 1920 1559 2144 1630; x_wconf 91' lang='lat' dir='ltr'><strong>gesimus</strong></span> <span class='ocrx_word' id='word_1_174' title='bbox 2165 1569 2342 1614; x_wconf 88' lang='lat' dir='ltr'><strong>sextus</strong></span> <span class='ocrx_word' id='word_1_175' title='bbox 2366 1557 2599 1631; x_wconf 87' lang='lat' dir='ltr'><strong>psalmus</strong></span> <span class='ocrx_word' id='word_1_176' title='bbox 2627 1559 2738 1614; x_wconf 85' lang='lat' dir='ltr'><strong>sine</strong></span> <span class='ocrx_word' id='word_1_177' title='bbox 2781 1557 3068 1628; x_wconf 88' lang='lat' dir='ltr'><strong>antiphona</strong></span> <span class='ocrx_word' id='word_1_178' title='bbox 3116 1555 3173 1610; x_wconf 92' lang='lat' dir='ltr'><strong>in</strong></span> <span class='ocrx_word' id='word_1_179' title='bbox 3218 1553 3494 1609; x_wconf 89' lang='lat' dir='ltr'><strong>directum.</strong></span> 
     </span>
    </p>
   </div>
   <div class='ocr_carea' id='block_1_26' title="bbox 1920 1645 3503 1723">
    <p class='ocr_par' dir='ltr' id='par_1_26' title="bbox 1920 1645 3503 1723">
     <span class='ocr_line' id='line_1_26' title="bbox 1920 1645 3503 1723; baseline -0.003 -19"><span class='ocrx_word' id='word_1_180' title='bbox 1920 1646 2050 1704; x_wconf 88' lang='lat' dir='ltr'><strong>Post</strong></span> <span class='ocrx_word' id='word_1_181' title='bbox 2074 1668 2224 1722; x_wconf 89' lang='lat' dir='ltr'><strong>quem</strong></span> <span class='ocrx_word' id='word_1_182' title='bbox 2245 1651 2455 1706; x_wconf 88' lang='lat' dir='ltr'><strong>dicatur</strong></span> <span class='ocrx_word' id='word_1_183' title='bbox 2476 1650 2934 1723; x_wconf 76' lang='lat' dir='ltr'><strong>quinquagesimus</strong></span> <span class='ocrx_word' id='word_1_184' title='bbox 2961 1666 3078 1703; x_wconf 88' lang='lat' dir='ltr'><strong>cum</strong></span> <span class='ocrx_word' id='word_1_185' title='bbox 3101 1646 3346 1702; x_wconf 82' lang='lat' dir='ltr'><strong>Alleluia.</strong></span> <span class='ocrx_word' id='word_1_186' title='bbox 3375 1645 3503 1701; x_wconf 84' lang='lat' dir='ltr'><strong>Post</strong></span> 
     </span>
    </p>
   </div>
   <div class='ocr_carea' id='block_1_27' title="bbox 1920 1741 3505 1824">
    <p class='ocr_par' dir='ltr' id='par_1_27' title="bbox 1920 1741 3505 1824">
     <span class='ocr_line' id='line_1_27' title="bbox 1920 1741 3505 1824; baseline -0.004 -27"><span class='ocrx_word' id='word_1_187' title='bbox 1920 1759 2071 1815; x_wconf 88' lang='lat' dir='ltr'><strong>quem</strong></span> <span class='ocrx_word' id='word_1_188' title='bbox 2101 1743 2312 1797; x_wconf 85' lang='lat' dir='ltr'><strong>dicatur</strong></span> <span class='ocrx_word' id='word_1_189' title='bbox 2338 1743 2646 1798; x_wconf 89' lang='lat' dir='ltr'><strong>centesimus</strong></span> <span class='ocrx_word' id='word_1_190' title='bbox 2681 1743 2928 1812; x_wconf 90' lang='lat' dir='ltr'><strong>septimus</strong></span> <span class='ocrx_word' id='word_1_191' title='bbox 2957 1741 3207 1805; x_wconf 90' lang='lat' dir='ltr'><strong>decimus,</strong></span> <span class='ocrx_word' id='word_1_192' title='bbox 3257 1748 3305 1794; x_wconf 89' lang='lat' dir='ltr'><strong>et</strong></span> <span class='ocrx_word' id='word_1_193' title='bbox 3352 1753 3505 1824; x_wconf 38' lang='lat' dir='ltr'><strong>sexa-I</strong></span> 
     </span>
    </p>
   </div>
   <div class='ocr_carea' id='block_1_28' title="bbox 1921 1829 3504 1904">
    <p class='ocr_par' dir='ltr' id='par_1_28' title="bbox 1921 1829 3504 1904">
     <span class='ocr_line' id='line_1_28' title="bbox 1921 1829 3504 1904; baseline -0.001 -16"><span class='ocrx_word' id='word_1_194' title='bbox 1921 1835 2149 1904; x_wconf 86' lang='lat' dir='ltr'><strong>gesimus</strong></span> <span class='ocrx_word' id='word_1_195' title='bbox 2179 1835 2460 1890; x_wconf 86' lang='lat' dir='ltr'><strong>secundus.</strong></span> <span class='ocrx_word' id='word_1_196' title='bbox 2493 1833 2627 1890; x_wconf 88' lang='lat' dir='ltr'><strong>Inde</strong></span> <span class='ocrx_word' id='word_1_197' title='bbox 2657 1834 3058 1899; x_wconf 88' lang='lat' dir='ltr'><strong>benedictiones,</strong></span> <span class='ocrx_word' id='word_1_198' title='bbox 3081 1842 3130 1888; x_wconf 91' lang='lat' dir='ltr'><strong>et</strong></span> <span class='ocrx_word' id='word_1_199' title='bbox 3172 1831 3388 1898; x_wconf 84' lang='lat' dir='ltr'><strong>laudes;</strong></span> <span class='ocrx_word' id='word_1_200' title='bbox 3428 1829 3504 1886; x_wconf 86' lang='lat' dir='ltr'><strong>le-</strong></span> 
     </span>
    </p>
   </div>
   <div class='ocr_carea' id='block_1_29' title="bbox 231 1901 3504 1998">
    <p class='ocr_par' dir='ltr' id='par_1_29' title="bbox 231 1901 3504 1998">
     <span class='ocr_line' id='line_1_29' title="bbox 231 1901 3504 1998; baseline 0 -23"><span class='ocrx_word' id='word_1_201' title='bbox 231 1901 764 1998; x_wconf 45' lang='lat' dir='ltr'><strong>{lemque_EVangeu_i</strong></span> <span class='ocrx_word' id='word_1_202' title='bbox 785 1901 958 1976; x_wconf 65' lang='grc' dir='ltr'><strong>1⁸8³ίὶ</strong></span> <span class='ocrx_word' id='word_1_203' title='bbox 995 1911 1197 1998; x_wconf 33' lang='lat' dir='ltr'><strong>Fame“</strong></span> <span class='ocrx_word' id='word_1_204' title='bbox 1220 1917 1329 1998; x_wconf 58' lang='lat'><strong>“9&quot;</strong></span> <span class='ocrx_word' id='word_1_205' title='bbox 1351 1904 1468 1960; x_wconf 52' lang='lat' dir='ltr'><strong>hac</strong></span> <span class='ocrx_word' id='word_1_206' title='bbox 1495 1919 1689 1998; x_wconf 46' lang='lat' dir='ltr'><strong>omne?</strong></span> <span class='ocrx_word' id='word_1_207' title='bbox 1721 1903 1820 1961; x_wconf 71' lang='lat' dir='ltr'><strong>de&quot;</strong></span> <span class='ocrx_word' id='word_1_208' title='bbox 1847 1911 1897 1975; x_wconf 83' lang='lat' dir='ltr'><strong>B</strong></span> <span class='ocrx_word' id='word_1_209' title='bbox 1923 1901 2027 1981; x_wconf 85' lang='lat' dir='ltr'><strong>ctio</strong></span> <span class='ocrx_word' id='word_1_210' title='bbox 2051 1943 2157 1980; x_wconf 88' lang='lat' dir='ltr'><strong>una</strong></span> <span class='ocrx_word' id='word_1_211' title='bbox 2185 1926 2251 1980; x_wconf 91' lang='lat' dir='ltr'><strong>de</strong></span> <span class='ocrx_word' id='word_1_212' title='bbox 2277 1925 2594 1998; x_wconf 81' lang='lat' dir='ltr'><strong>Apocalypsi</strong></span> <span class='ocrx_word' id='word_1_213' title='bbox 2623 1941 2687 1980; x_wconf 82' lang='lat' dir='ltr'><strong>ex</strong></span> <span class='ocrx_word' id='word_1_214' title='bbox 2715 1924 2890 1990; x_wconf 91' lang='lat' dir='ltr'><strong>corde,</strong></span> <span class='ocrx_word' id='word_1_215' title='bbox 2919 1933 2968 1979; x_wconf 93' lang='lat' dir='ltr'><strong>et</strong></span> <span class='ocrx_word' id='word_1_216' title='bbox 2999 1923 3428 1995; x_wconf 87' lang='lat' dir='ltr'><strong>Responsorium,</strong></span> <span class='ocrx_word' id='word_1_217' title='bbox 3456 1926 3504 1976; x_wconf 91' lang='lat' dir='ltr'><strong>et</strong></span> 
     </span>
    </p>
   </div>
   <div class='ocr_carea' id='block_1_30' title="bbox 231 1993 1822 2068">
    <p class='ocr_par' dir='ltr' id='par_1_30' title="bbox 231 1993 1822 2068">
     <span class='ocr_line' id='line_1_30' title="bbox 231 1993 1822 2068; baseline 0.002 -18"><span class='ocrx_word' id='word_1_218' title='bbox 231 1993 362 2050; x_wconf 88' lang='lat' dir='ltr'><strong>bent</strong></span> <span class='ocrx_word' id='word_1_219' title='bbox 397 1994 688 2067; x_wconf 84' lang='lat' dir='ltr'><strong>valentque</strong></span> <span class='ocrx_word' id='word_1_220' title='bbox 733 1995 914 2053; x_wconf 90' lang='lat' dir='ltr'><strong>facere</strong></span> <span class='ocrx_word' id='word_1_221' title='bbox 959 1997 1203 2054; x_wconf 87' lang='lat' dir='ltr'><strong>abbates.</strong></span> <span class='ocrx_word' id='word_1_222' title='bbox 1245 1997 1386 2054; x_wconf 88' lang='lat' dir='ltr'><strong>Sunt</strong></span> <span class='ocrx_word' id='word_1_223' title='bbox 1413 1998 1562 2052; x_wconf 90' lang='lat' dir='ltr'><strong>enim</strong></span> <span class='ocrx_word' id='word_1_224' title='bbox 1605 1997 1698 2068; x_wconf 91' lang='lat' dir='ltr'><strong>qui</strong></span> <span class='ocrx_word' id='word_1_225' title='bbox 1725 2004 1822 2053; x_wconf 87' lang='lat' dir='ltr'><strong>aut</strong></span> 
     </span>
    </p>
   </div>
   <div class='ocr_carea' id='block_1_31' title="bbox 232 2079 1824 2161">
    <p class='ocr_par' dir='ltr' id='par_1_31' title="bbox 232 2079 1824 2161">
     <span class='ocr_line' id='line_1_31' title="bbox 232 2079 1824 2161; baseline 0.001 -18"><span class='ocrx_word' id='word_1_226' title='bbox 232 2087 560 2158; x_wconf 89' lang='lat' dir='ltr'><strong>impediente</strong></span> <span class='ocrx_word' id='word_1_227' title='bbox 605 2088 763 2159; x_wconf 91' lang='lat' dir='ltr'><strong>culpa</strong></span> <span class='ocrx_word' id='word_1_228' title='bbox 827 2105 938 2144; x_wconf 90' lang='lat' dir='ltr'><strong>non</strong></span> <span class='ocrx_word' id='word_1_229' title='bbox 987 2089 1205 2156; x_wconf 89' lang='lat' dir='ltr'><strong>debent,</strong></span> <span class='ocrx_word' id='word_1_230' title='bbox 1237 2079 1333 2144; x_wconf 77' lang='lat' dir='ltr'><strong>aut</strong></span> <span class='ocrx_word' id='word_1_231' title='bbox 1388 2088 1824 2161; x_wconf 83' lang='lat' dir='ltr'><strong>impossibilitate</strong></span> 
     </span>
    </p>
   </div>
   <div class='ocr_carea' id='block_1_32' title="bbox 233 2180 1824 2253">
    <p class='ocr_par' dir='ltr' id='par_1_32' title="bbox 233 2180 1824 2253">
     <span class='ocr_line' id='line_1_32' title="bbox 233 2180 1824 2253; baseline 0.002 -18"><span class='ocrx_word' id='word_1_232' title='bbox 233 2191 459 2252; x_wconf 82' lang='lat' dir='ltr'><strong>cogente</strong></span> <span class='ocrx_word' id='word_1_233' title='bbox 487 2195 597 2236; x_wconf 92' lang='lat' dir='ltr'><strong>non</strong></span> <span class='ocrx_word' id='word_1_234' title='bbox 625 2181 827 2236; x_wconf 90' lang='lat' dir='ltr'><strong>valent.</strong></span> <span class='ocrx_word' id='word_1_235' title='bbox 851 2180 1021 2253; x_wconf 80' lang='lat' dir='ltr'><strong>Igitur</strong></span> <span class='ocrx_word' id='word_1_236' title='bbox 1059 2189 1187 2237; x_wconf 90' lang='lat' dir='ltr'><strong>sunt</strong></span> <span class='ocrx_word' id='word_1_237' title='bbox 1221 2182 1450 2237; x_wconf 88' lang='lat' dir='ltr'><strong>abbates</strong></span> <span class='ocrx_word' id='word_1_238' title='bbox 1488 2181 1581 2251; x_wconf 88' lang='lat' dir='ltr'><strong>qui</strong></span> <span class='ocrx_word' id='word_1_239' title='bbox 1606 2195 1709 2237; x_wconf 89' lang='lat' dir='ltr'><strong>nec</strong></span> <span class='ocrx_word' id='word_1_240' title='bbox 1733 2196 1824 2238; x_wconf 85' lang='lat' dir='ltr'><strong>sa-</strong></span> 
     </span>
    </p>
   </div>
   <div class='ocr_carea' id='block_1_33' title="bbox 231 2273 1817 2344">
    <p class='ocr_par' dir='ltr' id='par_1_33' title="bbox 231 2273 1817 2344">
     <span class='ocr_line' id='line_1_33' title="bbox 231 2273 1817 2344; baseline 0.001 -16"><span class='ocrx_word' id='word_1_241' title='bbox 231 2273 490 2340; x_wconf 88' lang='lat' dir='ltr'><strong>cerdotis,</strong></span> <span class='ocrx_word' id='word_1_242' title='bbox 519 2287 621 2330; x_wconf 89' lang='lat' dir='ltr'><strong>nec</strong></span> <span class='ocrx_word' id='word_1_243' title='bbox 649 2273 826 2329; x_wconf 75' lang='lat' dir='ltr'><strong>levitae</strong></span> <span class='ocrx_word' id='word_1_244' title='bbox 875 2273 1176 2344; x_wconf 89' lang='lat' dir='ltr'><strong>funguntur</strong></span> <span class='ocrx_word' id='word_1_245' title='bbox 1210 2273 1547 2340; x_wconf 89' lang='lat' dir='ltr'><strong>ministerio,</strong></span> <span class='ocrx_word' id='word_1_246' title='bbox 1592 2282 1650 2330; x_wconf 91' lang='lat' dir='ltr'><strong>et</strong></span> <span class='ocrx_word' id='word_1_247' title='bbox 1691 2273 1817 2330; x_wconf 90' lang='lat' dir='ltr'><strong>ideo</strong></span> 
     </span>
    </p>
   </div>
   <div class='ocr_carea' id='block_1_34' title="bbox 230 2353 1819 2438">
    <p class='ocr_par' dir='ltr' id='par_1_34' title="bbox 230 2353 1819 2438">
     <span class='ocr_line' id='line_1_34' title="bbox 230 2353 1819 2438; baseline 0.001 -18"><span class='ocrx_word' id='word_1_248' title='bbox 230 2377 334 2421; x_wconf 87' lang='lat' dir='ltr'><strong>nec</strong></span> <span class='ocrx_word' id='word_1_249' title='bbox 351 2376 765 2422; x_wconf 88' lang='lat' dir='ltr'><strong>sacrosanctum</strong></span> <span class='ocrx_word' id='word_1_250' title='bbox 802 2366 984 2438; x_wconf 77' lang='lat' dir='ltr'><strong>legere</strong></span> <span class='ocrx_word' id='word_1_251' title='bbox 1011 2373 1242 2437; x_wconf 89' lang='lat' dir='ltr'><strong>possunt</strong></span> <span class='ocrx_word' id='word_1_252' title='bbox 1275 2353 1651 2437; x_wconf 67' lang='lat' dir='ltr'><strong>Evangellum.</strong></span> <span class='ocrx_word' id='word_1_253' title='bbox 1682 2364 1819 2421; x_wconf 79' lang='lat' dir='ltr'><strong>Can-</strong></span> 
     </span>
    </p>
   </div>
   <div class='ocr_carea' id='block_1_35' title="bbox 231 2457 1823 2532">
    <p class='ocr_par' dir='ltr' id='par_1_35' title="bbox 231 2457 1823 2532">
     <span class='ocr_line' id='line_1_35' title="bbox 231 2457 1823 2532; baseline -0.002 -16"><span class='ocrx_word' id='word_1_254' title='bbox 231 2461 367 2516; x_wconf 86' lang='lat' dir='ltr'><strong>toris</strong></span> <span class='ocrx_word' id='word_1_255' title='bbox 392 2474 500 2515; x_wconf 89' lang='lat' dir='ltr'><strong>non</strong></span> <span class='ocrx_word' id='word_1_256' title='bbox 529 2468 743 2532; x_wconf 88' lang='lat' dir='ltr'><strong>gestant</strong></span> <span class='ocrx_word' id='word_1_257' title='bbox 784 2458 1039 2527; x_wconf 87' lang='lat' dir='ltr'><strong>officium,</strong></span> <span class='ocrx_word' id='word_1_258' title='bbox 1061 2467 1117 2516; x_wconf 92' lang='lat' dir='ltr'><strong>et</strong></span> <span class='ocrx_word' id='word_1_259' title='bbox 1143 2459 1265 2516; x_wconf 91' lang='lat' dir='ltr'><strong>ideo</strong></span> <span class='ocrx_word' id='word_1_260' title='bbox 1293 2474 1404 2515; x_wconf 91' lang='lat' dir='ltr'><strong>non</strong></span> <span class='ocrx_word' id='word_1_261' title='bbox 1426 2465 1658 2531; x_wconf 90' lang='lat' dir='ltr'><strong>possunt</strong></span> <span class='ocrx_word' id='word_1_262' title='bbox 1687 2457 1823 2513; x_wconf 83' lang='lat' dir='ltr'><strong>Am-</strong></span> 
     </span>
    </p>
   </div>
   <div class='ocr_carea' id='block_1_36' title="bbox 232 2549 1824 2624">
    <p class='ocr_par' dir='ltr' id='par_1_36' title="bbox 232 2549 1824 2624">
     <span class='ocr_line' id='line_1_36' title="bbox 232 2549 1824 2624; baseline 0 -18"><span class='ocrx_word' id='word_1_263' title='bbox 232 2549 552 2609; x_wconf 89' lang='lat' dir='ltr'><strong>brosianum</strong></span> <span class='ocrx_word' id='word_1_264' title='bbox 603 2553 912 2609; x_wconf 91' lang='lat' dir='ltr'><strong>altiboando</strong></span> <span class='ocrx_word' id='word_1_265' title='bbox 966 2552 1205 2623; x_wconf 87' lang='lat' dir='ltr'><strong>incipere</strong></span> <span class='ocrx_word' id='word_1_266' title='bbox 1257 2552 1538 2624; x_wconf 89' lang='lat' dir='ltr'><strong>hymnum.</strong></span> <span class='ocrx_word' id='word_1_267' title='bbox 1590 2549 1824 2621; x_wconf 86' lang='lat' dir='ltr'><strong>Gregem</strong></span> 
     </span>
    </p>
   </div>
   <div class='ocr_carea' id='block_1_37' title="bbox 231 2641 1823 2715">
    <p class='ocr_par' dir='ltr' id='par_1_37' title="bbox 231 2641 1823 2715">
     <span class='ocr_line' id='line_1_37' title="bbox 231 2641 1823 2715; baseline 0 -17"><span class='ocrx_word' id='word_1_268' title='bbox 231 2649 417 2699; x_wconf 90' lang='lat' dir='ltr'><strong>tamen</strong></span> <span class='ocrx_word' id='word_1_269' title='bbox 451 2659 576 2700; x_wconf 90' lang='lat' dir='ltr'><strong>cum</strong></span> <span class='ocrx_word' id='word_1_270' title='bbox 630 2659 868 2715; x_wconf 90' lang='lat' dir='ltr'><strong>superno</strong></span> <span class='ocrx_word' id='word_1_271' title='bbox 914 2641 1194 2712; x_wconf 89' lang='lat' dir='ltr'><strong>juvamine</strong></span> <span class='ocrx_word' id='word_1_272' title='bbox 1239 2651 1468 2714; x_wconf 90' lang='lat' dir='ltr'><strong>possunt</strong></span> <span class='ocrx_word' id='word_1_273' title='bbox 1517 2643 1823 2714; x_wconf 79' lang='lat' dir='ltr'><strong>gubernare</strong></span> 
     </span>
    </p>
   </div>
   <div class='ocr_carea' id='block_1_38' title="bbox 230 2733 1822 2807">
    <p class='ocr_par' dir='ltr' id='par_1_38' title="bbox 230 2733 1822 2807">
     <span class='ocr_line' id='line_1_38' title="bbox 230 2733 1822 2807; baseline -0.002 -15"><span class='ocrx_word' id='word_1_274' title='bbox 230 2734 336 2792; x_wconf 86' lang='lat' dir='ltr'><strong>sibi</strong></span> <span class='ocrx_word' id='word_1_275' title='bbox 365 2734 739 2803; x_wconf 89' lang='lat' dir='ltr'><strong>commissum,</strong></span> <span class='ocrx_word' id='word_1_276' title='bbox 763 2743 820 2791; x_wconf 93' lang='lat' dir='ltr'><strong>et</strong></span> <span class='ocrx_word' id='word_1_277' title='bbox 851 2742 1144 2806; x_wconf 87' lang='lat' dir='ltr'><strong>prapterea</strong></span> <span class='ocrx_word' id='word_1_278' title='bbox 1182 2733 1457 2807; x_wconf 88' lang='lat' dir='ltr'><strong>eligantur</strong></span> <span class='ocrx_word' id='word_1_279' title='bbox 1491 2734 1562 2789; x_wconf 92' lang='lat' dir='ltr'><strong>ad</strong></span> <span class='ocrx_word' id='word_1_280' title='bbox 1609 2733 1822 2789; x_wconf 89' lang='lat' dir='ltr'><strong>abbatis</strong></span> 
     </span>
    </p>
   </div>
   <div class='ocr_carea' id='block_1_39' title="bbox 231 2827 1821 2900">
    <p class='ocr_par' dir='ltr' id='par_1_39' title="bbox 231 2827 1821 2900">
     <span class='ocr_line' id='line_1_39' title="bbox 231 2827 1821 2900; baseline -0.001 -15"><span class='ocrx_word' id='word_1_281' title='bbox 231 2827 597 2885; x_wconf 87' lang='lat' dir='ltr'><strong>ministerium</strong></span> <span class='ocrx_word' id='word_1_282' title='bbox 632 2828 1022 2900; x_wconf 89' lang='lat' dir='ltr'><strong>peragendum.</strong></span> <span class='ocrx_word' id='word_1_283' title='bbox 1077 2827 1335 2884; x_wconf 85' lang='lat' dir='ltr'><strong>Attamen</strong></span> <span class='ocrx_word' id='word_1_284' title='bbox 1380 2828 1427 2884; x_wconf 92' lang='lat' dir='ltr'><strong>si</strong></span> <span class='ocrx_word' id='word_1_285' title='bbox 1475 2828 1652 2898; x_wconf 88' lang='lat' dir='ltr'><strong>ipsum</strong></span> <span class='ocrx_word' id='word_1_286' title='bbox 1681 2841 1821 2899; x_wconf 87' lang='lat' dir='ltr'><strong>opus</strong></span> 
     </span>
    </p>
   </div>
   <div class='ocr_carea' id='block_1_40' title="bbox 230 2918 1822 2991">
    <p class='ocr_par' dir='ltr' id='par_1_40' title="bbox 230 2918 1822 2991">
     <span class='ocr_line' id='line_1_40' title="bbox 230 2918 1822 2991; baseline 0.001 -16"><span class='ocrx_word' id='word_1_287' title='bbox 230 2919 367 2975; x_wconf 92' lang='lat' dir='ltr'><strong>bene</strong></span> <span class='ocrx_word' id='word_1_288' title='bbox 392 2918 575 2976; x_wconf 89' lang='lat' dir='ltr'><strong>facere</strong></span> <span class='ocrx_word' id='word_1_289' title='bbox 610 2921 772 2978; x_wconf 83' lang='lat' dir='ltr'><strong>debet</strong></span> <span class='ocrx_word' id='word_1_290' title='bbox 816 2929 911 2975; x_wconf 90' lang='lat' dir='ltr'><strong>aut</strong></span> <span class='ocrx_word' id='word_1_291' title='bbox 963 2919 1242 2991; x_wconf 66' lang='lat' dir='ltr'><strong>praevalet,</strong></span> <span class='ocrx_word' id='word_1_292' title='bbox 1271 2920 1438 2977; x_wconf 89' lang='lat' dir='ltr'><strong>abbas</strong></span> <span class='ocrx_word' id='word_1_293' title='bbox 1486 2920 1672 2976; x_wconf 84' lang='lat' dir='ltr'><strong>faciat.</strong></span> <span class='ocrx_word' id='word_1_294' title='bbox 1723 2919 1822 2976; x_wconf 88' lang='lat' dir='ltr'><strong>Sin</strong></span> 
     </span>
    </p>
   </div>
   <div class='ocr_carea' id='block_1_41' title="bbox 233 3009 1817 3085">
    <p class='ocr_par' dir='ltr' id='par_1_41' title="bbox 233 3009 1817 3085">
     <span class='ocr_line' id='line_1_41' title="bbox 233 3009 1817 3085; baseline 0.005 -20"><span class='ocrx_word' id='word_1_295' title='bbox 233 3017 412 3066; x_wconf 90' lang='lat' dir='ltr'><strong>autem</strong></span> <span class='ocrx_word' id='word_1_296' title='bbox 434 3025 542 3066; x_wconf 92' lang='lat' dir='ltr'><strong>non</strong></span> <span class='ocrx_word' id='word_1_297' title='bbox 566 3009 741 3079; x_wconf 89' lang='lat' dir='ltr'><strong>valet,</strong></span> <span class='ocrx_word' id='word_1_298' title='bbox 773 3010 1042 3067; x_wconf 86' lang='lat' dir='ltr'><strong>valentem</strong></span> <span class='ocrx_word' id='word_1_299' title='bbox 1070 3011 1252 3069; x_wconf 90' lang='lat' dir='ltr'><strong>facere</strong></span> <span class='ocrx_word' id='word_1_300' title='bbox 1292 3015 1595 3085; x_wconf 88' lang='lat' dir='ltr'><strong>permittat,</strong></span> <span class='ocrx_word' id='word_1_301' title='bbox 1621 3031 1817 3072; x_wconf 88' lang='lat' dir='ltr'><strong>secun-</strong></span> 
     </span>
    </p>
   </div>
   <div class='ocr_carea' id='block_1_42' title="bbox 233 3099 1815 3177">
    <p class='ocr_par' dir='ltr' id='par_1_42' title="bbox 233 3099 1815 3177">
     <span class='ocr_line' id='line_1_42' title="bbox 233 3099 1815 3177; baseline 0.006 -23"><span class='ocrx_word' id='word_1_302' title='bbox 233 3099 360 3154; x_wconf 90' lang='lat' dir='ltr'><strong>dum</strong></span> <span class='ocrx_word' id='word_1_303' title='bbox 389 3100 537 3171; x_wconf 85' lang='lat' dir='ltr'><strong>quod</strong></span> <span class='ocrx_word' id='word_1_304' title='bbox 565 3101 712 3164; x_wconf 85' lang='lat' dir='ltr'><strong>idem</strong></span> <span class='ocrx_word' id='word_1_305' title='bbox 741 3102 934 3158; x_wconf 88' lang='lat' dir='ltr'><strong>beatus</strong></span> <span class='ocrx_word' id='word_1_306' title='bbox 964 3102 1288 3160; x_wconf 88' lang='lat' dir='ltr'><strong>Benedictus</strong></span> <span class='ocrx_word' id='word_1_307' title='bbox 1309 3103 1416 3159; x_wconf 91' lang='lat' dir='ltr'><strong>alio</strong></span> <span class='ocrx_word' id='word_1_308' title='bbox 1453 3104 1573 3162; x_wconf 91' lang='lat' dir='ltr'><strong>loco</strong></span> <span class='ocrx_word' id='word_1_309' title='bbox 1603 3121 1815 3177; x_wconf 59' lang='lat' dir='ltr'><strong>prace-</strong></span> 
     </span>
    </p>
   </div>
   <div class='ocr_carea' id='block_1_43' title="bbox 232 3182 1813 3270">
    <p class='ocr_par' dir='ltr' id='par_1_43' title="bbox 232 3182 1813 3270">
     <span class='ocr_line' id='line_1_43' title="bbox 232 3182 1813 3270; baseline 0.004 -22"><span class='ocrx_word' id='word_1_310' title='bbox 232 3193 313 3266; x_wconf 90' lang='lat' dir='ltr'><strong>pit</strong></span> <span class='ocrx_word' id='word_1_311' title='bbox 333 3193 520 3251; x_wconf 90' lang='lat' dir='ltr'><strong>dicens</strong></span> <span class='ocrx_word' id='word_1_312' title='bbox 546 3212 559 3249; x_wconf 92' lang='lat'><strong>:</strong></span> <span class='ocrx_word' id='word_1_313' title='bbox 588 3182 821 3252; x_wconf 65' lang='lat' dir='ltr'><strong>Cﬂitare</strong></span> <span class='ocrx_word' id='word_1_314' title='bbox 839 3204 1022 3252; x_wconf 91' lang='lat' dir='ltr'><strong>autem</strong></span> <span class='ocrx_word' id='word_1_315' title='bbox 1058 3204 1115 3252; x_wconf 90' lang='lat' dir='ltr'><strong>et</strong></span> <span class='ocrx_word' id='word_1_316' title='bbox 1141 3211 1330 3269; x_wconf 88' lang='lat' dir='ltr'><strong>regere</strong></span> <span class='ocrx_word' id='word_1_317' title='bbox 1359 3213 1468 3253; x_wconf 91' lang='lat' dir='ltr'><strong>non</strong></span> <span class='ocrx_word' id='word_1_318' title='bbox 1500 3207 1813 3270; x_wconf 74' lang='lat' dir='ltr'><strong>prazsumat,</strong></span> 
     </span>
    </p>
   </div>
   <div class='ocr_carea' id='block_1_44' title="bbox 232 3281 1822 3386">
    <p class='ocr_par' dir='ltr' id='par_1_44' title="bbox 232 3283 1815 3358">
     <span class='ocr_line' id='line_1_44' title="bbox 232 3283 1815 3358; baseline 0.003 -18"><span class='ocrx_word' id='word_1_319' title='bbox 232 3283 338 3340; x_wconf 88' lang='lat' dir='ltr'><strong>nisi</strong></span> <span class='ocrx_word' id='word_1_320' title='bbox 378 3286 472 3357; x_wconf 90' lang='lat' dir='ltr'><strong>qui</strong></span> <span class='ocrx_word' id='word_1_321' title='bbox 498 3293 678 3357; x_wconf 88' lang='lat' dir='ltr'><strong>potest</strong></span> <span class='ocrx_word' id='word_1_322' title='bbox 702 3287 883 3357; x_wconf 91' lang='lat' dir='ltr'><strong>ipsum</strong></span> <span class='ocrx_word' id='word_1_323' title='bbox 911 3284 1147 3343; x_wconf 75' lang='lat' dir='ltr'><strong>officium</strong></span> <span class='ocrx_word' id='word_1_324' title='bbox 1175 3287 1432 3358; x_wconf 89' lang='lat' dir='ltr'><strong>implere,</strong></span> <span class='ocrx_word' id='word_1_325' title='bbox 1461 3297 1521 3342; x_wconf 90' lang='lat' dir='ltr'><strong>ut</strong></span> <span class='ocrx_word' id='word_1_326' title='bbox 1549 3288 1815 3344; x_wconf 80' lang='lat' dir='ltr'><strong>aedificen-</strong></span> 
     </span>
    </p>
   </div>
   <div class='ocr_carea' id='block_1_45' title="bbox 1930 3281 2405 3386">
    <p class='ocr_par' dir='ltr' id='par_1_45' title="bbox 1930 3313 2405 3386">
     <span class='ocr_line' id='line_1_45' title="bbox 1930 3313 2405 3386; baseline 0.002 -18"><span class='ocrx_word' id='word_1_327' title='bbox 1930 3313 2139 3386; x_wconf 81' lang='lat' dir='ltr'><strong>liphona</strong></span> <span class='ocrx_word' id='word_1_328' title='bbox 2179 3314 2405 3369; x_wconf 87' lang='lat' dir='ltr'><strong>dicatur.</strong></span> 
     </span>
    </p>
   </div>
   <div class='ocr_carea' id='block_1_46' title="bbox 233 3377 1822 3453">
    <p class='ocr_par' dir='ltr' id='par_1_46' title="bbox 233 3377 1822 3453">
     <span class='ocr_line' id='line_1_46' title="bbox 233 3377 1822 3453; baseline 0.004 -22"><span class='ocrx_word' id='word_1_329' title='bbox 233 3383 324 3432; x_wconf 91' lang='lat' dir='ltr'><strong>tur</strong></span> <span class='ocrx_word' id='word_1_330' title='bbox 349 3377 647 3434; x_wconf 86' lang='lat' dir='ltr'><strong>audientes.</strong></span> <span class='ocrx_word' id='word_1_331' title='bbox 687 3377 842 3446; x_wconf 87' lang='lat' dir='ltr'><strong>Quod</strong></span> <span class='ocrx_word' id='word_1_332' title='bbox 876 3389 1060 3436; x_wconf 91' lang='lat' dir='ltr'><strong>autem</strong></span> <span class='ocrx_word' id='word_1_333' title='bbox 1095 3379 1248 3446; x_wconf 87' lang='lat' dir='ltr'><strong>dicit,</strong></span> <span class='ocrx_word' id='word_1_334' title='bbox 1273 3379 1516 3452; x_wconf 87' lang='lat' dir='ltr'><strong>perfecta</strong></span> <span class='ocrx_word' id='word_1_335' title='bbox 1545 3380 1822 3453; x_wconf 86' lang='lat' dir='ltr'><strong>Evangelii</strong></span> 
     </span>
    </p>
   </div>
   <div class='ocr_carea' id='block_1_47' title="bbox 232 3468 1824 3542">
    <p class='ocr_par' dir='ltr' id='par_1_47' title="bbox 232 3468 1824 3542">
     <span class='ocr_line' id='line_1_47' title="bbox 232 3468 1824 3542; baseline 0 -16"><span class='ocrx_word' id='word_1_336' title='bbox 232 3468 489 3537; x_wconf 87' lang='lat' dir='ltr'><strong>lectione,</strong></span> <span class='ocrx_word' id='word_1_337' title='bbox 529 3469 897 3542; x_wconf 89' lang='lat' dir='ltr'><strong>respondeant</strong></span> <span class='ocrx_word' id='word_1_338' title='bbox 930 3483 1142 3537; x_wconf 92' lang='lat' dir='ltr'><strong>omnes,</strong></span> <span class='ocrx_word' id='word_1_339' title='bbox 1164 3470 1370 3538; x_wconf 85' lang='lat' dir='ltr'><strong>Amen;</strong></span> <span class='ocrx_word' id='word_1_340' title='bbox 1423 3469 1722 3541; x_wconf 85' lang='lat' dir='ltr'><strong>incongrue</strong></span> <span class='ocrx_word' id='word_1_341' title='bbox 1742 3471 1824 3526; x_wconf 89' lang='lat' dir='ltr'><strong>di-</strong></span> 
     </span>
    </p>
   </div>
   <div class='ocr_carea' id='block_1_48' title="bbox 233 3561 1823 3636">
    <p class='ocr_par' dir='ltr' id='par_1_48' title="bbox 233 3561 1823 3636">
     <span class='ocr_line' id='line_1_48' title="bbox 233 3561 1823 3636; baseline 0.001 -16"><span class='ocrx_word' id='word_1_342' title='bbox 233 3570 379 3621; x_wconf 89' lang='lat' dir='ltr'><strong>ctum</strong></span> <span class='ocrx_word' id='word_1_343' title='bbox 403 3578 436 3618; x_wconf 93' lang='lat' dir='ltr'><strong>a</strong></span> <span class='ocrx_word' id='word_1_344' title='bbox 467 3563 743 3636; x_wconf 86' lang='lat' dir='ltr'><strong>plerisque</strong></span> <span class='ocrx_word' id='word_1_345' title='bbox 769 3563 979 3619; x_wconf 90' lang='lat' dir='ltr'><strong>videtur</strong></span> <span class='ocrx_word' id='word_1_346' title='bbox 1002 3572 1060 3619; x_wconf 91' lang='lat' dir='ltr'><strong>et</strong></span> <span class='ocrx_word' id='word_1_347' title='bbox 1086 3562 1310 3619; x_wconf 88' lang='lat' dir='ltr'><strong>factum.</strong></span> <span class='ocrx_word' id='word_1_348' title='bbox 1353 3561 1497 3620; x_wconf 87' lang='lat' dir='ltr'><strong>Dicit</strong></span> <span class='ocrx_word' id='word_1_349' title='bbox 1531 3564 1678 3620; x_wconf 91' lang='lat' dir='ltr'><strong>enim</strong></span> <span class='ocrx_word' id='word_1_350' title='bbox 1711 3579 1823 3622; x_wconf 93' lang='lat' dir='ltr'><strong>non</strong></span> 
     </span>
    </p>
   </div>
   <div class='ocr_carea' id='block_1_49' title="bbox 236 3651 1822 3726">
    <p class='ocr_par' dir='ltr' id='par_1_49' title="bbox 236 3651 1822 3726">
     <span class='ocr_line' id='line_1_49' title="bbox 236 3651 1822 3726; baseline 0.001 -17"><span class='ocrx_word' id='word_1_351' title='bbox 236 3651 293 3709; x_wconf 90' lang='lat' dir='ltr'><strong>in</strong></span> <span class='ocrx_word' id='word_1_352' title='bbox 335 3653 585 3710; x_wconf 90' lang='lat' dir='ltr'><strong>omnibus</strong></span> <span class='ocrx_word' id='word_1_353' title='bbox 630 3654 910 3724; x_wconf 85' lang='lat' dir='ltr'><strong>Evangelii</strong></span> <span class='ocrx_word' id='word_1_354' title='bbox 949 3653 1150 3711; x_wconf 83' lang='lat' dir='ltr'><strong>finibus</strong></span> <span class='ocrx_word' id='word_1_355' title='bbox 1197 3655 1455 3711; x_wconf 81' lang='lat' dir='ltr'><strong>convenit</strong></span> <span class='ocrx_word' id='word_1_356' title='bbox 1492 3656 1822 3726; x_wconf 89' lang='lat' dir='ltr'><strong>respondere</strong></span> 
     </span>
    </p>
   </div>
   <div class='ocr_carea' id='block_1_50' title="bbox 233 3742 1823 3821">
    <p class='ocr_par' dir='ltr' id='par_1_50' title="bbox 233 3742 1823 3821">
     <span class='ocr_line' id='line_1_50' title="bbox 233 3742 1823 3821; baseline -0.002 -19"><span class='ocrx_word' id='word_1_357' title='bbox 233 3742 435 3812; x_wconf 75' lang='lat' dir='ltr'><strong>Amen;</strong></span> <span class='ocrx_word' id='word_1_358' title='bbox 467 3751 526 3800; x_wconf 88' lang='lat' dir='ltr'><strong>et</strong></span> <span class='ocrx_word' id='word_1_359' title='bbox 551 3743 674 3800; x_wconf 88' lang='lat' dir='ltr'><strong>ideo</strong></span> <span class='ocrx_word' id='word_1_360' title='bbox 719 3742 1052 3814; x_wconf 83' lang='lat' dir='ltr'><strong>superfluum</strong></span> <span class='ocrx_word' id='word_1_361' title='bbox 1081 3744 1298 3821; x_wconf 84' lang='lat' dir='ltr'><strong>videtur</strong></span> <span class='ocrx_word' id='word_1_362' title='bbox 1332 3759 1454 3802; x_wconf 90' lang='lat' dir='ltr'><strong>esse</strong></span> <span class='ocrx_word' id='word_1_363' title='bbox 1488 3746 1823 3817; x_wconf 89' lang='lat' dir='ltr'><strong>descriptum</strong></span> 
     </span>
    </p>
   </div>
   <div class='ocr_carea' id='block_1_51' title="bbox 233 3838 1822 3912">
    <p class='ocr_par' dir='ltr' id='par_1_51' title="bbox 233 3838 1822 3912">
     <span class='ocr_line' id='line_1_51' title="bbox 233 3838 1822 3912; baseline -0.001 -16"><span class='ocrx_word' id='word_1_364' title='bbox 233 3847 399 3910; x_wconf 87' lang='lat' dir='ltr'><strong>atque</strong></span> <span class='ocrx_word' id='word_1_365' title='bbox 434 3838 730 3912; x_wconf 90' lang='lat' dir='ltr'><strong>prolatum.</strong></span> <span class='ocrx_word' id='word_1_366' title='bbox 763 3838 973 3906; x_wconf 81' lang='lat' dir='ltr'><strong>Quibus</strong></span> <span class='ocrx_word' id='word_1_367' title='bbox 1026 3839 1462 3910; x_wconf 89' lang='lat' dir='ltr'><strong>respondendum</strong></span> <span class='ocrx_word' id='word_1_368' title='bbox 1510 3849 1616 3896; x_wconf 89' lang='lat' dir='ltr'><strong>est.</strong></span> <span class='ocrx_word' id='word_1_369' title='bbox 1645 3838 1822 3896; x_wconf 79' lang='lat' dir='ltr'><strong>Amen</strong></span> 
     </span>
    </p>
   </div>
   <div class='ocr_carea' id='block_1_52' title="bbox 233 3934 1822 4010">
    <p class='ocr_par' dir='ltr' id='par_1_52' title="bbox 233 3934 1822 4010">
     <span class='ocr_line' id='line_1_52' title="bbox 233 3934 1822 4010; baseline -0.001 -17"><span class='ocrx_word' id='word_1_370' title='bbox 233 3935 382 3993; x_wconf 90' lang='lat' dir='ltr'><strong>enim</strong></span> <span class='ocrx_word' id='word_1_371' title='bbox 409 3938 551 4008; x_wconf 90' lang='lat' dir='ltr'><strong>apud</strong></span> <span class='ocrx_word' id='word_1_372' title='bbox 567 3934 789 3992; x_wconf 91' lang='lat' dir='ltr'><strong>Latinos</strong></span> <span class='ocrx_word' id='word_1_373' title='bbox 808 3936 943 3992; x_wconf 90' lang='lat' dir='ltr'><strong>duas</strong></span> <span class='ocrx_word' id='word_1_374' title='bbox 961 3934 1126 3991; x_wconf 90' lang='lat' dir='ltr'><strong>habet</strong></span> <span class='ocrx_word' id='word_1_375' title='bbox 1155 3936 1584 4010; x_wconf 85' lang='lat' dir='ltr'><strong>signiﬁcationes</strong></span> <span class='ocrx_word' id='word_1_376' title='bbox 1610 3951 1626 3992; x_wconf 88' lang='lat'><strong>:</strong></span> <span class='ocrx_word' id='word_1_377' title='bbox 1657 3951 1822 3992; x_wconf 91' lang='lat' dir='ltr'><strong>unam</strong></span> 
     </span>
    </p>
   </div>
   <div class='ocr_carea' id='block_1_53' title="bbox 221 4027 1821 4100">
    <p class='ocr_par' dir='ltr' id='par_1_53' title="bbox 221 4027 1821 4100">
     <span class='ocr_line' id='line_1_53' title="bbox 221 4027 1821 4100; baseline 0 -15"><span class='ocrx_word' id='word_1_378' title='bbox 221 4027 465 4095; x_wconf 69' lang='lat' dir='ltr'><strong>arantis,</strong></span> <span class='ocrx_word' id='word_1_379' title='bbox 487 4028 575 4084; x_wconf 91' lang='lat' dir='ltr'><strong>vel</strong></span> <span class='ocrx_word' id='word_1_380' title='bbox 602 4028 860 4100; x_wconf 89' lang='lat' dir='ltr'><strong>optantis,</strong></span> <span class='ocrx_word' id='word_1_381' title='bbox 884 4029 1102 4098; x_wconf 88' lang='lat' dir='ltr'><strong>quando</strong></span> <span class='ocrx_word' id='word_1_382' title='bbox 1126 4029 1349 4100; x_wconf 90' lang='lat' dir='ltr'><strong>ponitur</strong></span> <span class='ocrx_word' id='word_1_383' title='bbox 1367 4044 1467 4100; x_wconf 90' lang='lat' dir='ltr'><strong>pro</strong></span> <span class='ocrx_word' id='word_1_384' title='bbox 1489 4029 1602 4096; x_wconf 85' lang='lat' dir='ltr'><strong>fiat,</strong></span> <span class='ocrx_word' id='word_1_385' title='bbox 1624 4038 1684 4084; x_wconf 92' lang='lat' dir='ltr'><strong>ut</strong></span> <span class='ocrx_word' id='word_1_386' title='bbox 1712 4037 1821 4095; x_wconf 88' lang='lat' dir='ltr'><strong>est,</strong></span> 
     </span>
    </p>
   </div>
   <div class='ocr_carea' id='block_1_54' title="bbox 232 4122 1819 4197">
    <p class='ocr_par' dir='ltr' id='par_1_54' title="bbox 232 4122 1819 4197">
     <span class='ocr_line' id='line_1_54' title="bbox 232 4122 1819 4197; baseline -0.003 -17"><span class='ocrx_word' id='word_1_387' title='bbox 232 4123 307 4181; x_wconf 82' lang='lat' dir='ltr'><strong>Et</strong></span> <span class='ocrx_word' id='word_1_388' title='bbox 344 4124 471 4180; x_wconf 84' lang='lat' dir='ltr'><strong>dicit</strong></span> <span class='ocrx_word' id='word_1_389' title='bbox 516 4125 684 4180; x_wconf 89' lang='lat' dir='ltr'><strong>omnis</strong></span> <span class='ocrx_word' id='word_1_390' title='bbox 711 4122 954 4197; x_wconf 87' lang='lat' dir='ltr'><strong>populus,</strong></span> <span class='ocrx_word' id='word_1_391' title='bbox 984 4123 1182 4189; x_wconf 87' lang='lat' dir='ltr'><strong>Amen,</strong></span> <span class='ocrx_word' id='word_1_392' title='bbox 1202 4139 1374 4189; x_wconf 89' lang='lat' dir='ltr'><strong>amen,</strong></span> <span class='ocrx_word' id='word_1_393' title='bbox 1406 4137 1506 4194; x_wconf 89' lang='lat' dir='ltr'><strong>pro</strong></span> <span class='ocrx_word' id='word_1_394' title='bbox 1534 4123 1649 4189; x_wconf 81' lang='lat' dir='ltr'><strong>ﬁat,</strong></span> <span class='ocrx_word' id='word_1_395' title='bbox 1685 4123 1819 4190; x_wconf 84' lang='lat' dir='ltr'><strong>ﬁat;</strong></span> 
     </span>
    </p>
   </div>
   <div class='ocr_carea' id='block_1_55' title="bbox 235 4211 1818 4281">
    <p class='ocr_par' dir='ltr' id='par_1_55' title="bbox 235 4211 1818 4281">
     <span class='ocr_line' id='line_1_55' title="bbox 235 4211 1818 4281; baseline -0.001 -11"><span class='ocrx_word' id='word_1_396' title='bbox 235 4213 580 4280; x_wconf 84' lang='lat' dir='ltr'><strong>aﬂirmantis,</strong></span> <span class='ocrx_word' id='word_1_397' title='bbox 605 4221 685 4281; x_wconf 91' lang='lat' dir='ltr'><strong>ut,</strong></span> <span class='ocrx_word' id='word_1_398' title='bbox 708 4229 862 4268; x_wconf 91' lang='lat' dir='ltr'><strong>amen</strong></span> <span class='ocrx_word' id='word_1_399' title='bbox 887 4211 1005 4267; x_wconf 88' lang='lat' dir='ltr'><strong>dico</strong></span> <span class='ocrx_word' id='word_1_400' title='bbox 1027 4212 1194 4279; x_wconf 89' lang='lat' dir='ltr'><strong>vobis,</strong></span> <span class='ocrx_word' id='word_1_401' title='bbox 1221 4219 1328 4268; x_wconf 91' lang='lat' dir='ltr'><strong>etc.</strong></span> <span class='ocrx_word' id='word_1_402' title='bbox 1347 4211 1478 4270; x_wconf 90' lang='lat' dir='ltr'><strong>Sine</strong></span> <span class='ocrx_word' id='word_1_403' title='bbox 1507 4227 1616 4267; x_wconf 90' lang='lat' dir='ltr'><strong>una</strong></span> <span class='ocrx_word' id='word_1_404' title='bbox 1642 4227 1710 4267; x_wconf 79' lang='lat' dir='ltr'><strong>ex</strong></span> <span class='ocrx_word' id='word_1_405' title='bbox 1731 4211 1818 4269; x_wconf 86' lang='lat' dir='ltr'><strong>bis</strong></span> 
     </span>
    </p>
   </div>
   <div class='ocr_carea' id='block_1_56' title="bbox 234 4303 1824 4379">
    <p class='ocr_par' dir='ltr' id='par_1_56' title="bbox 234 4303 1824 4379">
     <span class='ocr_line' id='line_1_56' title="bbox 234 4303 1824 4379; baseline -0.002 -16"><span class='ocrx_word' id='word_1_406' title='bbox 234 4307 447 4364; x_wconf 89' lang='lat' dir='ltr'><strong>duabus</strong></span> <span class='ocrx_word' id='word_1_407' title='bbox 476 4305 964 4379; x_wconf 85' lang='lat' dir='ltr'><strong>significationibus</strong></span> <span class='ocrx_word' id='word_1_408' title='bbox 1003 4303 1168 4360; x_wconf 86' lang='lat' dir='ltr'><strong>linem</strong></span> <span class='ocrx_word' id='word_1_409' title='bbox 1217 4303 1498 4376; x_wconf 87' lang='lat' dir='ltr'><strong>Evangelii</strong></span> <span class='ocrx_word' id='word_1_410' title='bbox 1543 4319 1824 4375; x_wconf 88' lang='lat' dir='ltr'><strong>nunquam</strong></span> 
     </span>
    </p>
   </div>
   <div class='ocr_carea' id='block_1_57' title="bbox 232 4398 1823 4471">
    <p class='ocr_par' dir='ltr' id='par_1_57' title="bbox 232 4398 1823 4471">
     <span class='ocr_line' id='line_1_57' title="bbox 232 4398 1823 4471; baseline -0.004 -11"><span class='ocrx_word' id='word_1_411' title='bbox 232 4403 501 4460; x_wconf 87' lang='lat' dir='ltr'><strong>invenies.</strong></span> <span class='ocrx_word' id='word_1_412' title='bbox 530 4402 600 4458; x_wconf 87' lang='lat' dir='ltr'><strong>Et</strong></span> <span class='ocrx_word' id='word_1_413' title='bbox 622 4402 746 4459; x_wconf 88' lang='lat' dir='ltr'><strong>ideo</strong></span> <span class='ocrx_word' id='word_1_414' title='bbox 770 4417 880 4457; x_wconf 90' lang='lat' dir='ltr'><strong>non</strong></span> <span class='ocrx_word' id='word_1_415' title='bbox 909 4400 1228 4471; x_wconf 85' lang='lat' dir='ltr'><strong>incongrue,</strong></span> <span class='ocrx_word' id='word_1_416' title='bbox 1255 4398 1351 4454; x_wconf 88' lang='lat' dir='ltr'><strong>sed</strong></span> <span class='ocrx_word' id='word_1_417' title='bbox 1383 4398 1519 4454; x_wconf 90' lang='lat' dir='ltr'><strong>satis</strong></span> <span class='ocrx_word' id='word_1_418' title='bbox 1549 4407 1694 4470; x_wconf 91' lang='lat' dir='ltr'><strong>apte,</strong></span> <span class='ocrx_word' id='word_1_419' title='bbox 1732 4414 1823 4454; x_wconf 86' lang='lat' dir='ltr'><strong>ra-</strong></span> 
     </span>
    </p>
   </div>
   <div class='ocr_carea' id='block_1_58' title="bbox 234 4493 1824 4565">
    <p class='ocr_par' dir='ltr' id='par_1_58' title="bbox 234 4493 1824 4565">
     <span class='ocr_line' id='line_1_58' title="bbox 234 4493 1824 4565; baseline 0 -13"><span class='ocrx_word' id='word_1_420' title='bbox 234 4495 571 4552; x_wconf 89' lang='lat' dir='ltr'><strong>tionabiliter</strong></span> <span class='ocrx_word' id='word_1_421' title='bbox 601 4496 656 4552; x_wconf 91' lang='lat' dir='ltr'><strong>in</strong></span> <span class='ocrx_word' id='word_1_422' title='bbox 684 4494 934 4552; x_wconf 92' lang='lat' dir='ltr'><strong>omnibus</strong></span> <span class='ocrx_word' id='word_1_423' title='bbox 962 4493 1381 4565; x_wconf 89' lang='lat' dir='ltr'><strong>Evangeliorum</strong></span> <span class='ocrx_word' id='word_1_424' title='bbox 1402 4493 1600 4550; x_wconf 87' lang='lat' dir='ltr'><strong>finibus</strong></span> <span class='ocrx_word' id='word_1_425' title='bbox 1616 4510 1647 4547; x_wconf 93' lang='lat' dir='ltr'><strong>a</strong></span> <span class='ocrx_word' id='word_1_426' title='bbox 1667 4495 1824 4552; x_wconf 88' lang='lat' dir='ltr'><strong>nobis</strong></span> 
     </span>
    </p>
   </div>
   <div class='ocr_carea' id='block_1_59' title="bbox 1923 2013 3506 2089">
    <p class='ocr_par' dir='ltr' id='par_1_59' title="bbox 1923 2013 3506 2089">
     <span class='ocr_line' id='line_1_59' title="bbox 1923 2013 3506 2089; baseline -0.002 -17"><span class='ocrx_word' id='word_1_427' title='bbox 1923 2016 2361 2084; x_wconf 79' lang='lat' dir='ltr'><strong>Ambrosianum;</strong></span> <span class='ocrx_word' id='word_1_428' title='bbox 2395 2035 2596 2084; x_wconf 90' lang='lat' dir='ltr'><strong>versus,</strong></span> <span class='ocrx_word' id='word_1_429' title='bbox 2630 2017 2892 2072; x_wconf 85' lang='lat' dir='ltr'><strong>canticum</strong></span> <span class='ocrx_word' id='word_1_430' title='bbox 2918 2016 2983 2073; x_wconf 87' lang='lat' dir='ltr'><strong>de</strong></span> <span class='ocrx_word' id='word_1_431' title='bbox 3028 2015 3333 2089; x_wconf 89' lang='lat' dir='ltr'><strong>Evangelia,</strong></span> <span class='ocrx_word' id='word_1_432' title='bbox 3358 2013 3506 2070; x_wconf 88' lang='lat' dir='ltr'><strong>Lita-</strong></span> 
     </span>
    </p>
   </div>
   <div class='ocr_carea' id='block_1_60' title="bbox 1921 2106 2590 2179">
    <p class='ocr_par' dir='ltr' id='par_1_60' title="bbox 1921 2106 2590 2179">
     <span class='ocr_line' id='line_1_60' title="bbox 1921 2106 2590 2179; baseline 0.001 -18"><span class='ocrx_word' id='word_1_433' title='bbox 1921 2106 2045 2175; x_wconf 87' lang='lat' dir='ltr'><strong>nia;</strong></span> <span class='ocrx_word' id='word_1_434' title='bbox 2083 2115 2132 2163; x_wconf 88' lang='lat' dir='ltr'><strong>et</strong></span> <span class='ocrx_word' id='word_1_435' title='bbox 2161 2106 2474 2179; x_wconf 89' lang='lat' dir='ltr'><strong>completum</strong></span> <span class='ocrx_word' id='word_1_436' title='bbox 2495 2116 2590 2163; x_wconf 90' lang='lat' dir='ltr'><strong>est.</strong></span> 
     </span>
    </p>
   </div>
   <div class='ocr_carea' id='block_1_61' title="bbox 2517 2211 2912 2274">
    <p class='ocr_par' dir='ltr' id='par_1_61' title="bbox 2517 2211 2912 2274">
     <span class='ocr_line' id='line_1_61' title="bbox 2517 2211 2912 2274; baseline -0.01 -3"><span class='ocrx_word' id='word_1_437' title='bbox 2517 2211 2746 2271; x_wconf 83' lang='lat' dir='ltr'><strong>CAPUT</strong></span> <span class='ocrx_word' id='word_1_438' title='bbox 2777 2213 2912 2274; x_wconf 85' lang='lat' dir='ltr'><strong>Xlll.</strong></span> 
     </span>
    </p>
   </div>
   <div class='ocr_carea' id='block_1_62' title="bbox 2067 2305 3493 2380">
    <p class='ocr_par' dir='ltr' id='par_1_62' title="bbox 2067 2305 3493 2380">
     <span class='ocr_line' id='line_1_62' title="bbox 2067 2305 3493 2380; baseline 0 -18"><span class='ocrx_word' id='word_1_439' title='bbox 2067 2307 2308 2375; x_wconf 84' lang='lat' dir='ltr'><strong>Qualiter</strong></span> <span class='ocrx_word' id='word_1_440' title='bbox 2337 2307 2555 2380; x_wconf 89' lang='lat' dir='ltr'><strong>privatis</strong></span> <span class='ocrx_word' id='word_1_441' title='bbox 2589 2306 2773 2364; x_wconf 83' lang='lat' dir='ltr'><strong>diebus</strong></span> <span class='ocrx_word' id='word_1_442' title='bbox 2823 2305 3068 2363; x_wconf 90' lang='lat' dir='ltr'><strong>matutini</strong></span> <span class='ocrx_word' id='word_1_443' title='bbox 3119 2316 3362 2379; x_wconf 87' lang='lat' dir='ltr'><strong>agantur.</strong></span> <span class='ocrx_word' id='word_1_444' title='bbox 3489 2375 3493 2380; x_wconf 23' lang='grc' dir='ltr'>ι</span> 
     </span>
    </p>
   </div>
   <div class='ocr_carea' id='block_1_63' title="bbox 1993 2397 3504 2472">
    <p class='ocr_par' dir='ltr' id='par_1_63' title="bbox 1993 2397 3504 2472">
     <span class='ocr_line' id='line_1_63' title="bbox 1993 2397 3504 2472; baseline 0.003 -19"><span class='ocrx_word' id='word_1_445' title='bbox 1993 2397 2229 2454; x_wconf 89' lang='lat' dir='ltr'><strong>Privatis</strong></span> <span class='ocrx_word' id='word_1_446' title='bbox 2251 2399 2398 2454; x_wconf 90' lang='lat' dir='ltr'><strong>enim</strong></span> <span class='ocrx_word' id='word_1_447' title='bbox 2427 2399 2616 2456; x_wconf 91' lang='lat' dir='ltr'><strong>diebus</strong></span> <span class='ocrx_word' id='word_1_448' title='bbox 2641 2400 2772 2456; x_wconf 91' lang='lat' dir='ltr'><strong>dicit</strong></span> <span class='ocrx_word' id='word_1_449' title='bbox 2824 2399 2880 2455; x_wconf 88' lang='lat' dir='ltr'><strong>id</strong></span> <span class='ocrx_word' id='word_1_450' title='bbox 2915 2409 3016 2467; x_wconf 88' lang='lat' dir='ltr'><strong>est,</strong></span> <span class='ocrx_word' id='word_1_451' title='bbox 3031 2399 3223 2457; x_wconf 73' lang='lat' dir='ltr'><strong>ofﬁciis</strong></span> <span class='ocrx_word' id='word_1_452' title='bbox 3249 2401 3504 2472; x_wconf 87' lang='lat' dir='ltr'><strong>publicis,</strong></span> 
     </span>
    </p>
   </div>
   <div class='ocr_carea' id='block_1_64' title="bbox 1922 2488 3506 2564">
    <p class='ocr_par' dir='ltr' id='par_1_64' title="bbox 1922 2488 3506 2564">
     <span class='ocr_line' id='line_1_64' title="bbox 1922 2488 3506 2564; baseline 0.001 -17"><span class='ocrx_word' id='word_1_453' title='bbox 1922 2488 2200 2547; x_wconf 78' lang='lat' dir='ltr'><strong>extraneis</strong></span> <span class='ocrx_word' id='word_1_454' title='bbox 2240 2489 2327 2544; x_wconf 91' lang='lat' dir='ltr'><strong>vel</strong></span> <span class='ocrx_word' id='word_1_455' title='bbox 2373 2490 2690 2562; x_wconf 81' lang='lat' dir='ltr'><strong>segregatis.</strong></span> <span class='ocrx_word' id='word_1_456' title='bbox 2735 2489 2946 2546; x_wconf 88' lang='lat' dir='ltr'><strong>anari</strong></span> <span class='ocrx_word' id='word_1_457' title='bbox 2982 2491 3129 2548; x_wconf 90' lang='lat' dir='ltr'><strong>enim</strong></span> <span class='ocrx_word' id='word_1_458' title='bbox 3155 2492 3375 2562; x_wconf 86' lang='lat' dir='ltr'><strong>ponitur</strong></span> <span class='ocrx_word' id='word_1_459' title='bbox 3404 2509 3506 2564; x_wconf 88' lang='lat' dir='ltr'><strong>pro</strong></span> 
     </span>
    </p>
   </div>
   <div class='ocr_carea' id='block_1_65' title="bbox 1922 2580 3499 2656">
    <p class='ocr_par' dir='ltr' id='par_1_65' title="bbox 1922 2580 3499 2656">
     <span class='ocr_line' id='line_1_65' title="bbox 1922 2580 3499 2656; baseline -0.001 -17"><span class='ocrx_word' id='word_1_460' title='bbox 1922 2582 2090 2650; x_wconf 90' lang='lat' dir='ltr'><strong>malo,</strong></span> <span class='ocrx_word' id='word_1_461' title='bbox 2117 2591 2179 2638; x_wconf 89' lang='lat' dir='ltr'><strong>ut</strong></span> <span class='ocrx_word' id='word_1_462' title='bbox 2196 2580 2364 2638; x_wconf 73' lang='lat' dir='ltr'><strong>Iacob</strong></span> <span class='ocrx_word' id='word_1_463' title='bbox 2392 2581 2616 2640; x_wconf 81' lang='lat' dir='ltr'><strong>Racheli</strong></span> <span class='ocrx_word' id='word_1_464' title='bbox 2637 2583 2713 2637; x_wconf 92' lang='lat' dir='ltr'><strong>ait</strong></span> <span class='ocrx_word' id='word_1_465' title='bbox 2743 2601 2757 2638; x_wconf 89' lang='lat'><strong>:</strong></span> <span class='ocrx_word' id='word_1_466' title='bbox 2791 2581 2940 2638; x_wconf 85' lang='lat' dir='ltr'><strong>Nam</strong></span> <span class='ocrx_word' id='word_1_467' title='bbox 2967 2600 3062 2656; x_wconf 91' lang='lat' dir='ltr'><strong>pro</strong></span> <span class='ocrx_word' id='word_1_468' title='bbox 3091 2583 3204 2639; x_wconf 89' lang='lat' dir='ltr'><strong>Deo</strong></span> <span class='ocrx_word' id='word_1_469' title='bbox 3235 2600 3330 2654; x_wconf 92' lang='lat' dir='ltr'><strong>ego</strong></span> <span class='ocrx_word' id='word_1_470' title='bbox 3357 2599 3499 2650; x_wconf 88' lang='lat' dir='ltr'><strong>sum,</strong></span> 
     </span>
    </p>
   </div>
   <div class='ocr_carea' id='block_1_66' title="bbox 1919 2671 3508 2746">
    <p class='ocr_par' dir='ltr' id='par_1_66' title="bbox 1919 2671 3508 2746">
     <span class='ocr_line' id='line_1_66' title="bbox 1919 2671 3508 2746; baseline 0 -18"><span class='ocrx_word' id='word_1_471' title='bbox 1919 2674 2011 2746; x_wconf 85' lang='lat' dir='ltr'><strong>qui</strong></span> <span class='ocrx_word' id='word_1_472' title='bbox 2044 2674 2269 2744; x_wconf 87' lang='lat' dir='ltr'><strong>privavit</strong></span> <span class='ocrx_word' id='word_1_473' title='bbox 2291 2682 2340 2728; x_wconf 92' lang='lat' dir='ltr'><strong>te</strong></span> <span class='ocrx_word' id='word_1_474' title='bbox 2365 2673 2543 2745; x_wconf 77' lang='lat' dir='ltr'><strong>fructu</strong></span> <span class='ocrx_word' id='word_1_475' title='bbox 2580 2675 2774 2729; x_wconf 84' lang='lat' dir='ltr'><strong>ventris</strong></span> <span class='ocrx_word' id='word_1_476' title='bbox 2801 2674 2879 2729; x_wconf 90' lang='lat' dir='ltr'><strong>tui</strong></span> <span class='ocrx_word' id='word_1_477' title='bbox 2908 2671 3064 2746; x_wconf 89' lang='lat' dir='ltr'><strong>(Gen.</strong></span> <span class='ocrx_word' id='word_1_478' title='bbox 3098 2673 3229 2746; x_wconf 80' lang='lat' dir='ltr'><strong>xxx)</strong></span> <span class='ocrx_word' id='word_1_479' title='bbox 3249 2674 3272 2728; x_wconf 86' lang='lat'><strong>?</strong></span> <span class='ocrx_word' id='word_1_480' title='bbox 3296 2673 3508 2729; x_wconf 89' lang='lat' dir='ltr'><strong>Dicitur</strong></span> 
     </span>
    </p>
   </div>
   <div class='ocr_carea' id='block_1_67' title="bbox 1921 2764 3511 2838">
    <p class='ocr_par' dir='ltr' id='par_1_67' title="bbox 1921 2764 3511 2838">
     <span class='ocr_line' id='line_1_67' title="bbox 1921 2764 3511 2838; baseline -0.003 -15"><span class='ocrx_word' id='word_1_481' title='bbox 1921 2774 1978 2824; x_wconf 89' lang='lat' dir='ltr'><strong>et</strong></span> <span class='ocrx_word' id='word_1_482' title='bbox 2019 2766 2265 2838; x_wconf 84' lang='lat' dir='ltr'><strong>privatus</strong></span> <span class='ocrx_word' id='word_1_483' title='bbox 2309 2766 2539 2832; x_wconf 91' lang='lat' dir='ltr'><strong>amicus,</strong></span> <span class='ocrx_word' id='word_1_484' title='bbox 2573 2765 2626 2820; x_wconf 91' lang='lat' dir='ltr'><strong>id</strong></span> <span class='ocrx_word' id='word_1_485' title='bbox 2654 2773 2755 2832; x_wconf 90' lang='lat' dir='ltr'><strong>est,</strong></span> <span class='ocrx_word' id='word_1_486' title='bbox 2788 2765 2857 2821; x_wconf 91' lang='lat' dir='ltr'><strong>ab</strong></span> <span class='ocrx_word' id='word_1_487' title='bbox 2908 2764 3029 2820; x_wconf 90' lang='lat' dir='ltr'><strong>aliis</strong></span> <span class='ocrx_word' id='word_1_488' title='bbox 3073 2773 3420 2838; x_wconf 89' lang='lat' dir='ltr'><strong>segregatus,</strong></span> <span class='ocrx_word' id='word_1_489' title='bbox 3453 2772 3511 2820; x_wconf 86' lang='lat' dir='ltr'><strong>et</strong></span> 
     </span>
    </p>
   </div>
   <div class='ocr_carea' id='block_1_68' title="bbox 1921 2857 3494 2927">
    <p class='ocr_par' dir='ltr' id='par_1_68' title="bbox 1921 2857 3494 2927">
     <span class='ocr_line' id='line_1_68' title="bbox 1921 2857 3494 2927; baseline 0.001 -13"><span class='ocrx_word' id='word_1_490' title='bbox 1921 2858 2242 2916; x_wconf 86' lang='lat' dir='ltr'><strong>familiarius</strong></span> <span class='ocrx_word' id='word_1_491' title='bbox 2271 2859 2487 2916; x_wconf 61' lang='lat' dir='ltr'><strong>caeteris</strong></span> <span class='ocrx_word' id='word_1_492' title='bbox 2523 2859 2580 2914; x_wconf 93' lang='lat' dir='ltr'><strong>in</strong></span> <span class='ocrx_word' id='word_1_493' title='bbox 2611 2859 2849 2915; x_wconf 88' lang='lat' dir='ltr'><strong>amicitia</strong></span> <span class='ocrx_word' id='word_1_494' title='bbox 2870 2857 3095 2927; x_wconf 86' lang='lat' dir='ltr'><strong>junctus</strong></span> <span class='ocrx_word' id='word_1_495' title='bbox 3488 2905 3494 2916; x_wconf 81' lang='grc'>.</span> 
     </span>
    </p>
   </div>
   <div class='ocr_carea' id='block_1_69' title="bbox 1990 2948 3510 3022">
    <p class='ocr_par' dir='ltr' id='par_1_69' title="bbox 1990 2948 3510 3022">
     <span class='ocr_line' id='line_1_69' title="bbox 1990 2948 3510 3022; baseline -0.001 -17"><span class='ocrx_word' id='word_1_496' title='bbox 1990 2949 2187 3006; x_wconf 85' lang='lat' dir='ltr'><strong>Diebus</strong></span> <span class='ocrx_word' id='word_1_497' title='bbox 2213 2959 2388 3005; x_wconf 91' lang='lat' dir='ltr'><strong>autem</strong></span> <span class='ocrx_word' id='word_1_498' title='bbox 2412 2950 2629 3022; x_wconf 86' lang='lat' dir='ltr'><strong>privatis</strong></span> <span class='ocrx_word' id='word_1_499' title='bbox 2658 2950 3046 3006; x_wconf 87' lang='lat' dir='ltr'><strong>Matutinarum</strong></span> <span class='ocrx_word' id='word_1_500' title='bbox 3079 2948 3380 3006; x_wconf 89' lang='lat' dir='ltr'><strong>solemnitas</strong></span> <span class='ocrx_word' id='word_1_501' title='bbox 3432 2951 3510 3005; x_wconf 87' lang='lat' dir='ltr'><strong>ita</strong></span> 
     </span>
    </p>
   </div>
   <div class='ocr_carea' id='block_1_70' title="bbox 1920 3042 3507 3114">
    <p class='ocr_par' dir='ltr' id='par_1_70' title="bbox 1920 3042 3507 3114">
     <span class='ocr_line' id='line_1_70' title="bbox 1920 3042 3507 3114; baseline 0.001 -20"><span class='ocrx_word' id='word_1_502' title='bbox 1920 3051 2133 3113; x_wconf 84' lang='lat' dir='ltr'><strong>agatur,</strong></span> <span class='ocrx_word' id='word_1_503' title='bbox 2162 3048 2218 3095; x_wconf 92' lang='lat' dir='ltr'><strong>ut</strong></span> <span class='ocrx_word' id='word_1_504' title='bbox 2260 3042 2612 3113; x_wconf 77' lang='lat' dir='ltr'><strong>sexagesimus</strong></span> <span class='ocrx_word' id='word_1_505' title='bbox 2658 3051 2837 3098; x_wconf 78' lang='lat' dir='ltr'><strong>sextus</strong></span> <span class='ocrx_word' id='word_1_506' title='bbox 2873 3043 3110 3114; x_wconf 86' lang='lat' dir='ltr'><strong>psalmus</strong></span> <span class='ocrx_word' id='word_1_507' title='bbox 3152 3043 3362 3097; x_wconf 89' lang='lat' dir='ltr'><strong>dicatur</strong></span> <span class='ocrx_word' id='word_1_508' title='bbox 3395 3042 3507 3097; x_wconf 88' lang='lat' dir='ltr'><strong>sine</strong></span> 
     </span>
    </p>
   </div>
   <div class='ocr_carea' id='block_1_71' title="bbox 1920 3132 3506 3203">
    <p class='ocr_par' dir='ltr' id='par_1_71' title="bbox 1920 3132 3506 3203">
     <span class='ocr_line' id='line_1_71' title="bbox 1920 3132 3506 3203; baseline 0.001 -17"><span class='ocrx_word' id='word_1_509' title='bbox 1920 3132 2232 3203; x_wconf 87' lang='lat' dir='ltr'><strong>antiphona,</strong></span> <span class='ocrx_word' id='word_1_510' title='bbox 2269 3132 2621 3187; x_wconf 88' lang='lat' dir='ltr'><strong>subtrahendo</strong></span> <span class='ocrx_word' id='word_1_511' title='bbox 2651 3133 2871 3200; x_wconf 89' lang='lat' dir='ltr'><strong>modice,</strong></span> <span class='ocrx_word' id='word_1_512' title='bbox 2900 3133 3035 3188; x_wconf 88' lang='lat' dir='ltr'><strong>sicut</strong></span> <span class='ocrx_word' id='word_1_513' title='bbox 3072 3134 3130 3189; x_wconf 85' lang='lat' dir='ltr'><strong>in</strong></span> <span class='ocrx_word' id='word_1_514' title='bbox 3170 3132 3450 3188; x_wconf 88' lang='lat' dir='ltr'><strong>Dominica</strong></span> <span class='ocrx_word' id='word_1_515' title='bbox 3485 3147 3506 3187; x_wconf 89' lang='lat'><strong><em>:</em></strong></span> 
     </span>
    </p>
   </div>
   <div class='ocr_carea' id='block_1_72' title="bbox 1922 3223 3509 3296">
    <p class='ocr_par' dir='ltr' id='par_1_72' title="bbox 1922 3223 3509 3296">
     <span class='ocr_line' id='line_1_72' title="bbox 1922 3223 3509 3296; baseline 0.001 -19"><span class='ocrx_word' id='word_1_516' title='bbox 1922 3231 1978 3276; x_wconf 88' lang='lat' dir='ltr'><strong>ut</strong></span> <span class='ocrx_word' id='word_1_517' title='bbox 2008 3239 2185 3278; x_wconf 86' lang='lat' dir='ltr'><strong>omnes</strong></span> <span class='ocrx_word' id='word_1_518' title='bbox 2221 3233 2497 3278; x_wconf 88' lang='lat' dir='ltr'><strong>occurrant</strong></span> <span class='ocrx_word' id='word_1_519' title='bbox 2525 3223 2594 3278; x_wconf 89' lang='lat' dir='ltr'><strong>ad</strong></span> <span class='ocrx_word' id='word_1_520' title='bbox 2615 3225 3119 3296; x_wconf 86' lang='lat' dir='ltr'><strong>quinquagesimum,</strong></span> <span class='ocrx_word' id='word_1_521' title='bbox 3147 3226 3239 3295; x_wconf 90' lang='lat' dir='ltr'><strong>qui</strong></span> <span class='ocrx_word' id='word_1_522' title='bbox 3267 3241 3386 3279; x_wconf 90' lang='lat' dir='ltr'><strong>cum</strong></span> <span class='ocrx_word' id='word_1_523' title='bbox 3408 3241 3509 3278; x_wconf 88' lang='lat' dir='ltr'><strong>an-</strong></span> 
     </span>
    </p>
   </div>
   <div class='ocr_carea' id='block_1_73' title="bbox 2434 3313 3509 3386">
    <p class='ocr_par' dir='ltr' id='par_1_73' title="bbox 2434 3313 3509 3386">
     <span class='ocr_line' id='line_1_73' title="bbox 2434 3313 3509 3386; baseline 0.001 -17"><span class='ocrx_word' id='word_1_524' title='bbox 2434 3314 2561 3370; x_wconf 92' lang='lat' dir='ltr'><strong>Post</strong></span> <span class='ocrx_word' id='word_1_525' title='bbox 2597 3331 2750 3386; x_wconf 89' lang='lat' dir='ltr'><strong>quem</strong></span> <span class='ocrx_word' id='word_1_526' title='bbox 2779 3315 2872 3370; x_wconf 89' lang='lat' dir='ltr'><strong>alii</strong></span> <span class='ocrx_word' id='word_1_527' title='bbox 2900 3315 3004 3369; x_wconf 88' lang='lat' dir='ltr'><strong>duo</strong></span> <span class='ocrx_word' id='word_1_528' title='bbox 3029 3313 3218 3386; x_wconf 90' lang='lat' dir='ltr'><strong>psalmi</strong></span> <span class='ocrx_word' id='word_1_529' title='bbox 3262 3314 3509 3370; x_wconf 87' lang='lat' dir='ltr'><strong>dicantur</strong></span> 
     </span>
    </p>
   </div>
   <div class='ocr_carea' id='block_1_74' title="bbox 1925 3405 3512 3477">
    <p class='ocr_par' dir='ltr' id='par_1_74' title="bbox 1925 3405 3512 3477">
     <span class='ocr_line' id='line_1_74' title="bbox 1925 3405 3512 3477; baseline -0.001 -16"><span class='ocrx_word' id='word_1_530' title='bbox 1925 3405 2210 3461; x_wconf 88' lang='lat' dir='ltr'><strong>secundum</strong></span> <span class='ocrx_word' id='word_1_531' title='bbox 2237 3405 2680 3470; x_wconf 84' lang='lat' dir='ltr'><strong>consuetudinem,</strong></span> <span class='ocrx_word' id='word_1_532' title='bbox 2699 3407 2754 3460; x_wconf 93' lang='lat' dir='ltr'><strong>id</strong></span> <span class='ocrx_word' id='word_1_533' title='bbox 2768 3415 2864 3471; x_wconf 90' lang='lat' dir='ltr'><strong>est,</strong></span> <span class='ocrx_word' id='word_1_534' title='bbox 2882 3405 3112 3460; x_wconf 89' lang='lat' dir='ltr'><strong>secunda</strong></span> <span class='ocrx_word' id='word_1_535' title='bbox 3129 3405 3284 3476; x_wconf 81' lang='lat' dir='ltr'><strong>feria,</strong></span> <span class='ocrx_word' id='word_1_536' title='bbox 3301 3405 3512 3477; x_wconf 87' lang='lat' dir='ltr'><strong>quintus</strong></span> 
     </span>
    </p>
   </div>
   <div class='ocr_carea' id='block_1_75' title="bbox 1927 3499 3510 3572">
    <p class='ocr_par' dir='ltr' id='par_1_75' title="bbox 1927 3499 3510 3572">
     <span class='ocr_line' id='line_1_75' title="bbox 1927 3499 3510 3572; baseline -0.001 -17"><span class='ocrx_word' id='word_1_537' title='bbox 1927 3509 1975 3555; x_wconf 88' lang='lat' dir='ltr'><strong>et</strong></span> <span class='ocrx_word' id='word_1_538' title='bbox 1992 3500 2285 3554; x_wconf 87' lang='lat' dir='ltr'><strong>tricesimus</strong></span> <span class='ocrx_word' id='word_1_539' title='bbox 2299 3500 2513 3571; x_wconf 89' lang='lat' dir='ltr'><strong>quintus</strong></span> <span class='ocrx_word' id='word_1_540' title='bbox 2529 3499 2679 3555; x_wconf 89' lang='lat' dir='ltr'><strong>tertia</strong></span> <span class='ocrx_word' id='word_1_541' title='bbox 2701 3499 2856 3570; x_wconf 77' lang='lat' dir='ltr'><strong>feria,</strong></span> <span class='ocrx_word' id='word_1_542' title='bbox 2868 3500 3303 3572; x_wconf 85' lang='lat' dir='ltr'><strong>quadragesimus</strong></span> <span class='ocrx_word' id='word_1_543' title='bbox 3322 3515 3510 3554; x_wconf 86' lang='lat' dir='ltr'><strong>secun-</strong></span> 
     </span>
    </p>
   </div>
   <div class='ocr_carea' id='block_1_76' title="bbox 1923 3590 3515 3663">
    <p class='ocr_par' dir='ltr' id='par_1_76' title="bbox 1923 3590 3515 3663">
     <span class='ocr_line' id='line_1_76' title="bbox 1923 3590 3515 3663; baseline -0.003 -16"><span class='ocrx_word' id='word_1_544' title='bbox 1923 3590 2041 3658; x_wconf 90' lang='lat' dir='ltr'><strong>dus,</strong></span> <span class='ocrx_word' id='word_1_545' title='bbox 2072 3599 2120 3645; x_wconf 92' lang='lat' dir='ltr'><strong>et</strong></span> <span class='ocrx_word' id='word_1_546' title='bbox 2157 3591 2618 3663; x_wconf 90' lang='lat' dir='ltr'><strong>quinquagesimus</strong></span> <span class='ocrx_word' id='word_1_547' title='bbox 2645 3599 2860 3658; x_wconf 88' lang='lat' dir='ltr'><strong>sextus;</strong></span> <span class='ocrx_word' id='word_1_548' title='bbox 2901 3601 3089 3662; x_wconf 88' lang='lat' dir='ltr'><strong>quarta</strong></span> <span class='ocrx_word' id='word_1_549' title='bbox 3117 3590 3274 3661; x_wconf 76' lang='lat' dir='ltr'><strong>feria,</strong></span> <span class='ocrx_word' id='word_1_550' title='bbox 3301 3604 3515 3659; x_wconf 83' lang='lat' dir='ltr'><strong>sexage-</strong></span> 
     </span>
    </p>
   </div>
   <div class='ocr_carea' id='block_1_77' title="bbox 1922 3678 3513 3754">
    <p class='ocr_par' dir='ltr' id='par_1_77' title="bbox 1922 3678 3513 3754">
     <span class='ocr_line' id='line_1_77' title="bbox 1922 3678 3513 3754; baseline -0.001 -18"><span class='ocrx_word' id='word_1_551' title='bbox 1922 3683 2086 3737; x_wconf 89' lang='lat' dir='ltr'><strong>simus</strong></span> <span class='ocrx_word' id='word_1_552' title='bbox 2116 3681 2318 3749; x_wconf 88' lang='lat' dir='ltr'><strong>tertius,</strong></span> <span class='ocrx_word' id='word_1_553' title='bbox 2355 3691 2402 3736; x_wconf 93' lang='lat' dir='ltr'><strong>et</strong></span> <span class='ocrx_word' id='word_1_554' title='bbox 2450 3681 2802 3754; x_wconf 82' lang='lat' dir='ltr'><strong>sexagesimus</strong></span> <span class='ocrx_word' id='word_1_555' title='bbox 2841 3690 3096 3753; x_wconf 87' lang='lat' dir='ltr'><strong>quartus;</strong></span> <span class='ocrx_word' id='word_1_556' title='bbox 3145 3679 3328 3752; x_wconf 88' lang='lat' dir='ltr'><strong>quinta</strong></span> <span class='ocrx_word' id='word_1_557' title='bbox 3352 3678 3513 3749; x_wconf 81' lang='lat' dir='ltr'><strong>feria,</strong></span> 
     </span>
    </p>
   </div>
   <div class='ocr_carea' id='block_1_78' title="bbox 1924 3773 3512 3845">
    <p class='ocr_par' dir='ltr' id='par_1_78' title="bbox 1924 3773 3512 3845">
     <span class='ocr_line' id='line_1_78' title="bbox 1924 3773 3512 3845; baseline -0.001 -18"><span class='ocrx_word' id='word_1_558' title='bbox 1924 3774 2268 3845; x_wconf 89' lang='lat' dir='ltr'><strong>octogesimus</strong></span> <span class='ocrx_word' id='word_1_559' title='bbox 2319 3773 2589 3845; x_wconf 89' lang='lat' dir='ltr'><strong>septimus,</strong></span> <span class='ocrx_word' id='word_1_560' title='bbox 2619 3784 2667 3828; x_wconf 90' lang='lat' dir='ltr'><strong>et</strong></span> <span class='ocrx_word' id='word_1_561' title='bbox 2703 3773 3048 3844; x_wconf 88' lang='lat' dir='ltr'><strong>octogesimus</strong></span> <span class='ocrx_word' id='word_1_562' title='bbox 3099 3788 3311 3837; x_wconf 89' lang='lat' dir='ltr'><strong>nonus;</strong></span> <span class='ocrx_word' id='word_1_563' title='bbox 3358 3778 3512 3826; x_wconf 84' lang='lat' dir='ltr'><strong>sexta</strong></span> 
     </span>
    </p>
   </div>
   <div class='ocr_carea' id='block_1_79' title="bbox 1923 3863 3511 3936">
    <p class='ocr_par' dir='ltr' id='par_1_79' title="bbox 1923 3863 3511 3936">
     <span class='ocr_line' id='line_1_79' title="bbox 1923 3863 3511 3936; baseline -0.002 -18"><span class='ocrx_word' id='word_1_564' title='bbox 1923 3863 2078 3934; x_wconf 75' lang='lat' dir='ltr'><strong>feria,</strong></span> <span class='ocrx_word' id='word_1_565' title='bbox 2109 3865 2522 3936; x_wconf 89' lang='lat' dir='ltr'><strong>septuagesimus</strong></span> <span class='ocrx_word' id='word_1_566' title='bbox 2563 3864 2774 3936; x_wconf 89' lang='lat' dir='ltr'><strong>quintus</strong></span> <span class='ocrx_word' id='word_1_567' title='bbox 2801 3873 2850 3919; x_wconf 92' lang='lat' dir='ltr'><strong>et</strong></span> <span class='ocrx_word' id='word_1_568' title='bbox 2879 3864 3247 3936; x_wconf 87' lang='lat' dir='ltr'><strong>nonagesimus</strong></span> <span class='ocrx_word' id='word_1_569' title='bbox 3274 3863 3511 3933; x_wconf 85' lang='lat' dir='ltr'><strong>primus;</strong></span> 
     </span>
    </p>
   </div>
   <div class='ocr_carea' id='block_1_80' title="bbox 1922 3953 3514 4028">
    <p class='ocr_par' dir='ltr' id='par_1_80' title="bbox 1922 3953 3514 4028">
     <span class='ocr_line' id='line_1_80' title="bbox 1922 3953 3514 4028; baseline -0.001 -19"><span class='ocrx_word' id='word_1_570' title='bbox 1922 3954 2140 4009; x_wconf 84' lang='lat' dir='ltr'><strong>sabbato</strong></span> <span class='ocrx_word' id='word_1_571' title='bbox 2171 3964 2345 4010; x_wconf 90' lang='lat' dir='ltr'><strong>autem</strong></span> <span class='ocrx_word' id='word_1_572' title='bbox 2365 3997 2380 4022; x_wconf 91' lang='lat'><strong>,</strong></span> <span class='ocrx_word' id='word_1_573' title='bbox 2409 3956 2718 4011; x_wconf 88' lang='lat' dir='ltr'><strong>centesimus</strong></span> <span class='ocrx_word' id='word_1_574' title='bbox 2747 3954 3183 4028; x_wconf 85' lang='lat' dir='ltr'><strong>quadragesimus</strong></span> <span class='ocrx_word' id='word_1_575' title='bbox 3231 3953 3514 4018; x_wconf 87' lang='lat' dir='ltr'><strong>secundus,</strong></span> 
     </span>
    </p>
   </div>
   <div class='ocr_carea' id='block_1_81' title="bbox 1923 4042 3515 4116">
    <p class='ocr_par' dir='ltr' id='par_1_81' title="bbox 1923 4042 3515 4116">
     <span class='ocr_line' id='line_1_81' title="bbox 1923 4042 3515 4116; baseline -0.002 -18"><span class='ocrx_word' id='word_1_576' title='bbox 1923 4052 1974 4098; x_wconf 91' lang='lat' dir='ltr'><strong>et</strong></span> <span class='ocrx_word' id='word_1_577' title='bbox 2018 4045 2279 4100; x_wconf 89' lang='lat' dir='ltr'><strong>canticum</strong></span> <span class='ocrx_word' id='word_1_578' title='bbox 2336 4045 2750 4112; x_wconf 88' lang='lat' dir='ltr'><strong>Deuteronomii,</strong></span> <span class='ocrx_word' id='word_1_579' title='bbox 2783 4045 2923 4116; x_wconf 89' lang='lat' dir='ltr'><strong>quod</strong></span> <span class='ocrx_word' id='word_1_580' title='bbox 2965 4045 3232 4099; x_wconf 84' lang='lat' dir='ltr'><strong>dividatur</strong></span> <span class='ocrx_word' id='word_1_581' title='bbox 3279 4045 3335 4096; x_wconf 86' lang='lat' dir='ltr'><strong>in</strong></span> <span class='ocrx_word' id='word_1_582' title='bbox 3381 4042 3515 4096; x_wconf 90' lang='lat' dir='ltr'><strong>duas</strong></span> 
     </span>
    </p>
   </div>
   <div class='ocr_carea' id='block_1_82' title="bbox 1925 4131 3517 4204">
    <p class='ocr_par' dir='ltr' id='par_1_82' title="bbox 1925 4131 3517 4204">
     <span class='ocr_line' id='line_1_82' title="bbox 1925 4131 3517 4204; baseline 0.001 -18"><span class='ocrx_word' id='word_1_583' title='bbox 1925 4131 2157 4188; x_wconf 78' lang='lat' dir='ltr'><strong>Clarias.</strong></span> <span class='ocrx_word' id='word_1_584' title='bbox 2209 4132 2353 4188; x_wconf 89' lang='lat' dir='ltr'><strong>Nam</strong></span> <span class='ocrx_word' id='word_1_585' title='bbox 2383 4136 2586 4189; x_wconf 78' lang='lat' dir='ltr'><strong>cwteris</strong></span> <span class='ocrx_word' id='word_1_586' title='bbox 2609 4133 2790 4189; x_wconf 87' lang='lat' dir='ltr'><strong>diebus</strong></span> <span class='ocrx_word' id='word_1_587' title='bbox 2819 4132 3517 4204; x_wconf 81' lang='lat' dir='ltr'><strong>canticumunumquodque</strong></span> 
     </span>
    </p>
   </div>
   <div class='ocr_carea' id='block_1_83' title="bbox 1923 4220 3514 4296">
    <p class='ocr_par' dir='ltr' id='par_1_83' title="bbox 1923 4220 3514 4296">
     <span class='ocr_line' id='line_1_83' title="bbox 1923 4220 3514 4296; baseline 0 -19"><span class='ocrx_word' id='word_1_588' title='bbox 1923 4222 2009 4278; x_wconf 89' lang='lat' dir='ltr'><strong>die</strong></span> <span class='ocrx_word' id='word_1_589' title='bbox 2038 4239 2134 4278; x_wconf 92' lang='lat' dir='ltr'><strong>suo</strong></span> <span class='ocrx_word' id='word_1_590' title='bbox 2161 4240 2226 4278; x_wconf 82' lang='lat' dir='ltr'><strong>ex</strong></span> <span class='ocrx_word' id='word_1_591' title='bbox 2249 4224 2514 4296; x_wconf 86' lang='lat' dir='ltr'><strong>prophetis</strong></span> <span class='ocrx_word' id='word_1_592' title='bbox 2557 4226 2694 4279; x_wconf 89' lang='lat' dir='ltr'><strong>sicut</strong></span> <span class='ocrx_word' id='word_1_593' title='bbox 2732 4223 2910 4296; x_wconf 86' lang='lat' dir='ltr'><strong>psallit</strong></span> <span class='ocrx_word' id='word_1_594' title='bbox 2966 4222 3200 4278; x_wconf 88' lang='lat' dir='ltr'><strong>Ecclesia</strong></span> <span class='ocrx_word' id='word_1_595' title='bbox 3248 4220 3514 4289; x_wconf 84' lang='lat' dir='ltr'><strong>Romana,</strong></span> 
     </span>
    </p>
   </div>
   <div class='ocr_carea' id='block_1_84' title="bbox 1924 4311 3516 4388">
    <p class='ocr_par' dir='ltr' id='par_1_84' title="bbox 1924 4311 3516 4388">
     <span class='ocr_line' id='line_1_84' title="bbox 1924 4311 3516 4388; baseline -0.001 -20"><span class='ocrx_word' id='word_1_596' title='bbox 1924 4313 2154 4368; x_wconf 86' lang='lat' dir='ltr'><strong>dicatur.</strong></span> <span class='ocrx_word' id='word_1_597' title='bbox 2211 4311 2341 4369; x_wconf 90' lang='lat' dir='ltr'><strong>Post</strong></span> <span class='ocrx_word' id='word_1_598' title='bbox 2386 4315 2498 4369; x_wconf 78' lang='lat' dir='ltr'><strong>ha&#39;c</strong></span> <span class='ocrx_word' id='word_1_599' title='bbox 2560 4324 2849 4388; x_wconf 87' lang='lat' dir='ltr'><strong>sequantur</strong></span> <span class='ocrx_word' id='word_1_600' title='bbox 2885 4313 3113 4369; x_wconf 87' lang='lat' dir='ltr'><strong>laudes:</strong></span> <span class='ocrx_word' id='word_1_601' title='bbox 3145 4311 3334 4368; x_wconf 87' lang='lat' dir='ltr'><strong>deinde</strong></span> <span class='ocrx_word' id='word_1_602' title='bbox 3363 4311 3516 4367; x_wconf 90' lang='lat' dir='ltr'><strong>lectio</strong></span> 
     </span>
    </p>
   </div>
   <div class='ocr_carea' id='block_1_85' title="bbox 1923 4404 3511 4476">
    <p class='ocr_par' dir='ltr' id='par_1_85' title="bbox 1923 4404 3511 4476">
     <span class='ocr_line' id='line_1_85' title="bbox 1923 4404 3511 4476; baseline -0.003 -16"><span class='ocrx_word' id='word_1_603' title='bbox 1923 4422 2032 4460; x_wconf 90' lang='lat' dir='ltr'><strong>una</strong></span> <span class='ocrx_word' id='word_1_604' title='bbox 2083 4405 2321 4476; x_wconf 83' lang='lat' dir='ltr'><strong>Apostoli</strong></span> <span class='ocrx_word' id='word_1_605' title='bbox 2375 4406 2676 4461; x_wconf 88' lang='lat' dir='ltr'><strong>memoriter</strong></span> <span class='ocrx_word' id='word_1_606' title='bbox 2726 4405 2998 4460; x_wconf 89' lang='lat' dir='ltr'><strong>recitanda</strong></span> <span class='ocrx_word' id='word_1_607' title='bbox 3036 4418 3056 4456; x_wconf 81' lang='lat'><strong>.&#39;</strong></span> <span class='ocrx_word' id='word_1_608' title='bbox 3105 4404 3511 4475; x_wconf 87' lang='lat' dir='ltr'><strong>responsarium,</strong></span> 
     </span>
    </p>
   </div>
   <div class='ocr_carea' id='block_1_86' title="bbox 1924 4492 3516 4567">
    <p class='ocr_par' dir='ltr' id='par_1_86' title="bbox 1924 4492 3516 4567">
     <span class='ocr_line' id='line_1_86' title="bbox 1924 4492 3516 4567; baseline -0.004 -13"><span class='ocrx_word' id='word_1_609' title='bbox 1924 4498 2351 4564; x_wconf 80' lang='lat' dir='ltr'><strong>Ambrosianum,</strong></span> <span class='ocrx_word' id='word_1_610' title='bbox 2376 4515 2576 4566; x_wconf 87' lang='lat' dir='ltr'><strong>versus,</strong></span> <span class='ocrx_word' id='word_1_611' title='bbox 2596 4499 2860 4553; x_wconf 89' lang='lat' dir='ltr'><strong>canticum</strong></span> <span class='ocrx_word' id='word_1_612' title='bbox 2898 4495 2962 4550; x_wconf 91' lang='lat' dir='ltr'><strong>de</strong></span> <span class='ocrx_word' id='word_1_613' title='bbox 2997 4494 3285 4567; x_wconf 85' lang='lat' dir='ltr'><strong>Evangelia</strong></span> <span class='ocrx_word' id='word_1_614' title='bbox 3309 4508 3328 4547; x_wconf 90' lang='lat'><strong><em>:</em></strong></span> <span class='ocrx_word' id='word_1_615' title='bbox 3361 4492 3516 4548; x_wconf 87' lang='lat' dir='ltr'><strong>Lita-</strong></span> 
     </span>
    </p>
   </div>
   <div class='ocr_carea' id='block_1_87' title="bbox 234 4585 3518 4662">
    <p class='ocr_par' dir='ltr' id='par_1_87' title="bbox 234 4585 3518 4662">
     <span class='ocr_line' id='line_1_87' title="bbox 234 4585 3518 4662; baseline -0.001 -17"><span class='ocrx_word' id='word_1_616' title='bbox 234 4588 675 4660; x_wconf 77' lang='lat' dir='ltr'><strong>reSpondendum</strong></span> <span class='ocrx_word' id='word_1_617' title='bbox 703 4595 788 4642; x_wconf 88' lang='lat' dir='ltr'><strong>est</strong></span> <span class='ocrx_word' id='word_1_618' title='bbox 812 4586 1006 4652; x_wconf 80' lang='lat' dir='ltr'><strong>Amen,</strong></span> <span class='ocrx_word' id='word_1_619' title='bbox 1037 4594 1097 4640; x_wconf 90' lang='lat' dir='ltr'><strong>ut</strong></span> <span class='ocrx_word' id='word_1_620' title='bbox 1125 4601 1224 4642; x_wconf 92' lang='lat' dir='ltr'><strong>nos</strong></span> <span class='ocrx_word' id='word_1_621' title='bbox 1252 4585 1483 4641; x_wconf 88' lang='lat' dir='ltr'><strong>dicendo</strong></span> <span class='ocrx_word' id='word_1_622' title='bbox 1512 4602 1692 4654; x_wconf 91' lang='lat' dir='ltr'><strong>amen,</strong></span> <span class='ocrx_word' id='word_1_623' title='bbox 1725 4595 1898 4662; x_wconf 39' lang='lat' dir='ltr'><strong>aut.‘</strong></span> <span class='ocrx_word' id='word_1_624' title='bbox 1929 4590 2050 4656; x_wconf 90' lang='lat' dir='ltr'><strong>nia,</strong></span> <span class='ocrx_word' id='word_1_625' title='bbox 2074 4598 2121 4644; x_wconf 91' lang='lat' dir='ltr'><strong>et</strong></span> <span class='ocrx_word' id='word_1_626' title='bbox 2160 4590 2471 4662; x_wconf 88' lang='lat' dir='ltr'><strong>completum</strong></span> <span class='ocrx_word' id='word_1_627' title='bbox 2514 4600 2610 4646; x_wconf 90' lang='lat' dir='ltr'><strong>est.</strong></span> <span class='ocrx_word' id='word_1_628' title='bbox 2667 4587 2838 4645; x_wconf 88' lang='lat' dir='ltr'><strong>Plane</strong></span> <span class='ocrx_word' id='word_1_629' title='bbox 2877 4589 3082 4660; x_wconf 88' lang='lat' dir='ltr'><strong>agenda</strong></span> <span class='ocrx_word' id='word_1_630' title='bbox 3129 4587 3416 4655; x_wconf 84' lang='lat' dir='ltr'><strong>Matutina,</strong></span> <span class='ocrx_word' id='word_1_631' title='bbox 3439 4585 3518 4642; x_wconf 90' lang='lat' dir='ltr'><strong>vel</strong></span> 
     </span>
    </p>
   </div>
   <div class='ocr_carea' id='block_1_88' title="bbox 234 4651 3518 4758">
    <p class='ocr_par' dir='ltr' id='par_1_88' title="bbox 234 4651 3518 4758">
     <span class='ocr_line' id='line_1_88' title="bbox 234 4651 3518 4758; baseline -0.002 -18"><span class='ocrx_word' id='word_1_632' title='bbox 234 4651 496 4758; x_wconf 60' lang='lat' dir='ltr'><strong>praedicta</strong></span> <span class='ocrx_word' id='word_1_633' title='bbox 519 4683 750 4738; x_wconf 86' lang='lat' dir='ltr'><strong>fideliter</strong></span> <span class='ocrx_word' id='word_1_634' title='bbox 770 4682 1011 4748; x_wconf 90' lang='lat' dir='ltr'><strong>credere,</strong></span> <span class='ocrx_word' id='word_1_635' title='bbox 1029 4688 1123 4735; x_wconf 87' lang='lat' dir='ltr'><strong>aut</strong></span> <span class='ocrx_word' id='word_1_636' title='bbox 1145 4694 1266 4735; x_wconf 83' lang='lat' dir='ltr'><strong>uuae</strong></span> <span class='ocrx_word' id='word_1_637' title='bbox 1284 4651 1685 4750; x_wconf 85' lang='lat' dir='ltr'><strong>promittuntur</strong></span> <span class='ocrx_word' id='word_1_638' title='bbox 1698 4697 1826 4752; x_wconf 87' lang='lat' dir='ltr'><strong>pro—</strong></span> <span class='ocrx_word' id='word_1_639' title='bbox 1851 4651 1906 4713; x_wconf 69' lang='grc' dir='ltr'>Β</span> <span class='ocrx_word' id='word_1_640' title='bbox 1942 4651 2248 4752; x_wconf 80' lang='lat' dir='ltr'><strong>Vespertina</strong></span> <span class='ocrx_word' id='word_1_641' title='bbox 2275 4651 2380 4736; x_wconf 80' lang='lat' dir='ltr'><strong>non</strong></span> <span class='ocrx_word' id='word_1_642' title='bbox 2418 4689 2651 4736; x_wconf 85' lang='lat' dir='ltr'><strong>transeat</strong></span> <span class='ocrx_word' id='word_1_643' title='bbox 2677 4651 2986 4752; x_wconf 81' lang='lat' dir='ltr'><strong>aliquando,</strong></span> <span class='ocrx_word' id='word_1_644' title='bbox 3009 4679 3111 4734; x_wconf 90' lang='lat' dir='ltr'><strong>nisi</strong></span> <span class='ocrx_word' id='word_1_645' title='bbox 3139 4679 3194 4732; x_wconf 90' lang='lat' dir='ltr'><strong>in</strong></span> <span class='ocrx_word' id='word_1_646' title='bbox 3221 4651 3411 4733; x_wconf 86' lang='lat' dir='ltr'><strong>ultima</strong></span> <span class='ocrx_word' id='word_1_647' title='bbox 3432 4694 3518 4733; x_wconf 88' lang='lat' dir='ltr'><strong>or-</strong></span> 
     </span>
    </p>
   </div>
   <div class='ocr_carea' id='block_1_89' title="bbox 235 4771 1826 4842">
    <p class='ocr_par' dir='ltr' id='par_1_89' title="bbox 235 4771 1826 4842">
     <span class='ocr_line' id='line_1_89' title="bbox 235 4771 1826 4842; baseline -0.001 -10"><span class='ocrx_word' id='word_1_648' title='bbox 235 4776 379 4832; x_wconf 83' lang='lat' dir='ltr'><strong>ﬁcua</strong></span> <span class='ocrx_word' id='word_1_649' title='bbox 427 4775 674 4831; x_wconf 85' lang='lat' dir='ltr'><strong>obtinere</strong></span> <span class='ocrx_word' id='word_1_650' title='bbox 720 4787 820 4830; x_wconf 88' lang='lat' dir='ltr'><strong>nos</strong></span> <span class='ocrx_word' id='word_1_651' title='bbox 874 4771 1042 4839; x_wconf 89' lang='lat' dir='ltr'><strong>velle,</strong></span> <span class='ocrx_word' id='word_1_652' title='bbox 1070 4772 1308 4842; x_wconf 81' lang='lat' dir='ltr'><strong>optando</strong></span> <span class='ocrx_word' id='word_1_653' title='bbox 1333 4779 1390 4827; x_wconf 91' lang='lat' dir='ltr'><strong>et</strong></span> <span class='ocrx_word' id='word_1_654' title='bbox 1425 4772 1632 4829; x_wconf 86' lang='lat' dir='ltr'><strong>orando</strong></span> <span class='ocrx_word' id='word_1_655' title='bbox 1670 4789 1826 4831; x_wconf 85' lang='lat' dir='ltr'><strong>mon-</strong></span> 
     </span>
    </p>
   </div>
   <div class='ocr_carea' id='block_1_90' title="bbox 235 4876 493 4926">
    <p class='ocr_par' dir='ltr' id='par_1_90' title="bbox 235 4876 493 4926">
     <span class='ocr_line' id='line_1_90' title="bbox 235 4876 493 4926; baseline -0.016 0"><span class='ocrx_word' id='word_1_656' title='bbox 235 4876 493 4926; x_wconf 82' lang='lat' dir='ltr'><strong>stremus.</strong></span> 
     </span>
    </p>
   </div>
   <div class='ocr_carea' id='block_1_91' title="bbox 316 4956 1824 5030">
    <p class='ocr_par' dir='ltr' id='par_1_91' title="bbox 316 4956 1824 5030">
     <span class='ocr_line' id='line_1_91' title="bbox 316 4956 1824 5030; baseline 0.001 -15"><span class='ocrx_word' id='word_1_657' title='bbox 316 4960 419 5028; x_wconf 91' lang='lat' dir='ltr'><strong>Qui</strong></span> <span class='ocrx_word' id='word_1_658' title='bbox 474 4956 603 5015; x_wconf 88' lang='lat' dir='ltr'><strong>ordo</strong></span> <span class='ocrx_word' id='word_1_659' title='bbox 649 4958 969 5030; x_wconf 87' lang='lat' dir='ltr'><strong>vigiliarum,</strong></span> <span class='ocrx_word' id='word_1_660' title='bbox 997 4973 1139 5012; x_wconf 77' lang='lat' dir='ltr'><strong>omni</strong></span> <span class='ocrx_word' id='word_1_661' title='bbox 1186 4965 1437 5028; x_wconf 87' lang='lat' dir='ltr'><strong>tempore,</strong></span> <span class='ocrx_word' id='word_1_662' title='bbox 1470 4965 1579 5014; x_wconf 91' lang='lat' dir='ltr'><strong>tam</strong></span> <span class='ocrx_word' id='word_1_663' title='bbox 1625 4961 1824 5017; x_wconf 66' lang='lat' dir='ltr'><strong>aestatis</strong></span> 
     </span>
    </p>
   </div>
   <div class='ocr_carea' id='block_1_92' title="bbox 238 5049 1825 5126">
    <p class='ocr_par' dir='ltr' id='par_1_92' title="bbox 238 5049 1825 5126">
     <span class='ocr_line' id='line_1_92' title="bbox 238 5049 1825 5126; baseline 0.001 -19"><span class='ocrx_word' id='word_1_664' title='bbox 238 5069 400 5126; x_wconf 90' lang='lat' dir='ltr'><strong>quam</strong></span> <span class='ocrx_word' id='word_1_665' title='bbox 430 5051 634 5117; x_wconf 88' lang='lat' dir='ltr'><strong>hiemis,</strong></span> <span class='ocrx_word' id='word_1_666' title='bbox 651 5049 926 5121; x_wconf 70' lang='lat' dir='ltr'><strong>(equaliter</strong></span> <span class='ocrx_word' id='word_1_667' title='bbox 951 5051 1006 5105; x_wconf 91' lang='lat' dir='ltr'><strong>in</strong></span> <span class='ocrx_word' id='word_1_668' title='bbox 1019 5051 1104 5107; x_wconf 87' lang='lat' dir='ltr'><strong>die</strong></span> <span class='ocrx_word' id='word_1_669' title='bbox 1118 5050 1396 5109; x_wconf 88' lang='lat' dir='ltr'><strong>Dominica</strong></span> <span class='ocrx_word' id='word_1_670' title='bbox 1420 5063 1694 5120; x_wconf 85' lang='lat' dir='ltr'><strong>teneatur;</strong></span> <span class='ocrx_word' id='word_1_671' title='bbox 1723 5053 1825 5109; x_wconf 89' lang='lat' dir='ltr'><strong>nisi</strong></span> 
     </span>
    </p>
   </div>
   <div class='ocr_carea' id='block_1_93' title="bbox 243 5141 1817 5219">
    <p class='ocr_par' dir='ltr' id='par_1_93' title="bbox 243 5141 1817 5219">
     <span class='ocr_line' id='line_1_93' title="bbox 243 5141 1817 5219; baseline 0 -18"><span class='ocrx_word' id='word_1_672' title='bbox 243 5146 381 5219; x_wconf 78' lang='lat' dir='ltr'><strong>forte</strong></span> <span class='ocrx_word' id='word_1_673' title='bbox 416 5144 575 5218; x_wconf 90' lang='lat' dir='ltr'><strong>(quod</strong></span> <span class='ocrx_word' id='word_1_674' title='bbox 620 5141 777 5215; x_wconf 87' lang='lat' dir='ltr'><strong>absit)</strong></span> <span class='ocrx_word' id='word_1_675' title='bbox 809 5143 1016 5198; x_wconf 90' lang='lat' dir='ltr'><strong>tardius</strong></span> <span class='ocrx_word' id='word_1_676' title='bbox 1064 5157 1308 5218; x_wconf 89' lang='lat' dir='ltr'><strong>surgant,</strong></span> <span class='ocrx_word' id='word_1_677' title='bbox 1338 5157 1384 5202; x_wconf 93' lang='lat' dir='ltr'><strong>et</strong></span> <span class='ocrx_word' id='word_1_678' title='bbox 1416 5146 1616 5218; x_wconf 90' lang='lat' dir='ltr'><strong>aliquid</strong></span> <span class='ocrx_word' id='word_1_679' title='bbox 1655 5146 1720 5200; x_wconf 89' lang='lat' dir='ltr'><strong>de</strong></span> <span class='ocrx_word' id='word_1_680' title='bbox 1747 5144 1817 5202; x_wconf 86' lang='lat' dir='ltr'><strong>le-</strong></span> 
     </span>
    </p>
   </div>
   <div class='ocr_carea' id='block_1_94' title="bbox 242 5238 1828 5315">
    <p class='ocr_par' dir='ltr' id='par_1_94' title="bbox 242 5238 1828 5315">
     <span class='ocr_line' id='line_1_94' title="bbox 242 5238 1828 5315; baseline 0.001 -21"><span class='ocrx_word' id='word_1_681' title='bbox 242 5239 503 5294; x_wconf 87' lang='lat' dir='ltr'><strong>ctionibus</strong></span> <span class='ocrx_word' id='word_1_682' title='bbox 528 5238 863 5295; x_wconf 88' lang='lat' dir='ltr'><strong>breviandum</strong></span> <span class='ocrx_word' id='word_1_683' title='bbox 882 5249 958 5294; x_wconf 89' lang='lat' dir='ltr'><strong>est</strong></span> <span class='ocrx_word' id='word_1_684' title='bbox 978 5249 1069 5295; x_wconf 92' lang='lat' dir='ltr'><strong>aut</strong></span> <span class='ocrx_word' id='word_1_685' title='bbox 1097 5243 1458 5315; x_wconf 87' lang='lat' dir='ltr'><strong>responsoriis.</strong></span> <span class='ocrx_word' id='word_1_686' title='bbox 1477 5241 1631 5308; x_wconf 89' lang='lat' dir='ltr'><strong>Quod</strong></span> <span class='ocrx_word' id='word_1_687' title='bbox 1654 5250 1828 5296; x_wconf 90' lang='lat' dir='ltr'><strong>tamen</strong></span> 
     </span>
    </p>
   </div>
   <div class='ocr_carea' id='block_1_95' title="bbox 245 5334 1829 5406">
    <p class='ocr_par' dir='ltr' id='par_1_95' title="bbox 245 5334 1829 5406">
     <span class='ocr_line' id='line_1_95' title="bbox 245 5334 1829 5406; baseline -0.001 -16"><span class='ocrx_word' id='word_1_688' title='bbox 245 5335 460 5390; x_wconf 90' lang='lat' dir='ltr'><strong>omnino</strong></span> <span class='ocrx_word' id='word_1_689' title='bbox 491 5343 740 5390; x_wconf 85' lang='lat' dir='ltr'><strong>caveatur</strong></span> <span class='ocrx_word' id='word_1_690' title='bbox 762 5350 825 5389; x_wconf 89' lang='lat' dir='ltr'><strong>ne</strong></span> <span class='ocrx_word' id='word_1_691' title='bbox 841 5337 1133 5404; x_wconf 90' lang='lat' dir='ltr'><strong>proveniat.</strong></span> <span class='ocrx_word' id='word_1_692' title='bbox 1165 5335 1318 5401; x_wconf 90' lang='lat' dir='ltr'><strong>Quod</strong></span> <span class='ocrx_word' id='word_1_693' title='bbox 1338 5335 1383 5390; x_wconf 91' lang='lat' dir='ltr'><strong>si</strong></span> <span class='ocrx_word' id='word_1_694' title='bbox 1420 5335 1722 5406; x_wconf 86' lang='lat' dir='ltr'><strong>contigerit,</strong></span> <span class='ocrx_word' id='word_1_695' title='bbox 1745 5334 1829 5389; x_wconf 84' lang='lat' dir='ltr'><strong>di-</strong></span> 
     </span>
    </p>
   </div>
   <div class='ocr_carea' id='block_1_96' title="bbox 243 5423 1827 5498">
    <p class='ocr_par' dir='ltr' id='par_1_96' title="bbox 243 5423 1827 5498">
     <span class='ocr_line' id='line_1_96' title="bbox 243 5423 1827 5498; baseline 0.001 -19"><span class='ocrx_word' id='word_1_696' title='bbox 243 5442 346 5498; x_wconf 83' lang='lat' dir='ltr'><strong>gne</strong></span> <span class='ocrx_word' id='word_1_697' title='bbox 365 5424 486 5480; x_wconf 88' lang='lat' dir='ltr'><strong>inde</strong></span> <span class='ocrx_word' id='word_1_698' title='bbox 505 5424 799 5495; x_wconf 85' lang='lat' dir='ltr'><strong>satisfaciat</strong></span> <span class='ocrx_word' id='word_1_699' title='bbox 822 5423 931 5478; x_wconf 90' lang='lat' dir='ltr'><strong>Deo</strong></span> <span class='ocrx_word' id='word_1_700' title='bbox 956 5425 1013 5478; x_wconf 92' lang='lat' dir='ltr'><strong>in</strong></span> <span class='ocrx_word' id='word_1_701' title='bbox 1027 5427 1282 5493; x_wconf 88' lang='lat' dir='ltr'><strong>oratorio,</strong></span> <span class='ocrx_word' id='word_1_702' title='bbox 1305 5443 1399 5496; x_wconf 91' lang='lat' dir='ltr'><strong>per</strong></span> <span class='ocrx_word' id='word_1_703' title='bbox 1422 5425 1574 5496; x_wconf 84' lang='lat' dir='ltr'><strong>cujus</strong></span> <span class='ocrx_word' id='word_1_704' title='bbox 1603 5425 1827 5481; x_wconf 82' lang='lat' dir='ltr'><strong>evenerit</strong></span> 
     </span>
    </p>
   </div>
   <div class='ocr_carea' id='block_1_97' title="bbox 247 5515 1825 5589">
    <p class='ocr_par' dir='ltr' id='par_1_97' title="bbox 247 5515 1825 5589">
     <span class='ocr_line' id='line_1_97' title="bbox 247 5515 1825 5589; baseline 0.001 -16"><span class='ocrx_word' id='word_1_705' title='bbox 247 5515 556 5589; x_wconf 85' lang='lat' dir='ltr'><strong>neglectum.</strong></span> <span class='ocrx_word' id='word_1_706' title='bbox 587 5515 759 5587; x_wconf 88' lang='lat' dir='ltr'><strong>Digne</strong></span> <span class='ocrx_word' id='word_1_707' title='bbox 787 5515 1132 5583; x_wconf 89' lang='lat' dir='ltr'><strong>satisfacere,</strong></span> <span class='ocrx_word' id='word_1_708' title='bbox 1159 5526 1245 5573; x_wconf 90' lang='lat' dir='ltr'><strong>est</strong></span> <span class='ocrx_word' id='word_1_709' title='bbox 1279 5517 1575 5574; x_wconf 91' lang='lat' dir='ltr'><strong>secundum</strong></span> <span class='ocrx_word' id='word_1_710' title='bbox 1603 5517 1825 5575; x_wconf 89' lang='lat' dir='ltr'><strong>modum</strong></span> 
     </span>
    </p>
   </div>
   <div class='ocr_carea' id='block_1_98' title="bbox 247 5596 1826 5681">
    <p class='ocr_par' dir='ltr' id='par_1_98' title="bbox 247 5596 1826 5681">
     <span class='ocr_line' id='line_1_98' title="bbox 247 5596 1826 5681; baseline 0.001 -17"><span class='ocrx_word' id='word_1_711' title='bbox 247 5607 421 5679; x_wconf 74' lang='lat' dir='ltr'><strong>culpa:</strong></span> <span class='ocrx_word' id='word_1_712' title='bbox 457 5607 761 5681; x_wconf 86' lang='lat' dir='ltr'><strong>regularem</strong></span> <span class='ocrx_word' id='word_1_713' title='bbox 787 5596 1084 5664; x_wconf 88' lang='lat' dir='ltr'><strong>vindictam</strong></span> <span class='ocrx_word' id='word_1_714' title='bbox 1115 5609 1404 5665; x_wconf 90' lang='lat' dir='ltr'><strong>sustinere.</strong></span> <span class='ocrx_word' id='word_1_715' title='bbox 1431 5608 1568 5664; x_wconf 86' lang='lat' dir='ltr'><strong>Nam</strong></span> <span class='ocrx_word' id='word_1_716' title='bbox 1605 5609 1698 5680; x_wconf 92' lang='lat' dir='ltr'><strong>qui</strong></span> <span class='ocrx_word' id='word_1_717' title='bbox 1726 5625 1826 5680; x_wconf 91' lang='lat' dir='ltr'><strong>pro</strong></span> 
     </span>
    </p>
   </div>
   <div class='ocr_carea' id='block_1_99' title="bbox 250 5699 1826 5774">
    <p class='ocr_par' dir='ltr' id='par_1_99' title="bbox 250 5699 1826 5774">
     <span class='ocr_line' id='line_1_99' title="bbox 250 5699 1826 5774; baseline 0.001 -18"><span class='ocrx_word' id='word_1_718' title='bbox 250 5700 357 5756; x_wconf 90' lang='lat' dir='ltr'><strong>levi</strong></span> <span class='ocrx_word' id='word_1_719' title='bbox 385 5700 545 5774; x_wconf 92' lang='lat' dir='ltr'><strong>culpa</strong></span> <span class='ocrx_word' id='word_1_720' title='bbox 573 5700 836 5773; x_wconf 89' lang='lat' dir='ltr'><strong>graviter,</strong></span> <span class='ocrx_word' id='word_1_721' title='bbox 868 5707 962 5756; x_wconf 93' lang='lat' dir='ltr'><strong>aut</strong></span> <span class='ocrx_word' id='word_1_722' title='bbox 995 5714 1095 5770; x_wconf 90' lang='lat' dir='ltr'><strong>pro</strong></span> <span class='ocrx_word' id='word_1_723' title='bbox 1127 5700 1280 5771; x_wconf 86' lang='lat' dir='ltr'><strong>gravi</strong></span> <span class='ocrx_word' id='word_1_724' title='bbox 1312 5699 1504 5757; x_wconf 91' lang='lat' dir='ltr'><strong>leviter</strong></span> <span class='ocrx_word' id='word_1_725' title='bbox 1525 5699 1826 5772; x_wconf 72' lang='lat' dir='ltr'><strong>iudicatur,</strong></span> 
     </span>
    </p>
   </div>
   <div class='ocr_carea' id='block_1_100' title="bbox 251 5793 1830 5868">
    <p class='ocr_par' dir='ltr' id='par_1_100' title="bbox 251 5793 1830 5868">
     <span class='ocr_line' id='line_1_100' title="bbox 251 5793 1830 5868; baseline 0.003 -18"><span class='ocrx_word' id='word_1_726' title='bbox 251 5794 414 5866; x_wconf 85' lang='lat' dir='ltr'><strong>digne</strong></span> <span class='ocrx_word' id='word_1_727' title='bbox 439 5794 756 5853; x_wconf 85' lang='lat' dir='ltr'><strong>satisfacere</strong></span> <span class='ocrx_word' id='word_1_728' title='bbox 779 5810 888 5850; x_wconf 90' lang='lat' dir='ltr'><strong>non</strong></span> <span class='ocrx_word' id='word_1_729' title='bbox 916 5793 1152 5849; x_wconf 89' lang='lat' dir='ltr'><strong>videtur.</strong></span> <span class='ocrx_word' id='word_1_730' title='bbox 1179 5793 1304 5850; x_wconf 80' lang='lat' dir='ltr'><strong>ideo</strong></span> <span class='ocrx_word' id='word_1_731' title='bbox 1333 5803 1513 5851; x_wconf 87' lang='lat' dir='ltr'><strong>autem</strong></span> <span class='ocrx_word' id='word_1_732' title='bbox 1538 5811 1638 5868; x_wconf 87' lang='lat' dir='ltr'><strong>per</strong></span> <span class='ocrx_word' id='word_1_733' title='bbox 1675 5795 1830 5866; x_wconf 88' lang='lat' dir='ltr'><strong>cujus</strong></span> 
     </span>
    </p>
   </div>
   <div class='ocr_carea' id='block_1_101' title="bbox 252 5884 1860 5976">
    <p class='ocr_par' dir='ltr' id='par_1_101' title="bbox 252 5884 1860 5976">
     <span class='ocr_line' id='line_1_101' title="bbox 252 5884 1860 5976; baseline 0.008 -30"><span class='ocrx_word' id='word_1_734' title='bbox 252 5887 470 5963; x_wconf 77' lang='lat' dir='ltr'><strong>culpam</strong></span> <span class='ocrx_word' id='word_1_735' title='bbox 488 5888 732 5952; x_wconf 85' lang='lat' dir='ltr'><strong>evenerit</strong></span> <span class='ocrx_word' id='word_1_736' title='bbox 761 5885 820 5949; x_wconf 86' lang='lat' dir='ltr'><strong>in</strong></span> <span class='ocrx_word' id='word_1_737' title='bbox 841 5884 1107 5960; x_wconf 85' lang='lat' dir='ltr'><strong>oratorio,</strong></span> <span class='ocrx_word' id='word_1_738' title='bbox 1127 5899 1252 5950; x_wconf 86' lang='lat' dir='ltr'><strong>eum</strong></span> <span class='ocrx_word' id='word_1_739' title='bbox 1283 5884 1604 5950; x_wconf 78' lang='lat' dir='ltr'><strong>satisfacere</strong></span> <span class='ocrx_word' id='word_1_740' title='bbox 1640 5886 1825 5961; x_wconf 77' lang='lat' dir='ltr'><strong>jubet;</strong></span> <span class='ocrx_word' id='word_1_741' title='bbox 1857 5974 1860 5976; x_wconf 93' lang='lat'>_</span> 
     </span>
    </p>
   </div>
   <div class='ocr_carea' id='block_1_102' title="bbox 1934 4769 3517 4840">
    <p class='ocr_par' dir='ltr' id='par_1_102' title="bbox 1934 4769 3517 4840">
     <span class='ocr_line' id='line_1_102' title="bbox 1934 4769 3517 4840; baseline -0.004 -13"><span class='ocrx_word' id='word_1_742' title='bbox 1934 4773 2077 4840; x_wconf 88' lang='lat' dir='ltr'><strong>dine,</strong></span> <span class='ocrx_word' id='word_1_743' title='bbox 2105 4771 2292 4828; x_wconf 89' lang='lat' dir='ltr'><strong>Oratio</strong></span> <span class='ocrx_word' id='word_1_744' title='bbox 2318 4772 2618 4838; x_wconf 88' lang='lat' dir='ltr'><strong>Dominica,</strong></span> <span class='ocrx_word' id='word_1_745' title='bbox 2645 4771 2883 4826; x_wconf 91' lang='lat' dir='ltr'><strong>omnibus</strong></span> <span class='ocrx_word' id='word_1_746' title='bbox 2923 4770 3278 4835; x_wconf 90' lang='lat' dir='ltr'><strong>audientibus,</strong></span> <span class='ocrx_word' id='word_1_747' title='bbox 3307 4769 3517 4822; x_wconf 87' lang='lat' dir='ltr'><strong>dicatur</strong></span> 
     </span>
    </p>
   </div>
   <div class='ocr_carea' id='block_1_103' title="bbox 1933 4855 3515 4937">
    <p class='ocr_par' dir='ltr' id='par_1_103' title="bbox 1933 4855 3515 4937">
     <span class='ocr_line' id='line_1_103' title="bbox 1933 4855 3515 4937; baseline -0.005 -17"><span class='ocrx_word' id='word_1_748' title='bbox 1933 4883 1966 4920; x_wconf 93' lang='lat' dir='ltr'><strong>a</strong></span> <span class='ocrx_word' id='word_1_749' title='bbox 1989 4863 2182 4937; x_wconf 89' lang='lat' dir='ltr'><strong>priore,</strong></span> <span class='ocrx_word' id='word_1_750' title='bbox 2205 4874 2414 4936; x_wconf 91' lang='lat' dir='ltr'><strong>propter</strong></span> <span class='ocrx_word' id='word_1_751' title='bbox 2433 4861 2804 4918; x_wconf 89' lang='lat' dir='ltr'><strong>scandalorum</strong></span> <span class='ocrx_word' id='word_1_752' title='bbox 2824 4862 3022 4934; x_wconf 89' lang='lat' dir='ltr'><strong>spinas,</strong></span> <span class='ocrx_word' id='word_1_753' title='bbox 3046 4878 3162 4934; x_wconf 77' lang='lat' dir='ltr'><strong>qua:</strong></span> <span class='ocrx_word' id='word_1_754' title='bbox 3188 4859 3319 4913; x_wconf 89' lang='lat' dir='ltr'><strong>oriri</strong></span> <span class='ocrx_word' id='word_1_755' title='bbox 3346 4855 3515 4912; x_wconf 89' lang='lat' dir='ltr'><strong>solent</strong></span> 
     </span>
    </p>
   </div>
   <div class='ocr_carea' id='block_1_104' title="bbox 1931 4952 3515 5029">
    <p class='ocr_par' dir='ltr' id='par_1_104' title="bbox 1931 4952 3515 5029">
     <span class='ocr_line' id='line_1_104' title="bbox 1931 4952 3515 5029; baseline -0.006 -15"><span class='ocrx_word' id='word_1_756' title='bbox 1931 4959 1988 5014; x_wconf 90' lang='lat' dir='ltr'><strong>in</strong></span> <span class='ocrx_word' id='word_1_757' title='bbox 2026 4959 2340 5014; x_wconf 90' lang='lat' dir='ltr'><strong>monasterio</strong></span> <span class='ocrx_word' id='word_1_758' title='bbox 2367 4971 2386 5010; x_wconf 91' lang='lat'><strong><em>:</em></strong></span> <span class='ocrx_word' id='word_1_759' title='bbox 2414 4966 2471 5012; x_wconf 89' lang='lat' dir='ltr'><strong>ut</strong></span> <span class='ocrx_word' id='word_1_760' title='bbox 2501 4957 2738 5012; x_wconf 90' lang='lat' dir='ltr'><strong>conventi</strong></span> <span class='ocrx_word' id='word_1_761' title='bbox 2765 4973 2859 5029; x_wconf 88' lang='lat' dir='ltr'><strong>per</strong></span> <span class='ocrx_word' id='word_1_762' title='bbox 2881 4956 3046 5028; x_wconf 89' lang='lat' dir='ltr'><strong>ipsius</strong></span> <span class='ocrx_word' id='word_1_763' title='bbox 3074 4952 3327 5009; x_wconf 88' lang='lat' dir='ltr'><strong>orationis</strong></span> <span class='ocrx_word' id='word_1_764' title='bbox 3353 4966 3515 5018; x_wconf 84' lang='lat' dir='ltr'><strong>spon-</strong></span> 
     </span>
    </p>
   </div>
   <div class='ocr_carea' id='block_1_105' title="bbox 1931 5045 3514 5123">
    <p class='ocr_par' dir='ltr' id='par_1_105' title="bbox 1931 5045 3514 5123">
     <span class='ocr_line' id='line_1_105' title="bbox 1931 5045 3514 5123; baseline -0.006 -17"><span class='ocrx_word' id='word_1_765' title='bbox 1931 5052 2151 5118; x_wconf 89' lang='lat' dir='ltr'><strong>sionem,</strong></span> <span class='ocrx_word' id='word_1_766' title='bbox 2177 5068 2282 5123; x_wconf 90' lang='lat' dir='ltr'><strong>qua</strong></span> <span class='ocrx_word' id='word_1_767' title='bbox 2329 5050 2508 5104; x_wconf 87' lang='lat' dir='ltr'><strong>dicunt</strong></span> <span class='ocrx_word' id='word_1_768' title='bbox 2552 5063 2571 5102; x_wconf 92' lang='lat'><em>:</em></span> <span class='ocrx_word' id='word_1_769' title='bbox 2618 5047 2836 5104; x_wconf 85' lang='lat' dir='ltr'><strong>Dimitte</strong></span> <span class='ocrx_word' id='word_1_770' title='bbox 2881 5047 3027 5104; x_wconf 89' lang='lat' dir='ltr'><strong>nobis</strong></span> <span class='ocrx_word' id='word_1_771' title='bbox 3072 5045 3246 5100; x_wconf 90' lang='lat' dir='ltr'><strong>debita</strong></span> <span class='ocrx_word' id='word_1_772' title='bbox 3295 5051 3514 5110; x_wconf 90' lang='lat' dir='ltr'><strong>nostra,</strong></span> 
     </span>
    </p>
   </div>
   <div class='ocr_carea' id='block_1_106' title="bbox 1927 5133 3512 5212">
    <p class='ocr_par' dir='ltr' id='par_1_106' title="bbox 1927 5133 3512 5212">
     <span class='ocr_line' id='line_1_106' title="bbox 1927 5133 3512 5212; baseline -0.008 -11"><span class='ocrx_word' id='word_1_773' title='bbox 1927 5145 2060 5201; x_wconf 88' lang='lat' dir='ltr'><strong>sicut</strong></span> <span class='ocrx_word' id='word_1_774' title='bbox 2084 5152 2131 5200; x_wconf 93' lang='lat' dir='ltr'><strong>et</strong></span> <span class='ocrx_word' id='word_1_775' title='bbox 2162 5161 2254 5199; x_wconf 88' lang='lat' dir='ltr'><strong>nos</strong></span> <span class='ocrx_word' id='word_1_776' title='bbox 2284 5143 2596 5198; x_wconf 88' lang='lat' dir='ltr'><strong>dimittimus</strong></span> <span class='ocrx_word' id='word_1_777' title='bbox 2617 5143 2936 5198; x_wconf 89' lang='lat' dir='ltr'><strong>debitoribus</strong></span> <span class='ocrx_word' id='word_1_778' title='bbox 2958 5141 3148 5197; x_wconf 90' lang='lat' dir='ltr'><strong>nostris</strong></span> <span class='ocrx_word' id='word_1_779' title='bbox 3179 5133 3512 5212; x_wconf 82' lang='lat' dir='ltr'><strong>(Matth.vr),</strong></span> 
     </span>
    </p>
   </div>
   <div class='ocr_carea' id='block_1_107' title="bbox 1925 5225 3512 5310">
    <p class='ocr_par' dir='ltr' id='par_1_107' title="bbox 1925 5225 3512 5310">
     <span class='ocr_line' id='line_1_107' title="bbox 1925 5225 3512 5310; baseline -0.008 -18"><span class='ocrx_word' id='word_1_780' title='bbox 1925 5246 2146 5310; x_wconf 89' lang='lat' dir='ltr'><strong>purgent</strong></span> <span class='ocrx_word' id='word_1_781' title='bbox 2178 5253 2233 5292; x_wconf 91' lang='lat' dir='ltr'><strong>se</strong></span> <span class='ocrx_word' id='word_1_782' title='bbox 2261 5236 2326 5291; x_wconf 87' lang='lat' dir='ltr'><strong>ab</strong></span> <span class='ocrx_word' id='word_1_783' title='bbox 2354 5235 2659 5308; x_wconf 86' lang='lat' dir='ltr'><strong>hujusmodi</strong></span> <span class='ocrx_word' id='word_1_784' title='bbox 2694 5235 2837 5290; x_wconf 82' lang='lat' dir='ltr'><strong>vitio.</strong></span> <span class='ocrx_word' id='word_1_785' title='bbox 2868 5231 3083 5290; x_wconf 66' lang='lat' dir='ltr'><strong>Ceteris</strong></span> <span class='ocrx_word' id='word_1_786' title='bbox 3113 5245 3234 5286; x_wconf 92' lang='lat' dir='ltr'><strong>vero</strong></span> <span class='ocrx_word' id='word_1_787' title='bbox 3272 5225 3512 5298; x_wconf 85' lang='lat' dir='ltr'><strong>agendis,</strong></span> 
     </span>
    </p>
   </div>
   <div class='ocr_carea' id='block_1_108' title="bbox 1926 5315 3510 5400">
    <p class='ocr_par' dir='ltr' id='par_1_108' title="bbox 1926 5315 3510 5400">
     <span class='ocr_line' id='line_1_108' title="bbox 1926 5315 3510 5400; baseline -0.008 -15"><span class='ocrx_word' id='word_1_788' title='bbox 1926 5329 2115 5385; x_wconf 89' lang='lat' dir='ltr'><strong>ultima</strong></span> <span class='ocrx_word' id='word_1_789' title='bbox 2160 5345 2286 5400; x_wconf 90' lang='lat' dir='ltr'><strong>pars</strong></span> <span class='ocrx_word' id='word_1_790' title='bbox 2332 5328 2447 5400; x_wconf 87' lang='lat' dir='ltr'><strong>ejus</strong></span> <span class='ocrx_word' id='word_1_791' title='bbox 2499 5327 2752 5383; x_wconf 89' lang='lat' dir='ltr'><strong>orationis</strong></span> <span class='ocrx_word' id='word_1_792' title='bbox 2801 5327 3012 5380; x_wconf 89' lang='lat' dir='ltr'><strong>dicatur</strong></span> <span class='ocrx_word' id='word_1_793' title='bbox 3036 5340 3055 5378; x_wconf 91' lang='lat'><strong><em>:</em></strong></span> <span class='ocrx_word' id='word_1_794' title='bbox 3087 5330 3144 5376; x_wconf 90' lang='lat' dir='ltr'><strong>ut</strong></span> <span class='ocrx_word' id='word_1_795' title='bbox 3176 5320 3240 5374; x_wconf 92' lang='lat' dir='ltr'><strong>ab</strong></span> <span class='ocrx_word' id='word_1_796' title='bbox 3269 5315 3510 5374; x_wconf 89' lang='lat' dir='ltr'><strong>omnibus</strong></span> 
     </span>
    </p>
   </div>
   <div class='ocr_carea' id='block_1_109' title="bbox 1927 5410 3514 5493">
    <p class='ocr_par' dir='ltr' id='par_1_109' title="bbox 1927 5410 3514 5493">
     <span class='ocr_line' id='line_1_109' title="bbox 1927 5410 3514 5493; baseline -0.005 -17"><span class='ocrx_word' id='word_1_797' title='bbox 1927 5421 2326 5493; x_wconf 89' lang='lat' dir='ltr'><strong>respondeatur,</strong></span> <span class='ocrx_word' id='word_1_798' title='bbox 2349 5421 2440 5478; x_wconf 85' lang='lat' dir='ltr'><strong>sed</strong></span> <span class='ocrx_word' id='word_1_799' title='bbox 2461 5419 2626 5476; x_wconf 89' lang='lat' dir='ltr'><strong>libera</strong></span> <span class='ocrx_word' id='word_1_800' title='bbox 2654 5435 2748 5476; x_wconf 90' lang='lat' dir='ltr'><strong>nos</strong></span> <span class='ocrx_word' id='word_1_801' title='bbox 2769 5438 2801 5475; x_wconf 89' lang='lat' dir='ltr'><strong>a</strong></span> <span class='ocrx_word' id='word_1_802' title='bbox 2824 5415 2985 5472; x_wconf 89' lang='lat' dir='ltr'><strong>mala.</strong></span> <span class='ocrx_word' id='word_1_803' title='bbox 3017 5411 3188 5469; x_wconf 89' lang='lat' dir='ltr'><strong>Plane</strong></span> <span class='ocrx_word' id='word_1_804' title='bbox 3227 5410 3514 5482; x_wconf 85' lang='lat' dir='ltr'><strong>aliquoties</strong></span> 
     </span>
    </p>
   </div>
   <div class='ocr_carea' id='block_1_110' title="bbox 1927 5505 3514 5586">
    <p class='ocr_par' dir='ltr' id='par_1_110' title="bbox 1927 5505 3514 5586">
     <span class='ocr_line' id='line_1_110' title="bbox 1927 5505 3514 5586; baseline -0.007 -17"><span class='ocrx_word' id='word_1_805' title='bbox 1927 5529 2030 5586; x_wconf 91' lang='lat' dir='ltr'><strong>pro</strong></span> <span class='ocrx_word' id='word_1_806' title='bbox 2060 5529 2186 5570; x_wconf 87' lang='lat' dir='ltr'><strong>vere</strong></span> <span class='ocrx_word' id='word_1_807' title='bbox 2216 5521 2271 5569; x_wconf 90' lang='lat' dir='ltr'><strong>et</strong></span> <span class='ocrx_word' id='word_1_808' title='bbox 2297 5521 2480 5580; x_wconf 86' lang='lat' dir='ltr'><strong>certe,</strong></span> <span class='ocrx_word' id='word_1_809' title='bbox 2507 5510 2763 5568; x_wconf 86' lang='lat' dir='ltr'><strong>adverbio</strong></span> <span class='ocrx_word' id='word_1_810' title='bbox 2804 5506 3122 5564; x_wconf 81' lang='lat' dir='ltr'><strong>aﬂirmautis</strong></span> <span class='ocrx_word' id='word_1_811' title='bbox 3170 5505 3410 5578; x_wconf 90' lang='lat' dir='ltr'><strong>ponitur,</strong></span> <span class='ocrx_word' id='word_1_812' title='bbox 3453 5509 3514 5558; x_wconf 90' lang='lat' dir='ltr'><strong>ut</strong></span> 
     </span>
    </p>
   </div>
   <div class='ocr_carea' id='block_1_111' title="bbox 1931 5598 3516 5682">
    <p class='ocr_par' dir='ltr' id='par_1_111' title="bbox 1931 5598 3516 5682">
     <span class='ocr_line' id='line_1_111' title="bbox 1931 5598 3516 5682; baseline -0.008 -22"><span class='ocrx_word' id='word_1_813' title='bbox 1931 5604 2202 5682; x_wconf 77' lang='lat' dir='ltr'><strong>Propheta</strong></span> <span class='ocrx_word' id='word_1_814' title='bbox 2231 5605 2308 5662; x_wconf 89' lang='lat' dir='ltr'><strong>ait</strong></span> <span class='ocrx_word' id='word_1_815' title='bbox 2336 5626 2351 5661; x_wconf 88' lang='lat'><strong>:</strong></span> <span class='ocrx_word' id='word_1_816' title='bbox 2383 5603 2498 5677; x_wconf 84' lang='lat' dir='ltr'><strong>Ego</strong></span> <span class='ocrx_word' id='word_1_817' title='bbox 2527 5604 2640 5658; x_wconf 81' lang='lat' dir='ltr'><strong>dixi</strong></span> <span class='ocrx_word' id='word_1_818' title='bbox 2669 5601 2824 5673; x_wconf 88' lang='lat' dir='ltr'><strong>plane</strong></span> <span class='ocrx_word' id='word_1_819' title='bbox 2859 5599 3008 5656; x_wconf 74' lang='lat' dir='ltr'><strong>:hazc</strong></span> <span class='ocrx_word' id='word_1_820' title='bbox 3047 5598 3294 5671; x_wconf 89' lang='lat' dir='ltr'><strong>iniquitas</strong></span> <span class='ocrx_word' id='word_1_821' title='bbox 3319 5609 3516 5665; x_wconf 87' lang='lat' dir='ltr'><strong>magna</strong></span> 
     </span>
    </p>
   </div>
   <div class='ocr_carea' id='block_1_112' title="bbox 1931 5692 3516 5772">
    <p class='ocr_par' dir='ltr' id='par_1_112' title="bbox 1931 5692 3516 5772">
     <span class='ocr_line' id='line_1_112' title="bbox 1931 5692 3516 5772; baseline -0.011 -16"><span class='ocrx_word' id='word_1_822' title='bbox 1931 5710 2028 5767; x_wconf 89' lang='lat' dir='ltr'><strong>est,</strong></span> <span class='ocrx_word' id='word_1_823' title='bbox 2053 5710 2101 5755; x_wconf 92' lang='lat' dir='ltr'><strong>et</strong></span> <span class='ocrx_word' id='word_1_824' title='bbox 2129 5700 2347 5772; x_wconf 90' lang='lat' dir='ltr'><strong>portabo</strong></span> <span class='ocrx_word' id='word_1_825' title='bbox 2375 5698 2523 5754; x_wconf 77' lang='lat' dir='ltr'><strong>illam</strong></span> <span class='ocrx_word' id='word_1_826' title='bbox 2563 5695 2780 5768; x_wconf 79' lang='lat' dir='ltr'><strong>(Ezech.</strong></span> <span class='ocrx_word' id='word_1_827' title='bbox 2804 5694 2939 5766; x_wconf 78' lang='lat' dir='ltr'><strong>xiv).</strong></span> <span class='ocrx_word' id='word_1_828' title='bbox 2973 5692 3072 5748; x_wconf 81' lang='lat' dir='ltr'><strong>Hic</strong></span> <span class='ocrx_word' id='word_1_829' title='bbox 3102 5699 3280 5748; x_wconf 77' lang='lat' dir='ltr'><strong>autem</strong></span> <span class='ocrx_word' id='word_1_830' title='bbox 3311 5703 3410 5760; x_wconf 89' lang='lat' dir='ltr'><strong>pro</strong></span> <span class='ocrx_word' id='word_1_831' title='bbox 3433 5694 3516 5740; x_wconf 83' lang='lat' dir='ltr'><strong>ta-</strong></span> 
     </span>
    </p>
   </div>
   <div class='ocr_carea' id='block_1_113' title="bbox 1933 5779 3515 5861">
    <p class='ocr_par' dir='ltr' id='par_1_113' title="bbox 1933 5779 3515 5861">
     <span class='ocr_line' id='line_1_113' title="bbox 1933 5779 3515 5861; baseline -0.009 -13"><span class='ocrx_word' id='word_1_832' title='bbox 1933 5809 2060 5850; x_wconf 89' lang='lat' dir='ltr'><strong>men</strong></span> <span class='ocrx_word' id='word_1_833' title='bbox 2084 5791 2169 5848; x_wconf 82' lang='lat' dir='ltr'><strong>vel</strong></span> <span class='ocrx_word' id='word_1_834' title='bbox 2200 5808 2323 5848; x_wconf 88' lang='lat' dir='ltr'><strong>nam</strong></span> <span class='ocrx_word' id='word_1_835' title='bbox 2345 5787 2814 5861; x_wconf 88' lang='lat' dir='ltr'><strong>conjunctionibus</strong></span> <span class='ocrx_word' id='word_1_836' title='bbox 2857 5785 3096 5857; x_wconf 89' lang='lat' dir='ltr'><strong>ponitur.</strong></span> <span class='ocrx_word' id='word_1_837' title='bbox 3123 5779 3515 5840; x_wconf 88' lang='lat' dir='ltr'><strong>Scandalorum</strong></span> 
     </span>
    </p>
   </div>
   <div class='ocr_carea' id='block_1_114' title="bbox 1934 5870 3517 5962">
    <p class='ocr_par' dir='ltr' id='par_1_114' title="bbox 1934 5870 3517 5962">
     <span class='ocr_line' id='line_1_114' title="bbox 1934 5870 3517 5962; baseline -0.009 -16"><span class='ocrx_word' id='word_1_838' title='bbox 1934 5893 2117 5948; x_wconf 87' lang='lat' dir='ltr'><strong>autem</strong></span> <span class='ocrx_word' id='word_1_839' title='bbox 2139 5884 2308 5962; x_wconf 83' lang='lat' dir='ltr'><strong>spinae</strong></span> <span class='ocrx_word' id='word_1_840' title='bbox 2332 5884 2439 5945; x_wconf 89' lang='lat' dir='ltr'><strong>hoc</strong></span> <span class='ocrx_word' id='word_1_841' title='bbox 2458 5881 2517 5945; x_wconf 89' lang='lat' dir='ltr'><strong>in</strong></span> <span class='ocrx_word' id='word_1_842' title='bbox 2546 5881 2668 5943; x_wconf 88' lang='lat' dir='ltr'><strong>loco</strong></span> <span class='ocrx_word' id='word_1_843' title='bbox 2688 5879 3061 5955; x_wconf 84' lang='lat' dir='ltr'><strong>intelliguntur</strong></span> <span class='ocrx_word' id='word_1_844' title='bbox 3087 5878 3202 5950; x_wconf 68' lang='lat' dir='ltr'><strong>irae,</strong></span> <span class='ocrx_word' id='word_1_845' title='bbox 3229 5870 3517 5952; x_wconf 69' lang='lat' dir='ltr'><strong>rixaz,_d_is:</strong></span> 
     </span>
    </p>
   </div>
  </div>
