3994 6460
231 429 334 497 857

230 547 405 626 (Psal.
431 542 578 615 CXL).
609 540 688 595 De

229 609 403 705 incus,
433 637 502 691 ad
532 609 580 689 te
600 632 664 687 de
699 630 811 684 luce
840 625 994 698 vigilo
1019 638 1038 678 :
1066 633 1112 679 et
1139 624 1196 678 in
1220 616 1490 678 matutinis
1518 609 1810 672 meditabor

230 736 290 791 in
324 742 393 799 te,
413 730 539 802 quia
560 725 707 797 fuisti
740 721 956 793 adjutor
988 733 1134 773 mus
1171 712 1346 787 (Psai.
1376 710 1569 770 amt).

804 834 1032 892 CAPUT
1070 831 1229 888 XVII.

347 918 548 985 Quanti
573 913 762 986 psalmi
789 925 882 981 per
909 905 1116 962 easdem
1142 905 1298 958 horas
1325 897 1547 956 canendi
1566 896 1692 956 sint.

310 984 433 1063 lam
450 1006 514 1059 de
539 984 828 1060 Nocturnis
849 995 925 1053 vel
949 993 1226 1050 Matutinis
1250 991 1556 1062 digessimus
1578 984 1816 1043 ordinem

235 1097 565 1171 psalmodioe,
586 1108 722 1147 nunc
736 1090 800 1144 de
815 1086 1142 1159 sequentibus
1161 1083 1306 1139 horis
1324 1080 1609 1138 videamus.
1631 1073 1816 1130 Prima

237 1166 368 1244 hora
406 1188 653 1242 dicantur
675 1181 864 1254 psalmi
885 1188 1008 1244 tres,
1038 1174 1370 1247 singillatim,
1390 1180 1559 1226 etnon
1580 1166 1674 1223 sub
1708 1180 1816 1222 una

241 1281 444 1338 Gloria.
478 1278 715 1349 Hymnus
739 1273 972 1345 ejusdem
1000 1271 1166 1335 horas,
1187 1276 1302 1339 post
1330 1279 1556 1327 versum,
1587 1259 1732 1320 Deus
1761 1257 1817 1315 in

239 1375 572 1448 adjutorium
595 1385 768 1426 meum
789 1365 1016 1430 intende,
1035 1373 1314 1433 antequam
1340 1356 1529 1430 psalmi
1554 1353 1817 1426 incipian-

241 1486 348 1531 tur.
382 1475 508 1529 Post
537 1471 880 1536 expletionem
903 1481 1023 1521 vero
1053 1461 1213 1516 trium
1254 1453 1599 1528 psalmorum,
1629 1443 1816 1499 recite-

241 1581 331 1627 tur
357 1570 507 1625 lectio
535 1585 662 1632 una,
689 1580 886 1628 versus,
909 1569 957 1616 et
987 1557 1150 1628 Kyrie
1189 1552 1403 1613 eleison,
1424 1557 1470 1600 et
1491 1543 1664 1597 missa:
1693 1538 1816 1592 sint.

246 1661 424 1719 Tertia
467 1676 608 1725 vero,
637 1655 796 1713 Sexta
826 1664 872 1709 et
911 1651 1069 1707 Nona
1112 1646 1291 1702 eodem
1321 1639 1503 1696 ordine
1531 1632 1823 1689 celebratur

243 1755 436 1819 oratio,
464 1751 520 1813 id
571 1760 667 1817 est,
708 1763 888 1804 versus
921 1758 939 1797 :
974 1740 1153 1818 hymni
1193 1732 1496 1792 earumdem
1545 1726 1819 1786 horarum,

1553 1828 1601 1873 et
1648 1826 1824 1872 πιιεδω

245 1942 371 1997 sint.
405 1940 464 1995 Si
494 1937 668 2008 major
705 1929 1035 2005 congregatio
1087 1921 1276 1994 fuerit,
1313 1932 1434 1972 cum
1478 1911 1624 1981 antip

247 2033 295 2088 si
322 2048 436 2087 vero
466 2001 658 2092 minor,
683 2027 739 2080 in
767 2001 1020 2078 directum
1043 2013 1355 2088 psallantur.
1392 2001 1699 2074 Vespertina
1729 2014 1828 2052 au-

252 2134 354 2178 tem
382 2088 854 2194 synaxis'quatuor
889 2109 1116 2166 Psalmis
1145 2121 1264 2159 cum
1309 2093 1606 2168 antiphonis
1658 2088 1832 2146 termi-

251 2182 432 2278 netur:
448 2219 560 2283 post
579 2182 708 2278 quos
734 2204 962 2277 psalmos
987 2195 1222 2270 Apostoli
1245 2192 1398 2246 lectio
1427 2182 1696 2244 recitanda
1731 2187 1832 2242 est,

249 2303 373 2358 inde
392 2271 798 2372 responsorium,
821 2292 1244 2350 Ambrosianum,
1265 2298 1464 2347 versus,
1489 2277 1752 2334 canticum
1771 2271 1836 2328 de

254 2371 562 2466 Evangelia,
588 2392 774 2445 litania
801 2399 849 2443 et
884 2386 1054 2441 oratio
1081 2379 1379 2442 Dominica,
1405 2383 1452 2429 et
1483 2373 1615 2442 [iant
1638 2371 1833 2424 missw.

255 2463 663 2558 Completorium
687 2491 860 2535 autem
889 2478 1047 2533 trium
1082 2471 1408 2545 psalmorum
1453 2463 1681 2518 dictione
1728 2469 1836 2513 ter-

259 2549 510 2632 minetur.
545 2573 649 2640 Qui
696 2569 885 2643 psalmi
928 2568 1224 2621 directanee
1257 2561 1370 2615 sine
1418 2553 1705 2626 antiphona
1758 2549 1840 2603 dio

261 2667 414 2723 cendi
443 2675 585 2721 sunt.
631 2641 760 2718 Post
795 2676 926 2732 quos
951 2659 1174 2728 hymnus
1214 2651 1450 2723 ejusdem
1493 2647 1658 2707 horai,
1687 2641 1839 2697 lectio

260 2779 394 2826 una,
414 2760 616 2824 versus,
637 2755 802 2826 Kyrie
831 2752 1047 2814 eleison,
1077 2745 1387 2806 benedictio,
1416 2749 1463 2798 et
1510 2746 1623 2810 post
1667 2735 1841 2791 missae

265 2855 417 2924 fiant.
443 2850 596 2918 Quod
631 2848 752 2902 aliis
779 2846 834 2901 in
862 2844 996 2900 locis
1031 2840 1178 2902 dicit,
1209 2846 1256 2892 et
1281 2831 1590 2904 completum
1615 2836 1712 2892 est,
1741 2827 1844 2882 hac

265 2921 324 3000 in
353 2939 613 3005 clausula,
633 2948 683 2994 et
710 2939 885 2991 missis
919 2942 1062 2997 sunt,
1091 2930 1246 2995 dicit,
1268 2936 1316 2981 et
1345 2925 1517 2979 missa:
1545 2921 1674 2990 ﬁant
1697 2931 1846 2988 repe-

268 3037 352 3091 tit.
376 3034 660 3090 Orationes
679 3031 825 3086 enim
853 3027 1036 3091 ofﬁcii,
1053 3039 1171 3096 qua:
1192 3039 1222 3077 a
1248 3020 1403 3076 nobis
1420 3013 1719 3085 completas,
1735 3009 1846 3066 Deo

270 3135 395 3182 sunt
449 3124 651 3189 missae,
688 3122 815 3192 quia
861 3120 916 3174 in
968 3117 1110 3172 illius
1155 3115 1358 3168 honore
1388 3115 1512 3164 sunt
1539 3105 1842 3160 celebratae.

270 3216 447 3272 Aliter
479 3214 770 3278 orationes,
800 3213 854 3267 id
883 3219 967 3266 est
991 3207 1246 3269 collectae,
1273 3217 1393 3273 quae
1421 3201 1476 3254 in
1507 3198 1615 3253 ﬁne
1653 3208 1848 3250 cursus

274 3323 308 3362 a
341 3307 622 3362 sacerdote
649 3305 906 3360 dicuntur
928 3301 1124 3364 missa,
1150 3297 1205 3352 id
1231 3302 1335 3360 est,
1368 3291 1480 3347 Deo
1516 3286 1848 3344 transmissae

273 3407 557 3456 vocantur.
588 3398 635 3453 Δ
655 3397 939 3454 sacerdote
961 3393 1105 3449 enim
1126 3390 1434 3450 mittuntur,
1457 3383 1550 3438 sed
1575 3397 1604 3436 a
1630 3381 1742 3438 Deo
1763 3392 1853 3434 ac-

278 3496 574 3567 cipiuntur.
609 3493 746 3548 Hinc
781 3498 838 3547 et
865 3488 1052 3544 litania
1081 3481 1421 3541 solemnitate
1456 3475 1638 3543 aliqua
1670 3471 1724 3526 in
1753 3469 1856 3528 Eo-

277 3587 445 3643 clesis
463 3583 978 3649 celebrata,elevata
1003 3592 1158 3644 voce,
1175 3583 1233 3632 et
1257 3587 1356 3645 per
1375 3564 1672 3627 sacerdotis
1696 3559 1856 3623 mini-

279 3679 509 3736 sterium
525 3676 639 3747 jam
663 3676 775 3732 Deo
792 3681 876 3730 est
900 3673 1086 3728 missa.

851 3781 1077 3840 CAPUT
1109 3775 1289 3834 XVIII.

602 3859 721 3926 Quo
746 3857 928 3913 ordine
949 3852 1139 3926 psalmi
1175 3843 1381 3903 dicendi
1407 3844 1533 3901 sint.

358 3959 426 4016 In
473 3958 658 4030 primis
704 3969 904 4024 semper
935 3949 1140 4006 diurnis
1179 3945 1322 4004 horis
1371 3939 1580 3995 dicatur
1635 3943 1859 3990 versus:

285 4051 452 4115 Deus,
474 4019 535 4102 in
563 4019 888 4117 adiutorium
915 4057 1086 4097 meum
1114 4035 1354 4096 intende;
1385 4028 1627 4090 Domine.
1661 4023 1729 4080 ad
1761 4019 1859 4076 ad-

278 4112 578 4211 juvandum
613 4112 695 4191 me
717 4135 907 4206 festina
933 4147 951 4186 :
980 4140 1027 4185 et
1071 4125 1275 4182 Gloria.
1327 4121 1464 4177 Hinc
1509 4112 1864 4176 Cassiodorus

289 4233 370 4289 ait
399 4250 411 4287 :
447 4230 599 4286 Tunc
621 4199 764 4284 enim
806 4221 1135 4295 adjutorium
1160 4214 1461 4286 poscimus,
1484 4203 1700 4277 quando
1729 4199 1867 4271 peli-

291 4324 416 4381 culo
439 4320 798 4389 subjacemus,
824 4291 887 4372 ut
909 4314 1089 4383 aliquo
1118 4306 1358 4365 remedio
1401 4295 1694 4360 sublevati,
1725 4291 1869 4350 cala-

293 4419 513 4475 mitates
566 4414 903 4468 diversarum
959 4405 1227 4478 possimus
1277 4399 1494 4454 vincere
1533 4389 1866 4462 passionum.

297 4507 521 4565 Intende
544 4505 696 4569 dicit,
722 4502 984 4573 propitius
1005 4497 1244 4566 respice;
1267 4491 1393 4561 quia
1414 4485 1595 4544 omnia
1612 4478 1872 4548 Dominus

299 4602 466 4659 etiam
488 4613 611 4654 cum
633 4570 740 4652 non
770 4570 1008 4666 rogatur,
1038 4587 1298 4661 agnoscit.
1327 4582 1543 4640 Festina
1582 4589 1711 4646 ergo
1740 4570 1875 4626 dicit

301 4696 550 4759 Domino,
580 4692 671 4763 qui
705 4663 995 4750 festinabat
1031 4683 1099 4738 de
1135 4677 1292 4747 huius
1329 4671 1509 4734 saeculi
1545 4666 1698 4723 clade
1743 4663 1877 4718 libe-

303 4789 437 4846 rari.
463 4755 798 4843 Generaliter
823 4780 967 4834 hunc
1003 4776 1182 4832 locum
1224 4763 1642 4825 facundissimus
1671 4755 1883 4813 Cassia-

307 4897 410 4938 nus
437 4881 490 4934 in
526 4877 733 4933 decima
768 4870 1051 4928 collatione
1096 4861 1327 4936 plurima
1367 4857 1434 4913 de
1481 4853 1598 4924 ejus
1649 4846 1884 4910 utilitate

309 4975 602 5034 disserens,
627 4975 777 5023 tanto
800 4966 1003 5020 honore
1028 4953 1467 5016 concelebrat,ut
1485 4940 1746 5016 quidquid
1770 4953 1886 4993 mo-

312 5064 472 5120 nachi
508 5057 918 5129 assumpserint,
948 5052 1064 5108 sine
1093 5047 1252 5117 huius
1274 5038 1529 5100 versiculi
1552 5036 1695 5108 trina
1722 5032 1887 5088 itera-

315 5153 462 5208 tione
488 5169 594 5208 non
619 5123 892 5210 inchoent,
915 5157 1078 5213 quem
1102 5136 1331 5209 repetita
1361 5128 1558 5200 saepius
1582 5123 1739 5182 laude
1757 5138 1888 5177 cou-

316 5252 598 5322 geminans
626 5245 787 5300 nimis
815 5240 999 5297 utilem
1029 5236 1221 5307 probat
1245 5244 1366 5286 esse
1389 5224 1506 5295 ejus
1545 5217 1887 5278 memoriam.

389 5339 523 5395 Inde
547 5339 769 5408 hymnus
798 5306 1210 5399 uniuscuiusque
1262 5322 1426 5380 horae.
1480 5309 1680 5372 Deinde
1724 5306 1896 5378 prima

323 5435 453 5488 liora
483 5401 776 5493 Dominica,
799 5421 1023 5480 dicenda
1047 5427 1272 5491 quatuor
1298 5407 1528 5481 capitula
1568 5401 1756 5476 psalmi
1780 5415 1898 5462 cen-

1259 401 1616 470 couuen'r.
1654 397 1724 468 ut
1759 389 1924 473 nec.
1965 388 2028 472 β.
2063 381 2444 470 BENEDICTI.

723 533 1002 593 Matutiuls
1047 538 1228 592 autem
1274 526 1408 583 dicit
1438 541 1454 580 :
1484 522 1629 580 Deus
1658 516 1800 582 Deus
1829 517 2066 584 Auttu
2115 503 2186 564 ad
2228 499 2586 578 Dominicam,
2613 494 2860 578 dicantur
2910 502 3001 578 per
3050 483 3286 538 ordinem
3345 476 3483 532 terni

2436 589 2446 593 -
2769 581 2779 593 .
2847 581 2859 592 .
3404 565 3483 593 ,η

3374 351 3481 443 8³⁸

1908 565 2132 670 psblmi,
2167 565 2327 668 usque
2377 589 2446 652 ad
2491 565 2684 644 nonum
2746 565 3002 636 decimum
3049 572 3330 647 psalmum.
3397 565 3484 622 Ita

1909 706 2036 746 sane
2089 697 2146 741 ut
2177 658 2354 739 lno'nus
2404 677 2636 753 psalmus
2684 683 2731 729 et
2785 670 3031 744 septimus
3085 665 3314 720 decimus
3355 658 3485 715 divi-

1910 781 2104 836 dantur
2124 779 2181 832 in
2207 776 2352 830 binas
2375 751 2602 828 Clarias.
2628 767 2696 824 Et
2726 765 2800 828 sic
2831 763 2928 834 ﬁat
2950 768 3008 816 ut
3030 757 3097 813 ad
3135 755 3348 826 Vigilias
3378 751 3487 806 Do—

1911 872 2104 928 minica
2131 883 2330 938 semper
2350 883 2383 919 a
2405 862 2642 928 vicesimo
2666 856 2967 928 incipiatur.
2992 851 3070 912 Ad
3095 848 3324 904 Tertiam
3342 859 3484 909 vero,

1914 963 2129 1020 Sexlam
2152 969 2198 1016 et
2230 958 2442 1014 Nonum
2469 949 2710 1008 secunda:
2742 947 2886 1016 feria:
2908 959 3083 998 novem
3108 937 3488 1010 capitula,quat

1917 1055 2129 1112 residua
2159 1059 2281 1106 sunt
2304 1048 2368 1104 de
2406 1043 2682 1103 centesimo
2711 1038 2908 1093 decimo
2937 1043 3115 1089 octavo
3135 1027 3490 1102 psalmo,ipsa

1917 1158 2068 1202 terna
2116 1161 2208 1224 per
2252 1140 2460 1196 easdem
2509 1137 2666 1191 horas
2720 1130 2982 1184 dicantur.
3043 1126 3285 1195 Eapenso
3331 1119 3496 1192 igitur

1916 1212 2127 1310 psalmo.
2173 1232 2453 1290 centesimo
2504 1237 2680 1283 octavo
2732 1222 2932 1281 decimo
2965 1216 3166 1298 duobus
3204 1213 3407 1292 diebus,
3439 1212 3494 1266 id

1917 1344 2016 1399 est,
2041 1328 2316 1388 Dominica
2353 1334 2399 1379 et
2429 1321 2658 1379 secunda
2701 1318 2856 1389 feria,
2880 1311 3033 1368 tertia
3085 1309 3218 1380 feria
3262 1307 3382 1378 jam
3428 1302 3499 1359 ad

1924 1395 2173 1487 Tertiam,
2197 1417 2412 1476 Sextum
2436 1411 2514 1468 vel
2538 1411 2751 1470 Nonum
2771 1403 3067 1479 psallantur
3091 1399 3225 1454 terni
3253 1395 3441 1468 psalmi
3465 1412 3500 1448 a

1922 1513 2198 1570 centesimo
2230 1524 2366 1563 nono
2391 1505 2592 1561 decimo
2625 1515 2786 1572 usque
2815 1496 2883 1550 ad
2927 1491 3263 1548 centesimum
3314 1486 3496 1541 vicesi-

1923 1623 2066 1660 mum
2089 1604 2388 1668 septimum,
2427 1597 2482 1651 id
2512 1604 2608 1661 est,
2632 1590 2820 1663 psalmi
2848 1601 3047 1642 novem.
3078 1581 3282 1651 Quique
3310 1574 3502 1648 psalmi

1922 1717 2122 1772 semper
2137 1713 2299 1770 usque
2329 1694 2397 1750 ad
2427 1689 2755 1756 Dominicam
2783 1700 2873 1756 per
2900 1677 3106 1736 easdem
3131 1676 3286 1729 horas
3323 1669 3506 1725 itidem

1924 1760 2571 1865 repetantur,hymnorum
2598 1775 2954 1840 nihilominus,
2985 1768 3264 1824 lectionum
3286 1760 3363 1817 vel
3391 1775 3507 1814 ver-

1650 1851 1821 1872 um...
1929 1851 1940 1858 ρ
1981 1851 1992 1865 .
2234 1851 2243 1857 .
2297 1851 2319 1858 ,

1627 1908 1777 1963 bona,
1803 1920 1821 1968 ;
1852 1884 1900 1954 Β
1927 1901 2080 1944 suum
2102 1879 2442 1953 dispositione
2468 1869 2720 1944 uniformi
2747 1865 2948 1921 cunctis
2977 1859 3158 1916 diebus
3186 1864 3408 1912 servata.
3439 1851 3509 1906 Et

1928 1980 2004 2032 ita
2044 1975 2260 2037 scclicet,
2293 1980 2350 2024 ut
2377 1981 2579 2037 semper
2606 1959 2883 2016 Dominica
2930 1973 2963 2010 a
3007 1951 3284 2008 centesimo
3333 1955 3510 2002 octavo

1931 2067 2132 2124 decimo
2159 2061 2474 2132 incipiatur.
2522 2053 2746 2124 Vespera
2791 2057 2964 2102 autem
3012 2040 3244 2116 quotidie
3284 2046 3510 2110 quatuor

1932 2157 2254 2233 psalmorum
2270 2129 2625 2206 modulatione
2648 2149 2890 2198 canatur.
2912 2135 3016 2202 Qui
3041 2132 3230 2206 psalmi
3251 2129 3508 2200 incipian-

1936 2259 2023 2312 tur
2045 2265 2077 2302 a
2108 2242 2384 2320 centesimo
2413 2253 2550 2293 nono
2576 2249 2739 2306 usque
2767 2229 2836 2286 ad
2866 2221 3200 2283 centesimum
3227 2219 3516 2294 quadrage-

1936 2317 2144 2398 simum
2179 2335 2476 2408 septimum,
2525 2327 2749 2399 exceptis
2802 2323 2882 2377 his
2907 2313 3006 2393 qui
3030 2319 3087 2372 in
3124 2315 3339 2370 diversis
3372 2310 3516 2366 horis

1937 2449 2002 2489 ea:
2048 2431 2122 2488 eis
2150 2433 2560 2500 sequestrantur,
2591 2420 2645 2475 id
2684 2425 2780 2483 est,
2814 2432 2845 2470 a
2881 2410 3159 2468 centesimo
3185 2407 3401 2478 septimo
3424 2402 3515 2457 de-

1940 2527 2074 2582 cimo
2121 2537 2282 2589 usque
2327 2519 2395 2572 ad
2445 2512 2777 2572 centesimum
2807 2505 3105 2564 vicesimum
3135 2500 3430 2574 septimum,
3467 2503 3517 2548 et

1940 2617 2218 2676 centesimo
2244 2610 2507 2670 tricesimo
2529 2604 2680 2661 tertio
2700 2643 2715 2669 ,
2735 2609 2783 2656 et
2813 2597 3089 2654 centesimo
3117 2589 3517 2664 quadragesimo

1941 2707 2189 2783 secundo.
2240 2701 2450 2774 Reliqui
2488 2713 2662 2754 omnes
2693 2695 2750 2750 in
2785 2689 3010 2762 Vespera
3038 2681 3246 2740 dicendi
3283 2687 3421 2736 sunt.
3452 2676 3522 2732 Et

1941 2780 2072 2876 quia.
2104 2798 2277 2856 minus
2306 2770 2514 2850 veniunt
2555 2800 2658 2844 tres
2695 2781 2908 2858 psalmi,
2932 2779 3050 2837 ideo
3079 2770 3344 2831 dividendi
3398 2774 3520 2824 sunt

1943 2858 2034 2969 qui
2058 2895 2113 2949 in
2154 2904 2370 2946 numero
2417 2879 2776 2954 suprascripto
2813 2875 3056 2947 fortiores
3082 2866 3440 2929 inveniuntur,
3465 2858 3522 2915 id

1945 2996 2043 3052 est,
2067 2981 2375 3039 centesimus
2402 2974 2694 3031 tricesimus
2719 2977 2954 3032 octavus,
2981 2972 3030 3019 et
3060 2958 3370 3016 centesimus
3390 2969 3524 3026 qua-

1875 3246 1919 3315 c
1952 3281 2069 3322 cum
2093 3259 2366 3322 centesimo
2383 3249 2768 3327 quintodecimo
2785 3243 3154 3314 conjungatur.
3173 3235 3386 3306 Digesto
3413 3246 3534 3302 ergo

1955 3357 2136 3436 ordine
2166 3321 2487 3432 psalmorum
2531 3340 2958 3414 vespertinorum,
2985 3330 3205 3414 reliqua,
3236 3325 3291 3379 id
3335 3331 3431 3388 est,
3455 3321 3531 3376 le-

1957 3413 1970 3436 Γ
1991 3413 1997 3417 ⁷
2023 3413 2030 3418 '
2117 3413 2122 3418 ‘
2166 3413 2180 3432 ι
2619 3413 2623 3414 ν

1956 3451 2149 3508 ctiones
2168 3488 2183 3514 ,
2211 3438 2539 3515 responsoria
2558 3478 2572 3504 ,
2606 3431 2806 3505 hymni,
2835 3441 3009 3483 versus
3035 3421 3110 3477 vel
3140 3418 3368 3482 cantica,
3391 3413 3528 3468 sicut

1956 3558 2118 3613 supra
2161 3509 2479 3598 taxavimus,
2507 3525 2842 3600 impleantur.
2883 3517 2964 3572 Ad
2997 3509 3391 3585 completorium
3417 3521 3537 3562 vero

1958 3609 2116 3700 iidem
2140 3629 2330 3704 psalmi
2353 3632 2654 3698 repetantur
2687 3613 2940 3690 quotidie,
2967 3609 3023 3664 id
3051 3616 3147 3671 est,
3181 3611 3421 3678 quartus,
3448 3615 3544 3654 no-

1961 3689 2256 3798 nagesiinus
2293 3729 2341 3776 et
2371 3689 2679 3778 centesimus
2702 3689 3000 3780 trigesimus
3022 3698 3225 3754 tertius.
3271 3689 3540 3762 Disposito

1963 3781 2144 3876 ordine
2188 3809 2495 3886 psalmodia:
2547 3805 2790 3868 diurnae,
2820 3795 3005 3868 reliqui
3047 3805 3222 3846 omnes
3247 3783 3436 3859 psalmi
3457 3781 3548 3853 qui

1965 3873 2274 3984 supersunt,
2314 3897 2585 3974 wqualiter
2625 3891 2931 3948 dividantur
2981 3884 3037 3938 in
3081 3889 3273 3952 septem
3317 3873 3547 3931 nocu'um

1967 3969 2193 4072 vigilias,
2208 3969 2484 4072 partiendo
2499 3983 2797 4057 scilicetqui
2820 3983 2955 4035 inter
2981 3991 3066 4030 eos
3089 3969 3401 4045 prolixiores
3428 3973 3552 4020 sunt

1967 4092 2177 4170 psalmi,
2207 4061 2254 4144 et
2291 4083 2565 4141 duodecim
2596 4095 2688 4150 per
2718 4080 3137 4142 unamquamque
3159 4061 3546 4116 constituantur

3129 4165 3138 4170 ι
3219 4155 3230 4168 ο
3422 4149 3546 4170 ι’--,-

1971 4149 1991 4170 Γ
2019 4163 2022 4166 .
2165 4149 2175 4155 -
2599 4149 2606 4150 ,

1971 4194 2193 4242 noctem.
2229 4179 2344 4234 Hoc
2373 4175 2634 4249 prcrcipue
2664 4170 3042 4223 commonentes
3083 4165 3140 4212 ut
3185 4155 3230 4210 si
3285 4150 3371 4206 cui
3418 4149 3552 4221 forte

1972 4281 2082 4332 ha’c
2119 4241 2415 4329 distributio
2465 4241 2788 4338 psalmorum
2845 4251 3193 4326 displicuerit,
3243 4246 3468 4309 ordinet,
3510 4241 3558 4296 si

1973 4369 2159 4426 melius
2185 4365 2339 4422 aliter
2359 4335 2690 4432 iudicaverit.
2725 4351 2876 4406 Hanc
2899 4355 3075 4402 autem
3095 4340 3424 4416 psalmorum
3447 4335 3556 4392 dis-

1976 4460 2327 4519 tributionem
2359 4428 2472 4509 non
2513 4456 2686 4506 totum
2741 4440 2973 4499 ollicium
3009 4436 3202 4492 beatus
3233 4428 3557 4488 Benedictus

1978 4556 2033 4611 in
2061 4548 2354 4622 iudicantis
2379 4543 2558 4620 posuit
2580 4536 2886 4599 arbitrium,
2911 4533 3016 4590 hoc
3044 4526 3312 4604 praecipue
3333 4534 3561 4580 monens

1983 4654 2044 4722 ut
2061 4609 2159 4716 qui
2180 4641 2294 4696 vult
2314 4609 2452 4693 hanc
2466 4631 2796 4708 psalmorum
2823 4618 3253 4698 distributionem
3268 4609 3564 4670 secundum
3616 4629 3619 4634 -

2567 4721 2570 4722 ⁷
2612 4721 2617 4722 ⁷
2836 4720 2840 4722 λ
2995 4718 3005 4722 λ
3062 4707 3099 4722 Α
3145 4707 3156 4720 ⁸
3197 4721 3205 4722 κ
3262 4713 3360 4722 ι-κ--
3408 4699 3564 4722 -12Αιι-

1987 4709 2138 4791 suam
2167 4740 2351 4786 tenere
2376 4721 2806 4794 dispositionem,
2831 4718 3031 4768 teneat.
3059 4707 3159 4776 Qui
3188 4713 3367 4760 autem
3404 4699 3564 4755 aliter

1988 4816 2551 4891 meliusjudicaverit,
2596 4811 2742 4866 illam
2791 4816 3001 4872 tenens,
3048 4802 3211 4856 istam
3245 4797 3364 4853 sine
3408 4791 3566 4862 culpa

1990 4881 2247 4974 dimittat.
2276 4911 2386 4970 Nos
2421 4914 2602 4963 autem
2647 4902 2928 4976 hortamur
2955 4909 3079 4952 eum
3129 4889 3220 4968 qui
3268 4881 3566 4943 secundum

1993 5013 2136 5068 hanc
2158 5003 2408 5081 promisit
2431 5017 2491 5057 se
2530 4998 2711 5053 vivere
2729 4973 3002 5064 regulam,
3028 4987 3082 5041 in
3110 4987 3373 5056 quantum
3402 4973 3568 5041 valet,

1991 5103 2218 5160 ﬁrmiter
2266 5104 2447 5156 teneat
2483 5099 2538 5148 et
2586 5093 2870 5144 conservet
2910 5096 3052 5146 eam,
3083 5085 3141 5132 et
3180 5071 3460 5131 conﬁdens
3506 5067 3573 5123 de

1991 5196 2087 5252 Dei
2113 5187 2480 5254 misericordia
2509 5181 2693 5240 credat
2725 5178 2853 5254 quia
2881 5166 3308 5230 custodientibus
3334 5176 3453 5219 eam
3481 5174 3571 5231 pa-

1997 5291 2188 5346 tebunt
2215 5249 2403 5341 caelica
2435 5293 2620 5348 regna.
2655 5249 2911 5348 Sequitur
2951 5285 2964 5322 :
2999 5263 3140 5318 Dum
3166 5252 3477 5313 omnimodis
3519 5249 3574 5304 id

2001 5379 2305 5454 attendatur
2328 5384 2382 5430 ut
2418 5367 2744 5428 hebdomade
2782 5357 3101 5438 Psalterium
3144 5367 3208 5406 ea:
3251 5349 3452 5420 integro
3480 5360 3576 5398 nu-

2003 5447 2144 5536 mero
2170 5481 2376 5529 centum
2407 5435 3134 5539 quinquaginta'psalmorum
3179 5439 3458 5516 psallatur.
3505 5433 3574 5490 Et

325 5527 491 5584 tesimi
522 5524 688 5581 octavi
707 5492 915 5577 decimi.
940 5513 1173 5584 Reliquis
1196 5525 1310 5564 vero
1333 5504 1496 5566 horis,
1518 5499 1570 5556 id
1590 5507 1684 5562 est,
1701 5492 1902 5558 Tertia,

329 5529 491 5584 tesimi
522 5529 688 5581 octavi
707 5529 915 5577 decimi.
940 5529 1173 5584 “aliquis
1196 5529 1310 5564 vero
1333 5529 1496 5566 nam,
1518 5529 1569 5556 ιω
1590 5529 1684 5562 εφη,
1705 5529 1728 5554 ι
1745 5529 1902 5558 τίμια,
2419 5529 2430 5539 .
2547 5529 2560 5537 ,
2645 5529 2660 5533 -

329 5619 488 5676 Sexta
508 5628 554 5673 et
582 5617 922 5681 Nona,terna
947 5603 1176 5679 capitula
1198 5595 1540 5673 suprascripti
1567 5586 1755 5662 psalmi
1783 5600 1904 5640 cen—
2005 5566 2280 5624 υοηιίηίεο
2313 5561 2398 5616 die
2422 5561 2638 5628 semper-
2658 5571 2690 5607 α
2718 5548 2883 5621 εαρίιε
2930 5549 3194 5615 "Petam?
3239 5534 3308 5591 αά
3350 5529 3578 5605 vigilias.

2084 5665 2094 5675 ·
2167 5657 2313 5681 “una
2343 5657 2395 5681 ι..
2407 5670 2481 5681 η...
2507 5642 2790 5681 Αθηηοὸηηίι
2842 5654 2950 5681 nm,
2993 5631 3258 5681 servitium
3299 5621 3578 5680 ostendunt

331 5621 488 5676 Sexta
508 5628 554 5673 et
582 5621 922 5681 Nona,terna
947 5621 1176 5679 capitula
1198 5621 1539 5673 suprascript:
1567 5621 1755 5662 μιαιυυ
1783 5621 1901 5640 νων
2005 5621 2038 5624 -
2062 5621 2074 5624 τ
2185 5621 2190 5622 ί
2530 5621 2542 5628 -

331 5713 500 5768 min“
528 5709 699 5766 octavi
721 5704 910 5761 decimi
935 5701 1202 5756 dicantur.
1232 5692 1316 5748 Ad
1347 5687 1586 5744 Primam
1618 5690 1793 5742 dum"
1820 5693 1904 5738 σε..
2006 5665 2130 5738 quia
2161 5657 2313 5718 nimis
2342 5657 2482 5710 iners
2505 5642 2790 5703 devotionis
2841 5654 2950 5692 sua,
2993 5631 3258 5689 servitium
3299 5621 3582 5680 ostendunt

2206 5753 2250 5768 ..
2408 5745 2575 5768 __..-.....
2606 5731 2858 5768 υηιιιονεη
2885 5743 3000 5768 mm
3043 5719 3261 5768 canticis
3301 5717 3582 5768 consuetu-

1827 5717 1872 5738 ...
2184 5717 2203 5718 η

1827 5786 1910 5826 ιε.
2009 5717 2384 5820 monachi,qui
2406 5745 2575 5798 minus
2598 5731 2858 5792 Psalterio
2885 5743 3000 5782 cum
3043 5719 3261 5779 canticis
3301 5717 3584 5798 consuetu-

333 5807 518 5863 eundw
541 5806 709 5878 feria.
729 5801 976 5858 dicantur
995 5803 1099 5849 tres
1125 5787 1333 5863 psalmi,
1365 5782 1421 5837 id
1447 5789 1520 5838 est
1540 5819 1556 5846 ,
1578 5776 1800 5878 pri-ntus,

2013 5848 2235 5907 dinariis
2257 5815 2348 5916 per
2375 5834 2678 5910 septimanis
2703 5822 2956 5882 circulum
2986 5815 3253 5892 psallunt;
3304 5824 3422 5888 cum
3447 5817 3592 5880 tega-

261 5925 270 5930 ·
335 5865 606 5958 οαιιόαδέι
631 5905 828 5956 sextus.
849 5891 915 5946 Et
943 5890 1015 5944 ita
1040 5901 1133 5952 per
1151 5876 1383 5974 sinaulos
1410 5873 1520 5934 dies
1546 5869 1614 5928 ad
1650 5865 1936 5935 Primam,‘
