  <div class='ocr_page' id='page_1' title='image "/cluster/home/n/w/nwhite01/storage/ocr_20150623/102/hvd.32044015466808/425.png"; bbox 0 0 3994 6464; ppageno 0'>
   <div class='ocr_carea' id='block_1_1' title="bbox 489 428 597 488">
    <p class='ocr_par' dir='ltr' id='par_1_1' title="bbox 489 428 597 488">
     <span class='ocr_line' id='line_1_1' title="bbox 489 428 597 488; baseline -0.037 0"><span class='ocrx_word' id='word_1_1' title='bbox 489 428 597 488; x_wconf 75' lang='lat'><strong><em>859</em></strong></span> 
     </span>
    </p>
   </div>
   <div class='ocr_carea' id='block_1_2' title="bbox 1763 403 2445 468">
    <p class='ocr_par' dir='ltr' id='par_1_2' title="bbox 1763 403 2445 468">
     <span class='ocr_line' id='line_1_2' title="bbox 1763 403 2445 468; baseline -0.01 0"><span class='ocrx_word' id='word_1_2' title='bbox 1763 405 2121 468; x_wconf 78' lang='lat' dir='ltr'><strong><em>SMARAGDI</em></strong></span> <span class='ocrx_word' id='word_1_3' title='bbox 2156 403 2445 465; x_wconf 77' lang='lat' dir='ltr'><strong><em>ABBATIS</em></strong></span> 
     </span>
    </p>
   </div>
   <div class='ocr_carea' id='block_1_3' title="bbox 488 512 3774 595">
    <p class='ocr_par' dir='ltr' id='par_1_3' title="bbox 488 512 3774 595">
     <span class='ocr_line' id='line_1_3' title="bbox 488 512 3774 595; baseline -0.007 -2"><span class='ocrx_word' id='word_1_4' title='bbox 488 555 602 595; x_wconf 86' lang='lat' dir='ltr'><strong><em>mus</em></strong></span> <span class='ocrx_word' id='word_1_5' title='bbox 623 537 829 590; x_wconf 86' lang='lat' dir='ltr'><strong><em>sanctos</em></strong></span> <span class='ocrx_word' id='word_1_6' title='bbox 852 527 1040 584; x_wconf 86' lang='lat' dir='ltr'><strong><em>Patres</em></strong></span> <span class='ocrx_word' id='word_1_7' title='bbox 1059 531 1262 582; x_wconf 89' lang='lat' dir='ltr'><strong><em>nostros</em></strong></span> <span class='ocrx_word' id='word_1_8' title='bbox 1282 537 1389 580; x_wconf 87' lang='lat' dir='ltr'><strong><em>uno</em></strong></span> <span class='ocrx_word' id='word_1_9' title='bbox 1415 521 1500 581; x_wconf 86' lang='lat' dir='ltr'><strong><em>die</em></strong></span> <span class='ocrx_word' id='word_1_10' title='bbox 1523 523 1622 580; x_wconf 79' lang='lat' dir='ltr'><strong><em>hoc</em></strong></span> <span class='ocrx_word' id='word_1_11' title='bbox 1644 530 1853 578; x_wconf 77' lang='lat' dir='ltr'><strong><em>strenue</em></strong></span> <span class='ocrx_word' id='word_1_12' title='bbox 1880 521 2063 593; x_wconf 87' lang='lat' dir='ltr'><strong><em>imple-</em></strong></span> <span class='ocrx_word' id='word_1_13' title='bbox 2086 526 2140 588; x_wconf 77' lang='grc' dir='ltr'>Α</span> <span class='ocrx_word' id='word_1_14' title='bbox 2161 529 2340 592; x_wconf 79' lang='lat' dir='ltr'><strong><em>specta</em></strong></span> <span class='ocrx_word' id='word_1_15' title='bbox 2366 516 2671 572; x_wconf 83' lang='lat' dir='ltr'><strong><em>Divinitatis</em></strong></span> <span class='ocrx_word' id='word_1_16' title='bbox 2707 521 2758 570; x_wconf 89' lang='lat' dir='ltr'><strong><em>et</em></strong></span> <span class='ocrx_word' id='word_1_17' title='bbox 2791 514 3096 586; x_wconf 78' lang='lat' dir='ltr'><strong><em>angelorum</em></strong></span> <span class='ocrx_word' id='word_1_18' title='bbox 3126 512 3243 586; x_wconf 83' lang='lat' dir='ltr'><strong><em>ejus</em></strong></span> <span class='ocrx_word' id='word_1_19' title='bbox 3277 529 3390 570; x_wconf 87' lang='lat' dir='ltr'><strong><em>esse</em></strong></span> <span class='ocrx_word' id='word_1_20' title='bbox 3417 527 3436 569; x_wconf 90' lang='lat'><strong><em>:</em></strong></span> <span class='ocrx_word' id='word_1_21' title='bbox 3473 522 3524 569; x_wconf 87' lang='lat' dir='ltr'><strong><em>et</em></strong></span> <span class='ocrx_word' id='word_1_22' title='bbox 3549 516 3634 572; x_wconf 87' lang='lat' dir='ltr'><strong><em>sic</em></strong></span> <span class='ocrx_word' id='word_1_23' title='bbox 3659 528 3774 576; x_wconf 72' lang='lat' dir='ltr'><strong><em>su-</em></strong></span> 
     </span>
    </p>
   </div>
   <div class='ocr_carea' id='block_1_4' title="bbox 487 613 2065 697">
    <p class='ocr_par' dir='ltr' id='par_1_4' title="bbox 487 613 2065 697">
     <span class='ocr_line' id='line_1_4' title="bbox 487 613 2065 697; baseline -0.011 -14"><span class='ocrx_word' id='word_1_24' title='bbox 487 627 638 693; x_wconf 84' lang='lat' dir='ltr'><strong><em>visse,</em></strong></span> <span class='ocrx_word' id='word_1_25' title='bbox 662 622 800 697; x_wconf 87' lang='lat' dir='ltr'><strong><em>quod</em></strong></span> <span class='ocrx_word' id='word_1_26' title='bbox 830 639 924 678; x_wconf 91' lang='lat' dir='ltr'><strong><em>nos</em></strong></span> <span class='ocrx_word' id='word_1_27' title='bbox 949 618 1110 690; x_wconf 82' lang='lat' dir='ltr'><strong><em>tepidi</em></strong></span> <span class='ocrx_word' id='word_1_28' title='bbox 1133 617 1340 672; x_wconf 79' lang='lat' dir='ltr'><strong><em>utinam</em></strong></span> <span class='ocrx_word' id='word_1_29' title='bbox 1373 614 1667 687; x_wconf 76' lang='lat' dir='ltr'><strong><em>septimana</em></strong></span> <span class='ocrx_word' id='word_1_30' title='bbox 1699 613 1905 685; x_wconf 88' lang='lat' dir='ltr'><strong><em>integra</em></strong></span> <span class='ocrx_word' id='word_1_31' title='bbox 1941 627 2065 684; x_wconf 85' lang='lat' dir='ltr'><strong><em>per-</em></strong></span> 
     </span>
    </p>
   </div>
   <div class='ocr_carea' id='block_1_5' title="bbox 486 716 765 774">
    <p class='ocr_par' dir='ltr' id='par_1_5' title="bbox 486 716 765 774">
     <span class='ocr_line' id='line_1_5' title="bbox 486 716 765 774; baseline -0.011 0"><span class='ocrx_word' id='word_1_32' title='bbox 486 716 765 774; x_wconf 89' lang='lat' dir='ltr'><strong><em>solvamus.</em></strong></span> 
     </span>
    </p>
   </div>
   <div class='ocr_carea' id='block_1_6' title="bbox 1071 777 1480 838">
    <p class='ocr_par' dir='ltr' id='par_1_6' title="bbox 1071 777 1480 838">
     <span class='ocr_line' id='line_1_6' title="bbox 1071 777 1480 838; baseline -0.015 0"><span class='ocrx_word' id='word_1_33' title='bbox 1071 777 1300 838; x_wconf 81' lang='lat' dir='ltr'><strong><em>CAPUT</em></strong></span> <span class='ocrx_word' id='word_1_34' title='bbox 1335 777 1480 835; x_wconf 79' lang='lat' dir='ltr'><strong><em>XIX.</em></strong></span> 
     </span>
    </p>
   </div>
   <div class='ocr_carea' id='block_1_7' title="bbox 935 868 1622 944">
    <p class='ocr_par' dir='ltr' id='par_1_7' title="bbox 935 868 1622 944">
     <span class='ocr_line' id='line_1_7' title="bbox 935 868 1622 944; baseline -0.01 -14"><span class='ocrx_word' id='word_1_35' title='bbox 935 873 1013 930; x_wconf 85' lang='lat' dir='ltr'><strong><em>De</em></strong></span> <span class='ocrx_word' id='word_1_36' title='bbox 1041 872 1318 944; x_wconf 75' lang='lat' dir='ltr'><strong><em>disciplina</em></strong></span> <span class='ocrx_word' id='word_1_37' title='bbox 1343 868 1622 943; x_wconf 75' lang='lat' dir='ltr'><strong><em>psallendi.</em></strong></span> 
     </span>
    </p>
   </div>
   <div class='ocr_carea' id='block_1_8' title="bbox 559 975 2069 1066">
    <p class='ocr_par' dir='ltr' id='par_1_8' title="bbox 559 975 2069 1066">
     <span class='ocr_line' id='line_1_8' title="bbox 559 975 2069 1066; baseline -0.011 -19"><span class='ocrx_word' id='word_1_38' title='bbox 559 990 758 1066; x_wconf 78' lang='lat' dir='ltr'><strong><em>Ubique</em></strong></span> <span class='ocrx_word' id='word_1_39' title='bbox 799 987 1059 1044; x_wconf 73' lang='lat' dir='ltr'><strong><em>credimus</em></strong></span> <span class='ocrx_word' id='word_1_40' title='bbox 1103 985 1336 1041; x_wconf 86' lang='lat' dir='ltr'><strong><em>divinam</em></strong></span> <span class='ocrx_word' id='word_1_41' title='bbox 1380 999 1492 1038; x_wconf 88' lang='lat' dir='ltr'><strong><em>esse</em></strong></span> <span class='ocrx_word' id='word_1_42' title='bbox 1538 979 1887 1054; x_wconf 78' lang='lat' dir='ltr'><strong><em>prcesentiam.</em></strong></span> <span class='ocrx_word' id='word_1_43' title='bbox 1933 975 2069 1032; x_wconf 88' lang='lat' dir='ltr'><strong><em>Nam</em></strong></span> 
     </span>
    </p>
   </div>
   <div class='ocr_carea' id='block_1_9' title="bbox 487 1071 2068 1154">
    <p class='ocr_par' dir='ltr' id='par_1_9' title="bbox 487 1071 2068 1154">
     <span class='ocr_line' id='line_1_9' title="bbox 487 1071 2068 1154; baseline -0.012 -10"><span class='ocrx_word' id='word_1_44' title='bbox 487 1087 666 1144; x_wconf 87' lang='lat' dir='ltr'><strong><em>omnia</em></strong></span> <span class='ocrx_word' id='word_1_45' title='bbox 699 1085 842 1140; x_wconf 90' lang='lat' dir='ltr'><strong><em>nuda</em></strong></span> <span class='ocrx_word' id='word_1_46' title='bbox 879 1093 926 1139; x_wconf 90' lang='lat' dir='ltr'><strong><em>et</em></strong></span> <span class='ocrx_word' id='word_1_47' title='bbox 960 1092 1141 1154; x_wconf 88' lang='lat' dir='ltr'><strong><em>aperta</em></strong></span> <span class='ocrx_word' id='word_1_48' title='bbox 1178 1089 1320 1147; x_wconf 89' lang='lat' dir='ltr'><strong><em>sunt,</em></strong></span> <span class='ocrx_word' id='word_1_49' title='bbox 1359 1085 1420 1136; x_wconf 88' lang='lat' dir='ltr'><strong><em>ut</em></strong></span> <span class='ocrx_word' id='word_1_50' title='bbox 1458 1078 1534 1132; x_wconf 97' lang='lat' dir='ltr'><strong><em>ait</em></strong></span> <span class='ocrx_word' id='word_1_51' title='bbox 1573 1071 2068 1145; x_wconf 78' lang='lat' dir='ltr'><strong><em>Apostolus,oculis</em></strong></span> 
     </span>
    </p>
   </div>
   <div class='ocr_carea' id='block_1_10' title="bbox 485 1169 2068 1246">
    <p class='ocr_par' dir='ltr' id='par_1_10' title="bbox 485 1169 2068 1246">
     <span class='ocr_line' id='line_1_10' title="bbox 485 1169 2068 1246; baseline -0.011 -10"><span class='ocrx_word' id='word_1_52' title='bbox 485 1179 607 1246; x_wconf 88' lang='lat' dir='ltr'><strong><em>Dei,</em></strong></span> <span class='ocrx_word' id='word_1_53' title='bbox 641 1188 689 1234; x_wconf 84' lang='lat' dir='ltr'><strong><em>et</em></strong></span> <span class='ocrx_word' id='word_1_54' title='bbox 724 1195 829 1234; x_wconf 91' lang='lat' dir='ltr'><strong><em>non</em></strong></span> <span class='ocrx_word' id='word_1_55' title='bbox 861 1185 935 1232; x_wconf 91' lang='lat' dir='ltr'><strong><em>est</em></strong></span> <span class='ocrx_word' id='word_1_56' title='bbox 969 1174 1082 1230; x_wconf 88' lang='lat' dir='ltr'><strong><em>ulla</em></strong></span> <span class='ocrx_word' id='word_1_57' title='bbox 1117 1183 1358 1229; x_wconf 74' lang='lat' dir='ltr'><strong><em>creatura</em></strong></span> <span class='ocrx_word' id='word_1_58' title='bbox 1394 1169 1669 1226; x_wconf 82' lang='lat' dir='ltr'><strong><em>invisibilis</em></strong></span> <span class='ocrx_word' id='word_1_59' title='bbox 1705 1169 1762 1223; x_wconf 89' lang='lat' dir='ltr'><strong><em>in</em></strong></span> <span class='ocrx_word' id='word_1_60' title='bbox 1797 1175 2068 1236; x_wconf 87' lang='lat' dir='ltr'><strong><em>conspectu</em></strong></span> 
     </span>
    </p>
   </div>
   <div class='ocr_carea' id='block_1_11' title="bbox 487 1257 2070 1345">
    <p class='ocr_par' dir='ltr' id='par_1_11' title="bbox 487 1257 2070 1345">
     <span class='ocr_line' id='line_1_11' title="bbox 487 1257 2070 1345; baseline -0.012 -17"><span class='ocrx_word' id='word_1_61' title='bbox 487 1273 602 1345; x_wconf 85' lang='lat' dir='ltr'><strong><em>ejus</em></strong></span> <span class='ocrx_word' id='word_1_62' title='bbox 634 1270 822 1345; x_wconf 86' lang='lat' dir='ltr'><strong><em>(Hebr.</em></strong></span> <span class='ocrx_word' id='word_1_63' title='bbox 852 1267 950 1340; x_wconf 79' lang='lat' dir='ltr'><strong><em>tv).</em></strong></span> <span class='ocrx_word' id='word_1_64' title='bbox 978 1267 1048 1322; x_wconf 89' lang='lat' dir='ltr'><strong><em>Et</em></strong></span> <span class='ocrx_word' id='word_1_65' title='bbox 1073 1265 1192 1320; x_wconf 91' lang='lat' dir='ltr'><strong><em>ideo</em></strong></span> <span class='ocrx_word' id='word_1_66' title='bbox 1219 1263 1298 1319; x_wconf 87' lang='lat' dir='ltr'><strong><em>sic</em></strong></span> <span class='ocrx_word' id='word_1_67' title='bbox 1322 1261 1576 1317; x_wconf 81' lang='lat' dir='ltr'><strong><em>assistere</em></strong></span> <span class='ocrx_word' id='word_1_68' title='bbox 1599 1266 1724 1314; x_wconf 86' lang='lat' dir='ltr'><strong><em>ante</em></strong></span> <span class='ocrx_word' id='word_1_69' title='bbox 1749 1257 1935 1313; x_wconf 92' lang='lat' dir='ltr'><strong><em>oculos</em></strong></span> <span class='ocrx_word' id='word_1_70' title='bbox 1954 1257 2070 1326; x_wconf 86' lang='lat' dir='ltr'><strong><em>ejus</em></strong></span> 
     </span>
    </p>
   </div>
   <div class='ocr_carea' id='block_1_12' title="bbox 493 1347 2071 1430">
    <p class='ocr_par' dir='ltr' id='par_1_12' title="bbox 493 1347 2071 1430">
     <span class='ocr_line' id='line_1_12' title="bbox 493 1347 2071 1430; baseline -0.013 -6"><span class='ocrx_word' id='word_1_71' title='bbox 493 1367 772 1430; x_wconf 81' lang='lat' dir='ltr'><strong><em>debemus,</em></strong></span> <span class='ocrx_word' id='word_1_72' title='bbox 800 1362 942 1418; x_wconf 82' lang='lat' dir='ltr'><strong><em>sicut</em></strong></span> <span class='ocrx_word' id='word_1_73' title='bbox 961 1368 1085 1415; x_wconf 83' lang='lat' dir='ltr'><strong><em>ante</em></strong></span> <span class='ocrx_word' id='word_1_74' title='bbox 1102 1357 1286 1413; x_wconf 88' lang='lat' dir='ltr'><strong><em>oculos</em></strong></span> <span class='ocrx_word' id='word_1_75' title='bbox 1301 1353 1563 1412; x_wconf 85' lang='lat' dir='ltr'><strong><em>creatoris</em></strong></span> <span class='ocrx_word' id='word_1_76' title='bbox 1587 1351 1865 1421; x_wconf 84' lang='lat' dir='ltr'><strong><em>etjudicis.</em></strong></span> <span class='ocrx_word' id='word_1_77' title='bbox 1882 1347 2071 1403; x_wconf 88' lang='lat' dir='ltr'><strong><em>Nullus</em></strong></span> 
     </span>
    </p>
   </div>
   <div class='ocr_carea' id='block_1_13' title="bbox 488 1445 2070 1528">
    <p class='ocr_par' dir='ltr' id='par_1_13' title="bbox 488 1445 2070 1528">
     <span class='ocr_line' id='line_1_13' title="bbox 488 1445 2070 1528; baseline -0.012 -9"><span class='ocrx_word' id='word_1_78' title='bbox 488 1463 635 1520; x_wconf 88' lang='lat' dir='ltr'><strong><em>enim</em></strong></span> <span class='ocrx_word' id='word_1_79' title='bbox 658 1460 850 1515; x_wconf 89' lang='lat' dir='ltr'><strong><em>videns</em></strong></span> <span class='ocrx_word' id='word_1_80' title='bbox 870 1454 1168 1528; x_wconf 84' lang='lat' dir='ltr'><strong><em>principem</em></strong></span> <span class='ocrx_word' id='word_1_81' title='bbox 1191 1450 1276 1508; x_wconf 89' lang='lat' dir='ltr'><strong><em>vel</em></strong></span> <span class='ocrx_word' id='word_1_82' title='bbox 1294 1450 1534 1522; x_wconf 85' lang='lat' dir='ltr'><strong><em>judicem</em></strong></span> <span class='ocrx_word' id='word_1_83' title='bbox 1561 1463 1741 1514; x_wconf 90' lang='lat' dir='ltr'><strong><em>suum,</em></strong></span> <span class='ocrx_word' id='word_1_84' title='bbox 1767 1454 1821 1501; x_wconf 88' lang='lat' dir='ltr'><strong><em>et</em></strong></span> <span class='ocrx_word' id='word_1_85' title='bbox 1847 1445 2070 1514; x_wconf 84' lang='lat' dir='ltr'><strong><em>loquens</em></strong></span> 
     </span>
    </p>
   </div>
   <div class='ocr_carea' id='block_1_14' title="bbox 488 1537 2070 1619">
    <p class='ocr_par' dir='ltr' id='par_1_14' title="bbox 488 1537 2070 1619">
     <span class='ocr_line' id='line_1_14' title="bbox 488 1537 2070 1619; baseline -0.011 -9"><span class='ocrx_word' id='word_1_86' title='bbox 488 1569 614 1611; x_wconf 90' lang='lat' dir='ltr'><strong><em>cum</em></strong></span> <span class='ocrx_word' id='word_1_87' title='bbox 657 1568 744 1619; x_wconf 90' lang='lat' dir='ltr'><strong><em>eo,</em></strong></span> <span class='ocrx_word' id='word_1_88' title='bbox 787 1550 947 1608; x_wconf 84' lang='lat' dir='ltr'><strong><em>audet</em></strong></span> <span class='ocrx_word' id='word_1_89' title='bbox 985 1545 1170 1619; x_wconf 89' lang='lat' dir='ltr'><strong><em>vagari</em></strong></span> <span class='ocrx_word' id='word_1_90' title='bbox 1211 1543 1382 1602; x_wconf 91' lang='lat' dir='ltr'><strong><em>oculis</em></strong></span> <span class='ocrx_word' id='word_1_91' title='bbox 1421 1551 1477 1598; x_wconf 89' lang='lat' dir='ltr'><strong><em>et</em></strong></span> <span class='ocrx_word' id='word_1_92' title='bbox 1506 1541 1766 1598; x_wconf 87' lang='lat' dir='ltr'><strong><em>aliorsum</em></strong></span> <span class='ocrx_word' id='word_1_93' title='bbox 1805 1537 2070 1609; x_wconf 86' lang='lat' dir='ltr'><strong><em>aspicere.</em></strong></span> 
     </span>
    </p>
   </div>
   <div class='ocr_carea' id='block_1_15' title="bbox 489 1628 2073 1715">
    <p class='ocr_par' dir='ltr' id='par_1_15' title="bbox 489 1628 2073 1715">
     <span class='ocr_line' id='line_1_15' title="bbox 489 1628 2073 1715; baseline -0.013 -14"><span class='ocrx_word' id='word_1_94' title='bbox 489 1653 691 1715; x_wconf 88' lang='lat' dir='ltr'><strong><em>quanto</em></strong></span> <span class='ocrx_word' id='word_1_95' title='bbox 719 1644 893 1714; x_wconf 90' lang='lat' dir='ltr'><strong><em>magis</em></strong></span> <span class='ocrx_word' id='word_1_96' title='bbox 922 1641 1014 1712; x_wconf 88' lang='lat' dir='ltr'><strong><em>qui</em></strong></span> <span class='ocrx_word' id='word_1_97' title='bbox 1041 1637 1253 1694; x_wconf 88' lang='lat' dir='ltr'><strong><em>accedit</em></strong></span> <span class='ocrx_word' id='word_1_98' title='bbox 1278 1635 1346 1691; x_wconf 90' lang='lat' dir='ltr'><strong><em>ad</em></strong></span> <span class='ocrx_word' id='word_1_99' title='bbox 1371 1634 1660 1690; x_wconf 91' lang='lat' dir='ltr'><strong><em>Dominum</em></strong></span> <span class='ocrx_word' id='word_1_100' title='bbox 1690 1643 1956 1700; x_wconf 87' lang='lat' dir='ltr'><strong><em>nusquam</em></strong></span> <span class='ocrx_word' id='word_1_101' title='bbox 1981 1628 2073 1688; x_wconf 79' lang='lat' dir='ltr'><strong><em>de—</em></strong></span> 
     </span>
    </p>
   </div>
   <div class='ocr_carea' id='block_1_16' title="bbox 488 1722 2072 1795">
    <p class='ocr_par' dir='ltr' id='par_1_16' title="bbox 488 1722 2072 1795">
     <span class='ocr_line' id='line_1_16' title="bbox 488 1722 2072 1795; baseline -0.013 -1"><span class='ocrx_word' id='word_1_102' title='bbox 488 1737 580 1794; x_wconf 87' lang='lat' dir='ltr'><strong><em>bet</em></strong></span> <span class='ocrx_word' id='word_1_103' title='bbox 608 1752 827 1793; x_wconf 91' lang='lat' dir='ltr'><strong><em>movere</em></strong></span> <span class='ocrx_word' id='word_1_104' title='bbox 859 1722 1300 1795; x_wconf 47' lang='lat' dir='ltr'><strong><em>oculum&#39;cordis,</em></strong></span> <span class='ocrx_word' id='word_1_105' title='bbox 1332 1727 1427 1784; x_wconf 91' lang='lat' dir='ltr'><strong><em>sed</em></strong></span> <span class='ocrx_word' id='word_1_106' title='bbox 1452 1726 1692 1780; x_wconf 87' lang='lat' dir='ltr'><strong><em>intentus</em></strong></span> <span class='ocrx_word' id='word_1_107' title='bbox 1721 1736 1841 1777; x_wconf 89' lang='lat' dir='ltr'><strong><em>esse</em></strong></span> <span class='ocrx_word' id='word_1_108' title='bbox 1870 1722 1923 1775; x_wconf 92' lang='lat' dir='ltr'><strong><em>in</em></strong></span> <span class='ocrx_word' id='word_1_109' title='bbox 1948 1733 2072 1774; x_wconf 91' lang='lat' dir='ltr'><strong><em>eum</em></strong></span> 
     </span>
    </p>
   </div>
   <div class='ocr_carea' id='block_1_17' title="bbox 488 1815 2072 1900">
    <p class='ocr_par' dir='ltr' id='par_1_17' title="bbox 488 1815 2072 1900">
     <span class='ocr_line' id='line_1_17' title="bbox 488 1815 2072 1900; baseline -0.013 -14"><span class='ocrx_word' id='word_1_110' title='bbox 488 1828 581 1900; x_wconf 84' lang='lat' dir='ltr'><strong><em>qui</em></strong></span> <span class='ocrx_word' id='word_1_111' title='bbox 610 1836 886 1884; x_wconf 85' lang='lat' dir='ltr'><strong><em>scrutatur</em></strong></span> <span class='ocrx_word' id='word_1_112' title='bbox 913 1841 1072 1882; x_wconf 88' lang='lat' dir='ltr'><strong><em>renes</em></strong></span> <span class='ocrx_word' id='word_1_113' title='bbox 1098 1833 1155 1880; x_wconf 88' lang='lat' dir='ltr'><strong><em>et</em></strong></span> <span class='ocrx_word' id='word_1_114' title='bbox 1181 1819 1375 1878; x_wconf 85' lang='lat' dir='ltr'><strong><em>corda!</em></strong></span> <span class='ocrx_word' id='word_1_115' title='bbox 1399 1817 1623 1884; x_wconf 82' lang='lat' dir='ltr'><strong><em>Quando</em></strong></span> <span class='ocrx_word' id='word_1_116' title='bbox 1650 1815 1792 1869; x_wconf 90' lang='lat' dir='ltr'><strong><em>enim</em></strong></span> <span class='ocrx_word' id='word_1_117' title='bbox 1822 1829 1920 1883; x_wconf 91' lang='lat' dir='ltr'><strong><em>pro</em></strong></span> <span class='ocrx_word' id='word_1_118' title='bbox 1947 1827 2072 1883; x_wconf 91' lang='lat' dir='ltr'><strong><em>pec—</em></strong></span> 
     </span>
    </p>
   </div>
   <div class='ocr_carea' id='block_1_18' title="bbox 2166 609 3774 683">
    <p class='ocr_par' dir='ltr' id='par_1_18' title="bbox 2166 609 3774 683">
     <span class='ocr_line' id='line_1_18' title="bbox 2166 609 3774 683; baseline -0.001 -14"><span class='ocrx_word' id='word_1_119' title='bbox 2166 629 2284 669; x_wconf 85' lang='lat' dir='ltr'><strong><em>mus</em></strong></span> <span class='ocrx_word' id='word_1_120' title='bbox 2316 614 2386 668; x_wconf 90' lang='lat' dir='ltr'><strong><em>ad</em></strong></span> <span class='ocrx_word' id='word_1_121' title='bbox 2424 610 2782 683; x_wconf 86' lang='lat' dir='ltr'><strong><em>psallendum,</em></strong></span> <span class='ocrx_word' id='word_1_122' title='bbox 2820 618 2878 664; x_wconf 89' lang='lat' dir='ltr'><strong><em>ut</em></strong></span> <span class='ocrx_word' id='word_1_123' title='bbox 2912 625 3056 664; x_wconf 85' lang='lat' dir='ltr'><strong><em>mens</em></strong></span> <span class='ocrx_word' id='word_1_124' title='bbox 3099 618 3280 664; x_wconf 89' lang='lat' dir='ltr'><strong><em>nostra</em></strong></span> <span class='ocrx_word' id='word_1_125' title='bbox 3318 609 3602 665; x_wconf 85' lang='lat' dir='ltr'><strong><em>concordet</em></strong></span> <span class='ocrx_word' id='word_1_126' title='bbox 3651 615 3774 668; x_wconf 72' lang='lat' dir='ltr'><strong><em>uoci</em></strong></span> 
     </span>
    </p>
   </div>
   <div class='ocr_carea' id='block_1_19' title="bbox 2167 701 3772 774">
    <p class='ocr_par' dir='ltr' id='par_1_19' title="bbox 2167 701 3772 774">
     <span class='ocr_line' id='line_1_19' title="bbox 2167 701 3772 774; baseline 0 -13"><span class='ocrx_word' id='word_1_127' title='bbox 2167 715 2376 762; x_wconf 69' lang='lat' dir='ltr'><strong><em>nostrae.</em></strong></span> <span class='ocrx_word' id='word_1_128' title='bbox 2415 705 2498 761; x_wconf 80' lang='lat' dir='ltr'><strong><em>Ad</em></strong></span> <span class='ocrx_word' id='word_1_129' title='bbox 2524 713 2735 760; x_wconf 89' lang='lat' dir='ltr'><strong><em>tantum</em></strong></span> <span class='ocrx_word' id='word_1_130' title='bbox 2771 717 2900 774; x_wconf 90' lang='lat' dir='ltr'><strong><em>ergo</em></strong></span> <span class='ocrx_word' id='word_1_131' title='bbox 2924 710 2980 758; x_wconf 91' lang='lat' dir='ltr'><strong><em>et</em></strong></span> <span class='ocrx_word' id='word_1_132' title='bbox 3007 701 3117 756; x_wconf 90' lang='lat' dir='ltr'><strong><em>tale</em></strong></span> <span class='ocrx_word' id='word_1_133' title='bbox 3148 701 3384 757; x_wconf 85' lang='lat' dir='ltr'><strong><em>ollicium</em></strong></span> <span class='ocrx_word' id='word_1_134' title='bbox 3419 716 3520 758; x_wconf 85' lang='lat' dir='ltr'><strong><em>cor</em></strong></span> <span class='ocrx_word' id='word_1_135' title='bbox 3554 704 3772 773; x_wconf 76' lang='lat' dir='ltr'><strong><em>pariter</em></strong></span> 
     </span>
    </p>
   </div>
   <div class='ocr_carea' id='block_1_20' title="bbox 2167 794 3774 869">
    <p class='ocr_par' dir='ltr' id='par_1_20' title="bbox 2167 794 3774 869">
     <span class='ocr_line' id='line_1_20' title="bbox 2167 794 3774 869; baseline -0.001 -15"><span class='ocrx_word' id='word_1_136' title='bbox 2167 813 2290 854; x_wconf 90' lang='lat' dir='ltr'><strong><em>cum</em></strong></span> <span class='ocrx_word' id='word_1_137' title='bbox 2313 797 2495 869; x_wconf 85' lang='lat' dir='ltr'><strong><em>lingua</em></strong></span> <span class='ocrx_word' id='word_1_138' title='bbox 2513 796 2833 862; x_wconf 87' lang='lat' dir='ltr'><strong><em>conveniat;</em></strong></span> <span class='ocrx_word' id='word_1_139' title='bbox 2862 811 2985 850; x_wconf 93' lang='lat' dir='ltr'><strong><em>cum</em></strong></span> <span class='ocrx_word' id='word_1_140' title='bbox 3007 795 3203 850; x_wconf 88' lang='lat' dir='ltr'><strong><em>timore</em></strong></span> <span class='ocrx_word' id='word_1_141' title='bbox 3228 794 3458 850; x_wconf 89' lang='lat' dir='ltr'><strong><em>Domino</em></strong></span> <span class='ocrx_word' id='word_1_142' title='bbox 3485 795 3774 865; x_wconf 85' lang='lat' dir='ltr'><strong><em>quotidia-</em></strong></span> 
     </span>
    </p>
   </div>
   <div class='ocr_carea' id='block_1_21' title="bbox 2166 887 3776 959">
    <p class='ocr_par' dir='ltr' id='par_1_21' title="bbox 2166 887 3776 959">
     <span class='ocr_line' id='line_1_21' title="bbox 2166 887 3776 959; baseline -0.002 -12"><span class='ocrx_word' id='word_1_143' title='bbox 2166 907 2296 948; x_wconf 91' lang='lat' dir='ltr'><strong><em>num</em></strong></span> <span class='ocrx_word' id='word_1_144' title='bbox 2318 890 2555 946; x_wconf 88' lang='lat' dir='ltr'><strong><em>debitum</em></strong></span> <span class='ocrx_word' id='word_1_145' title='bbox 2581 889 2731 946; x_wconf 83' lang='lat' dir='ltr'><strong><em>reddi</em></strong></span> <span class='ocrx_word' id='word_1_146' title='bbox 2753 888 2932 944; x_wconf 87' lang='lat' dir='ltr'><strong><em>debet.</em></strong></span> <span class='ocrx_word' id='word_1_147' title='bbox 2961 888 3031 943; x_wconf 90' lang='lat' dir='ltr'><strong><em>Et</em></strong></span> <span class='ocrx_word' id='word_1_148' title='bbox 3061 895 3211 944; x_wconf 90' lang='lat' dir='ltr'><strong><em>notet</em></strong></span> <span class='ocrx_word' id='word_1_149' title='bbox 3234 887 3337 943; x_wconf 88' lang='lat' dir='ltr'><strong><em>sibi</em></strong></span> <span class='ocrx_word' id='word_1_150' title='bbox 3364 887 3424 943; x_wconf 88' lang='lat' dir='ltr'><strong><em>in</em></strong></span> <span class='ocrx_word' id='word_1_151' title='bbox 3449 888 3648 954; x_wconf 87' lang='lat' dir='ltr'><strong><em>corde,</em></strong></span> <span class='ocrx_word' id='word_1_152' title='bbox 3675 888 3776 959; x_wconf 85' lang='lat' dir='ltr'><strong><em>qui</em></strong></span> 
     </span>
    </p>
   </div>
   <div class='ocr_carea' id='block_1_22' title="bbox 2167 977 3776 1053">
    <p class='ocr_par' dir='ltr' id='par_1_22' title="bbox 2167 977 3776 1053">
     <span class='ocr_line' id='line_1_22' title="bbox 2167 977 3776 1053; baseline -0.001 -17"><span class='ocrx_word' id='word_1_153' title='bbox 2167 980 2374 1052; x_wconf 90' lang='lat' dir='ltr'><strong><em>psallit,</em></strong></span> <span class='ocrx_word' id='word_1_154' title='bbox 2407 981 2475 1036; x_wconf 92' lang='lat' dir='ltr'><strong><em>ad</em></strong></span> <span class='ocrx_word' id='word_1_155' title='bbox 2503 980 2714 1053; x_wconf 89' lang='lat' dir='ltr'><strong><em>singula</em></strong></span> <span class='ocrx_word' id='word_1_156' title='bbox 2737 979 2922 1036; x_wconf 88' lang='lat' dir='ltr'><strong><em>omnia</em></strong></span> <span class='ocrx_word' id='word_1_157' title='bbox 2950 978 3255 1034; x_wconf 88' lang='lat' dir='ltr'><strong><em>testimonia</em></strong></span> <span class='ocrx_word' id='word_1_158' title='bbox 3285 993 3409 1049; x_wconf 72' lang='lat' dir='ltr'><strong><em>qure</em></strong></span> <span class='ocrx_word' id='word_1_159' title='bbox 3435 977 3608 1045; x_wconf 87' lang='lat' dir='ltr'><strong><em>dicit,</em></strong></span> <span class='ocrx_word' id='word_1_160' title='bbox 3641 978 3776 1050; x_wconf 80' lang='lat' dir='ltr'><strong><em>quia</em></strong></span> 
     </span>
    </p>
   </div>
   <div class='ocr_carea' id='block_1_23' title="bbox 2169 1068 3775 1143">
    <p class='ocr_par' dir='ltr' id='par_1_23' title="bbox 2169 1068 3775 1143">
     <span class='ocr_line' id='line_1_23' title="bbox 2169 1068 3775 1143; baseline -0.002 -16"><span class='ocrx_word' id='word_1_161' title='bbox 2169 1071 2363 1143; x_wconf 77' lang='lat' dir='ltr'><strong><em>singuli</em></strong></span> <span class='ocrx_word' id='word_1_162' title='bbox 2389 1086 2597 1138; x_wconf 88' lang='lat' dir='ltr'><strong><em>versus,</em></strong></span> <span class='ocrx_word' id='word_1_163' title='bbox 2626 1071 2674 1128; x_wconf 90' lang='lat' dir='ltr'><strong><em>si</em></strong></span> <span class='ocrx_word' id='word_1_164' title='bbox 2689 1077 2966 1137; x_wconf 87' lang='lat' dir='ltr'><strong><em>notentur,</em></strong></span> <span class='ocrx_word' id='word_1_165' title='bbox 2994 1069 3284 1140; x_wconf 85' lang='lat' dir='ltr'><strong><em>proﬁciunt</em></strong></span> <span class='ocrx_word' id='word_1_166' title='bbox 3307 1069 3510 1125; x_wconf 62' lang='lat' dir='ltr'><strong><em>animm</em></strong></span> <span class='ocrx_word' id='word_1_167' title='bbox 3527 1069 3601 1125; x_wconf 83' lang='lat' dir='ltr'><strong><em>ad</em></strong></span> <span class='ocrx_word' id='word_1_168' title='bbox 3626 1068 3775 1125; x_wconf 81' lang='lat' dir='ltr'><strong><em>salu-</em></strong></span> 
     </span>
    </p>
   </div>
   <div class='ocr_carea' id='block_1_24' title="bbox 2170 1161 3776 1234">
    <p class='ocr_par' dir='ltr' id='par_1_24' title="bbox 2170 1161 3776 1234">
     <span class='ocr_line' id='line_1_24' title="bbox 2170 1161 3776 1234; baseline -0.001 -15"><span class='ocrx_word' id='word_1_169' title='bbox 2170 1171 2280 1219; x_wconf 85' lang='lat' dir='ltr'><strong><em>tem</em></strong></span> <span class='ocrx_word' id='word_1_170' title='bbox 2298 1205 2313 1230; x_wconf 93' lang='lat'><strong><em>,</em></strong></span> <span class='ocrx_word' id='word_1_171' title='bbox 2352 1171 2410 1218; x_wconf 90' lang='lat' dir='ltr'><strong><em>et</em></strong></span> <span class='ocrx_word' id='word_1_172' title='bbox 2444 1163 2498 1218; x_wconf 91' lang='lat' dir='ltr'><strong><em>in</em></strong></span> <span class='ocrx_word' id='word_1_173' title='bbox 2525 1163 2605 1220; x_wconf 89' lang='lat' dir='ltr'><strong><em>eis</em></strong></span> <span class='ocrx_word' id='word_1_174' title='bbox 2631 1171 2802 1218; x_wconf 90' lang='lat' dir='ltr'><strong><em>totum</em></strong></span> <span class='ocrx_word' id='word_1_175' title='bbox 2828 1162 3102 1218; x_wconf 82' lang='lat' dir='ltr'><strong><em>invenitur</em></strong></span> <span class='ocrx_word' id='word_1_176' title='bbox 3129 1163 3272 1232; x_wconf 87' lang='lat' dir='ltr'><strong><em>quod</em></strong></span> <span class='ocrx_word' id='word_1_177' title='bbox 3297 1161 3608 1234; x_wconf 64' lang='lat' dir='ltr'><strong><em>quaeritur;</em></strong></span> <span class='ocrx_word' id='word_1_178' title='bbox 3640 1161 3776 1232; x_wconf 84' lang='lat' dir='ltr'><strong><em>quia</em></strong></span> 
     </span>
    </p>
   </div>
   <div class='ocr_carea' id='block_1_25' title="bbox 2171 1251 3776 1322">
    <p class='ocr_par' dir='ltr' id='par_1_25' title="bbox 2171 1251 3776 1322">
     <span class='ocr_line' id='line_1_25' title="bbox 2171 1251 3776 1322; baseline -0.001 -14"><span class='ocrx_word' id='word_1_179' title='bbox 2171 1253 2351 1308; x_wconf 90' lang='lat' dir='ltr'><strong><em>omnia</em></strong></span> <span class='ocrx_word' id='word_1_180' title='bbox 2393 1252 2462 1308; x_wconf 90' lang='lat' dir='ltr'><strong><em>ad</em></strong></span> <span class='ocrx_word' id='word_1_181' title='bbox 2497 1251 2908 1307; x_wconf 61' lang='lat' dir='ltr'><strong><em>aedificationem</em></strong></span> <span class='ocrx_word' id='word_1_182' title='bbox 2949 1251 3189 1321; x_wconf 85' lang='lat' dir='ltr'><strong><em>loquitur</em></strong></span> <span class='ocrx_word' id='word_1_183' title='bbox 3222 1251 3509 1322; x_wconf 87' lang='lat' dir='ltr'><strong><em>psalmus,</em></strong></span> <span class='ocrx_word' id='word_1_184' title='bbox 3551 1251 3776 1309; x_wconf 76' lang='lat' dir='ltr'><strong><em>dicente</em></strong></span> 
     </span>
    </p>
   </div>
   <div class='ocr_carea' id='block_1_26' title="bbox 2171 1342 3456 1418">
    <p class='ocr_par' dir='ltr' id='par_1_26' title="bbox 2171 1342 3456 1418">
     <span class='ocr_line' id='line_1_26' title="bbox 2171 1342 3456 1418; baseline 0 -15"><span class='ocrx_word' id='word_1_185' title='bbox 2171 1346 2437 1418; x_wconf 88' lang='lat' dir='ltr'><strong><em>Propheta</em></strong></span> <span class='ocrx_word' id='word_1_186' title='bbox 2466 1364 2480 1401; x_wconf 90' lang='lat'>:</span> <span class='ocrx_word' id='word_1_187' title='bbox 2511 1344 2751 1401; x_wconf 84' lang='lat' dir='ltr'><strong><em>Psallam</em></strong></span> <span class='ocrx_word' id='word_1_188' title='bbox 2779 1354 2828 1400; x_wconf 91' lang='lat' dir='ltr'><strong><em>et</em></strong></span> <span class='ocrx_word' id='word_1_189' title='bbox 2857 1343 3145 1416; x_wconf 86' lang='lat' dir='ltr'><strong><em>intelligam</em></strong></span> <span class='ocrx_word' id='word_1_190' title='bbox 3175 1342 3349 1418; x_wconf 83' lang='lat' dir='ltr'><strong><em>(Psal.</em></strong></span> <span class='ocrx_word' id='word_1_191' title='bbox 3377 1343 3456 1416; x_wconf 85' lang='lat' dir='ltr'><strong><em>c).</em></strong></span> 
     </span>
    </p>
   </div>
   <div class='ocr_carea' id='block_1_27' title="bbox 2767 1435 3154 1492">
    <p class='ocr_par' dir='ltr' id='par_1_27' title="bbox 2767 1435 3154 1492">
     <span class='ocr_line' id='line_1_27' title="bbox 2767 1435 3154 1492; baseline -0.005 0"><span class='ocrx_word' id='word_1_192' title='bbox 2767 1435 2992 1492; x_wconf 83' lang='lat' dir='ltr'><strong><em>CAPUT</em></strong></span> <span class='ocrx_word' id='word_1_193' title='bbox 3032 1435 3154 1491; x_wconf 74' lang='lat' dir='ltr'><strong><em>XX.</em></strong></span> 
     </span>
    </p>
   </div>
   <div class='ocr_carea' id='block_1_28' title="bbox 2617 1530 3307 1586">
    <p class='ocr_par' dir='ltr' id='par_1_28' title="bbox 2617 1530 3307 1586">
     <span class='ocr_line' id='line_1_28' title="bbox 2617 1530 3307 1586; baseline 0 -1"><span class='ocrx_word' id='word_1_194' title='bbox 2617 1530 2696 1585; x_wconf 87' lang='lat' dir='ltr'><strong><em>De</em></strong></span> <span class='ocrx_word' id='word_1_195' title='bbox 2723 1531 3005 1586; x_wconf 84' lang='lat' dir='ltr'><strong><em>reverentia</em></strong></span> <span class='ocrx_word' id='word_1_196' title='bbox 3033 1530 3307 1586; x_wconf 88' lang='lat' dir='ltr'><strong><em>orationts.</em></strong></span> 
     </span>
    </p>
   </div>
   <div class='ocr_carea' id='block_1_29' title="bbox 2243 1620 3776 1698">
    <p class='ocr_par' dir='ltr' id='par_1_29' title="bbox 2243 1620 3776 1698">
     <span class='ocr_line' id='line_1_29' title="bbox 2243 1620 3776 1698; baseline -0.001 -19"><span class='ocrx_word' id='word_1_197' title='bbox 2243 1623 2302 1679; x_wconf 91' lang='lat' dir='ltr'><strong><em>Si</em></strong></span> <span class='ocrx_word' id='word_1_198' title='bbox 2339 1640 2458 1679; x_wconf 87' lang='lat' dir='ltr'><strong><em>cum</em></strong></span> <span class='ocrx_word' id='word_1_199' title='bbox 2496 1621 2793 1678; x_wconf 82' lang='lat' dir='ltr'><strong><em>hominibus</em></strong></span> <span class='ocrx_word' id='word_1_200' title='bbox 2827 1620 3121 1693; x_wconf 87' lang='lat' dir='ltr'><strong><em>potentibus</em></strong></span> <span class='ocrx_word' id='word_1_201' title='bbox 3150 1620 3390 1678; x_wconf 70' lang='lat' dir='ltr'><strong><em>uolumus</em></strong></span> <span class='ocrx_word' id='word_1_202' title='bbox 3422 1621 3616 1695; x_wconf 77' lang='lat' dir='ltr'><strong><em>aliqua</em></strong></span> <span class='ocrx_word' id='word_1_203' title='bbox 3645 1641 3776 1698; x_wconf 76' lang='lat' dir='ltr'><strong><em>sug-</em></strong></span> 
     </span>
    </p>
   </div>
   <div class='ocr_carea' id='block_1_30' title="bbox 2171 1715 3774 1788">
    <p class='ocr_par' dir='ltr' id='par_1_30' title="bbox 2171 1715 3774 1788">
     <span class='ocr_line' id='line_1_30' title="bbox 2171 1715 3774 1788; baseline 0.001 -16"><span class='ocrx_word' id='word_1_204' title='bbox 2171 1732 2364 1788; x_wconf 86' lang='lat' dir='ltr'><strong><em>gerere,</em></strong></span> <span class='ocrx_word' id='word_1_205' title='bbox 2382 1734 2483 1772; x_wconf 90' lang='lat' dir='ltr'><strong><em>non</em></strong></span> <span class='ocrx_word' id='word_1_206' title='bbox 2495 1717 2860 1788; x_wconf 66' lang='lat' dir='ltr'><strong><em>praesumimus</em></strong></span> <span class='ocrx_word' id='word_1_207' title='bbox 2873 1715 2974 1770; x_wconf 91' lang='lat' dir='ltr'><strong><em>nisi</em></strong></span> <span class='ocrx_word' id='word_1_208' title='bbox 2999 1731 3118 1770; x_wconf 88' lang='lat' dir='ltr'><strong><em>cum</em></strong></span> <span class='ocrx_word' id='word_1_209' title='bbox 3129 1715 3426 1771; x_wconf 79' lang='lat' dir='ltr'><strong><em>humilitate</em></strong></span> <span class='ocrx_word' id='word_1_210' title='bbox 3451 1727 3504 1772; x_wconf 89' lang='lat' dir='ltr'><strong><em>et</em></strong></span> <span class='ocrx_word' id='word_1_211' title='bbox 3534 1734 3774 1773; x_wconf 64' lang='lat' dir='ltr'><strong><em>reveren-</em></strong></span> 
     </span>
    </p>
   </div>
   <div class='ocr_carea' id='block_1_31' title="bbox 2173 1808 3772 1881">
    <p class='ocr_par' dir='ltr' id='par_1_31' title="bbox 2173 1808 3772 1881">
     <span class='ocr_line' id='line_1_31' title="bbox 2173 1808 3772 1881; baseline 0.004 -18"><span class='ocrx_word' id='word_1_212' title='bbox 2173 1810 2246 1863; x_wconf 86' lang='lat' dir='ltr'><strong><em>tia</em></strong></span> <span class='ocrx_word' id='word_1_213' title='bbox 2267 1823 2287 1863; x_wconf 88' lang='lat'><strong><em>:</em></strong></span> <span class='ocrx_word' id='word_1_214' title='bbox 2306 1819 2499 1881; x_wconf 86' lang='lat' dir='ltr'><strong><em>quanto</em></strong></span> <span class='ocrx_word' id='word_1_215' title='bbox 2522 1809 2687 1880; x_wconf 88' lang='lat' dir='ltr'><strong><em>magis</em></strong></span> <span class='ocrx_word' id='word_1_216' title='bbox 2711 1809 2931 1863; x_wconf 90' lang='lat' dir='ltr'><strong><em>Domino</em></strong></span> <span class='ocrx_word' id='word_1_217' title='bbox 2957 1808 3068 1864; x_wconf 88' lang='lat' dir='ltr'><strong><em>Deo</em></strong></span> <span class='ocrx_word' id='word_1_218' title='bbox 3093 1810 3456 1865; x_wconf 86' lang='lat' dir='ltr'><strong><em>universorum</em></strong></span> <span class='ocrx_word' id='word_1_219' title='bbox 3479 1826 3609 1867; x_wconf 62' lang='lat' dir='ltr'><strong><em>am</em></strong></span> <span class='ocrx_word' id='word_1_220' title='bbox 3633 1817 3772 1869; x_wconf 77' lang='lat' dir='ltr'><strong><em>omni</em></strong></span> 
     </span>
    </p>
   </div>
   <div class='ocr_carea' id='block_1_32' title="bbox 488 1886 3770 1983">
    <p class='ocr_par' dir='ltr' id='par_1_32' title="bbox 488 1886 3770 1983">
     <span class='ocr_line' id='line_1_32' title="bbox 488 1886 3770 1983; baseline -0.005 -6"><span class='ocrx_word' id='word_1_221' title='bbox 488 1886 627 1978; x_wconf 72' lang='lat' dir='ltr'><strong><em>catis</em></strong></span> <span class='ocrx_word' id='word_1_222' title='bbox 672 1921 873 1976; x_wconf 91' lang='lat' dir='ltr'><strong><em>nostris</em></strong></span> <span class='ocrx_word' id='word_1_223' title='bbox 917 1916 1196 1972; x_wconf 89' lang='lat' dir='ltr'><strong><em>humiliter</em></strong></span> <span class='ocrx_word' id='word_1_224' title='bbox 1241 1909 1622 1983; x_wconf 87' lang='lat' dir='ltr'><strong><em>supplicamus,</em></strong></span> <span class='ocrx_word' id='word_1_225' title='bbox 1669 1906 1738 1962; x_wconf 89' lang='lat' dir='ltr'><strong><em>ad</em></strong></span> <span class='ocrx_word' id='word_1_226' title='bbox 1785 1903 2070 1960; x_wconf 88' lang='lat' dir='ltr'><strong><em>Dominum</em></strong></span> <span class='ocrx_word' id='word_1_227' title='bbox 2098 1886 2147 1948; x_wconf 84' lang='grc' dir='ltr'><strong>Β</strong></span> <span class='ocrx_word' id='word_1_228' title='bbox 2172 1899 2465 1954; x_wconf 86' lang='lat' dir='ltr'><strong><em>humilitate</em></strong></span> <span class='ocrx_word' id='word_1_229' title='bbox 2493 1909 2541 1955; x_wconf 87' lang='lat' dir='ltr'><strong><em>et</em></strong></span> <span class='ocrx_word' id='word_1_230' title='bbox 2569 1901 2815 1971; x_wconf 86' lang='lat' dir='ltr'><strong><em>puritatis</em></strong></span> <span class='ocrx_word' id='word_1_231' title='bbox 2841 1899 3110 1955; x_wconf 85' lang='lat' dir='ltr'><strong><em>devotione</em></strong></span> <span class='ocrx_word' id='word_1_232' title='bbox 3135 1901 3555 1972; x_wconf 86' lang='lat' dir='ltr'><strong><em>supplicandum</em></strong></span> <span class='ocrx_word' id='word_1_233' title='bbox 3584 1913 3684 1958; x_wconf 82' lang='lat' dir='ltr'><strong><em>est.</em></strong></span> <span class='ocrx_word' id='word_1_234' title='bbox 3715 1903 3770 1959; x_wconf 85' lang='lat' dir='ltr'><strong><em>Si</em></strong></span> 
     </span>
    </p>
   </div>
   <div class='ocr_carea' id='block_1_33' title="bbox 487 2009 2069 2084">
    <p class='ocr_par' dir='ltr' id='par_1_33' title="bbox 487 2009 2069 2084">
     <span class='ocr_line' id='line_1_33' title="bbox 487 2009 2069 2084; baseline -0.011 -16"><span class='ocrx_word' id='word_1_235' title='bbox 487 2027 587 2068; x_wconf 90' lang='lat' dir='ltr'><strong><em>nos</em></strong></span> <span class='ocrx_word' id='word_1_236' title='bbox 613 2011 758 2080; x_wconf 89' lang='lat' dir='ltr'><strong><em>loqui</em></strong></span> <span class='ocrx_word' id='word_1_237' title='bbox 786 2009 1184 2080; x_wconf 78' lang='lat' dir='ltr'><strong><em>cognoscimus.</em></strong></span> <span class='ocrx_word' id='word_1_238' title='bbox 2065 2079 2069 2084; x_wconf 14' lang='grc' dir='ltr'>ξ</span> 
     </span>
    </p>
   </div>
   <div class='ocr_carea' id='block_1_34' title="bbox 558 2088 2074 2163">
    <p class='ocr_par' dir='ltr' id='par_1_34' title="bbox 558 2088 2074 2163">
     <span class='ocr_line' id='line_1_34' title="bbox 558 2088 2074 2163; baseline -0.012 -4"><span class='ocrx_word' id='word_1_239' title='bbox 558 2105 630 2159; x_wconf 88' lang='lat' dir='ltr'><strong><em>Et</em></strong></span> <span class='ocrx_word' id='word_1_240' title='bbox 665 2102 840 2159; x_wconf 89' lang='lat' dir='ltr'><strong><em>oculos</em></strong></span> <span class='ocrx_word' id='word_1_241' title='bbox 869 2099 1082 2157; x_wconf 87' lang='lat' dir='ltr'><strong><em>Domini</em></strong></span> <span class='ocrx_word' id='word_1_242' title='bbox 1111 2100 1168 2153; x_wconf 90' lang='lat' dir='ltr'><strong><em>in</em></strong></span> <span class='ocrx_word' id='word_1_243' title='bbox 1206 2096 1348 2152; x_wconf 87' lang='lat' dir='ltr'><strong><em>omni</em></strong></span> <span class='ocrx_word' id='word_1_244' title='bbox 1383 2092 1496 2148; x_wconf 90' lang='lat' dir='ltr'><strong><em>loco</em></strong></span> <span class='ocrx_word' id='word_1_245' title='bbox 1533 2088 1796 2163; x_wconf 88' lang='lat' dir='ltr'><strong><em>speculari</em></strong></span> <span class='ocrx_word' id='word_1_246' title='bbox 1836 2088 1996 2143; x_wconf 88' lang='lat' dir='ltr'><strong><em>bonos</em></strong></span> <span class='ocrx_word' id='word_1_247' title='bbox 2024 2093 2074 2142; x_wconf 90' lang='lat' dir='ltr'><strong><em>et</em></strong></span> 
     </span>
    </p>
   </div>
   <div class='ocr_carea' id='block_1_35' title="bbox 488 2179 2075 2263">
    <p class='ocr_par' dir='ltr' id='par_1_35' title="bbox 488 2179 2075 2263">
     <span class='ocr_line' id='line_1_35' title="bbox 488 2179 2075 2263; baseline -0.013 -12"><span class='ocrx_word' id='word_1_248' title='bbox 488 2195 688 2263; x_wconf 85' lang='lat' dir='ltr'><strong><em>malos;</em></strong></span> <span class='ocrx_word' id='word_1_249' title='bbox 736 2193 963 2250; x_wconf 71' lang='lat' dir='ltr'><strong><em>maxime</em></strong></span> <span class='ocrx_word' id='word_1_250' title='bbox 1011 2201 1184 2246; x_wconf 87' lang='lat' dir='ltr'><strong><em>tamen</em></strong></span> <span class='ocrx_word' id='word_1_251' title='bbox 1231 2189 1327 2243; x_wconf 87' lang='lat' dir='ltr'><strong><em>hoc</em></strong></span> <span class='ocrx_word' id='word_1_252' title='bbox 1374 2186 1485 2242; x_wconf 87' lang='lat' dir='ltr'><strong><em>sine</em></strong></span> <span class='ocrx_word' id='word_1_253' title='bbox 1530 2182 1709 2254; x_wconf 87' lang='lat' dir='ltr'><strong><em>aliqua</em></strong></span> <span class='ocrx_word' id='word_1_254' title='bbox 1752 2179 2075 2233; x_wconf 82' lang='lat' dir='ltr'><strong><em>dubitatione</em></strong></span> 
     </span>
    </p>
   </div>
   <div class='ocr_carea' id='block_1_36' title="bbox 489 2269 2074 2352">
    <p class='ocr_par' dir='ltr' id='par_1_36' title="bbox 489 2269 2074 2352">
     <span class='ocr_line' id='line_1_36' title="bbox 489 2269 2074 2352; baseline -0.012 -10"><span class='ocrx_word' id='word_1_255' title='bbox 489 2287 784 2351; x_wconf 86' lang='lat' dir='ltr'><strong><em>credamus,</em></strong></span> <span class='ocrx_word' id='word_1_256' title='bbox 819 2301 938 2339; x_wconf 88' lang='lat' dir='ltr'><strong><em>cum</em></strong></span> <span class='ocrx_word' id='word_1_257' title='bbox 975 2283 1045 2337; x_wconf 93' lang='lat' dir='ltr'><strong><em>ad</em></strong></span> <span class='ocrx_word' id='word_1_258' title='bbox 1075 2298 1200 2352; x_wconf 82' lang='lat' dir='ltr'><strong><em>Opus</em></strong></span> <span class='ocrx_word' id='word_1_259' title='bbox 1240 2279 1472 2333; x_wconf 84' lang='lat' dir='ltr'><strong><em>divinum</em></strong></span> <span class='ocrx_word' id='word_1_260' title='bbox 1501 2273 1815 2329; x_wconf 85' lang='lat' dir='ltr'><strong><em>assistimus.</em></strong></span> <span class='ocrx_word' id='word_1_261' title='bbox 1857 2269 1925 2324; x_wconf 87' lang='lat' dir='ltr'><strong><em>Et</em></strong></span> <span class='ocrx_word' id='word_1_262' title='bbox 1953 2269 2074 2324; x_wconf 91' lang='lat' dir='ltr'><strong><em>ideo</em></strong></span> 
     </span>
    </p>
   </div>
   <div class='ocr_carea' id='block_1_37' title="bbox 490 2363 2075 2448">
    <p class='ocr_par' dir='ltr' id='par_1_37' title="bbox 490 2363 2075 2448">
     <span class='ocr_line' id='line_1_37' title="bbox 490 2363 2075 2448; baseline -0.011 -14"><span class='ocrx_word' id='word_1_263' title='bbox 490 2378 682 2434; x_wconf 88' lang='lat' dir='ltr'><strong><em>timere</em></strong></span> <span class='ocrx_word' id='word_1_264' title='bbox 710 2379 969 2434; x_wconf 88' lang='lat' dir='ltr'><strong><em>debemus</em></strong></span> <span class='ocrx_word' id='word_1_265' title='bbox 1003 2390 1072 2429; x_wconf 91' lang='lat' dir='ltr'><strong><em>ne</em></strong></span> <span class='ocrx_word' id='word_1_266' title='bbox 1107 2373 1249 2448; x_wconf 87' lang='lat' dir='ltr'><strong><em>forte</em></strong></span> <span class='ocrx_word' id='word_1_267' title='bbox 1287 2370 1332 2426; x_wconf 88' lang='lat' dir='ltr'><strong><em>si</em></strong></span> <span class='ocrx_word' id='word_1_268' title='bbox 1375 2368 1608 2439; x_wconf 89' lang='lat' dir='ltr'><strong><em>aliquid,</em></strong></span> <span class='ocrx_word' id='word_1_269' title='bbox 1649 2366 1790 2436; x_wconf 92' lang='lat' dir='ltr'><strong><em>quod</em></strong></span> <span class='ocrx_word' id='word_1_270' title='bbox 1819 2363 2075 2436; x_wconf 88' lang='lat' dir='ltr'><strong><em>petimus,</em></strong></span> 
     </span>
    </p>
   </div>
   <div class='ocr_carea' id='block_1_38' title="bbox 489 2455 2077 2540">
    <p class='ocr_par' dir='ltr' id='par_1_38' title="bbox 489 2455 2077 2540">
     <span class='ocr_line' id='line_1_38' title="bbox 489 2455 2077 2540; baseline -0.011 -14"><span class='ocrx_word' id='word_1_271' title='bbox 489 2470 806 2540; x_wconf 86' lang='lat' dir='ltr'><strong><em>cogitamus,</em></strong></span> <span class='ocrx_word' id='word_1_272' title='bbox 838 2467 1034 2522; x_wconf 80' lang='lat' dir='ltr'><strong><em>divinae</em></strong></span> <span class='ocrx_word' id='word_1_273' title='bbox 1073 2462 1344 2535; x_wconf 88' lang='lat' dir='ltr'><strong><em>majestati</em></strong></span> <span class='ocrx_word' id='word_1_274' title='bbox 1364 2502 1379 2530; x_wconf 96' lang='lat'><strong><em>,</em></strong></span> <span class='ocrx_word' id='word_1_275' title='bbox 1411 2470 1537 2516; x_wconf 87' lang='lat' dir='ltr'><strong><em>ante</em></strong></span> <span class='ocrx_word' id='word_1_276' title='bbox 1564 2473 1727 2530; x_wconf 89' lang='lat' dir='ltr'><strong><em>quam</em></strong></span> <span class='ocrx_word' id='word_1_277' title='bbox 1757 2465 1901 2512; x_wconf 89' lang='lat' dir='ltr'><strong><em>stare</em></strong></span> <span class='ocrx_word' id='word_1_278' title='bbox 1928 2455 2077 2511; x_wconf 88' lang='lat' dir='ltr'><strong><em>vide-</em></strong></span> 
     </span>
    </p>
   </div>
   <div class='ocr_carea' id='block_1_39' title="bbox 488 2558 2048 2632">
    <p class='ocr_par' dir='ltr' id='par_1_39' title="bbox 488 2558 2048 2632">
     <span class='ocr_line' id='line_1_39' title="bbox 488 2558 2048 2632; baseline -0.008 -16"><span class='ocrx_word' id='word_1_279' title='bbox 488 2577 634 2629; x_wconf 87' lang='lat' dir='ltr'><strong><em>mur,</em></strong></span> <span class='ocrx_word' id='word_1_280' title='bbox 661 2559 914 2631; x_wconf 86' lang='lat' dir='ltr'><strong><em>injuriam</em></strong></span> <span class='ocrx_word' id='word_1_281' title='bbox 942 2558 1226 2614; x_wconf 84' lang='lat' dir='ltr'><strong><em>faciamus.</em></strong></span> <span class='ocrx_word' id='word_1_282' title='bbox 2046 2630 2048 2632; x_wconf 76' lang='lat'><em>_</em></span> 
     </span>
    </p>
   </div>
   <div class='ocr_carea' id='block_1_40' title="bbox 483 2639 2075 2723">
    <p class='ocr_par' dir='ltr' id='par_1_40' title="bbox 483 2639 2075 2723">
     <span class='ocr_line' id='line_1_40' title="bbox 483 2639 2075 2723; baseline -0.008 -17"><span class='ocrx_word' id='word_1_283' title='bbox 483 2663 493 2674; x_wconf 79' lang='grc'>·</span> <span class='ocrx_word' id='word_1_284' title='bbox 557 2651 688 2706; x_wconf 86' lang='lat' dir='ltr'><strong><em>Ideo</em></strong></span> <span class='ocrx_word' id='word_1_285' title='bbox 723 2668 924 2723; x_wconf 87' lang='lat' dir='ltr'><strong><em>semper</em></strong></span> <span class='ocrx_word' id='word_1_286' title='bbox 959 2665 1212 2704; x_wconf 88' lang='lat' dir='ltr'><strong><em>memores</em></strong></span> <span class='ocrx_word' id='word_1_287' title='bbox 1253 2647 1416 2702; x_wconf 87' lang='lat' dir='ltr'><strong><em>simus</em></strong></span> <span class='ocrx_word' id='word_1_288' title='bbox 1453 2643 1592 2716; x_wconf 87' lang='lat' dir='ltr'><strong><em>quod</em></strong></span> <span class='ocrx_word' id='word_1_289' title='bbox 1631 2644 1704 2698; x_wconf 90' lang='lat' dir='ltr'><strong><em>ait</em></strong></span> <span class='ocrx_word' id='word_1_290' title='bbox 1744 2639 2011 2712; x_wconf 85' lang='lat' dir='ltr'><strong><em>Propheta</em></strong></span> <span class='ocrx_word' id='word_1_291' title='bbox 2055 2651 2075 2692; x_wconf 87' lang='lat'><strong><em>:</em></strong></span> 
     </span>
    </p>
   </div>
   <div class='ocr_carea' id='block_1_41' title="bbox 491 2733 2078 2814">
    <p class='ocr_par' dir='ltr' id='par_1_41' title="bbox 491 2733 2078 2814">
     <span class='ocr_line' id='line_1_41' title="bbox 491 2733 2078 2814; baseline -0.008 -14"><span class='ocrx_word' id='word_1_292' title='bbox 491 2743 696 2800; x_wconf 86' lang='lat' dir='ltr'><strong><em>Servite</em></strong></span> <span class='ocrx_word' id='word_1_293' title='bbox 716 2745 940 2798; x_wconf 89' lang='lat' dir='ltr'><strong><em>Domino</em></strong></span> <span class='ocrx_word' id='word_1_294' title='bbox 969 2746 1028 2797; x_wconf 91' lang='lat' dir='ltr'><strong><em>in</em></strong></span> <span class='ocrx_word' id='word_1_295' title='bbox 1057 2744 1240 2797; x_wconf 87' lang='lat' dir='ltr'><strong><em>timore</em></strong></span> <span class='ocrx_word' id='word_1_296' title='bbox 1265 2738 1437 2814; x_wconf 88' lang='lat' dir='ltr'><strong><em>(Psal.</em></strong></span> <span class='ocrx_word' id='word_1_297' title='bbox 1465 2739 1548 2810; x_wconf 83' lang='grc' dir='ltr'><strong><em>ιι).</em></strong></span> <span class='ocrx_word' id='word_1_298' title='bbox 1577 2739 1647 2794; x_wconf 88' lang='lat' dir='ltr'><strong><em>Et</em></strong></span> <span class='ocrx_word' id='word_1_299' title='bbox 1671 2740 1859 2792; x_wconf 89' lang='lat' dir='ltr'><strong><em>iterum</em></strong></span> <span class='ocrx_word' id='word_1_300' title='bbox 1883 2750 1900 2788; x_wconf 93' lang='lat'><em>:</em></span> <span class='ocrx_word' id='word_1_301' title='bbox 1927 2733 2078 2790; x_wconf 88' lang='lat' dir='ltr'><strong><em>Psal-</em></strong></span> 
     </span>
    </p>
   </div>
   <div class='ocr_carea' id='block_1_42' title="bbox 488 2827 2075 2906">
    <p class='ocr_par' dir='ltr' id='par_1_42' title="bbox 488 2827 2075 2906">
     <span class='ocr_line' id='line_1_42' title="bbox 488 2827 2075 2906; baseline -0.006 -18"><span class='ocrx_word' id='word_1_302' title='bbox 488 2834 578 2890; x_wconf 85' lang='lat' dir='ltr'><strong><em>lite</em></strong></span> <span class='ocrx_word' id='word_1_303' title='bbox 611 2836 872 2906; x_wconf 87' lang='lat' dir='ltr'><strong><em>sapienter</em></strong></span> <span class='ocrx_word' id='word_1_304' title='bbox 910 2832 1094 2906; x_wconf 87' lang='lat' dir='ltr'><strong><em>(Psal.</em></strong></span> <span class='ocrx_word' id='word_1_305' title='bbox 1137 2831 1320 2903; x_wconf 77' lang='lat' dir='ltr'><strong><em>XLVI).</em></strong></span> <span class='ocrx_word' id='word_1_306' title='bbox 1363 2831 1438 2885; x_wconf 89' lang='lat' dir='ltr'><strong><em>Ea</em></strong></span> <span class='ocrx_word' id='word_1_307' title='bbox 1474 2845 1602 2900; x_wconf 86' lang='lat' dir='ltr'><strong><em>ergo</em></strong></span> <span class='ocrx_word' id='word_1_308' title='bbox 1639 2843 1853 2897; x_wconf 88' lang='lat' dir='ltr'><strong><em>semper</em></strong></span> <span class='ocrx_word' id='word_1_309' title='bbox 1891 2827 2075 2896; x_wconf 80' lang='lat' dir='ltr'><strong><em>lingua</em></strong></span> 
     </span>
    </p>
   </div>
   <div class='ocr_carea' id='block_1_43' title="bbox 488 2917 2075 2998">
    <p class='ocr_par' dir='ltr' id='par_1_43' title="bbox 488 2917 2075 2998">
     <span class='ocr_line' id='line_1_43' title="bbox 488 2917 2075 2998; baseline -0.006 -16"><span class='ocrx_word' id='word_1_310' title='bbox 488 2926 731 2998; x_wconf 86' lang='lat' dir='ltr'><strong><em>proferat</em></strong></span> <span class='ocrx_word' id='word_1_311' title='bbox 755 2942 876 2996; x_wconf 79' lang='lat' dir='ltr'><strong><em>qua:</em></strong></span> <span class='ocrx_word' id='word_1_312' title='bbox 904 2924 1181 2980; x_wconf 90' lang='lat' dir='ltr'><strong><em>Conditori</em></strong></span> <span class='ocrx_word' id='word_1_313' title='bbox 1204 2923 1472 2992; x_wconf 90' lang='lat' dir='ltr'><strong><em>placeant,</em></strong></span> <span class='ocrx_word' id='word_1_314' title='bbox 1496 2921 1650 2990; x_wconf 74' lang='lat' dir='ltr'><strong><em>juxta</em></strong></span> <span class='ocrx_word' id='word_1_315' title='bbox 1677 2919 1806 2973; x_wconf 89' lang='lat' dir='ltr'><strong><em>illud</em></strong></span> <span class='ocrx_word' id='word_1_316' title='bbox 1835 2917 2075 2973; x_wconf 86' lang='lat' dir='ltr'><strong><em>Psalmo-</em></strong></span> 
     </span>
    </p>
   </div>
   <div class='ocr_carea' id='block_1_44' title="bbox 491 3007 2078 3088">
    <p class='ocr_par' dir='ltr' id='par_1_44' title="bbox 491 3007 2078 3088">
     <span class='ocr_line' id='line_1_44' title="bbox 491 3007 2078 3088; baseline -0.007 -17"><span class='ocrx_word' id='word_1_317' title='bbox 491 3017 681 3088; x_wconf 81' lang='lat' dir='ltr'><strong><em>graphi</em></strong></span> <span class='ocrx_word' id='word_1_318' title='bbox 719 3015 1051 3085; x_wconf 75' lang='lat' dir='ltr'><strong><em>praeconium</em></strong></span> <span class='ocrx_word' id='word_1_319' title='bbox 1093 3031 1108 3068; x_wconf 89' lang='lat'>:</span> <span class='ocrx_word' id='word_1_320' title='bbox 1153 3012 1373 3078; x_wconf 67' lang='lat' dir='ltr'><strong><em>Set-vite,</em></strong></span> <span class='ocrx_word' id='word_1_321' title='bbox 1418 3010 1624 3082; x_wconf 89' lang='lat' dir='ltr'><strong><em>inquit,</em></strong></span> <span class='ocrx_word' id='word_1_322' title='bbox 1669 3008 1895 3063; x_wconf 88' lang='lat' dir='ltr'><strong><em>Domino</em></strong></span> <span class='ocrx_word' id='word_1_323' title='bbox 1924 3008 1980 3062; x_wconf 89' lang='lat' dir='ltr'><strong><em>in</em></strong></span> <span class='ocrx_word' id='word_1_324' title='bbox 2009 3007 2078 3061; x_wconf 87' lang='lat' dir='ltr'><strong><em>ti-</em></strong></span> 
     </span>
    </p>
   </div>
   <div class='ocr_carea' id='block_1_45' title="bbox 490 3099 2076 3171">
    <p class='ocr_par' dir='ltr' id='par_1_45' title="bbox 490 3099 2076 3171">
     <span class='ocr_line' id='line_1_45' title="bbox 490 3099 2076 3171; baseline -0.004 -12"><span class='ocrx_word' id='word_1_325' title='bbox 490 3121 653 3171; x_wconf 89' lang='lat' dir='ltr'><strong><em>more,</em></strong></span> <span class='ocrx_word' id='word_1_326' title='bbox 690 3113 737 3160; x_wconf 87' lang='lat' dir='ltr'><strong><em>et</em></strong></span> <span class='ocrx_word' id='word_1_327' title='bbox 771 3103 1026 3159; x_wconf 77' lang='lat' dir='ltr'><strong><em>exsultate</em></strong></span> <span class='ocrx_word' id='word_1_328' title='bbox 1055 3104 1103 3158; x_wconf 90' lang='lat' dir='ltr'><strong><em>ei</em></strong></span> <span class='ocrx_word' id='word_1_329' title='bbox 1133 3121 1250 3158; x_wconf 88' lang='lat' dir='ltr'><strong><em>cum</em></strong></span> <span class='ocrx_word' id='word_1_330' title='bbox 1288 3112 1527 3156; x_wconf 90' lang='lat' dir='ltr'><strong><em>tremore.</em></strong></span> <span class='ocrx_word' id='word_1_331' title='bbox 1569 3101 1719 3156; x_wconf 89' lang='lat' dir='ltr'><strong><em>Tunc</em></strong></span> <span class='ocrx_word' id='word_1_332' title='bbox 1757 3114 1886 3170; x_wconf 85' lang='lat' dir='ltr'><strong><em>ergo</em></strong></span> <span class='ocrx_word' id='word_1_333' title='bbox 1915 3099 2076 3156; x_wconf 90' lang='lat' dir='ltr'><strong><em>Crea-</em></strong></span> 
     </span>
    </p>
   </div>
   <div class='ocr_carea' id='block_1_46' title="bbox 489 3193 2072 3268">
    <p class='ocr_par' dir='ltr' id='par_1_46' title="bbox 489 3193 2072 3268">
     <span class='ocr_line' id='line_1_46' title="bbox 489 3193 2072 3268; baseline -0.002 -17"><span class='ocrx_word' id='word_1_334' title='bbox 489 3198 593 3253; x_wconf 89' lang='lat' dir='ltr'><strong><em>tori</em></strong></span> <span class='ocrx_word' id='word_1_335' title='bbox 623 3198 861 3254; x_wconf 89' lang='lat' dir='ltr'><strong><em>timendo</em></strong></span> <span class='ocrx_word' id='word_1_336' title='bbox 882 3197 1137 3264; x_wconf 83' lang='lat' dir='ltr'><strong><em>servitur,</em></strong></span> <span class='ocrx_word' id='word_1_337' title='bbox 1160 3197 1204 3253; x_wconf 91' lang='lat' dir='ltr'><strong><em>si</em></strong></span> <span class='ocrx_word' id='word_1_338' title='bbox 1226 3213 1360 3268; x_wconf 90' lang='lat' dir='ltr'><strong><em>opus</em></strong></span> <span class='ocrx_word' id='word_1_339' title='bbox 1377 3197 1577 3251; x_wconf 91' lang='lat' dir='ltr'><strong><em>bonum</em></strong></span> <span class='ocrx_word' id='word_1_340' title='bbox 1599 3194 1806 3250; x_wconf 84' lang='lat' dir='ltr'><strong><em>devotis</em></strong></span> <span class='ocrx_word' id='word_1_341' title='bbox 1825 3193 2072 3249; x_wconf 90' lang='lat' dir='ltr'><strong><em>laudibus</em></strong></span> 
     </span>
    </p>
   </div>
   <div class='ocr_carea' id='block_1_47' title="bbox 2169 1989 3772 2050">
    <p class='ocr_par' dir='ltr' id='par_1_47' title="bbox 2169 1989 3772 2050">
     <span class='ocr_line' id='line_1_47' title="bbox 2169 1989 3772 2050; baseline 0.002 -3"><span class='ocrx_word' id='word_1_342' title='bbox 2169 1990 2481 2048; x_wconf 86' lang='lat' dir='ltr'><strong><em>hominibus</em></strong></span> <span class='ocrx_word' id='word_1_343' title='bbox 2524 1989 2832 2046; x_wconf 89' lang='lat' dir='ltr'><strong><em>carnalibus</em></strong></span> <span class='ocrx_word' id='word_1_344' title='bbox 2880 1989 2984 2046; x_wconf 85' lang='lat' dir='ltr'><strong><em>nisi</em></strong></span> <span class='ocrx_word' id='word_1_345' title='bbox 3030 2005 3154 2047; x_wconf 88' lang='lat' dir='ltr'><strong><em>cum</em></strong></span> <span class='ocrx_word' id='word_1_346' title='bbox 3195 1991 3507 2049; x_wconf 84' lang='lat' dir='ltr'><strong><em>humilitate</em></strong></span> <span class='ocrx_word' id='word_1_347' title='bbox 3562 2010 3671 2050; x_wconf 89' lang='lat' dir='ltr'><strong><em>non</em></strong></span> <span class='ocrx_word' id='word_1_348' title='bbox 3717 1995 3772 2050; x_wconf 83' lang='lat' dir='ltr'><strong><em>fit</em></strong></span> 
     </span>
    </p>
   </div>
   <div class='ocr_carea' id='block_1_48' title="bbox 2126 2082 3766 2156">
    <p class='ocr_par' dir='ltr' id='par_1_48' title="bbox 2126 2082 3766 2156">
     <span class='ocr_line' id='line_1_48' title="bbox 2126 2082 3766 2156; baseline 0.005 -23"><span class='ocrx_word' id='word_1_349' title='bbox 2126 2127 2132 2133; x_wconf 89' lang='lat'><strong><em>.</em></strong></span> <span class='ocrx_word' id='word_1_350' title='bbox 2171 2083 2414 2154; x_wconf 83' lang='lat' dir='ltr'><strong><em>precatio</em></strong></span> <span class='ocrx_word' id='word_1_351' title='bbox 2435 2097 2556 2137; x_wconf 92' lang='lat' dir='ltr'><strong><em>cum</em></strong></span> <span class='ocrx_word' id='word_1_352' title='bbox 2582 2082 2843 2138; x_wconf 86' lang='lat' dir='ltr'><strong><em>beneficia</em></strong></span> <span class='ocrx_word' id='word_1_353' title='bbox 2864 2097 2958 2138; x_wconf 91' lang='lat' dir='ltr'><strong><em>eos</em></strong></span> <span class='ocrx_word' id='word_1_354' title='bbox 2978 2083 3158 2154; x_wconf 87' lang='lat' dir='ltr'><strong><em>aliqua</em></strong></span> <span class='ocrx_word' id='word_1_355' title='bbox 3176 2085 3498 2156; x_wconf 82' lang='lat' dir='ltr'><strong><em>temporalia</em></strong></span> <span class='ocrx_word' id='word_1_356' title='bbox 3525 2088 3766 2156; x_wconf 75' lang='lat' dir='ltr'><strong><em>postula-</em></strong></span> 
     </span>
    </p>
   </div>
   <div class='ocr_carea' id='block_1_49' title="bbox 2172 2173 3765 2246">
    <p class='ocr_par' dir='ltr' id='par_1_49' title="bbox 2172 2173 3765 2246">
     <span class='ocr_line' id='line_1_49' title="bbox 2172 2173 3765 2246; baseline 0.003 -17"><span class='ocrx_word' id='word_1_357' title='bbox 2172 2189 2314 2240; x_wconf 90' lang='lat' dir='ltr'><strong><em>mus,</em></strong></span> <span class='ocrx_word' id='word_1_358' title='bbox 2333 2181 2537 2244; x_wconf 90' lang='lat' dir='ltr'><strong><em>quanto</em></strong></span> <span class='ocrx_word' id='word_1_359' title='bbox 2550 2173 2723 2246; x_wconf 86' lang='lat' dir='ltr'><strong><em>magis</em></strong></span> <span class='ocrx_word' id='word_1_360' title='bbox 2736 2175 2988 2230; x_wconf 85' lang='lat' dir='ltr'><strong><em>convenit</em></strong></span> <span class='ocrx_word' id='word_1_361' title='bbox 2999 2183 3169 2245; x_wconf 90' lang='lat' dir='ltr'><strong><em>utpro</em></strong></span> <span class='ocrx_word' id='word_1_362' title='bbox 3183 2177 3426 2245; x_wconf 88' lang='lat' dir='ltr'><strong><em>peccatis</em></strong></span> <span class='ocrx_word' id='word_1_363' title='bbox 3451 2179 3670 2234; x_wconf 85' lang='lat' dir='ltr'><strong><em>nostris</em></strong></span> <span class='ocrx_word' id='word_1_364' title='bbox 3693 2179 3765 2234; x_wconf 79' lang='lat' dir='ltr'><strong><em>vel</em></strong></span> 
     </span>
    </p>
   </div>
   <div class='ocr_carea' id='block_1_50' title="bbox 2172 2267 3766 2341">
    <p class='ocr_par' dir='ltr' id='par_1_50' title="bbox 2172 2267 3766 2341">
     <span class='ocr_line' id='line_1_50' title="bbox 2172 2267 3766 2341; baseline 0.003 -18"><span class='ocrx_word' id='word_1_365' title='bbox 2172 2267 2500 2324; x_wconf 80' lang='lat' dir='ltr'><strong><em>facinoribus</em></strong></span> <span class='ocrx_word' id='word_1_366' title='bbox 2527 2268 2700 2334; x_wconf 90' lang='lat' dir='ltr'><strong><em>omni,</em></strong></span> <span class='ocrx_word' id='word_1_367' title='bbox 2723 2284 2828 2339; x_wconf 90' lang='lat' dir='ltr'><strong><em>qua</em></strong></span> <span class='ocrx_word' id='word_1_368' title='bbox 2849 2282 3158 2338; x_wconf 88' lang='lat' dir='ltr'><strong><em>possumus,</em></strong></span> <span class='ocrx_word' id='word_1_369' title='bbox 3181 2268 3463 2326; x_wconf 84' lang='lat' dir='ltr'><strong><em>Christum</em></strong></span> <span class='ocrx_word' id='word_1_370' title='bbox 3491 2286 3664 2341; x_wconf 76' lang='lat' dir='ltr'><strong><em>prece</em></strong></span> <span class='ocrx_word' id='word_1_371' title='bbox 3689 2288 3766 2327; x_wconf 51' lang='lat' dir='ltr'><strong><em>ro.</em></strong></span> 
     </span>
    </p>
   </div>
   <div class='ocr_carea' id='block_1_51' title="bbox 2174 2358 3765 2436">
    <p class='ocr_par' dir='ltr' id='par_1_51' title="bbox 2174 2358 3765 2436">
     <span class='ocr_line' id='line_1_51' title="bbox 2174 2358 3765 2436; baseline 0.001 -20"><span class='ocrx_word' id='word_1_372' title='bbox 2174 2375 2383 2431; x_wconf 85' lang='lat' dir='ltr'><strong><em>gemus.</em></strong></span> <span class='ocrx_word' id='word_1_373' title='bbox 2417 2358 2571 2414; x_wconf 86' lang='lat' dir='ltr'><strong><em>Nulla</em></strong></span> <span class='ocrx_word' id='word_1_374' title='bbox 2603 2375 2733 2432; x_wconf 84' lang='lat' dir='ltr'><strong><em>ergo</em></strong></span> <span class='ocrx_word' id='word_1_375' title='bbox 2763 2361 2925 2416; x_wconf 87' lang='lat' dir='ltr'><strong><em>debet</em></strong></span> <span class='ocrx_word' id='word_1_376' title='bbox 2951 2375 3071 2417; x_wconf 88' lang='lat' dir='ltr'><strong><em>esse</em></strong></span> <span class='ocrx_word' id='word_1_377' title='bbox 3099 2362 3156 2417; x_wconf 91' lang='lat' dir='ltr'><strong><em>in</em></strong></span> <span class='ocrx_word' id='word_1_378' title='bbox 3179 2364 3429 2420; x_wconf 88' lang='lat' dir='ltr'><strong><em>oratione</em></strong></span> <span class='ocrx_word' id='word_1_379' title='bbox 3455 2364 3765 2436; x_wconf 85' lang='lat' dir='ltr'><strong><em>duplicitas.</em></strong></span> 
     </span>
    </p>
   </div>
   <div class='ocr_carea' id='block_1_52' title="bbox 2173 2449 3769 2518">
    <p class='ocr_par' dir='ltr' id='par_1_52' title="bbox 2173 2449 3769 2518">
     <span class='ocr_line' id='line_1_52' title="bbox 2173 2449 3769 2518; baseline 0.004 -13"><span class='ocrx_word' id='word_1_380' title='bbox 2173 2449 2291 2506; x_wconf 84' lang='lat' dir='ltr'><strong><em>Non</em></strong></span> <span class='ocrx_word' id='word_1_381' title='bbox 2328 2467 2466 2507; x_wconf 88' lang='lat' dir='ltr'><strong><em>unus</em></strong></span> <span class='ocrx_word' id='word_1_382' title='bbox 2503 2451 2557 2506; x_wconf 92' lang='lat' dir='ltr'><strong><em>in</em></strong></span> <span class='ocrx_word' id='word_1_383' title='bbox 2587 2468 2705 2518; x_wconf 90' lang='lat' dir='ltr'><strong><em>ore,</em></strong></span> <span class='ocrx_word' id='word_1_384' title='bbox 2735 2453 2874 2508; x_wconf 86' lang='lat' dir='ltr'><strong><em>alter</em></strong></span> <span class='ocrx_word' id='word_1_385' title='bbox 2902 2453 2958 2508; x_wconf 91' lang='lat' dir='ltr'><strong><em>in</em></strong></span> <span class='ocrx_word' id='word_1_386' title='bbox 2990 2454 3152 2509; x_wconf 90' lang='lat' dir='ltr'><strong><em>corde</em></strong></span> <span class='ocrx_word' id='word_1_387' title='bbox 3186 2456 3526 2511; x_wconf 87' lang='lat' dir='ltr'><strong><em>inveniatur.</em></strong></span> <span class='ocrx_word' id='word_1_388' title='bbox 3557 2457 3769 2512; x_wconf 84' lang='lat' dir='ltr'><strong><em>Puritas</em></strong></span> 
     </span>
    </p>
   </div>
   <div class='ocr_carea' id='block_1_53' title="bbox 2174 2543 3767 2612">
    <p class='ocr_par' dir='ltr' id='par_1_53' title="bbox 2174 2543 3767 2612">
     <span class='ocr_line' id='line_1_53' title="bbox 2174 2543 3767 2612; baseline 0.003 -12"><span class='ocrx_word' id='word_1_389' title='bbox 2174 2543 2359 2600; x_wconf 86' lang='lat' dir='ltr'><strong><em>cordis</em></strong></span> <span class='ocrx_word' id='word_1_390' title='bbox 2387 2546 2571 2599; x_wconf 89' lang='lat' dir='ltr'><strong><em>omnia</em></strong></span> <span class='ocrx_word' id='word_1_391' title='bbox 2595 2545 2728 2599; x_wconf 87' lang='lat' dir='ltr'><strong><em>vitia</em></strong></span> <span class='ocrx_word' id='word_1_392' title='bbox 2759 2545 3020 2612; x_wconf 80' lang='lat' dir='ltr'><strong><em>excludit,</em></strong></span> <span class='ocrx_word' id='word_1_393' title='bbox 3055 2562 3246 2604; x_wconf 88' lang='lat' dir='ltr'><strong><em>omnes</em></strong></span> <span class='ocrx_word' id='word_1_394' title='bbox 3275 2549 3515 2606; x_wconf 82' lang='lat' dir='ltr'><strong><em>virtutes</em></strong></span> <span class='ocrx_word' id='word_1_395' title='bbox 3540 2549 3767 2605; x_wconf 85' lang='lat' dir='ltr'><strong><em>obtinet.</em></strong></span> 
     </span>
    </p>
   </div>
   <div class='ocr_carea' id='block_1_54' title="bbox 2174 2637 3771 2716">
    <p class='ocr_par' dir='ltr' id='par_1_54' title="bbox 2174 2637 3771 2716">
     <span class='ocr_line' id='line_1_54' title="bbox 2174 2637 3771 2716; baseline 0.006 -24"><span class='ocrx_word' id='word_1_396' title='bbox 2174 2637 2412 2694; x_wconf 65' lang='lat' dir='ltr'><strong><em>Laetetur</em></strong></span> <span class='ocrx_word' id='word_1_397' title='bbox 2442 2655 2539 2696; x_wconf 92' lang='lat' dir='ltr'><strong><em>cor</em></strong></span> <span class='ocrx_word' id='word_1_398' title='bbox 2567 2641 2929 2710; x_wconf 66' lang='lat' dir='ltr'><strong><em>quaerentium</em></strong></span> <span class='ocrx_word' id='word_1_399' title='bbox 2958 2641 3268 2710; x_wconf 90' lang='lat' dir='ltr'><strong><em>Dominum,</em></strong></span> <span class='ocrx_word' id='word_1_400' title='bbox 3297 2643 3429 2716; x_wconf 89' lang='lat' dir='ltr'><strong><em>quia</em></strong></span> <span class='ocrx_word' id='word_1_401' title='bbox 3463 2646 3540 2700; x_wconf 88' lang='lat' dir='ltr'><strong><em>ibi</em></strong></span> <span class='ocrx_word' id='word_1_402' title='bbox 3569 2657 3656 2701; x_wconf 87' lang='lat' dir='ltr'><strong><em>est</em></strong></span> <span class='ocrx_word' id='word_1_403' title='bbox 3680 2647 3771 2701; x_wconf 84' lang='lat' dir='ltr'><strong><em>ha-</em></strong></span> 
     </span>
    </p>
   </div>
   <div class='ocr_carea' id='block_1_55' title="bbox 2175 2729 3763 2807">
    <p class='ocr_par' dir='ltr' id='par_1_55' title="bbox 2175 2729 3763 2807">
     <span class='ocr_line' id='line_1_55' title="bbox 2175 2729 3763 2807; baseline 0.006 -22"><span class='ocrx_word' id='word_1_404' title='bbox 2175 2729 2473 2786; x_wconf 88' lang='lat' dir='ltr'><strong><em>bitaculum</em></strong></span> <span class='ocrx_word' id='word_1_405' title='bbox 2518 2730 2752 2801; x_wconf 86' lang='lat' dir='ltr'><strong><em>Spiritus</em></strong></span> <span class='ocrx_word' id='word_1_406' title='bbox 2797 2733 2973 2789; x_wconf 86' lang='lat' dir='ltr'><strong><em>sancti</em></strong></span> <span class='ocrx_word' id='word_1_407' title='bbox 2999 2731 3093 2790; x_wconf 80' lang='lat' dir='ltr'><strong><em>ubi</em></strong></span> <span class='ocrx_word' id='word_1_408' title='bbox 3124 2733 3288 2791; x_wconf 90' lang='lat' dir='ltr'><strong><em>fuerit</em></strong></span> <span class='ocrx_word' id='word_1_409' title='bbox 3325 2737 3539 2807; x_wconf 86' lang='lat' dir='ltr'><strong><em>puritas</em></strong></span> <span class='ocrx_word' id='word_1_410' title='bbox 3562 2738 3763 2793; x_wconf 86' lang='lat' dir='ltr'><strong><em>cordis.</em></strong></span> 
     </span>
    </p>
   </div>
   <div class='ocr_carea' id='block_1_56' title="bbox 2177 2821 2726 2894">
    <p class='ocr_par' dir='ltr' id='par_1_56' title="bbox 2177 2821 2726 2894">
     <span class='ocr_line' id='line_1_56' title="bbox 2177 2821 2726 2894; baseline 0 -16"><span class='ocrx_word' id='word_1_411' title='bbox 2177 2821 2332 2878; x_wconf 89' lang='lat' dir='ltr'><strong><em>Unde</em></strong></span> <span class='ocrx_word' id='word_1_412' title='bbox 2359 2831 2415 2878; x_wconf 89' lang='lat' dir='ltr'><strong><em>et</em></strong></span> <span class='ocrx_word' id='word_1_413' title='bbox 2441 2823 2688 2894; x_wconf 87' lang='lat' dir='ltr'><strong><em>sequitur</em></strong></span> <span class='ocrx_word' id='word_1_414' title='bbox 2714 2843 2726 2878; x_wconf 93' lang='lat'>:</span> 
     </span>
    </p>
   </div>
   <div class='ocr_carea' id='block_1_57' title="bbox 2246 2915 3773 2992">
    <p class='ocr_par' dir='ltr' id='par_1_57' title="bbox 2246 2915 3773 2992">
     <span class='ocr_line' id='line_1_57' title="bbox 2246 2915 3773 2992; baseline 0.009 -23"><span class='ocrx_word' id='word_1_415' title='bbox 2246 2915 2319 2970; x_wconf 86' lang='lat' dir='ltr'><strong><em>Et</em></strong></span> <span class='ocrx_word' id='word_1_416' title='bbox 2343 2933 2448 2971; x_wconf 89' lang='lat' dir='ltr'><strong><em>non</em></strong></span> <span class='ocrx_word' id='word_1_417' title='bbox 2474 2918 2528 2971; x_wconf 91' lang='lat' dir='ltr'><strong><em>in</em></strong></span> <span class='ocrx_word' id='word_1_418' title='bbox 2548 2916 2900 2990; x_wconf 80' lang='lat' dir='ltr'><strong><em>multiloquio,</em></strong></span> <span class='ocrx_word' id='word_1_419' title='bbox 2923 2920 3014 2974; x_wconf 88' lang='lat' dir='ltr'><strong><em>sed</em></strong></span> <span class='ocrx_word' id='word_1_420' title='bbox 3037 2920 3092 2976; x_wconf 94' lang='lat' dir='ltr'><strong><em>in</em></strong></span> <span class='ocrx_word' id='word_1_421' title='bbox 3111 2921 3342 2992; x_wconf 88' lang='lat' dir='ltr'><strong><em>puritate</em></strong></span> <span class='ocrx_word' id='word_1_422' title='bbox 3361 2923 3545 2981; x_wconf 78' lang='lat' dir='ltr'><strong><em>cordis</em></strong></span> <span class='ocrx_word' id='word_1_423' title='bbox 3566 2931 3618 2980; x_wconf 79' lang='lat' dir='ltr'><strong><em>et</em></strong></span> <span class='ocrx_word' id='word_1_424' title='bbox 3641 2939 3773 2980; x_wconf 72' lang='lat' dir='ltr'><strong><em>com-</em></strong></span> 
     </span>
    </p>
   </div>
   <div class='ocr_carea' id='block_1_58' title="bbox 2175 3007 3768 3080">
    <p class='ocr_par' dir='ltr' id='par_1_58' title="bbox 2175 3007 3768 3080">
     <span class='ocr_line' id='line_1_58' title="bbox 2175 3007 3768 3080; baseline 0.007 -19"><span class='ocrx_word' id='word_1_425' title='bbox 2175 3008 2459 3078; x_wconf 86' lang='lat' dir='ltr'><strong><em>punctione</em></strong></span> <span class='ocrx_word' id='word_1_426' title='bbox 2489 3007 2842 3080; x_wconf 84' lang='lat' dir='ltr'><strong><em>lacrymarum</em></strong></span> <span class='ocrx_word' id='word_1_427' title='bbox 2870 3027 2962 3066; x_wconf 87' lang='lat' dir='ltr'><strong><em>nos</em></strong></span> <span class='ocrx_word' id='word_1_428' title='bbox 2986 3011 3229 3067; x_wconf 74' lang='lat' dir='ltr'><strong><em>exaudiri</em></strong></span> <span class='ocrx_word' id='word_1_429' title='bbox 3263 3015 3527 3072; x_wconf 81' lang='lat' dir='ltr'><strong><em>sciamus.</em></strong></span> <span class='ocrx_word' id='word_1_430' title='bbox 3555 3015 3630 3072; x_wconf 82' lang='lat' dir='ltr'><strong><em>Et</em></strong></span> <span class='ocrx_word' id='word_1_431' title='bbox 3659 3017 3768 3072; x_wconf 80' lang='lat' dir='ltr'><strong><em>ideo</em></strong></span> 
     </span>
    </p>
   </div>
   <div class='ocr_carea' id='block_1_59' title="bbox 2175 3099 3773 3172">
    <p class='ocr_par' dir='ltr' id='par_1_59' title="bbox 2175 3099 3773 3172">
     <span class='ocr_line' id='line_1_59' title="bbox 2175 3099 3773 3172; baseline 0.007 -20"><span class='ocrx_word' id='word_1_432' title='bbox 2175 3099 2340 3155; x_wconf 82' lang='lat' dir='ltr'><strong><em>brevis</em></strong></span> <span class='ocrx_word' id='word_1_433' title='bbox 2365 3099 2512 3154; x_wconf 87' lang='lat' dir='ltr'><strong><em>debet</em></strong></span> <span class='ocrx_word' id='word_1_434' title='bbox 2532 3117 2640 3156; x_wconf 80' lang='lat' dir='ltr'><strong><em>esse</em></strong></span> <span class='ocrx_word' id='word_1_435' title='bbox 2666 3110 2715 3156; x_wconf 89' lang='lat' dir='ltr'><strong><em>et</em></strong></span> <span class='ocrx_word' id='word_1_436' title='bbox 2741 3119 2873 3172; x_wconf 90' lang='lat' dir='ltr'><strong><em>pura</em></strong></span> <span class='ocrx_word' id='word_1_437' title='bbox 2897 3105 3085 3158; x_wconf 90' lang='lat' dir='ltr'><strong><em>oratio.</em></strong></span> <span class='ocrx_word' id='word_1_438' title='bbox 3115 3103 3241 3161; x_wconf 90' lang='lat' dir='ltr'><strong><em>Ideo</em></strong></span> <span class='ocrx_word' id='word_1_439' title='bbox 3260 3105 3448 3162; x_wconf 86' lang='lat' dir='ltr'><strong><em>brevis</em></strong></span> <span class='ocrx_word' id='word_1_440' title='bbox 3473 3109 3643 3164; x_wconf 86' lang='lat' dir='ltr'><strong><em>debet</em></strong></span> <span class='ocrx_word' id='word_1_441' title='bbox 3667 3108 3773 3165; x_wconf 75' lang='lat' dir='ltr'><strong><em>fieri</em></strong></span> 
     </span>
    </p>
   </div>
   <div class='ocr_carea' id='block_1_60' title="bbox 2176 3193 3774 3266">
    <p class='ocr_par' dir='ltr' id='par_1_60' title="bbox 2176 3193 3774 3266">
     <span class='ocr_line' id='line_1_60' title="bbox 2176 3193 3774 3266; baseline 0.008 -20"><span class='ocrx_word' id='word_1_442' title='bbox 2176 3193 2370 3259; x_wconf 89' lang='lat' dir='ltr'><strong><em>oratio,</em></strong></span> <span class='ocrx_word' id='word_1_443' title='bbox 2410 3208 2480 3249; x_wconf 89' lang='lat' dir='ltr'><strong><em>ne</em></strong></span> <span class='ocrx_word' id='word_1_444' title='bbox 2514 3207 2612 3262; x_wconf 90' lang='lat' dir='ltr'><strong><em>per</em></strong></span> <span class='ocrx_word' id='word_1_445' title='bbox 2649 3194 2990 3251; x_wconf 89' lang='lat' dir='ltr'><strong><em>occasionem</em></strong></span> <span class='ocrx_word' id='word_1_446' title='bbox 3025 3196 3232 3266; x_wconf 81' lang='lat' dir='ltr'><strong><em>prolixa</em></strong></span> <span class='ocrx_word' id='word_1_447' title='bbox 3269 3200 3550 3258; x_wconf 88' lang='lat' dir='ltr'><strong><em>orationis</em></strong></span> <span class='ocrx_word' id='word_1_448' title='bbox 3586 3203 3774 3258; x_wconf 85' lang='lat' dir='ltr'><strong><em>obdor-</em></strong></span> 
     </span>
    </p>
   </div>
   <div class='ocr_carea' id='block_1_61' title="bbox 485 3255 3775 3362">
    <p class='ocr_par' dir='ltr' id='par_1_61' title="bbox 485 3255 3775 3362">
     <span class='ocr_line' id='line_1_61' title="bbox 485 3255 3775 3362; baseline 0.002 -18"><span class='ocrx_word' id='word_1_449' title='bbox 485 3285 748 3361; x_wconf 84' lang='lat' dir='ltr'><strong><em>iungitur,</em></strong></span> <span class='ocrx_word' id='word_1_450' title='bbox 774 3291 915 3346; x_wconf 90' lang='lat' dir='ltr'><strong><em>sicut</em></strong></span> <span class='ocrx_word' id='word_1_451' title='bbox 943 3290 1071 3345; x_wconf 90' lang='lat' dir='ltr'><strong><em>alibi</em></strong></span> <span class='ocrx_word' id='word_1_452' title='bbox 1097 3255 1196 3362; x_wconf 77' lang='lat' dir='ltr'><strong><em>per</em></strong></span> <span class='ocrx_word' id='word_1_453' title='bbox 1217 3255 1564 3345; x_wconf 74' lang='lat' dir='ltr'><strong><em>Psalmistam</em></strong></span> <span class='ocrx_word' id='word_1_454' title='bbox 1592 3287 1826 3343; x_wconf 88' lang='lat' dir='ltr'><strong><em>dicitur:</em></strong></span> <span class='ocrx_word' id='word_1_455' title='bbox 1853 3284 2075 3341; x_wconf 86' lang='lat' dir='ltr'><strong><em>Psallite</em></strong></span> <span class='ocrx_word' id='word_1_456' title='bbox 2101 3255 2146 3319; x_wconf 63' lang='grc' dir='ltr'><strong>θ</strong></span> <span class='ocrx_word' id='word_1_457' title='bbox 2177 3255 2369 3349; x_wconf 81' lang='lat' dir='ltr'><strong><em>miant,</em></strong></span> <span class='ocrx_word' id='word_1_458' title='bbox 2395 3292 2488 3339; x_wconf 90' lang='lat' dir='ltr'><strong><em>aut</em></strong></span> <span class='ocrx_word' id='word_1_459' title='bbox 2510 3255 2649 3340; x_wconf 83' lang='lat' dir='ltr'><strong><em>forte</em></strong></span> <span class='ocrx_word' id='word_1_460' title='bbox 2678 3285 2767 3340; x_wconf 91' lang='lat' dir='ltr'><strong><em>diu</em></strong></span> <span class='ocrx_word' id='word_1_461' title='bbox 2787 3255 3300 3357; x_wconf 49' lang='lat' dir='ltr'><strong><em>iacentes-diabolus</em></strong></span> <span class='ocrx_word' id='word_1_462' title='bbox 3324 3291 3410 3348; x_wconf 83' lang='lat' dir='ltr'><strong><em>eis</em></strong></span> <span class='ocrx_word' id='word_1_463' title='bbox 3434 3255 3574 3349; x_wconf 67' lang='lat' dir='ltr'><strong><em>ante</em></strong></span> 
     </span>
    </p>
   </div>
   <div class='ocr_carea' id='block_1_62' title="bbox 484 3379 2076 3454">
    <p class='ocr_par' dir='ltr' id='par_1_62' title="bbox 484 3379 2076 3454">
     <span class='ocr_line' id='line_1_62' title="bbox 484 3379 2076 3454; baseline -0.002 -15"><span class='ocrx_word' id='word_1_464' title='bbox 484 3383 766 3454; x_wconf 83' lang='lat' dir='ltr'><strong><em>sapienter.</em></strong></span> <span class='ocrx_word' id='word_1_465' title='bbox 797 3379 1080 3454; x_wconf 88' lang='lat' dir='ltr'><strong><em>Sapienter</em></strong></span> <span class='ocrx_word' id='word_1_466' title='bbox 1109 3381 1310 3438; x_wconf 89' lang='lat' dir='ltr'><strong><em>etenim</em></strong></span> <span class='ocrx_word' id='word_1_467' title='bbox 1339 3383 1567 3452; x_wconf 90' lang='lat' dir='ltr'><strong><em>quisque</em></strong></span> <span class='ocrx_word' id='word_1_468' title='bbox 1599 3379 1795 3451; x_wconf 88' lang='lat' dir='ltr'><strong><em>psallit,</em></strong></span> <span class='ocrx_word' id='word_1_469' title='bbox 1827 3379 1919 3450; x_wconf 91' lang='lat' dir='ltr'><strong><em>qui</em></strong></span> <span class='ocrx_word' id='word_1_470' title='bbox 1941 3394 2076 3436; x_wconf 89' lang='lat' dir='ltr'><strong><em>voce</em></strong></span> 
     </span>
    </p>
   </div>
   <div class='ocr_carea' id='block_1_63' title="bbox 488 3464 2077 3546">
    <p class='ocr_par' dir='ltr' id='par_1_63' title="bbox 488 3464 2077 3546">
     <span class='ocr_line' id='line_1_63' title="bbox 488 3464 2077 3546; baseline 0 -17"><span class='ocrx_word' id='word_1_471' title='bbox 488 3474 730 3530; x_wconf 90' lang='lat' dir='ltr'><strong><em>laudanti</em></strong></span> <span class='ocrx_word' id='word_1_472' title='bbox 761 3464 937 3532; x_wconf 82' lang='lat' dir='ltr'><strong><em>noxiis</em></strong></span> <span class='ocrx_word' id='word_1_473' title='bbox 961 3475 1215 3546; x_wconf 87' lang='lat' dir='ltr'><strong><em>operibus</em></strong></span> <span class='ocrx_word' id='word_1_474' title='bbox 1241 3491 1346 3530; x_wconf 92' lang='lat' dir='ltr'><strong><em>non</em></strong></span> <span class='ocrx_word' id='word_1_475' title='bbox 1373 3474 1731 3540; x_wconf 90' lang='lat' dir='ltr'><strong><em>contradicit;</em></strong></span> <span class='ocrx_word' id='word_1_476' title='bbox 1764 3481 1817 3528; x_wconf 89' lang='lat' dir='ltr'><strong><em>et</em></strong></span> <span class='ocrx_word' id='word_1_477' title='bbox 1841 3472 2077 3545; x_wconf 86' lang='lat' dir='ltr'><strong><em>qualiter</em></strong></span> 
     </span>
    </p>
   </div>
   <div class='ocr_carea' id='block_1_64' title="bbox 485 3567 2076 3640">
    <p class='ocr_par' dir='ltr' id='par_1_64' title="bbox 485 3567 2076 3640">
     <span class='ocr_line' id='line_1_64' title="bbox 485 3567 2076 3640; baseline -0.001 -16"><span class='ocrx_word' id='word_1_478' title='bbox 485 3577 734 3640; x_wconf 84' lang='lat' dir='ltr'><strong><em>oporteat</em></strong></span> <span class='ocrx_word' id='word_1_479' title='bbox 763 3569 955 3624; x_wconf 84' lang='lat' dir='ltr'><strong><em>divinae</em></strong></span> <span class='ocrx_word' id='word_1_480' title='bbox 977 3568 1237 3640; x_wconf 74' lang='lat' dir='ltr'><strong><em>potentiae</em></strong></span> <span class='ocrx_word' id='word_1_481' title='bbox 1262 3567 1511 3623; x_wconf 82' lang='lat' dir='ltr'><strong><em>famulari</em></strong></span> <span class='ocrx_word' id='word_1_482' title='bbox 1540 3567 1770 3623; x_wconf 89' lang='lat' dir='ltr'><strong><em>sollicita</em></strong></span> <span class='ocrx_word' id='word_1_483' title='bbox 1801 3583 1932 3622; x_wconf 92' lang='lat' dir='ltr'><strong><em>cura</em></strong></span> <span class='ocrx_word' id='word_1_484' title='bbox 1961 3583 2076 3623; x_wconf 91' lang='lat' dir='ltr'><strong><em>om-</em></strong></span> 
     </span>
    </p>
   </div>
   <div class='ocr_carea' id='block_1_65' title="bbox 486 3657 2075 3730">
    <p class='ocr_par' dir='ltr' id='par_1_65' title="bbox 486 3657 2075 3730">
     <span class='ocr_line' id='line_1_65' title="bbox 486 3657 2075 3730; baseline 0 -17"><span class='ocrx_word' id='word_1_485' title='bbox 486 3657 652 3728; x_wconf 91' lang='lat' dir='ltr'><strong><em>nique</em></strong></span> <span class='ocrx_word' id='word_1_486' title='bbox 685 3660 865 3714; x_wconf 89' lang='lat' dir='ltr'><strong><em>studio</em></strong></span> <span class='ocrx_word' id='word_1_487' title='bbox 901 3660 1267 3730; x_wconf 88' lang='lat' dir='ltr'><strong><em>prosequitur.</em></strong></span> <span class='ocrx_word' id='word_1_488' title='bbox 1315 3659 1405 3714; x_wconf 91' lang='lat' dir='ltr'><strong><em>Sic</em></strong></span> <span class='ocrx_word' id='word_1_489' title='bbox 1441 3674 1570 3730; x_wconf 84' lang='lat' dir='ltr'><strong><em>ergo</em></strong></span> <span class='ocrx_word' id='word_1_490' title='bbox 1592 3674 1745 3714; x_wconf 87' lang='lat' dir='ltr'><strong><em>mens</em></strong></span> <span class='ocrx_word' id='word_1_491' title='bbox 1772 3669 1958 3714; x_wconf 81' lang='lat' dir='ltr'><strong><em>nostra</em></strong></span> <span class='ocrx_word' id='word_1_492' title='bbox 1989 3658 2075 3713; x_wconf 89' lang='lat' dir='ltr'><strong><em>in-</em></strong></span> 
     </span>
    </p>
   </div>
   <div class='ocr_carea' id='block_1_66' title="bbox 489 3749 2076 3822">
    <p class='ocr_par' dir='ltr' id='par_1_66' title="bbox 489 3749 2076 3822">
     <span class='ocr_line' id='line_1_66' title="bbox 489 3749 2076 3822; baseline 0.001 -17"><span class='ocrx_word' id='word_1_493' title='bbox 489 3759 638 3806; x_wconf 89' lang='lat' dir='ltr'><strong><em>tenta</em></strong></span> <span class='ocrx_word' id='word_1_494' title='bbox 660 3749 728 3805; x_wconf 90' lang='lat' dir='ltr'><strong><em>ad</em></strong></span> <span class='ocrx_word' id='word_1_495' title='bbox 749 3750 1085 3822; x_wconf 90' lang='lat' dir='ltr'><strong><em>psallendum</em></strong></span> <span class='ocrx_word' id='word_1_496' title='bbox 1109 3751 1344 3817; x_wconf 88' lang='lat' dir='ltr'><strong><em>incedat,</em></strong></span> <span class='ocrx_word' id='word_1_497' title='bbox 1367 3750 1599 3821; x_wconf 88' lang='lat' dir='ltr'><strong><em>qualiter</em></strong></span> <span class='ocrx_word' id='word_1_498' title='bbox 1621 3751 1766 3807; x_wconf 90' lang='lat' dir='ltr'><strong><em>nullo</em></strong></span> <span class='ocrx_word' id='word_1_499' title='bbox 1785 3751 2076 3821; x_wconf 79' lang='lat' dir='ltr'><strong><em>praepedita</em></strong></span> 
     </span>
    </p>
   </div>
   <div class='ocr_carea' id='block_1_67' title="bbox 490 3841 2077 3920">
    <p class='ocr_par' dir='ltr' id='par_1_67' title="bbox 490 3841 2077 3920">
     <span class='ocr_line' id='line_1_67' title="bbox 490 3841 2077 3920; baseline -0.001 -21"><span class='ocrx_word' id='word_1_500' title='bbox 490 3841 765 3920; x_wconf 75' lang='lat' dir='ltr'><strong><em>saecularis</em></strong></span> <span class='ocrx_word' id='word_1_501' title='bbox 793 3842 1047 3898; x_wconf 88' lang='lat' dir='ltr'><strong><em>desiderii</em></strong></span> <span class='ocrx_word' id='word_1_502' title='bbox 1074 3841 1376 3909; x_wconf 88' lang='lat' dir='ltr'><strong><em>obstaculo,</em></strong></span> <span class='ocrx_word' id='word_1_503' title='bbox 1407 3842 1553 3898; x_wconf 91' lang='lat' dir='ltr'><strong><em>nullo</em></strong></span> <span class='ocrx_word' id='word_1_504' title='bbox 1586 3844 1842 3914; x_wconf 89' lang='lat' dir='ltr'><strong><em>temporis</em></strong></span> <span class='ocrx_word' id='word_1_505' title='bbox 1865 3842 2077 3898; x_wconf 87' lang='lat' dir='ltr'><strong><em>fuscata</em></strong></span> 
     </span>
    </p>
   </div>
   <div class='ocr_carea' id='block_1_68' title="bbox 489 3930 2078 4002">
    <p class='ocr_par' dir='ltr' id='par_1_68' title="bbox 489 3930 2078 4002">
     <span class='ocr_line' id='line_1_68' title="bbox 489 3930 2078 4002; baseline 0.002 -16"><span class='ocrx_word' id='word_1_506' title='bbox 489 3931 649 3997; x_wconf 90' lang='lat' dir='ltr'><strong><em>vitio,</em></strong></span> <span class='ocrx_word' id='word_1_507' title='bbox 695 3930 789 3987; x_wconf 90' lang='lat' dir='ltr'><strong><em>sed</em></strong></span> <span class='ocrx_word' id='word_1_508' title='bbox 827 3947 1039 4002; x_wconf 78' lang='lat' dir='ltr'><strong><em>seraper</em></strong></span> <span class='ocrx_word' id='word_1_509' title='bbox 1079 3933 1288 3987; x_wconf 89' lang='lat' dir='ltr'><strong><em>intenta</em></strong></span> <span class='ocrx_word' id='word_1_510' title='bbox 1330 3932 1384 3986; x_wconf 90' lang='lat' dir='ltr'><strong><em>in</em></strong></span> <span class='ocrx_word' id='word_1_511' title='bbox 1421 3932 1733 3989; x_wconf 84' lang='lat' dir='ltr'><strong><em>coelestibus</em></strong></span> <span class='ocrx_word' id='word_1_512' title='bbox 1774 3932 2078 3989; x_wconf 88' lang='lat' dir='ltr'><strong><em>humilitate</em></strong></span> 
     </span>
    </p>
   </div>
   <div class='ocr_carea' id='block_1_69' title="bbox 490 4021 2075 4096">
    <p class='ocr_par' dir='ltr' id='par_1_69' title="bbox 490 4021 2075 4096">
     <span class='ocr_line' id='line_1_69' title="bbox 490 4021 2075 4096; baseline 0.004 -20"><span class='ocrx_word' id='word_1_513' title='bbox 490 4037 555 4077; x_wconf 91' lang='lat' dir='ltr'><strong><em>ac</em></strong></span> <span class='ocrx_word' id='word_1_514' title='bbox 592 4021 830 4092; x_wconf 88' lang='lat' dir='ltr'><strong><em>puritate</em></strong></span> <span class='ocrx_word' id='word_1_515' title='bbox 873 4023 1383 4096; x_wconf 89' lang='lat' dir='ltr'><strong><em>promptissimaque</em></strong></span> <span class='ocrx_word' id='word_1_516' title='bbox 1427 4025 1712 4081; x_wconf 89' lang='lat' dir='ltr'><strong><em>devotione</em></strong></span> <span class='ocrx_word' id='word_1_517' title='bbox 1752 4033 1963 4093; x_wconf 87' lang='lat' dir='ltr'><strong><em>ornata,</em></strong></span> <span class='ocrx_word' id='word_1_518' title='bbox 2007 4026 2075 4082; x_wconf 89' lang='lat' dir='ltr'><strong><em>ad</em></strong></span> 
     </span>
    </p>
   </div>
   <div class='ocr_carea' id='block_1_70' title="bbox 490 4113 2079 4189">
    <p class='ocr_par' dir='ltr' id='par_1_70' title="bbox 490 4113 2079 4189">
     <span class='ocr_line' id='line_1_70' title="bbox 490 4113 2079 4189; baseline 0.004 -23"><span class='ocrx_word' id='word_1_519' title='bbox 490 4117 690 4167; x_wconf 85' lang='lat' dir='ltr'><strong><em>aeterna</em></strong></span> <span class='ocrx_word' id='word_1_520' title='bbox 713 4113 935 4185; x_wconf 82' lang='lat' dir='ltr'><strong><em>praemia</em></strong></span> <span class='ocrx_word' id='word_1_521' title='bbox 960 4114 1247 4186; x_wconf 88' lang='lat' dir='ltr'><strong><em>pervenire</em></strong></span> <span class='ocrx_word' id='word_1_522' title='bbox 1267 4115 1576 4170; x_wconf 88' lang='lat' dir='ltr'><strong><em>contendat.</em></strong></span> <span class='ocrx_word' id='word_1_523' title='bbox 1603 4115 1693 4172; x_wconf 91' lang='lat' dir='ltr'><strong><em>Sic</em></strong></span> <span class='ocrx_word' id='word_1_524' title='bbox 1715 4131 1913 4189; x_wconf 88' lang='lat' dir='ltr'><strong><em>corpus</em></strong></span> <span class='ocrx_word' id='word_1_525' title='bbox 1933 4132 2079 4174; x_wconf 91' lang='lat' dir='ltr'><strong><em>com-</em></strong></span> 
     </span>
    </p>
   </div>
   <div class='ocr_carea' id='block_1_71' title="bbox 488 4205 2074 4281">
    <p class='ocr_par' dir='ltr' id='par_1_71' title="bbox 488 4205 2074 4281">
     <span class='ocr_line' id='line_1_71' title="bbox 488 4205 2074 4281; baseline 0.003 -21"><span class='ocrx_word' id='word_1_526' title='bbox 488 4207 838 4276; x_wconf 90' lang='lat' dir='ltr'><strong><em>punctionem</em></strong></span> <span class='ocrx_word' id='word_1_527' title='bbox 873 4205 1094 4281; x_wconf 84' lang='lat' dir='ltr'><strong><em>ﬂagret,</em></strong></span> <span class='ocrx_word' id='word_1_528' title='bbox 1127 4205 1361 4279; x_wconf 88' lang='lat' dir='ltr'><strong><em>qualiter</em></strong></span> <span class='ocrx_word' id='word_1_529' title='bbox 1389 4207 1445 4264; x_wconf 90' lang='lat' dir='ltr'><strong><em>in</em></strong></span> <span class='ocrx_word' id='word_1_530' title='bbox 1477 4223 1535 4266; x_wconf 90' lang='lat' dir='ltr'><strong><em>se</em></strong></span> <span class='ocrx_word' id='word_1_531' title='bbox 1561 4209 1836 4267; x_wconf 89' lang='lat' dir='ltr'><strong><em>Creatoris</em></strong></span> <span class='ocrx_word' id='word_1_532' title='bbox 1864 4209 2074 4266; x_wconf 90' lang='lat' dir='ltr'><strong><em>miseri-</em></strong></span> 
     </span>
    </p>
   </div>
   <div class='ocr_carea' id='block_1_72' title="bbox 491 4299 984 4356">
    <p class='ocr_par' dir='ltr' id='par_1_72' title="bbox 491 4299 984 4356">
     <span class='ocr_line' id='line_1_72' title="bbox 491 4299 984 4356; baseline 0 -1"><span class='ocrx_word' id='word_1_533' title='bbox 491 4299 732 4355; x_wconf 88' lang='lat' dir='ltr'><strong><em>cordiam</em></strong></span> <span class='ocrx_word' id='word_1_534' title='bbox 765 4300 984 4356; x_wconf 82' lang='lat' dir='ltr'><strong><em>excitet.</em></strong></span> 
     </span>
    </p>
   </div>
   <div class='ocr_carea' id='block_1_73' title="bbox 560 4391 2071 4468">
    <p class='ocr_par' dir='ltr' id='par_1_73' title="bbox 560 4391 2071 4468">
     <span class='ocr_line' id='line_1_73' title="bbox 560 4391 2071 4468; baseline 0.004 -24"><span class='ocrx_word' id='word_1_535' title='bbox 560 4391 629 4444; x_wconf 87' lang='lat' dir='ltr'><strong><em>Et</em></strong></span> <span class='ocrx_word' id='word_1_536' title='bbox 669 4405 688 4443; x_wconf 90' lang='lat'><strong><em>:</em></strong></span> <span class='ocrx_word' id='word_1_537' title='bbox 729 4391 798 4447; x_wconf 88' lang='lat' dir='ltr'><strong><em>In</em></strong></span> <span class='ocrx_word' id='word_1_538' title='bbox 842 4403 1116 4463; x_wconf 87' lang='lat' dir='ltr'><strong><em>conspectu</em></strong></span> <span class='ocrx_word' id='word_1_539' title='bbox 1160 4394 1467 4465; x_wconf 87' lang='lat' dir='ltr'><strong><em>angelorum</em></strong></span> <span class='ocrx_word' id='word_1_540' title='bbox 1505 4393 1728 4466; x_wconf 87' lang='lat' dir='ltr'><strong><em>psallam</em></strong></span> <span class='ocrx_word' id='word_1_541' title='bbox 1770 4396 1861 4451; x_wconf 89' lang='lat' dir='ltr'><strong><em>tibi</em></strong></span> <span class='ocrx_word' id='word_1_542' title='bbox 1899 4393 2071 4468; x_wconf 90' lang='lat' dir='ltr'><strong><em>(Psal.</em></strong></span> 
     </span>
    </p>
   </div>
   <div class='ocr_carea' id='block_1_74' title="bbox 489 4479 2074 4558">
    <p class='ocr_par' dir='ltr' id='par_1_74' title="bbox 489 4479 2074 4558">
     <span class='ocr_line' id='line_1_74' title="bbox 489 4479 2074 4558; baseline 0.004 -25"><span class='ocrx_word' id='word_1_543' title='bbox 489 4479 752 4552; x_wconf 76' lang='lat' dir='ltr'><strong><em>cxxxvn).</em></strong></span> <span class='ocrx_word' id='word_1_544' title='bbox 808 4479 981 4537; x_wconf 89' lang='lat' dir='ltr'><strong><em>Tanta</em></strong></span> <span class='ocrx_word' id='word_1_545' title='bbox 1018 4481 1176 4537; x_wconf 87' lang='lat' dir='ltr'><strong><em>debet</em></strong></span> <span class='ocrx_word' id='word_1_546' title='bbox 1219 4499 1338 4540; x_wconf 89' lang='lat' dir='ltr'><strong><em>esse</em></strong></span> <span class='ocrx_word' id='word_1_547' title='bbox 1373 4487 1688 4542; x_wconf 79' lang='lat' dir='ltr'><strong><em>reverentiae</em></strong></span> <span class='ocrx_word' id='word_1_548' title='bbox 1724 4488 1962 4558; x_wconf 88' lang='lat' dir='ltr'><strong><em>gravitas</em></strong></span> <span class='ocrx_word' id='word_1_549' title='bbox 1991 4488 2074 4542; x_wconf 88' lang='lat' dir='ltr'><strong><em>vel</em></strong></span> 
     </span>
    </p>
   </div>
   <div class='ocr_carea' id='block_1_75' title="bbox 2177 3377 3772 3462">
    <p class='ocr_par' dir='ltr' id='par_1_75' title="bbox 2177 3377 3772 3462">
     <span class='ocr_line' id='line_1_75' title="bbox 2177 3377 3772 3462; baseline 0.009 -30"><span class='ocrx_word' id='word_1_550' title='bbox 2177 3377 2386 3433; x_wconf 88' lang='lat' dir='ltr'><strong><em>diversa</em></strong></span> <span class='ocrx_word' id='word_1_551' title='bbox 2410 3378 2642 3450; x_wconf 84' lang='lat' dir='ltr'><strong><em>ingerat,</em></strong></span> <span class='ocrx_word' id='word_1_552' title='bbox 2666 3380 2752 3436; x_wconf 90' lang='lat' dir='ltr'><strong><em>vel</em></strong></span> <span class='ocrx_word' id='word_1_553' title='bbox 2775 3380 2827 3435; x_wconf 93' lang='lat' dir='ltr'><strong><em>in</em></strong></span> <span class='ocrx_word' id='word_1_554' title='bbox 2843 3383 3006 3438; x_wconf 89' lang='lat' dir='ltr'><strong><em>corde</em></strong></span> <span class='ocrx_word' id='word_1_555' title='bbox 3027 3383 3173 3438; x_wconf 90' lang='lat' dir='ltr'><strong><em>aliud</em></strong></span> <span class='ocrx_word' id='word_1_556' title='bbox 3211 3385 3626 3444; x_wconf 87' lang='lat' dir='ltr'><strong><em>subministret.</em></strong></span> <span class='ocrx_word' id='word_1_557' title='bbox 3643 3391 3772 3462; x_wconf 79' lang='lat' dir='ltr'><strong><em>Ergo</em></strong></span> 
     </span>
    </p>
   </div>
   <div class='ocr_carea' id='block_1_76' title="bbox 2174 3475 3775 3558">
    <p class='ocr_par' dir='ltr' id='par_1_76' title="bbox 2174 3475 3775 3558">
     <span class='ocr_line' id='line_1_76' title="bbox 2174 3475 3775 3558; baseline 0.01 -31"><span class='ocrx_word' id='word_1_558' title='bbox 2174 3480 2388 3542; x_wconf 75' lang='lat' dir='ltr'><strong><em>oportet</em></strong></span> <span class='ocrx_word' id='word_1_559' title='bbox 2406 3488 2566 3528; x_wconf 88' lang='lat' dir='ltr'><strong><em>orare</em></strong></span> <span class='ocrx_word' id='word_1_560' title='bbox 2587 3490 2708 3531; x_wconf 88' lang='lat' dir='ltr'><strong><em>cum</em></strong></span> <span class='ocrx_word' id='word_1_561' title='bbox 2732 3475 2923 3531; x_wconf 89' lang='lat' dir='ltr'><strong><em>timore</em></strong></span> <span class='ocrx_word' id='word_1_562' title='bbox 2944 3478 3277 3548; x_wconf 88' lang='lat' dir='ltr'><strong><em>suppliciter,</em></strong></span> <span class='ocrx_word' id='word_1_563' title='bbox 3295 3489 3357 3536; x_wconf 89' lang='lat' dir='ltr'><strong><em>ut</em></strong></span> <span class='ocrx_word' id='word_1_564' title='bbox 3377 3483 3476 3552; x_wconf 90' lang='lat' dir='ltr'><strong><em>qui</em></strong></span> <span class='ocrx_word' id='word_1_565' title='bbox 3499 3493 3630 3540; x_wconf 86' lang='lat' dir='ltr'><strong><em>orat</em></strong></span> <span class='ocrx_word' id='word_1_566' title='bbox 3648 3502 3775 3558; x_wconf 68' lang='lat' dir='ltr'><strong><em>pra-</em></strong></span> 
     </span>
    </p>
   </div>
   <div class='ocr_carea' id='block_1_77' title="bbox 2176 3565 3774 3640">
    <p class='ocr_par' dir='ltr' id='par_1_77' title="bbox 2176 3565 3774 3640">
     <span class='ocr_line' id='line_1_77' title="bbox 2176 3565 3774 3640; baseline 0.01 -20"><span class='ocrx_word' id='word_1_567' title='bbox 2176 3565 2346 3621; x_wconf 88' lang='lat' dir='ltr'><strong><em>sentis</em></strong></span> <span class='ocrx_word' id='word_1_568' title='bbox 2367 3565 2567 3623; x_wconf 86' lang='lat' dir='ltr'><strong><em>Christi</em></strong></span> <span class='ocrx_word' id='word_1_569' title='bbox 2585 3569 2834 3624; x_wconf 90' lang='lat' dir='ltr'><strong><em>videatur</em></strong></span> <span class='ocrx_word' id='word_1_570' title='bbox 2858 3571 3022 3640; x_wconf 89' lang='lat' dir='ltr'><strong><em>pedes</em></strong></span> <span class='ocrx_word' id='word_1_571' title='bbox 3045 3580 3253 3627; x_wconf 90' lang='lat' dir='ltr'><strong><em>tenere.</em></strong></span> <span class='ocrx_word' id='word_1_572' title='bbox 3269 3573 3336 3627; x_wconf 88' lang='lat' dir='ltr'><strong><em>Et</em></strong></span> <span class='ocrx_word' id='word_1_573' title='bbox 3359 3589 3492 3631; x_wconf 86' lang='lat' dir='ltr'><strong><em>cum</em></strong></span> <span class='ocrx_word' id='word_1_574' title='bbox 3517 3585 3677 3634; x_wconf 86' lang='lat' dir='ltr'><strong><em>tanto</em></strong></span> <span class='ocrx_word' id='word_1_575' title='bbox 3695 3579 3774 3636; x_wconf 77' lang='lat' dir='ltr'><strong><em>de-</em></strong></span> 
     </span>
    </p>
   </div>
   <div class='ocr_carea' id='block_1_78' title="bbox 2133 3657 3772 3738">
    <p class='ocr_par' dir='ltr' id='par_1_78' title="bbox 2133 3657 3772 3738">
     <span class='ocr_line' id='line_1_78' title="bbox 2133 3657 3772 3738; baseline 0.01 -25"><span class='ocrx_word' id='word_1_576' title='bbox 2133 3715 2148 3732; x_wconf 64' lang='grc'>,</span> <span class='ocrx_word' id='word_1_577' title='bbox 2176 3657 2365 3714; x_wconf 87' lang='lat' dir='ltr'><strong><em>bemus</em></strong></span> <span class='ocrx_word' id='word_1_578' title='bbox 2391 3674 2549 3714; x_wconf 88' lang='lat' dir='ltr'><strong><em>orare</em></strong></span> <span class='ocrx_word' id='word_1_579' title='bbox 2573 3659 2790 3728; x_wconf 88' lang='lat' dir='ltr'><strong><em>timore,</em></strong></span> <span class='ocrx_word' id='word_1_580' title='bbox 2825 3669 2885 3716; x_wconf 89' lang='lat' dir='ltr'><strong><em>ut</em></strong></span> <span class='ocrx_word' id='word_1_581' title='bbox 2912 3678 3302 3734; x_wconf 87' lang='lat' dir='ltr'><strong><em>cognoscamus</em></strong></span> <span class='ocrx_word' id='word_1_582' title='bbox 3332 3667 3469 3738; x_wconf 86' lang='lat' dir='ltr'><strong><em>quia</em></strong></span> <span class='ocrx_word' id='word_1_583' title='bbox 3507 3686 3639 3726; x_wconf 86' lang='lat' dir='ltr'><strong><em>cum</em></strong></span> <span class='ocrx_word' id='word_1_584' title='bbox 3669 3672 3772 3728; x_wconf 81' lang='lat' dir='ltr'><strong><em>Deo</em></strong></span> 
     </span>
    </p>
   </div>
   <div class='ocr_carea' id='block_1_79' title="bbox 2175 3747 3772 3833">
    <p class='ocr_par' dir='ltr' id='par_1_79' title="bbox 2175 3747 3772 3833">
     <span class='ocr_line' id='line_1_79' title="bbox 2175 3747 3772 3833; baseline 0.011 -30"><span class='ocrx_word' id='word_1_585' title='bbox 2175 3747 2467 3820; x_wconf 91' lang='lat' dir='ltr'><strong><em>loquimur.</em></strong></span> <span class='ocrx_word' id='word_1_586' title='bbox 2489 3749 2600 3806; x_wconf 88' lang='lat' dir='ltr'><strong><em>Nec</em></strong></span> <span class='ocrx_word' id='word_1_587' title='bbox 2620 3767 2678 3806; x_wconf 88' lang='lat' dir='ltr'><strong><em>se</em></strong></span> <span class='ocrx_word' id='word_1_588' title='bbox 2699 3752 2755 3806; x_wconf 91' lang='lat' dir='ltr'><strong><em>in</em></strong></span> <span class='ocrx_word' id='word_1_589' title='bbox 2778 3751 3118 3824; x_wconf 90' lang='lat' dir='ltr'><strong><em>multiloquio</em></strong></span> <span class='ocrx_word' id='word_1_590' title='bbox 3140 3757 3449 3828; x_wconf 88' lang='lat' dir='ltr'><strong><em>quisquam,</em></strong></span> <span class='ocrx_word' id='word_1_591' title='bbox 3477 3763 3579 3817; x_wconf 84' lang='lat' dir='ltr'><strong><em>sed</em></strong></span> <span class='ocrx_word' id='word_1_592' title='bbox 3599 3765 3772 3833; x_wconf 81' lang='lat' dir='ltr'><strong><em>potius</em></strong></span> 
     </span>
    </p>
   </div>
   <div class='ocr_carea' id='block_1_80' title="bbox 2175 3840 3768 3916">
    <p class='ocr_par' dir='ltr' id='par_1_80' title="bbox 2175 3840 3768 3916">
     <span class='ocr_line' id='line_1_80' title="bbox 2175 3840 3768 3916; baseline 0.011 -21"><span class='ocrx_word' id='word_1_593' title='bbox 2175 3840 2232 3895; x_wconf 92' lang='lat' dir='ltr'><strong><em>in</em></strong></span> <span class='ocrx_word' id='word_1_594' title='bbox 2267 3841 2500 3910; x_wconf 88' lang='lat' dir='ltr'><strong><em>puritate</em></strong></span> <span class='ocrx_word' id='word_1_595' title='bbox 2528 3841 2710 3897; x_wconf 89' lang='lat' dir='ltr'><strong><em>cordis</em></strong></span> <span class='ocrx_word' id='word_1_596' title='bbox 2758 3850 2814 3896; x_wconf 91' lang='lat' dir='ltr'><strong><em>et</em></strong></span> <span class='ocrx_word' id='word_1_597' title='bbox 2837 3842 3202 3916; x_wconf 86' lang='lat' dir='ltr'><strong><em>lacrymarum</em></strong></span> <span class='ocrx_word' id='word_1_598' title='bbox 3227 3849 3484 3907; x_wconf 81' lang='lat' dir='ltr'><strong><em>ubertate</em></strong></span> <span class='ocrx_word' id='word_1_599' title='bbox 3528 3855 3768 3912; x_wconf 74' lang='lat' dir='ltr'><strong><em>exaudiri</em></strong></span> 
     </span>
    </p>
   </div>
   <div class='ocr_carea' id='block_1_81' title="bbox 2175 3929 3773 4019">
    <p class='ocr_par' dir='ltr' id='par_1_81' title="bbox 2175 3929 3773 4019">
     <span class='ocr_line' id='line_1_81' title="bbox 2175 3929 3773 4019; baseline 0.011 -32"><span class='ocrx_word' id='word_1_600' title='bbox 2175 3931 2377 3987; x_wconf 85' lang='lat' dir='ltr'><strong><em>credat.</em></strong></span> <span class='ocrx_word' id='word_1_601' title='bbox 2396 3929 2512 3986; x_wconf 90' lang='lat' dir='ltr'><strong><em>Non</em></strong></span> <span class='ocrx_word' id='word_1_602' title='bbox 2529 3932 2673 3988; x_wconf 91' lang='lat' dir='ltr'><strong><em>enim</em></strong></span> <span class='ocrx_word' id='word_1_603' title='bbox 2687 3933 2859 4006; x_wconf 83' lang='lat' dir='ltr'><strong><em>longae</em></strong></span> <span class='ocrx_word' id='word_1_604' title='bbox 2871 3938 3132 3994; x_wconf 88' lang='lat' dir='ltr'><strong><em>orationis</em></strong></span> <span class='ocrx_word' id='word_1_605' title='bbox 3151 3941 3577 4014; x_wconf 39' lang='lat' dir='ltr'><strong><em>prolixitas,,sed</em></strong></span> <span class='ocrx_word' id='word_1_606' title='bbox 3599 3962 3773 4019; x_wconf 74' lang='lat' dir='ltr'><strong><em>prom-</em></strong></span> 
     </span>
    </p>
   </div>
   <div class='ocr_carea' id='block_1_82' title="bbox 2174 4023 3766 4104">
    <p class='ocr_par' dir='ltr' id='par_1_82' title="bbox 2174 4023 3766 4104">
     <span class='ocr_line' id='line_1_82' title="bbox 2174 4023 3766 4104; baseline 0.011 -28"><span class='ocrx_word' id='word_1_607' title='bbox 2174 4031 2282 4093; x_wconf 77' lang='lat' dir='ltr'><strong><em>ptas</em></strong></span> <span class='ocrx_word' id='word_1_608' title='bbox 2295 4023 2492 4079; x_wconf 87' lang='lat' dir='ltr'><strong><em>mentis</em></strong></span> <span class='ocrx_word' id='word_1_609' title='bbox 2507 4024 2734 4081; x_wconf 87' lang='lat' dir='ltr'><strong><em>intentio</em></strong></span> <span class='ocrx_word' id='word_1_610' title='bbox 2747 4027 3005 4096; x_wconf 90' lang='lat' dir='ltr'><strong><em>pietatem</em></strong></span> <span class='ocrx_word' id='word_1_611' title='bbox 3023 4029 3302 4090; x_wconf 87' lang='lat' dir='ltr'><strong><em>clementis</em></strong></span> <span class='ocrx_word' id='word_1_612' title='bbox 3321 4032 3533 4104; x_wconf 76' lang='lat' dir='ltr'><strong><em>iudicis</em></strong></span> <span class='ocrx_word' id='word_1_613' title='bbox 3546 4041 3766 4097; x_wconf 75' lang='lat' dir='ltr'><strong><em>excitat.</em></strong></span> 
     </span>
    </p>
   </div>
   <div class='ocr_carea' id='block_1_83' title="bbox 2176 4115 3768 4205">
    <p class='ocr_par' dir='ltr' id='par_1_83' title="bbox 2176 4115 3768 4205">
     <span class='ocr_line' id='line_1_83' title="bbox 2176 4115 3768 4205; baseline 0.013 -34"><span class='ocrx_word' id='word_1_614' title='bbox 2176 4115 2453 4172; x_wconf 90' lang='lat' dir='ltr'><strong><em>Orandum</em></strong></span> <span class='ocrx_word' id='word_1_615' title='bbox 2479 4133 2607 4191; x_wconf 88' lang='lat' dir='ltr'><strong><em>ergo</em></strong></span> <span class='ocrx_word' id='word_1_616' title='bbox 2639 4134 2854 4192; x_wconf 88' lang='lat' dir='ltr'><strong><em>semper</em></strong></span> <span class='ocrx_word' id='word_1_617' title='bbox 2883 4132 2994 4190; x_wconf 90' lang='lat' dir='ltr'><strong><em>est,</em></strong></span> <span class='ocrx_word' id='word_1_618' title='bbox 3028 4134 3087 4181; x_wconf 93' lang='lat' dir='ltr'><strong><em>ut</em></strong></span> <span class='ocrx_word' id='word_1_619' title='bbox 3115 4124 3378 4199; x_wconf 82' lang='lat' dir='ltr'><strong><em>largiatur</em></strong></span> <span class='ocrx_word' id='word_1_620' title='bbox 3404 4131 3768 4205; x_wconf 84' lang='lat' dir='ltr'><strong><em>delinquenti-</em></strong></span> 
     </span>
    </p>
   </div>
   <div class='ocr_carea' id='block_1_84' title="bbox 2173 4209 3770 4300">
    <p class='ocr_par' dir='ltr' id='par_1_84' title="bbox 2173 4209 3770 4300">
     <span class='ocr_line' id='line_1_84' title="bbox 2173 4209 3770 4300; baseline 0.013 -36"><span class='ocrx_word' id='word_1_621' title='bbox 2173 4209 2277 4266; x_wconf 90' lang='lat' dir='ltr'><strong><em>bus</em></strong></span> <span class='ocrx_word' id='word_1_622' title='bbox 2296 4211 2531 4279; x_wconf 86' lang='lat' dir='ltr'><strong><em>veniam,</em></strong></span> <span class='ocrx_word' id='word_1_623' title='bbox 2558 4214 2650 4285; x_wconf 92' lang='lat' dir='ltr'><strong><em>qui</em></strong></span> <span class='ocrx_word' id='word_1_624' title='bbox 2682 4214 2961 4288; x_wconf 87' lang='lat' dir='ltr'><strong><em>languenti</em></strong></span> <span class='ocrx_word' id='word_1_625' title='bbox 2998 4219 3195 4275; x_wconf 90' lang='lat' dir='ltr'><strong><em>mundo</em></strong></span> <span class='ocrx_word' id='word_1_626' title='bbox 3222 4237 3319 4292; x_wconf 91' lang='lat' dir='ltr'><strong><em>per</em></strong></span> <span class='ocrx_word' id='word_1_627' title='bbox 3346 4226 3535 4282; x_wconf 87' lang='lat' dir='ltr'><strong><em>crucis</em></strong></span> <span class='ocrx_word' id='word_1_628' title='bbox 3565 4230 3770 4300; x_wconf 83' lang='lat' dir='ltr'><strong><em>passio-</em></strong></span> 
     </span>
    </p>
   </div>
   <div class='ocr_carea' id='block_1_85' title="bbox 2174 4301 3770 4387">
    <p class='ocr_par' dir='ltr' id='par_1_85' title="bbox 2174 4301 3770 4387">
     <span class='ocr_line' id='line_1_85' title="bbox 2174 4301 3770 4387; baseline 0.013 -31"><span class='ocrx_word' id='word_1_629' title='bbox 2174 4317 2299 4359; x_wconf 90' lang='lat' dir='ltr'><strong><em>nem</em></strong></span> <span class='ocrx_word' id='word_1_630' title='bbox 2329 4301 2564 4359; x_wconf 81' lang='lat' dir='ltr'><strong><em>infundit</em></strong></span> <span class='ocrx_word' id='word_1_631' title='bbox 2588 4306 2911 4364; x_wconf 89' lang='lat' dir='ltr'><strong><em>medicinam</em></strong></span> <span class='ocrx_word' id='word_1_632' title='bbox 2936 4327 2949 4363; x_wconf 91' lang='lat'>:</span> <span class='ocrx_word' id='word_1_633' title='bbox 2974 4309 3118 4368; x_wconf 90' lang='lat' dir='ltr'><strong><em>salus</em></strong></span> <span class='ocrx_word' id='word_1_634' title='bbox 3145 4313 3332 4371; x_wconf 88' lang='lat' dir='ltr'><strong><em>mundi</em></strong></span> <span class='ocrx_word' id='word_1_635' title='bbox 3357 4324 3595 4387; x_wconf 65' lang='lat' dir='ltr'><strong><em>aeterna,</em></strong></span> <span class='ocrx_word' id='word_1_636' title='bbox 3619 4320 3770 4376; x_wconf 83' lang='lat' dir='ltr'><strong><em>Chri-</em></strong></span> 
     </span>
    </p>
   </div>
   <div class='ocr_carea' id='block_1_86' title="bbox 2173 4395 2990 4460">
    <p class='ocr_par' dir='ltr' id='par_1_86' title="bbox 2173 4395 2990 4460">
     <span class='ocr_line' id='line_1_86' title="bbox 2173 4395 2990 4460; baseline 0.006 -7"><span class='ocrx_word' id='word_1_637' title='bbox 2173 4406 2291 4454; x_wconf 87' lang='lat' dir='ltr'><strong><em>stus</em></strong></span> <span class='ocrx_word' id='word_1_638' title='bbox 2315 4395 2473 4454; x_wconf 85' lang='lat' dir='ltr'><strong><em>Jesus</em></strong></span> <span class='ocrx_word' id='word_1_639' title='bbox 2496 4398 2754 4456; x_wconf 91' lang='lat' dir='ltr'><strong><em>Dominus</em></strong></span> <span class='ocrx_word' id='word_1_640' title='bbox 2784 4410 2990 4460; x_wconf 90' lang='lat' dir='ltr'><strong><em>noster.</em></strong></span> 
     </span>
    </p>
   </div>
   <div class='ocr_carea' id='block_1_87' title="bbox 2248 4477 3769 4576">
    <p class='ocr_par' dir='ltr' id='par_1_87' title="bbox 2248 4477 3769 4576">
     <span class='ocr_line' id='line_1_87' title="bbox 2248 4477 3769 4576; baseline 0.011 -32"><span class='ocrx_word' id='word_1_641' title='bbox 2248 4489 2370 4544; x_wconf 88' lang='lat' dir='ltr'><strong><em>Nisi</em></strong></span> <span class='ocrx_word' id='word_1_642' title='bbox 2391 4490 2524 4559; x_wconf 78' lang='lat' dir='ltr'><strong><em>forte</em></strong></span> <span class='ocrx_word' id='word_1_643' title='bbox 2543 4507 2606 4544; x_wconf 74' lang='lat' dir='ltr'><strong><em>eo;</em></strong></span> <span class='ocrx_word' id='word_1_644' title='bbox 2629 4477 2821 4560; x_wconf 67' lang='lat' dir='ltr'><strong><em>a/feciu</em></strong></span> <span class='ocrx_word' id='word_1_645' title='bbox 2843 4494 3202 4565; x_wconf 86' lang='lat' dir='ltr'><strong><em>inspirationis</em></strong></span> <span class='ocrx_word' id='word_1_646' title='bbox 3221 4499 3414 4556; x_wconf 75' lang='lat' dir='ltr'><strong><em>divina:</em></strong></span> <span class='ocrx_word' id='word_1_647' title='bbox 3434 4507 3631 4574; x_wconf 73' lang='lat' dir='ltr'><strong><em>gratia:</em></strong></span> <span class='ocrx_word' id='word_1_648' title='bbox 3653 4523 3769 4576; x_wconf 71' lang='lat' dir='ltr'><strong><em>pro-</em></strong></span> 
     </span>
    </p>
   </div>
   <div class='ocr_carea' id='block_1_88' title="bbox 491 4568 3764 4680">
    <p class='ocr_par' dir='ltr' id='par_1_88' title="bbox 491 4568 3764 4680">
     <span class='ocr_line' id='line_1_88' title="bbox 491 4568 3764 4680; baseline 0.009 -56"><span class='ocrx_word' id='word_1_649' title='bbox 491 4568 771 4641; x_wconf 85' lang='lat' dir='ltr'><strong><em>disciplina</em></strong></span> <span class='ocrx_word' id='word_1_650' title='bbox 799 4570 1094 4643; x_wconf 90' lang='lat' dir='ltr'><strong><em>psallendi,</em></strong></span> <span class='ocrx_word' id='word_1_651' title='bbox 1128 4579 1187 4628; x_wconf 92' lang='lat' dir='ltr'><strong><em>ut</em></strong></span> <span class='ocrx_word' id='word_1_652' title='bbox 1220 4576 1505 4631; x_wconf 89' lang='lat' dir='ltr'><strong><em>amabilius</em></strong></span> <span class='ocrx_word' id='word_1_653' title='bbox 1534 4591 1564 4631; x_wconf 91' lang='lat' dir='ltr'><strong><em>a</em></strong></span> <span class='ocrx_word' id='word_1_654' title='bbox 1593 4578 1822 4632; x_wconf 90' lang='lat' dir='ltr'><strong><em>Domino</em></strong></span> <span class='ocrx_word' id='word_1_655' title='bbox 1849 4593 2012 4648; x_wconf 89' lang='lat' dir='ltr'><strong><em>quam</em></strong></span> <span class='ocrx_word' id='word_1_656' title='bbox 2040 4594 2073 4634; x_wconf 89' lang='lat' dir='ltr'><strong><em>a</em></strong></span> <span class='ocrx_word' id='word_1_657' title='bbox 2097 4619 2150 4680; x_wconf 81' lang='lat' dir='ltr'><strong>D</strong></span> <span class='ocrx_word' id='word_1_658' title='bbox 2175 4581 2437 4636; x_wconf 88' lang='lat' dir='ltr'><strong><em>tendatur.</em></strong></span> <span class='ocrx_word' id='word_1_659' title='bbox 2466 4581 2535 4637; x_wconf 88' lang='lat' dir='ltr'><strong><em>In</em></strong></span> <span class='ocrx_word' id='word_1_660' title='bbox 2559 4593 2808 4640; x_wconf 80' lang='lat' dir='ltr'><strong><em>conuentu</em></strong></span> <span class='ocrx_word' id='word_1_661' title='bbox 2838 4596 3014 4642; x_wconf 85' lang='lat' dir='ltr'><strong><em>tamen</em></strong></span> <span class='ocrx_word' id='word_1_662' title='bbox 3041 4591 3249 4646; x_wconf 89' lang='lat' dir='ltr'><strong><em>omnino</em></strong></span> <span class='ocrx_word' id='word_1_663' title='bbox 3277 4568 3548 4650; x_wconf 59' lang='lat' dir='ltr'><strong><em>bretaietur</em></strong></span> <span class='ocrx_word' id='word_1_664' title='bbox 3578 4568 3764 4651; x_wconf 72' lang='lat' dir='ltr'><strong><em>oratio.</em></strong></span> 
     </span>
     <span class='ocr_line' id='line_1_89' title="bbox 491 4659 2833 4680; baseline 0.001 -4"><span class='ocrx_word' id='word_1_665' title='bbox 491 4659 643 4680; x_wconf 55' lang='grc' dir='ltr'><strong><em>ηις,</em></strong></span> <span class='ocrx_word' id='word_1_666' title='bbox 687 4659 876 4680; x_wconf 31' lang='lat' dir='ltr'><strong><em>an.”</em></strong></span> <span class='ocrx_word' id='word_1_667' title='bbox 936 4679 945 4680; x_wconf 24' lang='grc' dir='ltr'>ί</span> <span class='ocrx_word' id='word_1_668' title='bbox 1266 4666 1278 4678; x_wconf 93' lang='grc'><strong>.</strong></span> <span class='ocrx_word' id='word_1_669' title='bbox 1357 4675 1368 4680; x_wconf 71' lang='grc'><strong><em>-</em></strong></span> <span class='ocrx_word' id='word_1_670' title='bbox 1439 4666 1473 4680; x_wconf 32' lang='grc' dir='ltr'><strong><em>,Α</em></strong></span> <span class='ocrx_word' id='word_1_671' title='bbox 1511 4666 1544 4680; x_wconf 65' lang='grc' dir='ltr'><strong><em>ρ.</em></strong></span> <span class='ocrx_word' id='word_1_672' title='bbox 1617 4667 1627 4679; x_wconf 95' lang='grc'><strong>.</strong></span> <span class='ocrx_word' id='word_1_673' title='bbox 1675 4677 1684 4680; x_wconf 76' lang='grc'><em>,</em></span> <span class='ocrx_word' id='word_1_674' title='bbox 1890 4667 1929 4680; x_wconf 77' lang='lat'><strong><em>..</em></strong></span> <span class='ocrx_word' id='word_1_675' title='bbox 1973 4671 2004 4680; x_wconf 29' lang='grc' dir='ltr'><em>,ν</em></span> <span class='ocrx_word' id='word_1_676' title='bbox 2173 4673 2226 4680; x_wconf 92' lang='grc'><strong><em>--</em></strong></span> <span class='ocrx_word' id='word_1_677' title='bbox 2750 4675 2833 4680; x_wconf 63' lang='grc'><strong><em>,-</em></strong></span> 
     </span>
    </p>
   </div>
   <div class='ocr_carea' id='block_1_89' title="bbox 491 4659 2071 4738">
    <p class='ocr_par' dir='ltr' id='par_1_89' title="bbox 491 4659 2071 4738">
     <span class='ocr_line' id='line_1_90' title="bbox 491 4659 2071 4738; baseline 0.008 -25"><span class='ocrx_word' id='word_1_678' title='bbox 491 4659 646 4714; x_wconf 89' lang='lat' dir='ltr'><strong><em>nobis</em></strong></span> <span class='ocrx_word' id='word_1_679' title='bbox 681 4659 897 4728; x_wconf 89' lang='lat' dir='ltr'><strong><em>dicitur,</em></strong></span> <span class='ocrx_word' id='word_1_680' title='bbox 929 4663 1197 4732; x_wconf 89' lang='lat' dir='ltr'><strong><em>audiatur,</em></strong></span> <span class='ocrx_word' id='word_1_681' title='bbox 1236 4666 1376 4722; x_wconf 91' lang='lat' dir='ltr'><strong><em>sicut</em></strong></span> <span class='ocrx_word' id='word_1_682' title='bbox 1403 4666 1481 4721; x_wconf 90' lang='lat' dir='ltr'><strong><em>ait</em></strong></span> <span class='ocrx_word' id='word_1_683' title='bbox 1511 4666 1789 4738; x_wconf 90' lang='lat' dir='ltr'><strong><em>Scriptura</em></strong></span> <span class='ocrx_word' id='word_1_684' title='bbox 1828 4687 1842 4723; x_wconf 90' lang='lat'><strong>:</strong></span> <span class='ocrx_word' id='word_1_685' title='bbox 1879 4667 2071 4726; x_wconf 74' lang='lat' dir='ltr'><strong><em>Exitus</em></strong></span> 
     </span>
    </p>
   </div>
   <div class='ocr_carea' id='block_1_90' title="bbox 491 4744 2067 4833">
    <p class='ocr_par' dir='ltr' id='par_1_90' title="bbox 491 4744 2067 4833">
     <span class='ocr_line' id='line_1_91' title="bbox 491 4744 2067 4833; baseline 0.012 -32"><span class='ocrx_word' id='word_1_686' title='bbox 491 4750 732 4804; x_wconf 86' lang='lat' dir='ltr'><strong><em>matutini</em></strong></span> <span class='ocrx_word' id='word_1_687' title='bbox 759 4761 808 4806; x_wconf 85' lang='lat' dir='ltr'><strong><em>et</em></strong></span> <span class='ocrx_word' id='word_1_688' title='bbox 833 4769 1052 4824; x_wconf 75' lang='lat' dir='ltr'><strong><em>vesperae</em></strong></span> <span class='ocrx_word' id='word_1_689' title='bbox 1084 4755 1363 4812; x_wconf 86' lang='lat' dir='ltr'><strong><em>delectabis</em></strong></span> <span class='ocrx_word' id='word_1_690' title='bbox 1397 4757 1569 4829; x_wconf 87' lang='lat' dir='ltr'><strong><em>(Psal.</em></strong></span> <span class='ocrx_word' id='word_1_691' title='bbox 1602 4759 1768 4833; x_wconf 70' lang='lat' dir='ltr'><strong><em>LXIV).</em></strong></span> <span class='ocrx_word' id='word_1_692' title='bbox 1802 4744 1871 4816; x_wconf 80' lang='lat' dir='ltr'><strong><em>Et</em></strong></span> <span class='ocrx_word' id='word_1_693' title='bbox 1896 4762 2024 4819; x_wconf 89' lang='lat' dir='ltr'><strong><em>item</em></strong></span> <span class='ocrx_word' id='word_1_694' title='bbox 2053 4782 2067 4819; x_wconf 89' lang='lat'>:</span> 
     </span>
    </p>
   </div>
   <div class='ocr_carea' id='block_1_91' title="bbox 491 4836 2073 4923">
    <p class='ocr_par' dir='ltr' id='par_1_91' title="bbox 491 4836 2073 4923">
     <span class='ocr_line' id='line_1_92' title="bbox 491 4836 2073 4923; baseline 0.011 -32"><span class='ocrx_word' id='word_1_695' title='bbox 491 4836 711 4895; x_wconf 87' lang='lat' dir='ltr'><strong><em>Psallitc</em></strong></span> <span class='ocrx_word' id='word_1_696' title='bbox 733 4840 955 4897; x_wconf 89' lang='lat' dir='ltr'><strong><em>Domino</em></strong></span> <span class='ocrx_word' id='word_1_697' title='bbox 976 4846 1234 4916; x_wconf 85' lang='lat' dir='ltr'><strong><em>sapienter</em></strong></span> <span class='ocrx_word' id='word_1_698' title='bbox 1254 4844 1428 4918; x_wconf 86' lang='lat' dir='ltr'><strong><em>(Psal.</em></strong></span> <span class='ocrx_word' id='word_1_699' title='bbox 1449 4848 1616 4922; x_wconf 75' lang='lat' dir='ltr'><strong><em>XLVI).</em></strong></span> <span class='ocrx_word' id='word_1_700' title='bbox 1639 4850 1779 4921; x_wconf 80' lang='lat' dir='ltr'><strong><em>Ergo</em></strong></span> <span class='ocrx_word' id='word_1_701' title='bbox 1801 4853 2073 4923; x_wconf 88' lang='lat' dir='ltr'><strong><em>sapienter</em></strong></span> 
     </span>
    </p>
   </div>
   <div class='ocr_carea' id='block_1_92' title="bbox 489 4925 2072 5012">
    <p class='ocr_par' dir='ltr' id='par_1_92' title="bbox 489 4925 2072 5012">
     <span class='ocr_line' id='line_1_93' title="bbox 489 4925 2072 5012; baseline 0.011 -29"><span class='ocrx_word' id='word_1_702' title='bbox 489 4937 543 4984; x_wconf 89' lang='lat' dir='ltr'><strong><em>et</em></strong></span> <span class='ocrx_word' id='word_1_703' title='bbox 571 4945 693 4986; x_wconf 91' lang='lat' dir='ltr'><strong><em>cum</em></strong></span> <span class='ocrx_word' id='word_1_704' title='bbox 725 4933 922 4989; x_wconf 90' lang='lat' dir='ltr'><strong><em>timore</em></strong></span> <span class='ocrx_word' id='word_1_705' title='bbox 949 4932 1104 5004; x_wconf 89' lang='lat' dir='ltr'><strong><em>jubet</em></strong></span> <span class='ocrx_word' id='word_1_706' title='bbox 1132 4937 1288 5006; x_wconf 88' lang='lat' dir='ltr'><strong><em>psalli</em></strong></span> <span class='ocrx_word' id='word_1_707' title='bbox 1323 4956 1336 4993; x_wconf 93' lang='lat'><strong>:</strong></span> <span class='ocrx_word' id='word_1_708' title='bbox 1377 4925 1587 5010; x_wconf 83' lang='lat' dir='ltr'><strong><em>Oportet</em></strong></span> <span class='ocrx_word' id='word_1_709' title='bbox 1615 4941 1930 5012; x_wconf 89' lang='lat' dir='ltr'><strong><em>psallentem</em></strong></span> <span class='ocrx_word' id='word_1_710' title='bbox 1971 4944 2072 5000; x_wconf 92' lang='lat' dir='ltr'><strong><em>im-</em></strong></span> 
     </span>
    </p>
   </div>
   <div class='ocr_carea' id='block_1_93' title="bbox 490 5019 2070 5100">
    <p class='ocr_par' dir='ltr' id='par_1_93' title="bbox 490 5019 2070 5100">
     <span class='ocr_line' id='line_1_94' title="bbox 490 5019 2070 5100; baseline 0.013 -27"><span class='ocrx_word' id='word_1_711' title='bbox 490 5019 676 5075; x_wconf 88' lang='lat' dir='ltr'><strong><em>mobili</em></strong></span> <span class='ocrx_word' id='word_1_712' title='bbox 706 5038 955 5094; x_wconf 88' lang='lat' dir='ltr'><strong><em>corpore,</em></strong></span> <span class='ocrx_word' id='word_1_713' title='bbox 990 5026 1248 5085; x_wconf 90' lang='lat' dir='ltr'><strong><em>inclinato</em></strong></span> <span class='ocrx_word' id='word_1_714' title='bbox 1278 5031 1452 5100; x_wconf 89' lang='lat' dir='ltr'><strong><em>capite</em></strong></span> <span class='ocrx_word' id='word_1_715' title='bbox 1482 5040 1650 5098; x_wconf 88' lang='lat' dir='ltr'><strong><em>stare,</em></strong></span> <span class='ocrx_word' id='word_1_716' title='bbox 1677 5043 1730 5089; x_wconf 90' lang='lat' dir='ltr'><strong><em>et</em></strong></span> <span class='ocrx_word' id='word_1_717' title='bbox 1758 5034 1943 5091; x_wconf 90' lang='lat' dir='ltr'><strong><em>laudes</em></strong></span> <span class='ocrx_word' id='word_1_718' title='bbox 1967 5037 2070 5093; x_wconf 89' lang='lat' dir='ltr'><strong><em>Do-</em></strong></span> 
     </span>
    </p>
   </div>
   <div class='ocr_carea' id='block_1_94' title="bbox 489 5111 2070 5196">
    <p class='ocr_par' dir='ltr' id='par_1_94' title="bbox 489 5111 2070 5196">
     <span class='ocr_line' id='line_1_95' title="bbox 489 5111 2070 5196; baseline 0.015 -31"><span class='ocrx_word' id='word_1_719' title='bbox 489 5111 636 5168; x_wconf 91' lang='lat' dir='ltr'><strong><em>mino</em></strong></span> <span class='ocrx_word' id='word_1_720' title='bbox 657 5116 935 5173; x_wconf 89' lang='lat' dir='ltr'><strong><em>moderate</em></strong></span> <span class='ocrx_word' id='word_1_721' title='bbox 954 5134 1179 5188; x_wconf 87' lang='lat' dir='ltr'><strong><em>canere;</em></strong></span> <span class='ocrx_word' id='word_1_722' title='bbox 1202 5123 1398 5194; x_wconf 87' lang='lat' dir='ltr'><strong><em>quippe</em></strong></span> <span class='ocrx_word' id='word_1_723' title='bbox 1417 5125 1507 5196; x_wconf 91' lang='lat' dir='ltr'><strong><em>qui</em></strong></span> <span class='ocrx_word' id='word_1_724' title='bbox 1530 5126 1893 5184; x_wconf 87' lang='lat' dir='ltr'><strong><em>ministerium</em></strong></span> <span class='ocrx_word' id='word_1_725' title='bbox 1915 5146 2070 5188; x_wconf 89' lang='lat' dir='ltr'><strong><em>suum</em></strong></span> 
     </span>
    </p>
   </div>
   <div class='ocr_carea' id='block_1_95' title="bbox 490 5203 2070 5288">
    <p class='ocr_par' dir='ltr' id='par_1_95' title="bbox 490 5203 2070 5288">
     <span class='ocr_line' id='line_1_96' title="bbox 490 5203 2070 5288; baseline 0.015 -33"><span class='ocrx_word' id='word_1_726' title='bbox 490 5209 614 5257; x_wconf 89' lang='lat' dir='ltr'><strong><em>ante</em></strong></span> <span class='ocrx_word' id='word_1_727' title='bbox 640 5203 983 5263; x_wconf 82' lang='lat' dir='ltr'><strong><em>Divinitatem</em></strong></span> <span class='ocrx_word' id='word_1_728' title='bbox 1016 5209 1221 5282; x_wconf 90' lang='lat' dir='ltr'><strong><em>implet,</em></strong></span> <span class='ocrx_word' id='word_1_729' title='bbox 1248 5215 1472 5270; x_wconf 89' lang='lat' dir='ltr'><strong><em>docente</em></strong></span> <span class='ocrx_word' id='word_1_730' title='bbox 1501 5215 1604 5272; x_wconf 85' lang='lat' dir='ltr'><strong><em>hoc</em></strong></span> <span class='ocrx_word' id='word_1_731' title='bbox 1629 5215 1917 5288; x_wconf 86' lang='lat' dir='ltr'><strong><em>Propheta,</em></strong></span> <span class='ocrx_word' id='word_1_732' title='bbox 1949 5237 2070 5278; x_wconf 92' lang='lat' dir='ltr'><strong><em>cum</em></strong></span> 
     </span>
    </p>
   </div>
   <div class='ocr_carea' id='block_1_96' title="bbox 490 5293 2069 5386">
    <p class='ocr_par' dir='ltr' id='par_1_96' title="bbox 490 5293 2069 5386">
     <span class='ocr_line' id='line_1_97' title="bbox 490 5293 2069 5386; baseline 0.015 -38"><span class='ocrx_word' id='word_1_733' title='bbox 490 5293 620 5349; x_wconf 90' lang='lat' dir='ltr'><strong><em>dicit</em></strong></span> <span class='ocrx_word' id='word_1_734' title='bbox 658 5314 672 5350; x_wconf 89' lang='lat'><strong>:</strong></span> <span class='ocrx_word' id='word_1_735' title='bbox 712 5296 781 5352; x_wconf 87' lang='lat' dir='ltr'><strong><em>In</em></strong></span> <span class='ocrx_word' id='word_1_736' title='bbox 825 5309 1101 5373; x_wconf 85' lang='lat' dir='ltr'><strong><em>conspectu</em></strong></span> <span class='ocrx_word' id='word_1_737' title='bbox 1148 5305 1451 5376; x_wconf 83' lang='lat' dir='ltr'><strong><em>angelorum</em></strong></span> <span class='ocrx_word' id='word_1_738' title='bbox 1497 5309 1722 5378; x_wconf 81' lang='lat' dir='ltr'><strong><em>psallunt</em></strong></span> <span class='ocrx_word' id='word_1_739' title='bbox 1762 5312 1856 5368; x_wconf 86' lang='lat' dir='ltr'><strong><em>tibi</em></strong></span> <span class='ocrx_word' id='word_1_740' title='bbox 1897 5312 2069 5386; x_wconf 91' lang='lat' dir='ltr'><strong><em>(Psal.</em></strong></span> 
     </span>
    </p>
   </div>
   <div class='ocr_carea' id='block_1_97' title="bbox 489 5389 2069 5481">
    <p class='ocr_par' dir='ltr' id='par_1_97' title="bbox 489 5389 2069 5481">
     <span class='ocr_line' id='line_1_98' title="bbox 489 5389 2069 5481; baseline 0.016 -41"><span class='ocrx_word' id='word_1_741' title='bbox 489 5389 750 5481; x_wconf 60' lang='lat' dir='ltr'><strong><em>cxxrvn).</em></strong></span> <span class='ocrx_word' id='word_1_742' title='bbox 781 5390 916 5448; x_wconf 89' lang='lat' dir='ltr'><strong><em>Nam</em></strong></span> <span class='ocrx_word' id='word_1_743' title='bbox 941 5397 1288 5455; x_wconf 90' lang='lat' dir='ltr'><strong><em>considerare</em></strong></span> <span class='ocrx_word' id='word_1_744' title='bbox 1311 5398 1470 5457; x_wconf 87' lang='lat' dir='ltr'><strong><em>debet</em></strong></span> <span class='ocrx_word' id='word_1_745' title='bbox 1493 5403 1585 5473; x_wconf 91' lang='lat' dir='ltr'><strong><em>qui</em></strong></span> <span class='ocrx_word' id='word_1_746' title='bbox 1609 5405 1811 5476; x_wconf 88' lang='lat' dir='ltr'><strong><em>psallit,</em></strong></span> <span class='ocrx_word' id='word_1_747' title='bbox 1837 5421 2069 5481; x_wconf 88' lang='lat' dir='ltr'><strong><em>semper,</em></strong></span> 
     </span>
    </p>
   </div>
   <div class='ocr_carea' id='block_1_98' title="bbox 489 5479 2072 5573">
    <p class='ocr_par' dir='ltr' id='par_1_98' title="bbox 489 5479 2072 5573">
     <span class='ocr_line' id='line_1_99' title="bbox 489 5479 2072 5573; baseline 0.016 -42"><span class='ocrx_word' id='word_1_748' title='bbox 489 5492 557 5533; x_wconf 91' lang='lat' dir='ltr'><strong><em>ne</em></strong></span> <span class='ocrx_word' id='word_1_749' title='bbox 582 5479 686 5536; x_wconf 87' lang='lat' dir='ltr'><strong><em>alio</em></strong></span> <span class='ocrx_word' id='word_1_750' title='bbox 713 5498 901 5542; x_wconf 89' lang='lat' dir='ltr'><strong><em>sensus</em></strong></span> <span class='ocrx_word' id='word_1_751' title='bbox 929 5487 1047 5559; x_wconf 87' lang='lat' dir='ltr'><strong><em>ejus</em></strong></span> <span class='ocrx_word' id='word_1_752' title='bbox 1070 5489 1364 5563; x_wconf 86' lang='lat' dir='ltr'><strong><em>demigret;</em></strong></span> <span class='ocrx_word' id='word_1_753' title='bbox 1396 5510 1464 5551; x_wconf 91' lang='lat' dir='ltr'><strong><em>ne</em></strong></span> <span class='ocrx_word' id='word_1_754' title='bbox 1491 5511 1615 5552; x_wconf 91' lang='lat' dir='ltr'><strong><em>cum</em></strong></span> <span class='ocrx_word' id='word_1_755' title='bbox 1641 5500 1695 5554; x_wconf 90' lang='lat' dir='ltr'><strong><em>in</em></strong></span> <span class='ocrx_word' id='word_1_756' title='bbox 1732 5499 1892 5556; x_wconf 89' lang='lat' dir='ltr'><strong><em>aliam</em></strong></span> <span class='ocrx_word' id='word_1_757' title='bbox 1923 5479 2072 5573; x_wconf 81' lang='lat' dir='ltr'><strong><em>cogi-</em></strong></span> 
     </span>
    </p>
   </div>
   <div class='ocr_carea' id='block_1_99' title="bbox 490 5574 2077 5660">
    <p class='ocr_par' dir='ltr' id='par_1_99' title="bbox 490 5574 2077 5660">
     <span class='ocr_line' id='line_1_100' title="bbox 490 5574 2077 5660; baseline 0.014 -33"><span class='ocrx_word' id='word_1_758' title='bbox 490 5574 748 5634; x_wconf 89' lang='lat' dir='ltr'><strong><em>tationem</em></strong></span> <span class='ocrx_word' id='word_1_759' title='bbox 787 5597 979 5639; x_wconf 89' lang='lat' dir='ltr'><strong><em>sensus</em></strong></span> <span class='ocrx_word' id='word_1_760' title='bbox 1008 5585 1178 5640; x_wconf 90' lang='lat' dir='ltr'><strong><em>nostri</em></strong></span> <span class='ocrx_word' id='word_1_761' title='bbox 1214 5587 1600 5660; x_wconf 87' lang='lat' dir='ltr'><strong><em>migraverint,</em></strong></span> <span class='ocrx_word' id='word_1_762' title='bbox 1639 5593 1707 5650; x_wconf 88' lang='lat' dir='ltr'><strong><em>de</em></strong></span> <span class='ocrx_word' id='word_1_763' title='bbox 1743 5595 1899 5651; x_wconf 88' lang='lat' dir='ltr'><strong><em>nobis</em></strong></span> <span class='ocrx_word' id='word_1_764' title='bbox 1931 5595 2077 5651; x_wconf 88' lang='lat' dir='ltr'><strong><em>dicat</em></strong></span> 
     </span>
    </p>
   </div>
   <div class='ocr_carea' id='block_1_100' title="bbox 491 5660 2073 5758">
    <p class='ocr_par' dir='ltr' id='par_1_100' title="bbox 491 5660 2073 5758">
     <span class='ocr_line' id='line_1_101' title="bbox 491 5660 2073 5758; baseline 0.015 -38"><span class='ocrx_word' id='word_1_765' title='bbox 491 5660 663 5758; x_wconf 58' lang='lat' dir='ltr'><strong><em>illius:</em></strong></span> <span class='ocrx_word' id='word_1_766' title='bbox 691 5666 927 5741; x_wconf 85' lang='lat' dir='ltr'><strong><em>Papulus</em></strong></span> <span class='ocrx_word' id='word_1_767' title='bbox 953 5675 1048 5730; x_wconf 87' lang='lat' dir='ltr'><strong><em>iste</em></strong></span> <span class='ocrx_word' id='word_1_768' title='bbox 1077 5674 1227 5733; x_wconf 84' lang='lat' dir='ltr'><strong><em>labiis</em></strong></span> <span class='ocrx_word' id='word_1_769' title='bbox 1253 5696 1334 5736; x_wconf 89' lang='lat' dir='ltr'><strong><em>me</em></strong></span> <span class='ocrx_word' id='word_1_770' title='bbox 1366 5681 1609 5754; x_wconf 85' lang='lat' dir='ltr'><strong><em>honorat,</em></strong></span> <span class='ocrx_word' id='word_1_771' title='bbox 1647 5703 1739 5742; x_wconf 86' lang='lat' dir='ltr'><strong><em>cor</em></strong></span> <span class='ocrx_word' id='word_1_772' title='bbox 1761 5696 1933 5742; x_wconf 84' lang='lat' dir='ltr'><strong><em>autent</em></strong></span> <span class='ocrx_word' id='word_1_773' title='bbox 1959 5687 2073 5758; x_wconf 83' lang='lat' dir='ltr'><strong><em>ejus</em></strong></span> 
     </span>
    </p>
   </div>
   <div class='ocr_carea' id='block_1_101' title="bbox 493 5752 1275 5843">
    <p class='ocr_par' dir='ltr' id='par_1_101' title="bbox 493 5752 1275 5843">
     <span class='ocr_line' id='line_1_102' title="bbox 493 5752 1275 5843; baseline 0.022 -34"><span class='ocrx_word' id='word_1_774' title='bbox 493 5752 640 5829; x_wconf 82' lang='lat' dir='ltr'><strong><em>longe</em></strong></span> <span class='ocrx_word' id='word_1_775' title='bbox 664 5769 739 5816; x_wconf 87' lang='lat' dir='ltr'><strong><em>est</em></strong></span> <span class='ocrx_word' id='word_1_776' title='bbox 765 5780 797 5816; x_wconf 91' lang='lat' dir='ltr'><strong><em>a</em></strong></span> <span class='ocrx_word' id='word_1_777' title='bbox 831 5779 910 5819; x_wconf 91' lang='lat' dir='ltr'><strong><em>me</em></strong></span> <span class='ocrx_word' id='word_1_778' title='bbox 939 5765 1074 5838; x_wconf 87' lang='lat' dir='ltr'><strong><em>(Isa.</em></strong></span> <span class='ocrx_word' id='word_1_779' title='bbox 1106 5772 1275 5843; x_wconf 68' lang='lat' dir='ltr'><strong><em>xxxx).</em></strong></span> 
     </span>
    </p>
   </div>
   <div class='ocr_carea' id='block_1_102' title="bbox 563 5846 2070 5940">
    <p class='ocr_par' dir='ltr' id='par_1_102' title="bbox 563 5846 2070 5940">
     <span class='ocr_line' id='line_1_103' title="bbox 563 5846 2070 5940; baseline 0.019 -34"><span class='ocrx_word' id='word_1_780' title='bbox 563 5846 707 5924; x_wconf 84' lang='lat' dir='ltr'><strong><em>Ergo</em></strong></span> <span class='ocrx_word' id='word_1_781' title='bbox 749 5855 1130 5918; x_wconf 79' lang='lat' dir='ltr'><strong><em>consideremus</em></strong></span> <span class='ocrx_word' id='word_1_782' title='bbox 1169 5863 1396 5934; x_wconf 86' lang='lat' dir='ltr'><strong><em>qualiter</em></strong></span> <span class='ocrx_word' id='word_1_783' title='bbox 1438 5876 1675 5940; x_wconf 82' lang='lat' dir='ltr'><strong><em>oporteat</em></strong></span> <span class='ocrx_word' id='word_1_784' title='bbox 1716 5886 1809 5928; x_wconf 88' lang='lat' dir='ltr'><strong><em>nos</em></strong></span> <span class='ocrx_word' id='word_1_785' title='bbox 1852 5877 1905 5930; x_wconf 76' lang='lat' dir='ltr'><strong><em>in</em></strong></span> <span class='ocrx_word' id='word_1_786' title='bbox 1947 5890 2070 5934; x_wconf 83' lang='lat' dir='ltr'><strong><em>con-</em></strong></span> 
     </span>
    </p>
   </div>
   <div class='ocr_carea' id='block_1_103' title="bbox 2173 4673 3766 4753">
    <p class='ocr_par' dir='ltr' id='par_1_103' title="bbox 2173 4673 3766 4753">
     <span class='ocr_line' id='line_1_104' title="bbox 2173 4673 3766 4753; baseline 0.011 -26"><span class='ocrx_word' id='word_1_787' title='bbox 2173 4673 2403 4744; x_wconf 87' lang='lat' dir='ltr'><strong><em>Ideoque</em></strong></span> <span class='ocrx_word' id='word_1_788' title='bbox 2427 4689 2556 4745; x_wconf 87' lang='lat' dir='ltr'><strong><em>ergo</em></strong></span> <span class='ocrx_word' id='word_1_789' title='bbox 2590 4675 2764 4731; x_wconf 89' lang='lat' dir='ltr'><strong><em>nostri</em></strong></span> <span class='ocrx_word' id='word_1_790' title='bbox 2801 4675 2991 4734; x_wconf 89' lang='lat' dir='ltr'><strong><em>Patres</em></strong></span> <span class='ocrx_word' id='word_1_791' title='bbox 3025 4680 3229 4737; x_wconf 87' lang='lat' dir='ltr'><strong><em>utiliter</em></strong></span> <span class='ocrx_word' id='word_1_792' title='bbox 3255 4683 3430 4753; x_wconf 88' lang='lat' dir='ltr'><strong><em>ipsam</em></strong></span> <span class='ocrx_word' id='word_1_793' title='bbox 3461 4689 3766 4743; x_wconf 72' lang='lat' dir='ltr'><strong><em>orationm</em></strong></span> 
     </span>
    </p>
   </div>
   <div class='ocr_carea' id='block_1_104' title="bbox 2171 4763 3767 4837">
    <p class='ocr_par' dir='ltr' id='par_1_104' title="bbox 2171 4763 3767 4837">
     <span class='ocr_line' id='line_1_105' title="bbox 2171 4763 3767 4837; baseline 0.01 -18"><span class='ocrx_word' id='word_1_794' title='bbox 2171 4763 2334 4819; x_wconf 89' lang='lat' dir='ltr'><strong><em>celeri</em></strong></span> <span class='ocrx_word' id='word_1_795' title='bbox 2359 4764 2466 4821; x_wconf 87' lang='lat' dir='ltr'><strong><em>fine</em></strong></span> <span class='ocrx_word' id='word_1_796' title='bbox 2489 4764 2737 4822; x_wconf 91' lang='lat' dir='ltr'><strong><em>concludi</em></strong></span> <span class='ocrx_word' id='word_1_797' title='bbox 2759 4764 3060 4837; x_wconf 88' lang='lat' dir='ltr'><strong><em>jusserunt,</em></strong></span> <span class='ocrx_word' id='word_1_798' title='bbox 3086 4787 3155 4827; x_wconf 88' lang='lat' dir='ltr'><strong><em>ne</em></strong></span> <span class='ocrx_word' id='word_1_799' title='bbox 3176 4771 3315 4828; x_wconf 86' lang='lat' dir='ltr'><strong><em>forte</em></strong></span> <span class='ocrx_word' id='word_1_800' title='bbox 3347 4775 3767 4834; x_wconf 83' lang='lat' dir='ltr'><strong><em>immorantibns</em></strong></span> 
     </span>
    </p>
   </div>
   <div class='ocr_carea' id='block_1_105' title="bbox 2144 4857 3767 4941">
    <p class='ocr_par' dir='ltr' id='par_1_105' title="bbox 2144 4857 3767 4941">
     <span class='ocr_line' id='line_1_106' title="bbox 2144 4857 3767 4941; baseline 0.009 -30"><span class='ocrx_word' id='word_1_801' title='bbox 2144 4857 2396 4920; x_wconf 41' lang='lat' dir='ltr'><strong><em>.nobisdn</em></strong></span> <span class='ocrx_word' id='word_1_802' title='bbox 2419 4874 2482 4914; x_wconf 86' lang='lat' dir='ltr'><strong><em>ea</em></strong></span> <span class='ocrx_word' id='word_1_803' title='bbox 2503 4861 2748 4930; x_wconf 65' lang='lat' dir='ltr'><strong><em>quaedam</em></strong></span> <span class='ocrx_word' id='word_1_804' title='bbox 2767 4861 2948 4926; x_wconf 90' lang='lat' dir='ltr'><strong><em>tussis,</em></strong></span> <span class='ocrx_word' id='word_1_805' title='bbox 2972 4864 3058 4919; x_wconf 88' lang='lat' dir='ltr'><strong><em>vel</em></strong></span> <span class='ocrx_word' id='word_1_806' title='bbox 3079 4864 3400 4937; x_wconf 88' lang='lat' dir='ltr'><strong><em>phlegmatis</em></strong></span> <span class='ocrx_word' id='word_1_807' title='bbox 3423 4868 3767 4941; x_wconf 82' lang='lat' dir='ltr'><strong><em>aliarumque</em></strong></span> 
     </span>
    </p>
   </div>
   <div class='ocr_carea' id='block_1_106' title="bbox 2168 4950 3769 5026">
    <p class='ocr_par' dir='ltr' id='par_1_106' title="bbox 2168 4950 3769 5026">
     <span class='ocr_line' id='line_1_107' title="bbox 2168 4950 3769 5026; baseline 0.008 -22"><span class='ocrx_word' id='word_1_808' title='bbox 2168 4964 2353 5004; x_wconf 87' lang='lat' dir='ltr'><strong><em>rerum</em></strong></span> <span class='ocrx_word' id='word_1_809' title='bbox 2391 4950 2755 5022; x_wconf 89' lang='lat' dir='ltr'><strong><em>interrumpat</em></strong></span> <span class='ocrx_word' id='word_1_810' title='bbox 2793 4955 3072 5026; x_wconf 89' lang='lat' dir='ltr'><strong><em>strepitus,</em></strong></span> <span class='ocrx_word' id='word_1_811' title='bbox 3112 4965 3167 5012; x_wconf 92' lang='lat' dir='ltr'><strong><em>et</em></strong></span> <span class='ocrx_word' id='word_1_812' title='bbox 3205 4957 3333 5012; x_wconf 90' lang='lat' dir='ltr'><strong><em>dum</em></strong></span> <span class='ocrx_word' id='word_1_813' title='bbox 3371 4959 3555 5015; x_wconf 86' lang='lat' dir='ltr'><strong><em>adhuc</em></strong></span> <span class='ocrx_word' id='word_1_814' title='bbox 3601 4961 3769 5017; x_wconf 76' lang='lat' dir='ltr'><strong><em>fervet</em></strong></span> 
     </span>
    </p>
   </div>
   <div class='ocr_carea' id='block_1_107' title="bbox 2167 5041 3764 5122">
    <p class='ocr_par' dir='ltr' id='par_1_107' title="bbox 2167 5041 3764 5122">
     <span class='ocr_line' id='line_1_108' title="bbox 2167 5041 3764 5122; baseline 0.006 -24"><span class='ocrx_word' id='word_1_815' title='bbox 2167 5041 2361 5107; x_wconf 90' lang='lat' dir='ltr'><strong><em>oratio,</em></strong></span> <span class='ocrx_word' id='word_1_816' title='bbox 2393 5041 2541 5097; x_wconf 88' lang='lat' dir='ltr'><strong><em>velut</em></strong></span> <span class='ocrx_word' id='word_1_817' title='bbox 2566 5059 2632 5099; x_wconf 82' lang='lat' dir='ltr'><strong><em>ex</em></strong></span> <span class='ocrx_word' id='word_1_818' title='bbox 2659 5044 2905 5102; x_wconf 87' lang='lat' dir='ltr'><strong><em>faucibus</em></strong></span> <span class='ocrx_word' id='word_1_819' title='bbox 2935 5046 3133 5103; x_wconf 87' lang='lat' dir='ltr'><strong><em>diaboli</em></strong></span> <span class='ocrx_word' id='word_1_820' title='bbox 3159 5048 3419 5105; x_wconf 89' lang='lat' dir='ltr'><strong><em>velociter</em></strong></span> <span class='ocrx_word' id='word_1_821' title='bbox 3445 5054 3764 5122; x_wconf 86' lang='lat' dir='ltr'><strong><em>recipiatur.</em></strong></span> 
     </span>
    </p>
   </div>
   <div class='ocr_carea' id='block_1_108' title="bbox 2173 5132 3768 5212">
    <p class='ocr_par' dir='ltr' id='par_1_108' title="bbox 2173 5132 3768 5212">
     <span class='ocr_line' id='line_1_109' title="bbox 2173 5132 3768 5212; baseline 0.006 -26"><span class='ocrx_word' id='word_1_822' title='bbox 2173 5132 2296 5201; x_wconf 85' lang='lat' dir='ltr'><strong><em>Qui,</em></strong></span> <span class='ocrx_word' id='word_1_823' title='bbox 2327 5149 2451 5188; x_wconf 93' lang='lat' dir='ltr'><strong><em>cum</em></strong></span> <span class='ocrx_word' id='word_1_824' title='bbox 2481 5135 2638 5190; x_wconf 91' lang='lat' dir='ltr'><strong><em>nobis</em></strong></span> <span class='ocrx_word' id='word_1_825' title='bbox 2667 5151 2880 5207; x_wconf 87' lang='lat' dir='ltr'><strong><em>semper</em></strong></span> <span class='ocrx_word' id='word_1_826' title='bbox 2913 5137 2987 5192; x_wconf 89' lang='lat' dir='ltr'><strong><em>sit</em></strong></span> <span class='ocrx_word' id='word_1_827' title='bbox 3011 5137 3257 5205; x_wconf 85' lang='lat' dir='ltr'><strong><em>infestus,</em></strong></span> <span class='ocrx_word' id='word_1_828' title='bbox 3288 5146 3420 5195; x_wconf 90' lang='lat' dir='ltr'><strong><em>tunc</em></strong></span> <span class='ocrx_word' id='word_1_829' title='bbox 3453 5157 3626 5212; x_wconf 82' lang='lat' dir='ltr'><strong><em>quam</em></strong></span> <span class='ocrx_word' id='word_1_830' title='bbox 3656 5160 3768 5198; x_wconf 80' lang='lat' dir='ltr'><strong><em>ma-</em></strong></span> 
     </span>
    </p>
   </div>
   <div class='ocr_carea' id='block_1_109' title="bbox 2171 5223 3767 5306">
    <p class='ocr_par' dir='ltr' id='par_1_109' title="bbox 2171 5223 3767 5306">
     <span class='ocr_line' id='line_1_110' title="bbox 2171 5223 3767 5306; baseline 0.009 -28"><span class='ocrx_word' id='word_1_831' title='bbox 2171 5223 2317 5281; x_wconf 78' lang='lat' dir='ltr'><strong><em>xime</em></strong></span> <span class='ocrx_word' id='word_1_832' title='bbox 2351 5225 2560 5282; x_wconf 89' lang='lat' dir='ltr'><strong><em>assistit</em></strong></span> <span class='ocrx_word' id='word_1_833' title='bbox 2585 5225 2834 5295; x_wconf 90' lang='lat' dir='ltr'><strong><em>infestus,</em></strong></span> <span class='ocrx_word' id='word_1_834' title='bbox 2866 5244 2990 5284; x_wconf 91' lang='lat' dir='ltr'><strong><em>cum</em></strong></span> <span class='ocrx_word' id='word_1_835' title='bbox 3016 5243 3116 5285; x_wconf 87' lang='lat' dir='ltr'><strong><em>nos</em></strong></span> <span class='ocrx_word' id='word_1_836' title='bbox 3147 5230 3290 5286; x_wconf 89' lang='lat' dir='ltr'><strong><em>intra</em></strong></span> <span class='ocrx_word' id='word_1_837' title='bbox 3317 5247 3378 5288; x_wconf 88' lang='lat' dir='ltr'><strong><em>se</em></strong></span> <span class='ocrx_word' id='word_1_838' title='bbox 3413 5231 3620 5291; x_wconf 63' lang='lat' dir='ltr'><strong><em>offerre</em></strong></span> <span class='ocrx_word' id='word_1_839' title='bbox 3647 5250 3767 5306; x_wconf 67' lang='grc' dir='ltr'><strong><em>μυε-</em></strong></span> 
     </span>
    </p>
   </div>
   <div class='ocr_carea' id='block_1_110' title="bbox 2171 5319 3764 5389">
    <p class='ocr_par' dir='ltr' id='par_1_110' title="bbox 2171 5319 3764 5389">
     <span class='ocr_line' id='line_1_111' title="bbox 2171 5319 3764 5389; baseline 0.006 -13"><span class='ocrx_word' id='word_1_840' title='bbox 2171 5334 2262 5376; x_wconf 82' lang='lat' dir='ltr'><strong><em>ces</em></strong></span> <span class='ocrx_word' id='word_1_841' title='bbox 2301 5319 2530 5377; x_wconf 90' lang='lat' dir='ltr'><strong><em>Domino</em></strong></span> <span class='ocrx_word' id='word_1_842' title='bbox 2563 5321 2791 5389; x_wconf 88' lang='lat' dir='ltr'><strong><em>viderit,</em></strong></span> <span class='ocrx_word' id='word_1_843' title='bbox 2832 5321 3100 5380; x_wconf 87' lang='lat' dir='ltr'><strong><em>festinans</em></strong></span> <span class='ocrx_word' id='word_1_844' title='bbox 3139 5333 3378 5382; x_wconf 89' lang='lat' dir='ltr'><strong><em>mentem</em></strong></span> <span class='ocrx_word' id='word_1_845' title='bbox 3415 5337 3667 5384; x_wconf 85' lang='lat' dir='ltr'><strong><em>nostram</em></strong></span> <span class='ocrx_word' id='word_1_846' title='bbox 3700 5330 3764 5384; x_wconf 84' lang='lat' dir='ltr'><strong><em>ab</em></strong></span> 
     </span>
    </p>
   </div>
   <div class='ocr_carea' id='block_1_111' title="bbox 2172 5411 3765 5488">
    <p class='ocr_par' dir='ltr' id='par_1_111' title="bbox 2172 5411 3765 5488">
     <span class='ocr_line' id='line_1_112' title="bbox 2172 5411 3765 5488; baseline 0.006 -22"><span class='ocrx_word' id='word_1_847' title='bbox 2172 5411 2468 5469; x_wconf 89' lang='lat' dir='ltr'><strong><em>intentione</em></strong></span> <span class='ocrx_word' id='word_1_848' title='bbox 2498 5413 2782 5480; x_wconf 90' lang='lat' dir='ltr'><strong><em>orationis,</em></strong></span> <span class='ocrx_word' id='word_1_849' title='bbox 2823 5423 2916 5470; x_wconf 90' lang='lat' dir='ltr'><strong><em>aut</em></strong></span> <span class='ocrx_word' id='word_1_850' title='bbox 2940 5417 3356 5488; x_wconf 87' lang='lat' dir='ltr'><strong><em>cogitationibus</em></strong></span> <span class='ocrx_word' id='word_1_851' title='bbox 3382 5429 3479 5476; x_wconf 89' lang='lat' dir='ltr'><strong><em>aut</em></strong></span> <span class='ocrx_word' id='word_1_852' title='bbox 3507 5422 3765 5478; x_wconf 73' lang='lat' dir='ltr'><strong><em>excitatis</em></strong></span> 
     </span>
    </p>
   </div>
   <div class='ocr_carea' id='block_1_112' title="bbox 2175 5503 3764 5584">
    <p class='ocr_par' dir='ltr' id='par_1_112' title="bbox 2175 5503 3764 5584">
     <span class='ocr_line' id='line_1_113' title="bbox 2175 5503 3764 5584; baseline 0.006 -25"><span class='ocrx_word' id='word_1_853' title='bbox 2175 5503 2491 5562; x_wconf 89' lang='lat' dir='ltr'><strong><em>humoribus</em></strong></span> <span class='ocrx_word' id='word_1_854' title='bbox 2517 5521 2792 5563; x_wconf 87' lang='lat' dir='ltr'><strong><em>revocare.</em></strong></span> <span class='ocrx_word' id='word_1_855' title='bbox 2833 5507 3128 5579; x_wconf 87' lang='lat' dir='ltr'><strong><em>Propterea</em></strong></span> <span class='ocrx_word' id='word_1_856' title='bbox 3156 5526 3286 5584; x_wconf 84' lang='lat' dir='ltr'><strong><em>ergo</em></strong></span> <span class='ocrx_word' id='word_1_857' title='bbox 3313 5514 3511 5569; x_wconf 89' lang='lat' dir='ltr'><strong><em>breves</em></strong></span> <span class='ocrx_word' id='word_1_858' title='bbox 3539 5513 3764 5584; x_wconf 80' lang='lat' dir='ltr'><strong><em>quidem</em></strong></span> 
     </span>
    </p>
   </div>
   <div class='ocr_carea' id='block_1_113' title="bbox 2173 5598 3764 5674">
    <p class='ocr_par' dir='ltr' id='par_1_113' title="bbox 2173 5598 3764 5674">
     <span class='ocr_line' id='line_1_114' title="bbox 2173 5598 3764 5674; baseline 0.004 -20"><span class='ocrx_word' id='word_1_859' title='bbox 2173 5598 2463 5664; x_wconf 89' lang='lat' dir='ltr'><strong><em>orationes,</em></strong></span> <span class='ocrx_word' id='word_1_860' title='bbox 2507 5599 2601 5655; x_wconf 91' lang='lat' dir='ltr'><strong><em>sed</em></strong></span> <span class='ocrx_word' id='word_1_861' title='bbox 2640 5598 2952 5672; x_wconf 88' lang='lat' dir='ltr'><strong><em>frequentes</em></strong></span> <span class='ocrx_word' id='word_1_862' title='bbox 2989 5601 3109 5659; x_wconf 83' lang='lat' dir='ltr'><strong><em>ﬁeri</em></strong></span> <span class='ocrx_word' id='word_1_863' title='bbox 3146 5602 3336 5661; x_wconf 87' lang='lat' dir='ltr'><strong><em>Patres</em></strong></span> <span class='ocrx_word' id='word_1_864' title='bbox 3376 5606 3550 5660; x_wconf 83' lang='lat' dir='ltr'><strong><em>nostri</em></strong></span> <span class='ocrx_word' id='word_1_865' title='bbox 3582 5605 3764 5674; x_wconf 78' lang='lat' dir='ltr'><strong><em>jusse-</em></strong></span> 
     </span>
    </p>
   </div>
   <div class='ocr_carea' id='block_1_114' title="bbox 2172 5690 3765 5759">
    <p class='ocr_par' dir='ltr' id='par_1_114' title="bbox 2172 5690 3765 5759">
     <span class='ocr_line' id='line_1_115' title="bbox 2172 5690 3765 5759; baseline 0.006 -15"><span class='ocrx_word' id='word_1_866' title='bbox 2172 5698 2316 5746; x_wconf 87' lang='lat' dir='ltr'><strong><em>runt.</em></strong></span> <span class='ocrx_word' id='word_1_867' title='bbox 2338 5690 2561 5759; x_wconf 89' lang='lat' dir='ltr'><strong><em>Breves,</em></strong></span> <span class='ocrx_word' id='word_1_868' title='bbox 2587 5692 2710 5748; x_wconf 89' lang='lat' dir='ltr'><strong><em>ideo</em></strong></span> <span class='ocrx_word' id='word_1_869' title='bbox 2733 5701 2792 5748; x_wconf 92' lang='lat' dir='ltr'><strong><em>ut</em></strong></span> <span class='ocrx_word' id='word_1_870' title='bbox 2814 5693 3037 5751; x_wconf 89' lang='lat' dir='ltr'><strong><em>insidias</em></strong></span> <span class='ocrx_word' id='word_1_871' title='bbox 3058 5695 3257 5753; x_wconf 87' lang='lat' dir='ltr'><strong><em>diaboli</em></strong></span> <span class='ocrx_word' id='word_1_872' title='bbox 3282 5699 3603 5756; x_wconf 87' lang='lat' dir='ltr'><strong><em>insistentes</em></strong></span> <span class='ocrx_word' id='word_1_873' title='bbox 3632 5709 3765 5754; x_wconf 88' lang='lat' dir='ltr'><strong><em>tunc</em></strong></span> 
     </span>
    </p>
   </div>
   <div class='ocr_carea' id='block_1_115' title="bbox 2170 5783 3766 5863">
    <p class='ocr_par' dir='ltr' id='par_1_115' title="bbox 2170 5783 3766 5863">
     <span class='ocr_line' id='line_1_116' title="bbox 2170 5783 3766 5863; baseline 0.007 -25"><span class='ocrx_word' id='word_1_874' title='bbox 2170 5783 2462 5853; x_wconf 85' lang='lat' dir='ltr'><strong><em>praecipue,</em></strong></span> <span class='ocrx_word' id='word_1_875' title='bbox 2489 5799 2613 5839; x_wconf 93' lang='lat' dir='ltr'><strong><em>cum</em></strong></span> <span class='ocrx_word' id='word_1_876' title='bbox 2639 5799 2879 5852; x_wconf 90' lang='lat' dir='ltr'><strong><em>oramus,</em></strong></span> <span class='ocrx_word' id='word_1_877' title='bbox 2909 5786 2964 5841; x_wconf 92' lang='lat' dir='ltr'><strong><em>in</em></strong></span> <span class='ocrx_word' id='word_1_878' title='bbox 2994 5787 3109 5858; x_wconf 87' lang='lat' dir='ltr'><strong><em>ipsa</em></strong></span> <span class='ocrx_word' id='word_1_879' title='bbox 3132 5789 3402 5848; x_wconf 86' lang='lat' dir='ltr'><strong><em>brevitate</em></strong></span> <span class='ocrx_word' id='word_1_880' title='bbox 3427 5791 3611 5848; x_wconf 87' lang='lat' dir='ltr'><strong><em>vitare</em></strong></span> <span class='ocrx_word' id='word_1_881' title='bbox 3635 5805 3766 5863; x_wconf 78' lang='lat' dir='ltr'><strong><em>pos-</em></strong></span> 
     </span>
    </p>
   </div>
   <div class='ocr_carea' id='block_1_116' title="bbox 2169 5877 3764 5960">
    <p class='ocr_par' dir='ltr' id='par_1_116' title="bbox 2169 5877 3764 5960">
     <span class='ocr_line' id='line_1_117' title="bbox 2169 5877 3764 5960; baseline 0.006 -24"><span class='ocrx_word' id='word_1_882' title='bbox 2169 5878 2357 5936; x_wconf 83' lang='lat' dir='ltr'><strong><em>simus.</em></strong></span> <span class='ocrx_word' id='word_1_883' title='bbox 2382 5877 2716 5950; x_wconf 87' lang='lat' dir='ltr'><strong><em>Frequentes</em></strong></span> <span class='ocrx_word' id='word_1_884' title='bbox 2737 5885 2936 5951; x_wconf 85' lang='lat' dir='ltr'><strong><em>autem,</em></strong></span> <span class='ocrx_word' id='word_1_885' title='bbox 2959 5881 3082 5944; x_wconf 82' lang='lat' dir='ltr'><strong><em>ideo</em></strong></span> <span class='ocrx_word' id='word_1_886' title='bbox 3102 5889 3162 5943; x_wconf 85' lang='lat' dir='ltr'><strong><em>ut</em></strong></span> <span class='ocrx_word' id='word_1_887' title='bbox 3184 5898 3283 5958; x_wconf 90' lang='lat' dir='ltr'><strong><em>per</em></strong></span> <span class='ocrx_word' id='word_1_888' title='bbox 3303 5884 3482 5958; x_wconf 87' lang='lat' dir='ltr'><strong><em>ipsam</em></strong></span> <span class='ocrx_word' id='word_1_889' title='bbox 3502 5884 3764 5960; x_wconf 77' lang='lat' dir='ltr'><strong><em>frequen—</em></strong></span> 
     </span>
    </p>
   </div>
  </div>
