  <div class='ocr_page' id='page_1' title='image "/cluster/home/n/w/nwhite01/storage/ocr_20150623/102/hvd.32044015466808/426.png"; bbox 0 0 3994 6498; ppageno 0'>
   <div class='ocr_carea' id='block_1_1' title="bbox 191 469 292 528">
    <p class='ocr_par' dir='ltr' id='par_1_1' title="bbox 191 469 292 528">
     <span class='ocr_line' id='line_1_1' title="bbox 191 469 292 528; baseline -0.02 0"><span class='ocrx_word' id='word_1_1' title='bbox 191 469 292 528; x_wconf 66' lang='grc'><strong>841</strong></span> 
     </span>
    </p>
   </div>
   <div class='ocr_carea' id='block_1_2' title="bbox 1216 450 2400 524">
    <p class='ocr_par' dir='ltr' id='par_1_2' title="bbox 1216 450 2400 524">
     <span class='ocr_line' id='line_1_2' title="bbox 1216 450 2400 524; baseline -0.016 1"><span class='ocrx_word' id='word_1_2' title='bbox 1216 462 1568 524; x_wconf 83' lang='lat' dir='ltr'><strong>COMMENT.</strong></span> <span class='ocrx_word' id='word_1_3' title='bbox 1607 460 1674 516; x_wconf 83' lang='grc' dir='ltr'><strong>ΙΝ</strong></span> <span class='ocrx_word' id='word_1_4' title='bbox 1711 457 1871 514; x_wconf 78' lang='lat' dir='ltr'><strong>RBG.</strong></span> <span class='ocrx_word' id='word_1_5' title='bbox 1916 456 1973 512; x_wconf 89' lang='lat' dir='ltr'><strong>S.</strong></span> <span class='ocrx_word' id='word_1_6' title='bbox 2016 450 2400 511; x_wconf 84' lang='lat' dir='ltr'><strong>BENEDICTI.</strong></span> 
     </span>
    </p>
   </div>
   <div class='ocr_carea' id='block_1_3' title="bbox 3337 440 3448 498">
    <p class='ocr_par' dir='ltr' id='par_1_3' title="bbox 3337 440 3448 498">
     <span class='ocr_line' id='line_1_3' title="bbox 3337 440 3448 498; baseline -0.018 -1"><span class='ocrx_word' id='word_1_7' title='bbox 3337 440 3448 498; x_wconf 71' lang='grc' dir='ltr'>8η</span> 
     </span>
    </p>
   </div>
   <div class='ocr_carea' id='block_1_4' title="bbox 189 555 3450 653">
    <p class='ocr_par' dir='ltr' id='par_1_4' title="bbox 189 555 3450 653">
     <span class='ocr_line' id='line_1_4' title="bbox 189 555 3450 653; baseline -0.01 -11"><span class='ocrx_word' id='word_1_8' title='bbox 189 586 322 642; x_wconf 91' lang='lat' dir='ltr'><strong>tiam</strong></span> <span class='ocrx_word' id='word_1_9' title='bbox 348 581 638 638; x_wconf 87' lang='lat' dir='ltr'><strong>Dominum</strong></span> <span class='ocrx_word' id='word_1_10' title='bbox 673 587 956 653; x_wconf 88' lang='lat' dir='ltr'><strong>precantes</strong></span> <span class='ocrx_word' id='word_1_11' title='bbox 975 579 1178 652; x_wconf 76' lang='lat' dir='ltr'><strong>iugiter</strong></span> <span class='ocrx_word' id='word_1_12' title='bbox 1206 581 1256 635; x_wconf 92' lang='lat' dir='ltr'><strong>ei</strong></span> <span class='ocrx_word' id='word_1_13' title='bbox 1285 569 1560 635; x_wconf 68' lang='lat' dir='ltr'><strong>cohaerere</strong></span> <span class='ocrx_word' id='word_1_14' title='bbox 1593 556 1768 647; x_wconf 80' lang='lat' dir='ltr'><strong>possi-</strong></span> <span class='ocrx_word' id='word_1_15' title='bbox 1794 585 1848 645; x_wconf 76' lang='grc' dir='ltr'>Α</span> <span class='ocrx_word' id='word_1_16' title='bbox 1870 570 1988 627; x_wconf 87' lang='lat' dir='ltr'><strong>sine</strong></span> <span class='ocrx_word' id='word_1_17' title='bbox 2033 564 2462 653; x_wconf 76' lang='lat' dir='ltr'><strong>murmuratione</strong></span> <span class='ocrx_word' id='word_1_18' title='bbox 2502 575 2624 616; x_wconf 88' lang='lat' dir='ltr'><strong>cum</strong></span> <span class='ocrx_word' id='word_1_19' title='bbox 2667 558 2940 653; x_wconf 73' lang='lat' dir='ltr'><strong>hilaritate</strong></span> <span class='ocrx_word' id='word_1_20' title='bbox 2981 565 3037 653; x_wconf 76' lang='lat' dir='ltr'><strong>et</strong></span> <span class='ocrx_word' id='word_1_21' title='bbox 3080 555 3450 653; x_wconf 65' lang='lat' dir='ltr'><strong>taciturnitate</strong></span> 
     </span>
    </p>
   </div>
   <div class='ocr_carea' id='block_1_5' title="bbox 189 671 1771 747">
    <p class='ocr_par' dir='ltr' id='par_1_5' title="bbox 189 671 1771 747">
     <span class='ocr_line' id='line_1_5' title="bbox 189 671 1771 747; baseline -0.006 -11"><span class='ocrx_word' id='word_1_22' title='bbox 189 695 331 736; x_wconf 87' lang='lat' dir='ltr'><strong>mus.</strong></span> <span class='ocrx_word' id='word_1_23' title='bbox 384 675 612 747; x_wconf 75' lang='lat' dir='ltr'><strong>Propter</strong></span> <span class='ocrx_word' id='word_1_24' title='bbox 657 677 798 732; x_wconf 88' lang='lat' dir='ltr'><strong>hanc</strong></span> <span class='ocrx_word' id='word_1_25' title='bbox 842 675 1199 747; x_wconf 78' lang='lat' dir='ltr'><strong>frequentiam</strong></span> <span class='ocrx_word' id='word_1_26' title='bbox 1237 674 1497 729; x_wconf 89' lang='lat' dir='ltr'><strong>orationis</strong></span> <span class='ocrx_word' id='word_1_27' title='bbox 1539 681 1596 728; x_wconf 87' lang='lat' dir='ltr'><strong>et</strong></span> <span class='ocrx_word' id='word_1_28' title='bbox 1639 671 1771 727; x_wconf 91' lang='lat' dir='ltr'><strong>illud</strong></span> 
     </span>
    </p>
   </div>
   <div class='ocr_carea' id='block_1_6' title="bbox 190 765 1773 839">
    <p class='ocr_par' dir='ltr' id='par_1_6' title="bbox 190 765 1773 839">
     <span class='ocr_line' id='line_1_6' title="bbox 190 765 1773 839; baseline -0.006 -11"><span class='ocrx_word' id='word_1_29' title='bbox 190 771 325 827; x_wconf 90' lang='lat' dir='ltr'><strong>utile</strong></span> <span class='ocrx_word' id='word_1_30' title='bbox 360 776 445 825; x_wconf 89' lang='lat' dir='ltr'><strong>est</strong></span> <span class='ocrx_word' id='word_1_31' title='bbox 477 776 538 824; x_wconf 91' lang='lat' dir='ltr'><strong>ut</strong></span> <span class='ocrx_word' id='word_1_32' title='bbox 574 768 841 839; x_wconf 80' lang='lat' dir='ltr'><strong>longiores</strong></span> <span class='ocrx_word' id='word_1_33' title='bbox 875 767 1112 838; x_wconf 84' lang='lat' dir='ltr'><strong>psalmos</strong></span> <span class='ocrx_word' id='word_1_34' title='bbox 1145 783 1254 823; x_wconf 93' lang='lat' dir='ltr'><strong>non</strong></span> <span class='ocrx_word' id='word_1_35' title='bbox 1287 781 1458 838; x_wconf 87' lang='lat' dir='ltr'><strong>usque</strong></span> <span class='ocrx_word' id='word_1_36' title='bbox 1499 765 1566 820; x_wconf 92' lang='lat' dir='ltr'><strong>ad</strong></span> <span class='ocrx_word' id='word_1_37' title='bbox 1609 766 1773 820; x_wconf 91' lang='lat' dir='ltr'><strong>ﬁnem</strong></span> 
     </span>
    </p>
   </div>
   <div class='ocr_carea' id='block_1_7' title="bbox 190 857 1774 930">
    <p class='ocr_par' dir='ltr' id='par_1_7' title="bbox 190 857 1774 930">
     <span class='ocr_line' id='line_1_7' title="bbox 190 857 1774 930; baseline -0.006 -12"><span class='ocrx_word' id='word_1_38' title='bbox 190 861 505 918; x_wconf 90' lang='lat' dir='ltr'><strong>continuata</strong></span> <span class='ocrx_word' id='word_1_39' title='bbox 547 859 1005 930; x_wconf 83' lang='lat' dir='ltr'><strong>pronuntiatione,</strong></span> <span class='ocrx_word' id='word_1_40' title='bbox 1040 858 1133 914; x_wconf 91' lang='lat' dir='ltr'><strong>sed</strong></span> <span class='ocrx_word' id='word_1_41' title='bbox 1162 857 1356 927; x_wconf 60' lang='grc' dir='ltr'>πριιιιΙί</span> <span class='ocrx_word' id='word_1_42' title='bbox 1402 872 1630 912; x_wconf 90' lang='lat' dir='ltr'><strong>numero</strong></span> <span class='ocrx_word' id='word_1_43' title='bbox 1652 871 1774 910; x_wconf 55' lang='lat' dir='ltr'><strong>vers</strong></span> 
     </span>
    </p>
   </div>
   <div class='ocr_carea' id='block_1_8' title="bbox 192 948 1774 1008">
    <p class='ocr_par' dir='ltr' id='par_1_8' title="bbox 192 948 1774 1008">
     <span class='ocr_line' id='line_1_8' title="bbox 192 948 1774 1008; baseline -0.004 -1"><span class='ocrx_word' id='word_1_44' title='bbox 192 967 286 1008; x_wconf 91' lang='lat' dir='ltr'><strong>sus</strong></span> <span class='ocrx_word' id='word_1_45' title='bbox 321 950 523 1006; x_wconf 86' lang='lat' dir='ltr'><strong>divisos</strong></span> <span class='ocrx_word' id='word_1_46' title='bbox 547 949 754 1005; x_wconf 88' lang='lat' dir='ltr'><strong>duabus</strong></span> <span class='ocrx_word' id='word_1_47' title='bbox 783 949 871 1004; x_wconf 86' lang='lat' dir='ltr'><strong>vel</strong></span> <span class='ocrx_word' id='word_1_48' title='bbox 897 949 1072 1005; x_wconf 90' lang='lat' dir='ltr'><strong>tribus</strong></span> <span class='ocrx_word' id='word_1_49' title='bbox 1100 948 1454 1004; x_wconf 89' lang='lat' dir='ltr'><strong>incisionibus</strong></span> <span class='ocrx_word' id='word_1_50' title='bbox 1489 963 1614 1003; x_wconf 89' lang='lat' dir='ltr'><strong>cum</strong></span> <span class='ocrx_word' id='word_1_51' title='bbox 1652 961 1774 1002; x_wconf 88' lang='lat' dir='ltr'><strong>ora-</strong></span> 
     </span>
    </p>
   </div>
   <div class='ocr_carea' id='block_1_9' title="bbox 195 1039 1776 1112">
    <p class='ocr_par' dir='ltr' id='par_1_9' title="bbox 195 1039 1776 1112">
     <span class='ocr_line' id='line_1_9' title="bbox 195 1039 1776 1112; baseline -0.004 -13"><span class='ocrx_word' id='word_1_52' title='bbox 195 1043 357 1099; x_wconf 88' lang='lat' dir='ltr'><strong>tionis</strong></span> <span class='ocrx_word' id='word_1_53' title='bbox 408 1041 706 1096; x_wconf 85' lang='lat' dir='ltr'><strong>intentione</strong></span> <span class='ocrx_word' id='word_1_54' title='bbox 761 1041 1040 1109; x_wconf 89' lang='lat' dir='ltr'><strong>ﬁniamus;</strong></span> <span class='ocrx_word' id='word_1_55' title='bbox 1093 1041 1219 1112; x_wconf 85' lang='lat' dir='ltr'><strong>quia</strong></span> <span class='ocrx_word' id='word_1_56' title='bbox 1272 1055 1380 1095; x_wconf 93' lang='lat' dir='ltr'><strong>non</strong></span> <span class='ocrx_word' id='word_1_57' title='bbox 1431 1039 1776 1094; x_wconf 86' lang='lat' dir='ltr'><strong>multitudine</strong></span> 
     </span>
    </p>
   </div>
   <div class='ocr_carea' id='block_1_10' title="bbox 189 1131 1771 1204">
    <p class='ocr_par' dir='ltr' id='par_1_10' title="bbox 189 1131 1771 1204">
     <span class='ocr_line' id='line_1_10' title="bbox 189 1131 1771 1204; baseline -0.004 -13"><span class='ocrx_word' id='word_1_58' title='bbox 189 1149 466 1197; x_wconf 88' lang='lat' dir='ltr'><strong>versuum,</strong></span> <span class='ocrx_word' id='word_1_59' title='bbox 495 1133 590 1189; x_wconf 89' lang='lat' dir='ltr'><strong>sed</strong></span> <span class='ocrx_word' id='word_1_60' title='bbox 610 1133 807 1189; x_wconf 91' lang='lat' dir='ltr'><strong>mentis</strong></span> <span class='ocrx_word' id='word_1_61' title='bbox 835 1132 1186 1204; x_wconf 80' lang='lat' dir='ltr'><strong>intelligentia</strong></span> <span class='ocrx_word' id='word_1_62' title='bbox 1212 1131 1470 1188; x_wconf 90' lang='lat' dir='ltr'><strong>delectari</strong></span> <span class='ocrx_word' id='word_1_63' title='bbox 1495 1131 1771 1202; x_wconf 77' lang='lat' dir='ltr'><strong>debemus,</strong></span> 
     </span>
    </p>
   </div>
   <div class='ocr_carea' id='block_1_11' title="bbox 190 1223 1776 1297">
    <p class='ocr_par' dir='ltr' id='par_1_11' title="bbox 190 1223 1776 1297">
     <span class='ocr_line' id='line_1_11' title="bbox 190 1223 1776 1297; baseline -0.004 -15"><span class='ocrx_word' id='word_1_64' title='bbox 190 1225 323 1282; x_wconf 88' lang='lat' dir='ltr'><strong>illud</strong></span> <span class='ocrx_word' id='word_1_65' title='bbox 358 1226 559 1280; x_wconf 89' lang='lat' dir='ltr'><strong>virtute</strong></span> <span class='ocrx_word' id='word_1_66' title='bbox 597 1233 870 1282; x_wconf 80' lang='lat' dir='ltr'><strong>sectantes</strong></span> <span class='ocrx_word' id='word_1_67' title='bbox 899 1243 912 1280; x_wconf 88' lang='lat'><strong>:</strong></span> <span class='ocrx_word' id='word_1_68' title='bbox 959 1224 1197 1280; x_wconf 77' lang='lat' dir='ltr'><strong>Psallam</strong></span> <span class='ocrx_word' id='word_1_69' title='bbox 1222 1225 1432 1297; x_wconf 89' lang='lat' dir='ltr'><strong>spiritu,</strong></span> <span class='ocrx_word' id='word_1_70' title='bbox 1460 1223 1686 1295; x_wconf 78' lang='lat' dir='ltr'><strong>psallam</strong></span> <span class='ocrx_word' id='word_1_71' title='bbox 1727 1231 1776 1277; x_wconf 90' lang='lat' dir='ltr'><strong>et</strong></span> 
     </span>
    </p>
   </div>
   <div class='ocr_carea' id='block_1_12' title="bbox 189 1313 1144 1388">
    <p class='ocr_par' dir='ltr' id='par_1_12' title="bbox 189 1313 1144 1388">
     <span class='ocr_line' id='line_1_12' title="bbox 189 1313 1144 1388; baseline -0.001 -17"><span class='ocrx_word' id='word_1_72' title='bbox 189 1326 358 1371; x_wconf 84' lang='lat' dir='ltr'><strong>mente</strong></span> <span class='ocrx_word' id='word_1_73' title='bbox 387 1315 439 1388; x_wconf 91' lang='grc'><strong>(1</strong></span> <span class='ocrx_word' id='word_1_74' title='bbox 470 1313 593 1370; x_wconf 89' lang='lat' dir='ltr'><strong>Cor.</strong></span> <span class='ocrx_word' id='word_1_75' title='bbox 626 1315 785 1387; x_wconf 75' lang='lat' dir='ltr'><strong>x1v).‘</strong></span> <span class='ocrx_word' id='word_1_76' title='bbox 1142 1335 1144 1338; x_wconf 70' lang='lat'>&#39;</span> 
     </span>
    </p>
   </div>
   <div class='ocr_carea' id='block_1_13' title="bbox 262 1403 1779 1478">
    <p class='ocr_par' dir='ltr' id='par_1_13' title="bbox 262 1403 1779 1478">
     <span class='ocr_line' id='line_1_13' title="bbox 262 1403 1779 1478; baseline -0.001 -19"><span class='ocrx_word' id='word_1_77' title='bbox 262 1403 330 1460; x_wconf 85' lang='lat' dir='ltr'><strong>Et</strong></span> <span class='ocrx_word' id='word_1_78' title='bbox 359 1405 500 1476; x_wconf 79' lang='lat' dir='ltr'><strong>facto</strong></span> <span class='ocrx_word' id='word_1_79' title='bbox 526 1407 674 1476; x_wconf 88' lang='lat' dir='ltr'><strong>signa</strong></span> <span class='ocrx_word' id='word_1_80' title='bbox 702 1422 736 1460; x_wconf 90' lang='lat' dir='ltr'><strong>a</strong></span> <span class='ocrx_word' id='word_1_81' title='bbox 759 1407 955 1478; x_wconf 79' lang='lat' dir='ltr'><strong>priore,</strong></span> <span class='ocrx_word' id='word_1_82' title='bbox 986 1423 1161 1462; x_wconf 85' lang='lat' dir='ltr'><strong>omnes</strong></span> <span class='ocrx_word' id='word_1_83' title='bbox 1187 1408 1388 1478; x_wconf 87' lang='lat' dir='ltr'><strong>pariter</strong></span> <span class='ocrx_word' id='word_1_84' title='bbox 1409 1413 1645 1476; x_wconf 82' lang='lat' dir='ltr'><strong>surgant.</strong></span> <span class='ocrx_word' id='word_1_85' title='bbox 1672 1404 1779 1460; x_wconf 84' lang='lat' dir='ltr'><strong>Iste</strong></span> 
     </span>
    </p>
   </div>
   <div class='ocr_carea' id='block_1_14' title="bbox 188 1495 1780 1567">
    <p class='ocr_par' dir='ltr' id='par_1_14' title="bbox 188 1495 1780 1567">
     <span class='ocr_line' id='line_1_14' title="bbox 188 1495 1780 1567; baseline -0.003 -14"><span class='ocrx_word' id='word_1_86' title='bbox 188 1510 310 1553; x_wconf 84' lang='lat' dir='ltr'><strong>mos</strong></span> <span class='ocrx_word' id='word_1_87' title='bbox 335 1495 437 1550; x_wconf 89' lang='lat' dir='ltr'><strong>fuit</strong></span> <span class='ocrx_word' id='word_1_88' title='bbox 474 1496 616 1565; x_wconf 91' lang='lat' dir='ltr'><strong>apud</strong></span> <span class='ocrx_word' id='word_1_89' title='bbox 642 1497 894 1567; x_wconf 91' lang='lat' dir='ltr'><strong>antiquos</strong></span> <span class='ocrx_word' id='word_1_90' title='bbox 928 1497 1317 1552; x_wconf 82' lang='lat' dir='ltr'><strong>monachorum</strong></span> <span class='ocrx_word' id='word_1_91' title='bbox 1344 1511 1565 1561; x_wconf 91' lang='lat' dir='ltr'><strong>cuneos,</strong></span> <span class='ocrx_word' id='word_1_92' title='bbox 1594 1504 1656 1550; x_wconf 89' lang='lat' dir='ltr'><strong>ut</strong></span> <span class='ocrx_word' id='word_1_93' title='bbox 1683 1510 1780 1550; x_wconf 89' lang='lat' dir='ltr'><strong>au-</strong></span> 
     </span>
    </p>
   </div>
   <div class='ocr_carea' id='block_1_15' title="bbox 189 1586 1779 1660">
    <p class='ocr_par' dir='ltr' id='par_1_15' title="bbox 189 1586 1779 1660">
     <span class='ocr_line' id='line_1_15' title="bbox 189 1586 1779 1660; baseline -0.001 -16"><span class='ocrx_word' id='word_1_94' title='bbox 189 1589 306 1644; x_wconf 91' lang='lat' dir='ltr'><strong>dito</strong></span> <span class='ocrx_word' id='word_1_95' title='bbox 334 1588 757 1660; x_wconf 89' lang='lat' dir='ltr'><strong>uniuscujusque</strong></span> <span class='ocrx_word' id='word_1_96' title='bbox 790 1590 943 1645; x_wconf 64' lang='lat' dir='ltr'><strong>horae</strong></span> <span class='ocrx_word' id='word_1_97' title='bbox 981 1590 1160 1660; x_wconf 90' lang='lat' dir='ltr'><strong>signo,</strong></span> <span class='ocrx_word' id='word_1_98' title='bbox 1207 1588 1457 1644; x_wconf 84' lang='lat' dir='ltr'><strong>celeriter</strong></span> <span class='ocrx_word' id='word_1_99' title='bbox 1486 1603 1675 1642; x_wconf 92' lang='lat' dir='ltr'><strong>omnes</strong></span> <span class='ocrx_word' id='word_1_100' title='bbox 1711 1586 1779 1642; x_wconf 91' lang='lat' dir='ltr'><strong>ad</strong></span> 
     </span>
    </p>
   </div>
   <div class='ocr_carea' id='block_1_16' title="bbox 188 1681 1777 1749">
    <p class='ocr_par' dir='ltr' id='par_1_16' title="bbox 188 1681 1777 1749">
     <span class='ocr_line' id='line_1_16' title="bbox 188 1681 1777 1749; baseline -0.004 -11"><span class='ocrx_word' id='word_1_101' title='bbox 188 1683 493 1738; x_wconf 91' lang='lat' dir='ltr'><strong>orationem</strong></span> <span class='ocrx_word' id='word_1_102' title='bbox 523 1683 896 1749; x_wconf 83' lang='lat' dir='ltr'><strong>convenirent,</strong></span> <span class='ocrx_word' id='word_1_103' title='bbox 930 1684 1161 1739; x_wconf 85' lang='lat' dir='ltr'><strong>orationi</strong></span> <span class='ocrx_word' id='word_1_104' title='bbox 1193 1682 1353 1738; x_wconf 92' lang='lat' dir='ltr'><strong>simul</strong></span> <span class='ocrx_word' id='word_1_105' title='bbox 1381 1681 1777 1744; x_wconf 87' lang='lat' dir='ltr'><strong>incumberent,</strong></span> 
     </span>
    </p>
   </div>
   <div class='ocr_carea' id='block_1_17' title="bbox 192 1763 1774 1842">
    <p class='ocr_par' dir='ltr' id='par_1_17' title="bbox 192 1763 1774 1842">
     <span class='ocr_line' id='line_1_17' title="bbox 192 1763 1774 1842; baseline -0.003 -16"><span class='ocrx_word' id='word_1_106' title='bbox 192 1770 357 1826; x_wconf 85' lang='lat' dir='ltr'><strong>simul</strong></span> <span class='ocrx_word' id='word_1_107' title='bbox 384 1778 627 1837; x_wconf 88' lang='lat' dir='ltr'><strong>orarent,</strong></span> <span class='ocrx_word' id='word_1_108' title='bbox 664 1780 718 1826; x_wconf 89' lang='lat' dir='ltr'><strong>et</strong></span> <span class='ocrx_word' id='word_1_109' title='bbox 750 1773 817 1827; x_wconf 92' lang='lat' dir='ltr'><strong>ab</strong></span> <span class='ocrx_word' id='word_1_110' title='bbox 843 1773 1106 1834; x_wconf 90' lang='lat' dir='ltr'><strong>oratione,</strong></span> <span class='ocrx_word' id='word_1_111' title='bbox 1140 1771 1285 1826; x_wconf 88' lang='lat' dir='ltr'><strong>facto</strong></span> <span class='ocrx_word' id='word_1_112' title='bbox 1324 1771 1478 1842; x_wconf 89' lang='lat' dir='ltr'><strong>signo</strong></span> <span class='ocrx_word' id='word_1_113' title='bbox 1503 1786 1535 1824; x_wconf 90' lang='lat' dir='ltr'><strong>a</strong></span> <span class='ocrx_word' id='word_1_114' title='bbox 1573 1763 1774 1838; x_wconf 77' lang='lat' dir='ltr'><strong>priore,</strong></span> 
     </span>
    </p>
   </div>
   <div class='ocr_carea' id='block_1_18' title="bbox 188 1863 1780 1936">
    <p class='ocr_par' dir='ltr' id='par_1_18' title="bbox 188 1863 1780 1936">
     <span class='ocr_line' id='line_1_18' title="bbox 188 1863 1780 1936; baseline -0.001 -19"><span class='ocrx_word' id='word_1_115' title='bbox 188 1876 382 1918; x_wconf 90' lang='lat' dir='ltr'><strong>omnes</strong></span> <span class='ocrx_word' id='word_1_116' title='bbox 413 1863 619 1933; x_wconf 86' lang='lat' dir='ltr'><strong>pariter</strong></span> <span class='ocrx_word' id='word_1_117' title='bbox 655 1873 961 1936; x_wconf 80' lang='lat' dir='ltr'><strong>surgerent.</strong></span> <span class='ocrx_word' id='word_1_118' title='bbox 1003 1863 1160 1919; x_wconf 87' lang='lat' dir='ltr'><strong>Modo</strong></span> <span class='ocrx_word' id='word_1_119' title='bbox 1193 1879 1324 1918; x_wconf 92' lang='lat' dir='ltr'><strong>vero</strong></span> <span class='ocrx_word' id='word_1_120' title='bbox 1357 1864 1470 1934; x_wconf 90' lang='lat' dir='ltr'><strong>jam</strong></span> <span class='ocrx_word' id='word_1_121' title='bbox 1507 1863 1648 1932; x_wconf 91' lang='lat' dir='ltr'><strong>apud</strong></span> <span class='ocrx_word' id='word_1_122' title='bbox 1677 1874 1780 1915; x_wconf 87' lang='lat' dir='ltr'><strong>nos</strong></span> 
     </span>
    </p>
   </div>
   <div class='ocr_carea' id='block_1_19' title="bbox 1873 647 3452 725">
    <p class='ocr_par' dir='ltr' id='par_1_19' title="bbox 1873 647 3452 725">
     <span class='ocr_line' id='line_1_19' title="bbox 1873 647 3452 725; baseline -0.011 -8"><span class='ocrx_word' id='word_1_123' title='bbox 1873 659 2119 725; x_wconf 86' lang='lat' dir='ltr'><strong>fecerint,</strong></span> <span class='ocrx_word' id='word_1_124' title='bbox 2144 657 2356 712; x_wconf 88' lang='lat' dir='ltr'><strong>dicente</strong></span> <span class='ocrx_word' id='word_1_125' title='bbox 2383 652 2565 723; x_wconf 79' lang='lat' dir='ltr'><strong>Moyse</strong></span> <span class='ocrx_word' id='word_1_126' title='bbox 2593 669 2606 704; x_wconf 89' lang='lat'><strong>:</strong></span> <span class='ocrx_word' id='word_1_127' title='bbox 2641 651 2800 716; x_wconf 79' lang='lat' dir='ltr'><strong>Audi,</strong></span> <span class='ocrx_word' id='word_1_128' title='bbox 2828 647 3019 715; x_wconf 84' lang='lat' dir='ltr'><strong>Israel,</strong></span> <span class='ocrx_word' id='word_1_129' title='bbox 3049 656 3097 702; x_wconf 88' lang='lat' dir='ltr'><strong>et</strong></span> <span class='ocrx_word' id='word_1_130' title='bbox 3127 658 3240 702; x_wconf 89' lang='lat' dir='ltr'><strong>tace</strong></span> <span class='ocrx_word' id='word_1_131' title='bbox 3269 647 3452 719; x_wconf 87' lang='lat' dir='ltr'><strong>(Deut.</strong></span> 
     </span>
    </p>
   </div>
   <div class='ocr_carea' id='block_1_20' title="bbox 1873 743 3458 819">
    <p class='ocr_par' dir='ltr' id='par_1_20' title="bbox 1873 743 3458 819">
     <span class='ocr_line' id='line_1_20' title="bbox 1873 743 3458 819; baseline -0.011 -9"><span class='ocrx_word' id='word_1_132' title='bbox 1873 770 1949 819; x_wconf 74' lang='grc' dir='ltr'><strong>ιν,</strong></span> <span class='ocrx_word' id='word_1_133' title='bbox 1982 769 2038 807; x_wconf 80' lang='lat' dir='ltr'><strong>vi</strong></span> <span class='ocrx_word' id='word_1_134' title='bbox 2066 761 2123 806; x_wconf 91' lang='lat' dir='ltr'><strong>et</strong></span> <span class='ocrx_word' id='word_1_135' title='bbox 2147 750 2248 818; x_wconf 81' lang='lat' dir='ltr'><strong>ix).</strong></span> <span class='ocrx_word' id='word_1_136' title='bbox 2295 745 2446 803; x_wconf 89' lang='lat' dir='ltr'><strong>Unus</strong></span> <span class='ocrx_word' id='word_1_137' title='bbox 2485 743 2707 799; x_wconf 77' lang='lat' dir='ltr'><strong>alterius</strong></span> <span class='ocrx_word' id='word_1_138' title='bbox 2743 758 2911 798; x_wconf 87' lang='lat' dir='ltr'><strong>onera</strong></span> <span class='ocrx_word' id='word_1_139' title='bbox 2947 749 3154 813; x_wconf 87' lang='lat' dir='ltr'><strong>portet;</strong></span> <span class='ocrx_word' id='word_1_140' title='bbox 3198 747 3256 794; x_wconf 90' lang='lat' dir='ltr'><strong>et</strong></span> <span class='ocrx_word' id='word_1_141' title='bbox 3293 754 3458 796; x_wconf 91' lang='lat' dir='ltr'><strong>nemo</strong></span> 
     </span>
    </p>
   </div>
   <div class='ocr_carea' id='block_1_21' title="bbox 1875 830 3457 911">
    <p class='ocr_par' dir='ltr' id='par_1_21' title="bbox 1875 830 3457 911">
     <span class='ocr_line' id='line_1_21' title="bbox 1875 830 3457 911; baseline -0.007 -14"><span class='ocrx_word' id='word_1_142' title='bbox 1875 841 2040 897; x_wconf 91' lang='lat' dir='ltr'><strong>alium</strong></span> <span class='ocrx_word' id='word_1_143' title='bbox 2069 839 2275 911; x_wconf 75' lang='lat' dir='ltr'><strong>iudicet</strong></span> <span class='ocrx_word' id='word_1_144' title='bbox 2292 877 2308 902; x_wconf 91' lang='lat'><strong>,</strong></span> <span class='ocrx_word' id='word_1_145' title='bbox 2336 849 2496 891; x_wconf 89' lang='lat' dir='ltr'><strong>nemo</strong></span> <span class='ocrx_word' id='word_1_146' title='bbox 2524 833 2692 888; x_wconf 87' lang='lat' dir='ltr'><strong>alium</strong></span> <span class='ocrx_word' id='word_1_147' title='bbox 2722 833 2991 887; x_wconf 85' lang='lat' dir='ltr'><strong>detrahat.</strong></span> <span class='ocrx_word' id='word_1_148' title='bbox 3025 830 3163 899; x_wconf 85' lang='lat' dir='ltr'><strong>Quia</strong></span> <span class='ocrx_word' id='word_1_149' title='bbox 3191 831 3457 902; x_wconf 89' lang='lat' dir='ltr'><strong>scriptum</strong></span> 
     </span>
    </p>
   </div>
   <div class='ocr_carea' id='block_1_22' title="bbox 1876 923 3464 996">
    <p class='ocr_par' dir='ltr' id='par_1_22' title="bbox 1876 923 3464 996">
     <span class='ocr_line' id='line_1_22' title="bbox 1876 923 3464 996; baseline -0.006 -8"><span class='ocrx_word' id='word_1_150' title='bbox 1876 942 1960 988; x_wconf 89' lang='lat' dir='ltr'><strong>est</strong></span> <span class='ocrx_word' id='word_1_151' title='bbox 1985 951 1998 987; x_wconf 88' lang='lat'>:</span> <span class='ocrx_word' id='word_1_152' title='bbox 2033 929 2217 986; x_wconf 88' lang='lat' dir='ltr'><strong>Omnis</strong></span> <span class='ocrx_word' id='word_1_153' title='bbox 2241 929 2504 983; x_wconf 89' lang='lat' dir='ltr'><strong>detractor</strong></span> <span class='ocrx_word' id='word_1_154' title='bbox 2527 924 2885 981; x_wconf 89' lang='lat' dir='ltr'><strong>eradicabitur</strong></span> <span class='ocrx_word' id='word_1_155' title='bbox 2905 923 3086 995; x_wconf 82' lang='lat' dir='ltr'><strong>(Prov.</strong></span> <span class='ocrx_word' id='word_1_156' title='bbox 3113 925 3285 996; x_wconf 68' lang='lat' dir='ltr'><strong>xxxv).</strong></span> <span class='ocrx_word' id='word_1_157' title='bbox 3311 924 3464 982; x_wconf 82' lang='lat' dir='ltr'><strong>Unus</strong></span> 
     </span>
    </p>
   </div>
   <div class='ocr_carea' id='block_1_23' title="bbox 1877 1017 3468 1094">
    <p class='ocr_par' dir='ltr' id='par_1_23' title="bbox 1877 1017 3468 1094">
     <span class='ocr_line' id='line_1_23' title="bbox 1877 1017 3468 1094; baseline -0.005 -13"><span class='ocrx_word' id='word_1_158' title='bbox 1877 1027 1946 1082; x_wconf 88' lang='lat' dir='ltr'><strong>ab</strong></span> <span class='ocrx_word' id='word_1_159' title='bbox 1971 1025 2080 1080; x_wconf 90' lang='lat' dir='ltr'><strong>alio</strong></span> <span class='ocrx_word' id='word_1_160' title='bbox 2103 1023 2249 1094; x_wconf 90' lang='lat' dir='ltr'><strong>quod</strong></span> <span class='ocrx_word' id='word_1_161' title='bbox 2271 1037 2380 1078; x_wconf 90' lang='lat' dir='ltr'><strong>non</strong></span> <span class='ocrx_word' id='word_1_162' title='bbox 2406 1021 2570 1076; x_wconf 84' lang='lat' dir='ltr'><strong>habet</strong></span> <span class='ocrx_word' id='word_1_163' title='bbox 2599 1019 2832 1089; x_wconf 89' lang='lat' dir='ltr'><strong>accipiat</strong></span> <span class='ocrx_word' id='word_1_164' title='bbox 2849 1060 2864 1085; x_wconf 92' lang='lat'><strong>,</strong></span> <span class='ocrx_word' id='word_1_165' title='bbox 2895 1034 3034 1074; x_wconf 90' lang='lat' dir='ltr'><strong>unus</strong></span> <span class='ocrx_word' id='word_1_166' title='bbox 3063 1020 3130 1074; x_wconf 90' lang='lat' dir='ltr'><strong>ab</strong></span> <span class='ocrx_word' id='word_1_167' title='bbox 3154 1018 3260 1074; x_wconf 91' lang='lat' dir='ltr'><strong>alio</strong></span> <span class='ocrx_word' id='word_1_168' title='bbox 3287 1017 3468 1075; x_wconf 88' lang='lat' dir='ltr'><strong>discat</strong></span> 
     </span>
    </p>
   </div>
   <div class='ocr_carea' id='block_1_24' title="bbox 1878 1111 3466 1193">
    <p class='ocr_par' dir='ltr' id='par_1_24' title="bbox 1878 1111 3466 1193">
     <span class='ocr_line' id='line_1_24' title="bbox 1878 1111 3466 1193; baseline -0.004 -19"><span class='ocrx_word' id='word_1_169' title='bbox 1878 1118 2270 1184; x_wconf 87' lang='lat' dir='ltr'><strong>humilitatem,</strong></span> <span class='ocrx_word' id='word_1_170' title='bbox 2301 1131 2440 1171; x_wconf 88' lang='lat' dir='ltr'><strong>unus</strong></span> <span class='ocrx_word' id='word_1_171' title='bbox 2468 1115 2535 1170; x_wconf 90' lang='lat' dir='ltr'><strong>ab</strong></span> <span class='ocrx_word' id='word_1_172' title='bbox 2565 1113 2672 1169; x_wconf 92' lang='lat' dir='ltr'><strong>alio</strong></span> <span class='ocrx_word' id='word_1_173' title='bbox 2704 1112 3054 1193; x_wconf 85' lang='lat' dir='ltr'><strong>charitatem,</strong></span> <span class='ocrx_word' id='word_1_174' title='bbox 3085 1127 3227 1167; x_wconf 93' lang='lat' dir='ltr'><strong>unus</strong></span> <span class='ocrx_word' id='word_1_175' title='bbox 3263 1112 3331 1166; x_wconf 92' lang='lat' dir='ltr'><strong>ab</strong></span> <span class='ocrx_word' id='word_1_176' title='bbox 3358 1111 3466 1167; x_wconf 90' lang='lat' dir='ltr'><strong>alio</strong></span> 
     </span>
    </p>
   </div>
   <div class='ocr_carea' id='block_1_25' title="bbox 1876 1205 3470 1283">
    <p class='ocr_par' dir='ltr' id='par_1_25' title="bbox 1876 1205 3470 1283">
     <span class='ocr_line' id='line_1_25' title="bbox 1876 1205 3470 1283; baseline -0.005 -17"><span class='ocrx_word' id='word_1_177' title='bbox 1876 1211 2216 1283; x_wconf 85' lang='lat' dir='ltr'><strong>patientiam,</strong></span> <span class='ocrx_word' id='word_1_178' title='bbox 2238 1225 2381 1265; x_wconf 92' lang='lat' dir='ltr'><strong>unus</strong></span> <span class='ocrx_word' id='word_1_179' title='bbox 2402 1209 2471 1264; x_wconf 88' lang='lat' dir='ltr'><strong>ab</strong></span> <span class='ocrx_word' id='word_1_180' title='bbox 2491 1207 2597 1263; x_wconf 92' lang='lat' dir='ltr'><strong>alio</strong></span> <span class='ocrx_word' id='word_1_181' title='bbox 2619 1205 2915 1272; x_wconf 91' lang='lat' dir='ltr'><strong>silentium,</strong></span> <span class='ocrx_word' id='word_1_182' title='bbox 2937 1220 3078 1260; x_wconf 90' lang='lat' dir='ltr'><strong>unus</strong></span> <span class='ocrx_word' id='word_1_183' title='bbox 3098 1206 3166 1260; x_wconf 91' lang='lat' dir='ltr'><strong>ab</strong></span> <span class='ocrx_word' id='word_1_184' title='bbox 3192 1205 3299 1259; x_wconf 92' lang='lat' dir='ltr'><strong>alio</strong></span> <span class='ocrx_word' id='word_1_185' title='bbox 3319 1219 3470 1259; x_wconf 91' lang='lat' dir='ltr'><strong>man-</strong></span> 
     </span>
    </p>
   </div>
   <div class='ocr_carea' id='block_1_26' title="bbox 1879 1294 3474 1366">
    <p class='ocr_par' dir='ltr' id='par_1_26' title="bbox 1879 1294 3474 1366">
     <span class='ocr_line' id='line_1_26' title="bbox 1879 1294 3474 1366; baseline -0.006 -8"><span class='ocrx_word' id='word_1_186' title='bbox 1879 1301 2239 1358; x_wconf 87' lang='lat' dir='ltr'><strong>suetudinem.</strong></span> <span class='ocrx_word' id='word_1_187' title='bbox 2270 1299 2568 1356; x_wconf 89' lang='lat' dir='ltr'><strong>Comedant</strong></span> <span class='ocrx_word' id='word_1_188' title='bbox 2593 1298 2710 1353; x_wconf 88' lang='lat' dir='ltr'><strong>sine</strong></span> <span class='ocrx_word' id='word_1_189' title='bbox 2738 1295 2957 1366; x_wconf 86' lang='lat' dir='ltr'><strong>querela</strong></span> <span class='ocrx_word' id='word_1_190' title='bbox 2985 1295 3248 1365; x_wconf 91' lang='lat' dir='ltr'><strong>quidquid</strong></span> <span class='ocrx_word' id='word_1_191' title='bbox 3276 1294 3356 1350; x_wconf 90' lang='lat' dir='ltr'><strong>eis</strong></span> <span class='ocrx_word' id='word_1_192' title='bbox 3383 1310 3474 1365; x_wconf 93' lang='lat' dir='ltr'><strong>ap-</strong></span> 
     </span>
    </p>
   </div>
   <div class='ocr_carea' id='block_1_27' title="bbox 1878 1387 3472 1468">
    <p class='ocr_par' dir='ltr' id='par_1_27' title="bbox 1878 1387 3472 1468">
     <span class='ocr_line' id='line_1_27' title="bbox 1878 1387 3472 1468; baseline -0.008 -16"><span class='ocrx_word' id='word_1_193' title='bbox 1878 1396 2116 1468; x_wconf 90' lang='lat' dir='ltr'><strong>positum</strong></span> <span class='ocrx_word' id='word_1_194' title='bbox 2152 1393 2338 1461; x_wconf 92' lang='lat' dir='ltr'><strong>fuerit,</strong></span> <span class='ocrx_word' id='word_1_195' title='bbox 2364 1393 2618 1449; x_wconf 87' lang='lat' dir='ltr'><strong>vestiant.</strong></span> <span class='ocrx_word' id='word_1_196' title='bbox 2632 1392 2778 1462; x_wconf 92' lang='lat' dir='ltr'><strong>quod</strong></span> <span class='ocrx_word' id='word_1_197' title='bbox 2799 1388 3129 1460; x_wconf 85' lang='lat' dir='ltr'><strong>acceperint.</strong></span> <span class='ocrx_word' id='word_1_198' title='bbox 3152 1387 3271 1442; x_wconf 90' lang='lat' dir='ltr'><strong>Non</strong></span> <span class='ocrx_word' id='word_1_199' title='bbox 3295 1388 3472 1443; x_wconf 87' lang='lat' dir='ltr'><strong>celent</strong></span> 
     </span>
    </p>
   </div>
   <div class='ocr_carea' id='block_1_28' title="bbox 1880 1480 3472 1555">
    <p class='ocr_par' dir='ltr' id='par_1_28' title="bbox 1880 1480 3472 1555">
     <span class='ocr_line' id='line_1_28' title="bbox 1880 1480 3472 1555; baseline -0.004 -13"><span class='ocrx_word' id='word_1_200' title='bbox 1880 1490 2079 1544; x_wconf 80' lang='lat' dir='ltr'><strong>fratres</strong></span> <span class='ocrx_word' id='word_1_201' title='bbox 2107 1486 2327 1542; x_wconf 87' lang='lat' dir='ltr'><strong>decanis</strong></span> <span class='ocrx_word' id='word_1_202' title='bbox 2364 1486 2477 1541; x_wconf 91' lang='lat' dir='ltr'><strong>suis</strong></span> <span class='ocrx_word' id='word_1_203' title='bbox 2501 1484 2761 1555; x_wconf 88' lang='lat' dir='ltr'><strong>quidquid</strong></span> <span class='ocrx_word' id='word_1_204' title='bbox 2788 1498 2884 1554; x_wconf 89' lang='lat' dir='ltr'><strong>per</strong></span> <span class='ocrx_word' id='word_1_205' title='bbox 2914 1480 3153 1552; x_wconf 88' lang='lat' dir='ltr'><strong>singulos</strong></span> <span class='ocrx_word' id='word_1_206' title='bbox 3179 1481 3294 1536; x_wconf 92' lang='lat' dir='ltr'><strong>dies</strong></span> <span class='ocrx_word' id='word_1_207' title='bbox 3321 1483 3472 1552; x_wconf 90' lang='lat' dir='ltr'><strong>cogi-</strong></span> 
     </span>
    </p>
   </div>
   <div class='ocr_carea' id='block_1_29' title="bbox 1884 1576 3473 1647">
    <p class='ocr_par' dir='ltr' id='par_1_29' title="bbox 1884 1576 3473 1647">
     <span class='ocr_line' id='line_1_29' title="bbox 1884 1576 3473 1647; baseline -0.006 -9"><span class='ocrx_word' id='word_1_208' title='bbox 1884 1582 2138 1638; x_wconf 88' lang='lat' dir='ltr'><strong>taverint.</strong></span> <span class='ocrx_word' id='word_1_209' title='bbox 2181 1580 2382 1636; x_wconf 90' lang='lat' dir='ltr'><strong>Decani</strong></span> <span class='ocrx_word' id='word_1_210' title='bbox 2411 1594 2542 1635; x_wconf 85' lang='lat' dir='ltr'><strong>vero</strong></span> <span class='ocrx_word' id='word_1_211' title='bbox 2577 1579 2689 1634; x_wconf 91' lang='lat' dir='ltr'><strong>sint</strong></span> <span class='ocrx_word' id='word_1_212' title='bbox 2726 1577 2806 1633; x_wconf 91' lang='lat' dir='ltr'><strong>eis</strong></span> <span class='ocrx_word' id='word_1_213' title='bbox 2830 1576 2987 1647; x_wconf 90' lang='lat' dir='ltr'><strong>quasi</strong></span> <span class='ocrx_word' id='word_1_214' title='bbox 3019 1582 3259 1632; x_wconf 90' lang='lat' dir='ltr'><strong>rectores</strong></span> <span class='ocrx_word' id='word_1_215' title='bbox 3294 1583 3351 1630; x_wconf 91' lang='lat' dir='ltr'><strong>et</strong></span> <span class='ocrx_word' id='word_1_216' title='bbox 3375 1590 3473 1630; x_wconf 89' lang='lat' dir='ltr'><strong>cu-</strong></span> 
     </span>
    </p>
   </div>
   <div class='ocr_carea' id='block_1_30' title="bbox 1881 1672 3475 1751">
    <p class='ocr_par' dir='ltr' id='par_1_30' title="bbox 1881 1672 3475 1751">
     <span class='ocr_line' id='line_1_30' title="bbox 1881 1672 3475 1751; baseline -0.004 -18"><span class='ocrx_word' id='word_1_217' title='bbox 1881 1679 2098 1747; x_wconf 91' lang='lat' dir='ltr'><strong>stodes,</strong></span> <span class='ocrx_word' id='word_1_218' title='bbox 2135 1687 2397 1751; x_wconf 88' lang='lat' dir='ltr'><strong>tanquam</strong></span> <span class='ocrx_word' id='word_1_219' title='bbox 2428 1693 2528 1750; x_wconf 89' lang='lat' dir='ltr'><strong>pro</strong></span> <span class='ocrx_word' id='word_1_220' title='bbox 2555 1677 2687 1748; x_wconf 90' lang='lat' dir='ltr'><strong>ipsis</strong></span> <span class='ocrx_word' id='word_1_221' title='bbox 2719 1677 2989 1732; x_wconf 90' lang='lat' dir='ltr'><strong>rationem</strong></span> <span class='ocrx_word' id='word_1_222' title='bbox 3025 1675 3254 1730; x_wconf 91' lang='lat' dir='ltr'><strong>Domino</strong></span> <span class='ocrx_word' id='word_1_223' title='bbox 3288 1672 3475 1728; x_wconf 89' lang='lat' dir='ltr'><strong>reddi-</strong></span> 
     </span>
    </p>
   </div>
   <div class='ocr_carea' id='block_1_31' title="bbox 1882 1765 3480 1842">
    <p class='ocr_par' dir='ltr' id='par_1_31' title="bbox 1882 1765 3480 1842">
     <span class='ocr_line' id='line_1_31' title="bbox 1882 1765 3480 1842; baseline -0.004 -19"><span class='ocrx_word' id='word_1_224' title='bbox 1882 1771 2014 1825; x_wconf 87' lang='lat' dir='ltr'><strong>turi.</strong></span> <span class='ocrx_word' id='word_1_225' title='bbox 2071 1770 2437 1842; x_wconf 88' lang='lat' dir='ltr'><strong>Negligentias</strong></span> <span class='ocrx_word' id='word_1_226' title='bbox 2486 1777 2805 1824; x_wconf 91' lang='lat' dir='ltr'><strong>cunctorum</strong></span> <span class='ocrx_word' id='word_1_227' title='bbox 2860 1767 2963 1838; x_wconf 90' lang='lat' dir='ltr'><strong>ipsi</strong></span> <span class='ocrx_word' id='word_1_228' title='bbox 3011 1765 3372 1836; x_wconf 71' lang='lat' dir='ltr'><strong>praevideant,</strong></span> <span class='ocrx_word' id='word_1_229' title='bbox 3423 1771 3480 1818; x_wconf 90' lang='lat' dir='ltr'><strong>et</strong></span> 
     </span>
    </p>
   </div>
   <div class='ocr_carea' id='block_1_32' title="bbox 1884 1863 3478 1937">
    <p class='ocr_par' dir='ltr' id='par_1_32' title="bbox 1884 1863 3478 1937">
     <span class='ocr_line' id='line_1_32' title="bbox 1884 1863 3478 1937; baseline -0.001 -19"><span class='ocrx_word' id='word_1_230' title='bbox 1884 1866 2207 1922; x_wconf 87' lang='lat' dir='ltr'><strong>emendandi</strong></span> <span class='ocrx_word' id='word_1_231' title='bbox 2249 1873 2573 1937; x_wconf 87' lang='lat' dir='ltr'><strong>potestatem</strong></span> <span class='ocrx_word' id='word_1_232' title='bbox 2617 1865 2886 1931; x_wconf 88' lang='lat' dir='ltr'><strong>habeant,</strong></span> <span class='ocrx_word' id='word_1_233' title='bbox 2932 1872 2988 1919; x_wconf 88' lang='lat' dir='ltr'><strong>et</strong></span> <span class='ocrx_word' id='word_1_234' title='bbox 3032 1864 3177 1932; x_wconf 92' lang='lat' dir='ltr'><strong>quod</strong></span> <span class='ocrx_word' id='word_1_235' title='bbox 3219 1863 3322 1933; x_wconf 89' lang='lat' dir='ltr'><strong>ipsi</strong></span> <span class='ocrx_word' id='word_1_236' title='bbox 3367 1876 3478 1918; x_wconf 92' lang='lat' dir='ltr'><strong>non</strong></span> 
     </span>
    </p>
   </div>
   <div class='ocr_carea' id='block_1_33' title="bbox 190 1951 3480 2030">
    <p class='ocr_par' dir='ltr' id='par_1_33' title="bbox 190 1951 3480 2030">
     <span class='ocr_line' id='line_1_33' title="bbox 190 1951 3480 2030; baseline 0.001 -22"><span class='ocrx_word' id='word_1_237' title='bbox 190 1951 350 2008; x_wconf 81' lang='lat' dir='ltr'><strong>aliter</strong></span> <span class='ocrx_word' id='word_1_238' title='bbox 374 1963 536 2023; x_wconf 89' lang='lat' dir='ltr'><strong>atque</strong></span> <span class='ocrx_word' id='word_1_239' title='bbox 562 1955 722 2009; x_wconf 86' lang='lat' dir='ltr'><strong>aliter</strong></span> <span class='ocrx_word' id='word_1_240' title='bbox 747 1956 993 2011; x_wconf 89' lang='lat' dir='ltr'><strong>habetur.</strong></span> <span class='ocrx_word' id='word_1_241' title='bbox 1023 1953 1234 2021; x_wconf 86' lang='lat' dir='ltr'><strong>Quanto</strong></span> <span class='ocrx_word' id='word_1_242' title='bbox 1260 1954 1404 2009; x_wconf 91' lang='lat' dir='ltr'><strong>enim</strong></span> <span class='ocrx_word' id='word_1_243' title='bbox 1431 1968 1530 2008; x_wconf 92' lang='lat' dir='ltr'><strong>nos</strong></span> <span class='ocrx_word' id='word_1_244' title='bbox 1555 1951 1779 2008; x_wconf 88' lang='lat' dir='ltr'><strong>serotini</strong></span> <span class='ocrx_word' id='word_1_245' title='bbox 1806 1968 1856 2030; x_wconf 81' lang='grc' dir='ltr'><strong>Β</strong></span> <span class='ocrx_word' id='word_1_246' title='bbox 1884 1956 2155 2012; x_wconf 87' lang='lat' dir='ltr'><strong>valuerint</strong></span> <span class='ocrx_word' id='word_1_247' title='bbox 2194 1959 2517 2022; x_wconf 90' lang='lat' dir='ltr'><strong>emendare,</strong></span> <span class='ocrx_word' id='word_1_248' title='bbox 2547 1958 2838 2027; x_wconf 66' lang='lat' dir='ltr'><strong>prmposito</strong></span> <span class='ocrx_word' id='word_1_249' title='bbox 2868 1971 2979 2012; x_wconf 91' lang='lat' dir='ltr'><strong>non</strong></span> <span class='ocrx_word' id='word_1_250' title='bbox 3005 1963 3289 2012; x_wconf 86' lang='lat' dir='ltr'><strong>morentur</strong></span> <span class='ocrx_word' id='word_1_251' title='bbox 3318 1971 3480 2011; x_wconf 90' lang='lat' dir='ltr'><strong>accu-</strong></span> 
     </span>
    </p>
   </div>
   <div class='ocr_carea' id='block_1_34' title="bbox 190 2044 1779 2118">
    <p class='ocr_par' dir='ltr' id='par_1_34' title="bbox 190 2044 1779 2118">
     <span class='ocr_line' id='line_1_34' title="bbox 190 2044 1779 2118; baseline -0.001 -18"><span class='ocrx_word' id='word_1_252' title='bbox 190 2059 223 2100; x_wconf 86' lang='lat' dir='ltr'><strong>a</strong></span> <span class='ocrx_word' id='word_1_253' title='bbox 245 2046 560 2117; x_wconf 84' lang='lat' dir='ltr'><strong>primitivis,</strong></span> <span class='ocrx_word' id='word_1_254' title='bbox 601 2055 754 2103; x_wconf 88' lang='lat' dir='ltr'><strong>tanto</strong></span> <span class='ocrx_word' id='word_1_255' title='bbox 788 2048 1000 2118; x_wconf 89' lang='lat' dir='ltr'><strong>longius</strong></span> <span class='ocrx_word' id='word_1_256' title='bbox 1027 2047 1156 2102; x_wconf 67' lang='lat' dir='ltr'><strong>vitae</strong></span> <span class='ocrx_word' id='word_1_257' title='bbox 1193 2046 1388 2102; x_wconf 90' lang='lat' dir='ltr'><strong>merito</strong></span> <span class='ocrx_word' id='word_1_258' title='bbox 1431 2046 1500 2100; x_wconf 89' lang='lat' dir='ltr'><strong>ab</strong></span> <span class='ocrx_word' id='word_1_259' title='bbox 1541 2044 1779 2114; x_wconf 91' lang='lat' dir='ltr'><strong>antiquis</strong></span> 
     </span>
    </p>
   </div>
   <div class='ocr_carea' id='block_1_35' title="bbox 193 2135 1776 2207">
    <p class='ocr_par' dir='ltr' id='par_1_35' title="bbox 193 2135 1776 2207">
     <span class='ocr_line' id='line_1_35' title="bbox 193 2135 1776 2207; baseline -0.001 -15"><span class='ocrx_word' id='word_1_260' title='bbox 193 2136 460 2192; x_wconf 86' lang='lat' dir='ltr'><strong>distamus</strong></span> <span class='ocrx_word' id='word_1_261' title='bbox 493 2137 763 2194; x_wconf 90' lang='lat' dir='ltr'><strong>Patribus.</strong></span> <span class='ocrx_word' id='word_1_262' title='bbox 792 2139 873 2193; x_wconf 82' lang='lat' dir='ltr'><strong>Illi</strong></span> <span class='ocrx_word' id='word_1_263' title='bbox 903 2139 1048 2193; x_wconf 91' lang='lat' dir='ltr'><strong>enim</strong></span> <span class='ocrx_word' id='word_1_264' title='bbox 1077 2147 1233 2193; x_wconf 88' lang='lat' dir='ltr'><strong>erant</strong></span> <span class='ocrx_word' id='word_1_265' title='bbox 1261 2137 1457 2207; x_wconf 89' lang='lat' dir='ltr'><strong>spiritu</strong></span> <span class='ocrx_word' id='word_1_266' title='bbox 1483 2135 1776 2202; x_wconf 81' lang='lat' dir='ltr'><strong>ferventes,</strong></span> 
     </span>
    </p>
   </div>
   <div class='ocr_carea' id='block_1_36' title="bbox 191 2226 1781 2298">
    <p class='ocr_par' dir='ltr' id='par_1_36' title="bbox 191 2226 1781 2298">
     <span class='ocr_line' id='line_1_36' title="bbox 191 2226 1781 2298; baseline -0.001 -16"><span class='ocrx_word' id='word_1_267' title='bbox 191 2227 424 2284; x_wconf 90' lang='lat' dir='ltr'><strong>Domino</strong></span> <span class='ocrx_word' id='word_1_268' title='bbox 452 2230 778 2295; x_wconf 86' lang='lat' dir='ltr'><strong>servientes;</strong></span> <span class='ocrx_word' id='word_1_269' title='bbox 812 2244 913 2284; x_wconf 87' lang='lat' dir='ltr'><strong>nos</strong></span> <span class='ocrx_word' id='word_1_270' title='bbox 948 2237 1126 2284; x_wconf 89' lang='lat' dir='ltr'><strong>autem</strong></span> <span class='ocrx_word' id='word_1_271' title='bbox 1155 2228 1322 2298; x_wconf 91' lang='lat' dir='ltr'><strong>tepidi</strong></span> <span class='ocrx_word' id='word_1_272' title='bbox 1351 2236 1407 2282; x_wconf 90' lang='lat' dir='ltr'><strong>et</strong></span> <span class='ocrx_word' id='word_1_273' title='bbox 1443 2242 1552 2283; x_wconf 92' lang='lat' dir='ltr'><strong>non</strong></span> <span class='ocrx_word' id='word_1_274' title='bbox 1581 2226 1781 2281; x_wconf 84' lang='lat' dir='ltr'><strong>similia</strong></span> 
     </span>
    </p>
   </div>
   <div class='ocr_carea' id='block_1_37' title="bbox 192 2316 1782 2387">
    <p class='ocr_par' dir='ltr' id='par_1_37' title="bbox 192 2316 1782 2387">
     <span class='ocr_line' id='line_1_37' title="bbox 192 2316 1782 2387; baseline -0.002 -13"><span class='ocrx_word' id='word_1_275' title='bbox 192 2319 455 2378; x_wconf 87' lang='lat' dir='ltr'><strong>facientes</strong></span> <span class='ocrx_word' id='word_1_276' title='bbox 482 2362 497 2387; x_wconf 91' lang='lat'><strong>,</strong></span> <span class='ocrx_word' id='word_1_277' title='bbox 555 2337 742 2378; x_wconf 89' lang='lat' dir='ltr'><strong>sumus</strong></span> <span class='ocrx_word' id='word_1_278' title='bbox 794 2330 976 2377; x_wconf 87' lang='lat' dir='ltr'><strong>tamen</strong></span> <span class='ocrx_word' id='word_1_279' title='bbox 1029 2321 1086 2376; x_wconf 93' lang='lat' dir='ltr'><strong>in</strong></span> <span class='ocrx_word' id='word_1_280' title='bbox 1140 2319 1514 2376; x_wconf 88' lang='lat' dir='ltr'><strong>misericordia</strong></span> <span class='ocrx_word' id='word_1_281' title='bbox 1565 2316 1782 2374; x_wconf 87' lang='lat' dir='ltr'><strong>Domini</strong></span> 
     </span>
    </p>
   </div>
   <div class='ocr_carea' id='block_1_38' title="bbox 191 2419 494 2481">
    <p class='ocr_par' dir='ltr' id='par_1_38' title="bbox 191 2419 494 2481">
     <span class='ocr_line' id='line_1_38' title="bbox 191 2419 494 2481; baseline -0.003 -15"><span class='ocrx_word' id='word_1_282' title='bbox 191 2419 494 2481; x_wconf 87' lang='lat' dir='ltr'><strong>sperantes.</strong></span> 
     </span>
    </p>
   </div>
   <div class='ocr_carea' id='block_1_39' title="bbox 783 2481 1192 2539">
    <p class='ocr_par' dir='ltr' id='par_1_39' title="bbox 783 2481 1192 2539">
     <span class='ocr_line' id='line_1_39' title="bbox 783 2481 1192 2539; baseline -0.01 0"><span class='ocrx_word' id='word_1_283' title='bbox 783 2481 1012 2539; x_wconf 83' lang='lat' dir='ltr'><strong>CAPUT</strong></span> <span class='ocrx_word' id='word_1_284' title='bbox 1049 2481 1192 2537; x_wconf 81' lang='lat' dir='ltr'><strong>XXI.</strong></span> 
     </span>
    </p>
   </div>
   <div class='ocr_carea' id='block_1_40' title="bbox 653 2591 1322 2648">
    <p class='ocr_par' dir='ltr' id='par_1_40' title="bbox 653 2591 1322 2648">
     <span class='ocr_line' id='line_1_40' title="bbox 653 2591 1322 2648; baseline -0.006 0"><span class='ocrx_word' id='word_1_285' title='bbox 653 2593 733 2648; x_wconf 87' lang='lat' dir='ltr'><strong>De</strong></span> <span class='ocrx_word' id='word_1_286' title='bbox 759 2593 972 2648; x_wconf 86' lang='lat' dir='ltr'><strong>decanis</strong></span> <span class='ocrx_word' id='word_1_287' title='bbox 998 2591 1322 2648; x_wconf 80' lang='lat' dir='ltr'><strong>monasterii.</strong></span> 
     </span>
    </p>
   </div>
   <div class='ocr_carea' id='block_1_41' title="bbox 265 2698 1782 2776">
    <p class='ocr_par' dir='ltr' id='par_1_41' title="bbox 265 2698 1782 2776">
     <span class='ocr_line' id='line_1_41' title="bbox 265 2698 1782 2776; baseline -0.006 -15"><span class='ocrx_word' id='word_1_288' title='bbox 265 2705 327 2762; x_wconf 88' lang='lat' dir='ltr'><strong>Si</strong></span> <span class='ocrx_word' id='word_1_289' title='bbox 354 2704 525 2776; x_wconf 86' lang='lat' dir='ltr'><strong>major</strong></span> <span class='ocrx_word' id='word_1_290' title='bbox 560 2705 720 2775; x_wconf 78' lang='lat' dir='ltr'><strong>fuerit</strong></span> <span class='ocrx_word' id='word_1_291' title='bbox 751 2704 1102 2775; x_wconf 79' lang='lat' dir='ltr'><strong>congregatio,</strong></span> <span class='ocrx_word' id='word_1_292' title='bbox 1127 2702 1388 2774; x_wconf 84' lang='lat' dir='ltr'><strong>eligantur</strong></span> <span class='ocrx_word' id='word_1_293' title='bbox 1413 2699 1478 2754; x_wconf 87' lang='lat' dir='ltr'><strong>de</strong></span> <span class='ocrx_word' id='word_1_294' title='bbox 1502 2698 1630 2770; x_wconf 86' lang='lat' dir='ltr'><strong>ipsis</strong></span> <span class='ocrx_word' id='word_1_295' title='bbox 1668 2698 1782 2770; x_wconf 80' lang='lat' dir='ltr'><strong>fra-</strong></span> 
     </span>
    </p>
   </div>
   <div class='ocr_carea' id='block_1_42' title="bbox 192 2789 1787 2857">
    <p class='ocr_par' dir='ltr' id='par_1_42' title="bbox 192 2789 1787 2857">
     <span class='ocr_line' id='line_1_42' title="bbox 192 2789 1787 2857; baseline -0.006 -6"><span class='ocrx_word' id='word_1_296' title='bbox 192 2805 298 2851; x_wconf 85' lang='lat' dir='ltr'><strong>tres</strong></span> <span class='ocrx_word' id='word_1_297' title='bbox 327 2795 448 2850; x_wconf 91' lang='lat' dir='ltr'><strong>boni</strong></span> <span class='ocrx_word' id='word_1_298' title='bbox 470 2795 751 2849; x_wconf 81' lang='lat' dir='ltr'><strong>testimonii</strong></span> <span class='ocrx_word' id='word_1_299' title='bbox 773 2803 821 2849; x_wconf 93' lang='lat' dir='ltr'><strong>et</strong></span> <span class='ocrx_word' id='word_1_300' title='bbox 844 2802 1040 2848; x_wconf 64' lang='lat' dir='ltr'><strong>sancta:</strong></span> <span class='ocrx_word' id='word_1_301' title='bbox 1064 2792 1494 2857; x_wconf 85' lang='lat' dir='ltr'><strong>conversationis,</strong></span> <span class='ocrx_word' id='word_1_302' title='bbox 1517 2800 1567 2844; x_wconf 89' lang='lat' dir='ltr'><strong>et</strong></span> <span class='ocrx_word' id='word_1_303' title='bbox 1593 2789 1787 2843; x_wconf 84' lang='lat' dir='ltr'><strong>consti-</strong></span> 
     </span>
    </p>
   </div>
   <div class='ocr_carea' id='block_1_43' title="bbox 194 2879 1787 2956">
    <p class='ocr_par' dir='ltr' id='par_1_43' title="bbox 194 2879 1787 2956">
     <span class='ocr_line' id='line_1_43' title="bbox 194 2879 1787 2956; baseline -0.006 -14"><span class='ocrx_word' id='word_1_304' title='bbox 194 2896 415 2942; x_wconf 81' lang='lat' dir='ltr'><strong>tuantur</strong></span> <span class='ocrx_word' id='word_1_305' title='bbox 442 2885 626 2940; x_wconf 88' lang='lat' dir='ltr'><strong>decani</strong></span> <span class='ocrx_word' id='word_1_306' title='bbox 648 2899 666 2937; x_wconf 92' lang='lat'><em>:</em></span> <span class='ocrx_word' id='word_1_307' title='bbox 691 2886 780 2956; x_wconf 87' lang='lat' dir='ltr'><strong>qui</strong></span> <span class='ocrx_word' id='word_1_308' title='bbox 808 2884 1213 2939; x_wconf 76' lang='lat' dir='ltr'><strong>sollicitudinem</strong></span> <span class='ocrx_word' id='word_1_309' title='bbox 1242 2891 1422 2953; x_wconf 85' lang='lat' dir='ltr'><strong>gerant</strong></span> <span class='ocrx_word' id='word_1_310' title='bbox 1451 2897 1608 2951; x_wconf 85' lang='lat' dir='ltr'><strong>super</strong></span> <span class='ocrx_word' id='word_1_311' title='bbox 1630 2879 1787 2934; x_wconf 90' lang='lat' dir='ltr'><strong>deca-</strong></span> 
     </span>
    </p>
   </div>
   <div class='ocr_carea' id='block_1_44' title="bbox 195 2971 1788 3042">
    <p class='ocr_par' dir='ltr' id='par_1_44' title="bbox 195 2971 1788 3042">
     <span class='ocr_line' id='line_1_44' title="bbox 195 2971 1788 3042; baseline -0.005 -10"><span class='ocrx_word' id='word_1_312' title='bbox 195 2978 314 3033; x_wconf 82' lang='lat' dir='ltr'><strong>nias</strong></span> <span class='ocrx_word' id='word_1_313' title='bbox 340 2995 464 3032; x_wconf 90' lang='lat' dir='ltr'><strong>suas</strong></span> <span class='ocrx_word' id='word_1_314' title='bbox 489 2977 548 3030; x_wconf 91' lang='lat' dir='ltr'><strong>in</strong></span> <span class='ocrx_word' id='word_1_315' title='bbox 574 2977 834 3041; x_wconf 89' lang='lat' dir='ltr'><strong>omnibus,</strong></span> <span class='ocrx_word' id='word_1_316' title='bbox 861 2975 1147 3030; x_wconf 87' lang='lat' dir='ltr'><strong>secundum</strong></span> <span class='ocrx_word' id='word_1_317' title='bbox 1172 2973 1428 3029; x_wconf 86' lang='lat' dir='ltr'><strong>mandata</strong></span> <span class='ocrx_word' id='word_1_318' title='bbox 1452 2971 1552 3027; x_wconf 87' lang='lat' dir='ltr'><strong>Dei</strong></span> <span class='ocrx_word' id='word_1_319' title='bbox 1577 2979 1627 3026; x_wconf 93' lang='lat' dir='ltr'><strong>et</strong></span> <span class='ocrx_word' id='word_1_320' title='bbox 1652 2987 1788 3042; x_wconf 77' lang='lat' dir='ltr'><strong>prta-</strong></span> 
     </span>
    </p>
   </div>
   <div class='ocr_carea' id='block_1_45' title="bbox 195 3062 1789 3140">
    <p class='ocr_par' dir='ltr' id='par_1_45' title="bbox 195 3062 1789 3140">
     <span class='ocr_line' id='line_1_45' title="bbox 195 3062 1789 3140; baseline -0.004 -17"><span class='ocrx_word' id='word_1_321' title='bbox 195 3078 344 3140; x_wconf 84' lang='lat' dir='ltr'><strong>cepta</strong></span> <span class='ocrx_word' id='word_1_322' title='bbox 373 3069 574 3123; x_wconf 81' lang='lat' dir='ltr'><strong>abbatis</strong></span> <span class='ocrx_word' id='word_1_323' title='bbox 605 3070 706 3122; x_wconf 88' lang='lat' dir='ltr'><strong>sui.</strong></span> <span class='ocrx_word' id='word_1_324' title='bbox 745 3068 1022 3136; x_wconf 80' lang='lat' dir='ltr'><strong>Praecepta</strong></span> <span class='ocrx_word' id='word_1_325' title='bbox 1047 3067 1193 3122; x_wconf 89' lang='lat' dir='ltr'><strong>enim</strong></span> <span class='ocrx_word' id='word_1_326' title='bbox 1220 3065 1432 3121; x_wconf 90' lang='lat' dir='ltr'><strong>abbatis</strong></span> <span class='ocrx_word' id='word_1_327' title='bbox 1458 3062 1789 3118; x_wconf 87' lang='lat' dir='ltr'><strong>concordare</strong></span> 
     </span>
    </p>
   </div>
   <div class='ocr_carea' id='block_1_46' title="bbox 195 3155 1790 3226">
    <p class='ocr_par' dir='ltr' id='par_1_46' title="bbox 195 3155 1790 3226">
     <span class='ocr_line' id='line_1_46' title="bbox 195 3155 1790 3226; baseline -0.007 -8"><span class='ocrx_word' id='word_1_328' title='bbox 195 3163 576 3218; x_wconf 82' lang='lat' dir='ltr'><strong>cum-Domini</strong></span> <span class='ocrx_word' id='word_1_329' title='bbox 619 3162 815 3218; x_wconf 88' lang='lat' dir='ltr'><strong>debent</strong></span> <span class='ocrx_word' id='word_1_330' title='bbox 843 3160 1141 3225; x_wconf 89' lang='lat' dir='ltr'><strong>mandatis;</strong></span> <span class='ocrx_word' id='word_1_331' title='bbox 1181 3168 1236 3214; x_wconf 92' lang='lat' dir='ltr'><strong>et</strong></span> <span class='ocrx_word' id='word_1_332' title='bbox 1269 3159 1390 3213; x_wconf 90' lang='lat' dir='ltr'><strong>ideo</strong></span> <span class='ocrx_word' id='word_1_333' title='bbox 1430 3157 1540 3211; x_wconf 89' lang='lat' dir='ltr'><strong>illis</strong></span> <span class='ocrx_word' id='word_1_334' title='bbox 1581 3155 1790 3226; x_wconf 90' lang='lat' dir='ltr'><strong>pariter</strong></span> 
     </span>
    </p>
   </div>
   <div class='ocr_carea' id='block_1_47' title="bbox 197 3244 1786 3324">
    <p class='ocr_par' dir='ltr' id='par_1_47' title="bbox 197 3244 1786 3324">
     <span class='ocr_line' id='line_1_47' title="bbox 197 3244 1786 3324; baseline -0.006 -16"><span class='ocrx_word' id='word_1_335' title='bbox 197 3253 422 3319; x_wconf 85' lang='lat' dir='ltr'><strong>decani,</strong></span> <span class='ocrx_word' id='word_1_336' title='bbox 463 3253 671 3324; x_wconf 90' lang='lat' dir='ltr'><strong>pariter</strong></span> <span class='ocrx_word' id='word_1_337' title='bbox 706 3262 760 3308; x_wconf 92' lang='lat' dir='ltr'><strong>et</strong></span> <span class='ocrx_word' id='word_1_338' title='bbox 797 3253 890 3307; x_wconf 91' lang='lat' dir='ltr'><strong>alii</strong></span> <span class='ocrx_word' id='word_1_339' title='bbox 919 3251 1297 3321; x_wconf 88' lang='lat' dir='ltr'><strong>obtemperare</strong></span> <span class='ocrx_word' id='word_1_340' title='bbox 1340 3248 1538 3304; x_wconf 89' lang='lat' dir='ltr'><strong>debent</strong></span> <span class='ocrx_word' id='word_1_341' title='bbox 1565 3244 1786 3302; x_wconf 91' lang='lat' dir='ltr'><strong>subditi.</strong></span> 
     </span>
    </p>
   </div>
   <div class='ocr_carea' id='block_1_48' title="bbox 1881 2046 3476 2119">
    <p class='ocr_par' dir='ltr' id='par_1_48' title="bbox 1881 2046 3476 2119">
     <span class='ocr_line' id='line_1_48' title="bbox 1881 2046 3476 2119; baseline -0.001 -17"><span class='ocrx_word' id='word_1_342' title='bbox 1881 2061 2026 2102; x_wconf 85' lang='lat' dir='ltr'><strong>sare.</strong></span> <span class='ocrx_word' id='word_1_343' title='bbox 2057 2048 2161 2115; x_wconf 87' lang='lat' dir='ltr'><strong>Qui</strong></span> <span class='ocrx_word' id='word_1_344' title='bbox 2187 2056 2243 2103; x_wconf 89' lang='lat' dir='ltr'><strong>et</strong></span> <span class='ocrx_word' id='word_1_345' title='bbox 2270 2049 2374 2119; x_wconf 91' lang='lat' dir='ltr'><strong>ipsi</strong></span> <span class='ocrx_word' id='word_1_346' title='bbox 2403 2048 2678 2119; x_wconf 80' lang='lat' dir='ltr'><strong>praepositi</strong></span> <span class='ocrx_word' id='word_1_347' title='bbox 2705 2049 2784 2102; x_wconf 87' lang='lat' dir='ltr'><strong>sic</strong></span> <span class='ocrx_word' id='word_1_348' title='bbox 2809 2047 2913 2102; x_wconf 91' lang='lat' dir='ltr'><strong>hoc</strong></span> <span class='ocrx_word' id='word_1_349' title='bbox 2943 2047 3192 2102; x_wconf 87' lang='lat' dir='ltr'><strong>districte</strong></span> <span class='ocrx_word' id='word_1_350' title='bbox 3220 2055 3276 2102; x_wconf 92' lang='lat' dir='ltr'><strong>et</strong></span> <span class='ocrx_word' id='word_1_351' title='bbox 3303 2046 3476 2100; x_wconf 89' lang='lat' dir='ltr'><strong>ratio-</strong></span> 
     </span>
    </p>
   </div>
   <div class='ocr_carea' id='block_1_49' title="bbox 1882 2138 3480 2212">
    <p class='ocr_par' dir='ltr' id='par_1_49' title="bbox 1882 2138 3480 2212">
     <span class='ocr_line' id='line_1_49' title="bbox 1882 2138 3480 2212; baseline -0.001 -18"><span class='ocrx_word' id='word_1_352' title='bbox 1882 2138 2138 2194; x_wconf 89' lang='lat' dir='ltr'><strong>nabiliter</strong></span> <span class='ocrx_word' id='word_1_353' title='bbox 2169 2148 2364 2212; x_wconf 88' lang='lat' dir='ltr'><strong>agant,</strong></span> <span class='ocrx_word' id='word_1_354' title='bbox 2404 2149 2465 2194; x_wconf 90' lang='lat' dir='ltr'><strong>ut</strong></span> <span class='ocrx_word' id='word_1_355' title='bbox 2492 2139 2715 2195; x_wconf 89' lang='lat' dir='ltr'><strong>abbates</strong></span> <span class='ocrx_word' id='word_1_356' title='bbox 2739 2154 2868 2195; x_wconf 89' lang='lat' dir='ltr'><strong>suos</strong></span> <span class='ocrx_word' id='word_1_357' title='bbox 2906 2138 3055 2193; x_wconf 90' lang='lat' dir='ltr'><strong>nullo</strong></span> <span class='ocrx_word' id='word_1_358' title='bbox 3089 2138 3250 2194; x_wconf 91' lang='lat' dir='ltr'><strong>modo</strong></span> <span class='ocrx_word' id='word_1_359' title='bbox 3275 2153 3480 2210; x_wconf 75' lang='lat' dir='ltr'><strong>prtesu-</strong></span> 
     </span>
    </p>
   </div>
   <div class='ocr_carea' id='block_1_50' title="bbox 1881 2230 3480 2302">
    <p class='ocr_par' dir='ltr' id='par_1_50' title="bbox 1881 2230 3480 2302">
     <span class='ocr_line' id='line_1_50' title="bbox 1881 2230 3480 2302; baseline -0.001 -17"><span class='ocrx_word' id='word_1_360' title='bbox 1881 2238 2037 2285; x_wconf 89' lang='lat' dir='ltr'><strong>mant</strong></span> <span class='ocrx_word' id='word_1_361' title='bbox 2079 2230 2406 2302; x_wconf 90' lang='lat' dir='ltr'><strong>inquietare,</strong></span> <span class='ocrx_word' id='word_1_362' title='bbox 2448 2238 2675 2300; x_wconf 78' lang='lat' dir='ltr'><strong>excepto</strong></span> <span class='ocrx_word' id='word_1_363' title='bbox 2715 2230 2781 2286; x_wconf 90' lang='lat' dir='ltr'><strong>de</strong></span> <span class='ocrx_word' id='word_1_364' title='bbox 2821 2230 2908 2285; x_wconf 91' lang='lat' dir='ltr'><strong>his</strong></span> <span class='ocrx_word' id='word_1_365' title='bbox 2945 2245 3066 2300; x_wconf 81' lang='lat' dir='ltr'><strong>quae</strong></span> <span class='ocrx_word' id='word_1_366' title='bbox 3107 2230 3326 2299; x_wconf 87' lang='lat' dir='ltr'><strong>utrique</strong></span> <span class='ocrx_word' id='word_1_367' title='bbox 3369 2244 3480 2284; x_wconf 90' lang='lat' dir='ltr'><strong>non</strong></span> 
     </span>
    </p>
   </div>
   <div class='ocr_carea' id='block_1_51' title="bbox 1881 2322 3482 2391">
    <p class='ocr_par' dir='ltr' id='par_1_51' title="bbox 1881 2322 3482 2391">
     <span class='ocr_line' id='line_1_51' title="bbox 1881 2322 3482 2391; baseline 0.001 -15"><span class='ocrx_word' id='word_1_368' title='bbox 1881 2322 2158 2378; x_wconf 88' lang='lat' dir='ltr'><strong>valuerint</strong></span> <span class='ocrx_word' id='word_1_369' title='bbox 2197 2324 2522 2391; x_wconf 89' lang='lat' dir='ltr'><strong>accelerare,</strong></span> <span class='ocrx_word' id='word_1_370' title='bbox 2567 2331 2624 2379; x_wconf 92' lang='lat' dir='ltr'><strong>et</strong></span> <span class='ocrx_word' id='word_1_371' title='bbox 2662 2324 2719 2378; x_wconf 92' lang='lat' dir='ltr'><strong>in</strong></span> <span class='ocrx_word' id='word_1_372' title='bbox 2762 2325 2865 2379; x_wconf 87' lang='lat' dir='ltr'><strong>hoe</strong></span> <span class='ocrx_word' id='word_1_373' title='bbox 2903 2339 3044 2378; x_wconf 92' lang='lat' dir='ltr'><strong>unus</strong></span> <span class='ocrx_word' id='word_1_374' title='bbox 3072 2323 3229 2379; x_wconf 90' lang='lat' dir='ltr'><strong>alteri</strong></span> <span class='ocrx_word' id='word_1_375' title='bbox 3273 2333 3482 2378; x_wconf 86' lang='lat' dir='ltr'><strong>tantam</strong></span> 
     </span>
    </p>
   </div>
   <div class='ocr_carea' id='block_1_52' title="bbox 1881 2413 3484 2485">
    <p class='ocr_par' dir='ltr' id='par_1_52' title="bbox 1881 2413 3484 2485">
     <span class='ocr_line' id='line_1_52' title="bbox 1881 2413 3484 2485; baseline -0.001 -13"><span class='ocrx_word' id='word_1_376' title='bbox 1881 2414 2248 2472; x_wconf 82' lang='lat' dir='ltr'><strong>humilitatem</strong></span> <span class='ocrx_word' id='word_1_377' title='bbox 2274 2417 2496 2482; x_wconf 90' lang='lat' dir='ltr'><strong>habeat,</strong></span> <span class='ocrx_word' id='word_1_378' title='bbox 2523 2423 2584 2470; x_wconf 91' lang='lat' dir='ltr'><strong>ut</strong></span> <span class='ocrx_word' id='word_1_379' title='bbox 2609 2429 2886 2485; x_wconf 92' lang='lat' dir='ltr'><strong>nunquam</strong></span> <span class='ocrx_word' id='word_1_380' title='bbox 2916 2415 3097 2470; x_wconf 91' lang='lat' dir='ltr'><strong>nullus</strong></span> <span class='ocrx_word' id='word_1_381' title='bbox 3121 2414 3289 2469; x_wconf 90' lang='lat' dir='ltr'><strong>ullum</strong></span> <span class='ocrx_word' id='word_1_382' title='bbox 3312 2413 3484 2470; x_wconf 79' lang='lat' dir='ltr'><strong>offen—</strong></span> 
     </span>
    </p>
   </div>
   <div class='ocr_carea' id='block_1_53' title="bbox 1885 2507 3482 2580">
    <p class='ocr_par' dir='ltr' id='par_1_53' title="bbox 1885 2507 3482 2580">
     <span class='ocr_line' id='line_1_53' title="bbox 1885 2507 3482 2580; baseline -0.003 -13"><span class='ocrx_word' id='word_1_383' title='bbox 1885 2511 2013 2578; x_wconf 89' lang='lat' dir='ltr'><strong>dat,</strong></span> <span class='ocrx_word' id='word_1_384' title='bbox 2047 2510 2144 2567; x_wconf 92' lang='lat' dir='ltr'><strong>sed</strong></span> <span class='ocrx_word' id='word_1_385' title='bbox 2172 2526 2313 2566; x_wconf 91' lang='lat' dir='ltr'><strong>unus</strong></span> <span class='ocrx_word' id='word_1_386' title='bbox 2339 2511 2397 2565; x_wconf 93' lang='lat' dir='ltr'><strong>in</strong></span> <span class='ocrx_word' id='word_1_387' title='bbox 2427 2510 2599 2566; x_wconf 90' lang='lat' dir='ltr'><strong>altero</strong></span> <span class='ocrx_word' id='word_1_388' title='bbox 2623 2517 2884 2579; x_wconf 84' lang='lat' dir='ltr'><strong>tanquam</strong></span> <span class='ocrx_word' id='word_1_389' title='bbox 2918 2508 3164 2580; x_wconf 89' lang='lat' dir='ltr'><strong>impenso</strong></span> <span class='ocrx_word' id='word_1_390' title='bbox 3189 2507 3482 2578; x_wconf 87' lang='lat' dir='ltr'><strong>persistat,</strong></span> 
     </span>
    </p>
   </div>
   <div class='ocr_carea' id='block_1_54' title="bbox 1885 2601 3486 2671">
    <p class='ocr_par' dir='ltr' id='par_1_54' title="bbox 1885 2601 3486 2671">
     <span class='ocr_line' id='line_1_54' title="bbox 1885 2601 3486 2671; baseline -0.001 -13"><span class='ocrx_word' id='word_1_391' title='bbox 1885 2602 1942 2658; x_wconf 90' lang='lat' dir='ltr'><strong>id</strong></span> <span class='ocrx_word' id='word_1_392' title='bbox 1966 2601 2337 2671; x_wconf 83' lang='lat' dir='ltr'><strong>est,juniores</strong></span> <span class='ocrx_word' id='word_1_393' title='bbox 2359 2603 2415 2658; x_wconf 93' lang='lat' dir='ltr'><strong>in</strong></span> <span class='ocrx_word' id='word_1_394' title='bbox 2437 2601 2675 2666; x_wconf 89' lang='lat' dir='ltr'><strong>decanis,</strong></span> <span class='ocrx_word' id='word_1_395' title='bbox 2701 2601 2890 2656; x_wconf 90' lang='lat' dir='ltr'><strong>decani</strong></span> <span class='ocrx_word' id='word_1_396' title='bbox 2914 2601 2969 2654; x_wconf 90' lang='lat' dir='ltr'><strong>in</strong></span> <span class='ocrx_word' id='word_1_397' title='bbox 2994 2601 3322 2670; x_wconf 70' lang='lat' dir='ltr'><strong>praepositis,</strong></span> <span class='ocrx_word' id='word_1_398' title='bbox 3346 2615 3486 2671; x_wconf 73' lang='lat' dir='ltr'><strong>pra:-</strong></span> 
     </span>
    </p>
   </div>
   <div class='ocr_carea' id='block_1_55' title="bbox 1883 2699 3485 2773">
    <p class='ocr_par' dir='ltr' id='par_1_55' title="bbox 1883 2699 3485 2773">
     <span class='ocr_line' id='line_1_55' title="bbox 1883 2699 3485 2773; baseline -0.001 -17"><span class='ocrx_word' id='word_1_399' title='bbox 1883 2702 2048 2773; x_wconf 87' lang='lat' dir='ltr'><strong>positi</strong></span> <span class='ocrx_word' id='word_1_400' title='bbox 2079 2702 2137 2757; x_wconf 90' lang='lat' dir='ltr'><strong>in</strong></span> <span class='ocrx_word' id='word_1_401' title='bbox 2170 2701 2478 2768; x_wconf 90' lang='lat' dir='ltr'><strong>abbatibus,</strong></span> <span class='ocrx_word' id='word_1_402' title='bbox 2506 2716 2647 2756; x_wconf 91' lang='lat' dir='ltr'><strong>unus</strong></span> <span class='ocrx_word' id='word_1_403' title='bbox 2677 2699 2839 2756; x_wconf 88' lang='lat' dir='ltr'><strong>alium</strong></span> <span class='ocrx_word' id='word_1_404' title='bbox 2867 2706 3114 2769; x_wconf 88' lang='lat' dir='ltr'><strong>portans,</strong></span> <span class='ocrx_word' id='word_1_405' title='bbox 3144 2709 3404 2771; x_wconf 90' lang='lat' dir='ltr'><strong>tanquam</strong></span> <span class='ocrx_word' id='word_1_406' title='bbox 3430 2700 3485 2754; x_wconf 93' lang='lat' dir='ltr'><strong>in</strong></span> 
     </span>
    </p>
   </div>
   <div class='ocr_carea' id='block_1_56' title="bbox 1886 2791 3486 2864">
    <p class='ocr_par' dir='ltr' id='par_1_56' title="bbox 1886 2791 3486 2864">
     <span class='ocr_line' id='line_1_56' title="bbox 1886 2791 3486 2864; baseline 0 -15"><span class='ocrx_word' id='word_1_407' title='bbox 1886 2809 2046 2849; x_wconf 89' lang='lat' dir='ltr'><strong>muro</strong></span> <span class='ocrx_word' id='word_1_408' title='bbox 2082 2794 2288 2864; x_wconf 89' lang='lat' dir='ltr'><strong>lapides</strong></span> <span class='ocrx_word' id='word_1_409' title='bbox 2313 2794 2594 2864; x_wconf 90' lang='lat' dir='ltr'><strong>quadrati,</strong></span> <span class='ocrx_word' id='word_1_410' title='bbox 2621 2791 2881 2862; x_wconf 84' lang='lat' dir='ltr'><strong>Apostolo</strong></span> <span class='ocrx_word' id='word_1_411' title='bbox 2911 2800 3204 2848; x_wconf 90' lang='lat' dir='ltr'><strong>attestante</strong></span> <span class='ocrx_word' id='word_1_412' title='bbox 3228 2793 3372 2848; x_wconf 91' lang='lat' dir='ltr'><strong>sicut</strong></span> <span class='ocrx_word' id='word_1_413' title='bbox 3398 2808 3486 2849; x_wconf 83' lang='lat' dir='ltr'><strong>su-</strong></span> 
     </span>
    </p>
   </div>
   <div class='ocr_carea' id='block_1_57' title="bbox 1885 2884 3487 2960">
    <p class='ocr_par' dir='ltr' id='par_1_57' title="bbox 1885 2884 3487 2960">
     <span class='ocr_line' id='line_1_57' title="bbox 1885 2884 3487 2960; baseline -0.002 -18"><span class='ocrx_word' id='word_1_414' title='bbox 1885 2901 1986 2960; x_wconf 89' lang='lat' dir='ltr'><strong>pra</strong></span> <span class='ocrx_word' id='word_1_415' title='bbox 2015 2905 2028 2938; x_wconf 88' lang='lat'>:</span> <span class='ocrx_word' id='word_1_416' title='bbox 2059 2886 2214 2943; x_wconf 88' lang='lat' dir='ltr'><strong>Unus</strong></span> <span class='ocrx_word' id='word_1_417' title='bbox 2242 2886 2468 2941; x_wconf 89' lang='lat' dir='ltr'><strong>alterius</strong></span> <span class='ocrx_word' id='word_1_418' title='bbox 2491 2901 2658 2942; x_wconf 88' lang='lat' dir='ltr'><strong>onera</strong></span> <span class='ocrx_word' id='word_1_419' title='bbox 2682 2892 2985 2956; x_wconf 86' lang='lat' dir='ltr'><strong>portantes,</strong></span> <span class='ocrx_word' id='word_1_420' title='bbox 3017 2885 3098 2940; x_wconf 90' lang='lat' dir='ltr'><strong>sic</strong></span> <span class='ocrx_word' id='word_1_421' title='bbox 3122 2884 3487 2954; x_wconf 88' lang='lat' dir='ltr'><strong>adimplebitis</strong></span> 
     </span>
    </p>
   </div>
   <div class='ocr_carea' id='block_1_58' title="bbox 1889 2974 2654 3052">
    <p class='ocr_par' dir='ltr' id='par_1_58' title="bbox 1889 2974 2654 3052">
     <span class='ocr_line' id='line_1_58' title="bbox 1889 2974 2654 3052; baseline -0.001 -20"><span class='ocrx_word' id='word_1_422' title='bbox 1889 2979 2062 3052; x_wconf 86' lang='lat' dir='ltr'><strong>legem</strong></span> <span class='ocrx_word' id='word_1_423' title='bbox 2091 2977 2295 3034; x_wconf 87' lang='lat' dir='ltr'><strong>Christi</strong></span> <span class='ocrx_word' id='word_1_424' title='bbox 2325 2974 2467 3048; x_wconf 88' lang='lat' dir='ltr'><strong>(Gal.</strong></span> <span class='ocrx_word' id='word_1_425' title='bbox 2495 2976 2596 3048; x_wconf 82' lang='lat' dir='ltr'><strong>v1).</strong></span> <span class='ocrx_word' id='word_1_426' title='bbox 2651 3047 2654 3050; x_wconf 25' lang='grc' dir='ltr'><strong><em>π</em></strong></span> 
     </span>
    </p>
   </div>
   <div class='ocr_carea' id='block_1_59' title="bbox 1964 3064 3486 3139">
    <p class='ocr_par' dir='ltr' id='par_1_59' title="bbox 1964 3064 3486 3139">
     <span class='ocr_line' id='line_1_59' title="bbox 1964 3064 3486 3139; baseline -0.003 -17"><span class='ocrx_word' id='word_1_427' title='bbox 1964 3067 2168 3139; x_wconf 86' lang='lat' dir='ltr'><strong>Quique</strong></span> <span class='ocrx_word' id='word_1_428' title='bbox 2192 3067 2377 3122; x_wconf 87' lang='lat' dir='ltr'><strong>decani</strong></span> <span class='ocrx_word' id='word_1_429' title='bbox 2403 3068 2448 3121; x_wconf 90' lang='lat' dir='ltr'><strong>si</strong></span> <span class='ocrx_word' id='word_1_430' title='bbox 2477 3083 2542 3122; x_wconf 66' lang='grc' dir='ltr'><strong>επ</strong></span> <span class='ocrx_word' id='word_1_431' title='bbox 2565 3067 2639 3121; x_wconf 86' lang='lat' dir='ltr'><strong>eis</strong></span> <span class='ocrx_word' id='word_1_432' title='bbox 2672 3064 2854 3139; x_wconf 85' lang='lat' dir='ltr'><strong>aliqua</strong></span> <span class='ocrx_word' id='word_1_433' title='bbox 2890 3065 3025 3135; x_wconf 81' lang='lat' dir='ltr'><strong>forte</strong></span> <span class='ocrx_word' id='word_1_434' title='bbox 3061 3066 3278 3136; x_wconf 84' lang='lat' dir='ltr'><strong>inﬂatus</strong></span> <span class='ocrx_word' id='word_1_435' title='bbox 3301 3081 3486 3136; x_wconf 88' lang='lat' dir='ltr'><strong>super-</strong></span> 
     </span>
    </p>
   </div>
   <div class='ocr_carea' id='block_1_60' title="bbox 1893 3157 3489 3231">
    <p class='ocr_par' dir='ltr' id='par_1_60' title="bbox 1893 3157 3489 3231">
     <span class='ocr_line' id='line_1_60' title="bbox 1893 3157 3489 3231; baseline -0.003 -16"><span class='ocrx_word' id='word_1_436' title='bbox 1893 3161 1979 3215; x_wconf 89' lang='lat' dir='ltr'><strong>bia</strong></span> <span class='ocrx_word' id='word_1_437' title='bbox 2010 3169 2245 3231; x_wconf 88' lang='lat' dir='ltr'><strong>repertus</strong></span> <span class='ocrx_word' id='word_1_438' title='bbox 2276 3161 2437 3230; x_wconf 80' lang='lat' dir='ltr'><strong>fuerit</strong></span> <span class='ocrx_word' id='word_1_439' title='bbox 2471 3158 2914 3231; x_wconf 82' lang='lat' dir='ltr'><strong>reprehensibilis,</strong></span> <span class='ocrx_word' id='word_1_440' title='bbox 2943 3169 3210 3229; x_wconf 88' lang='lat' dir='ltr'><strong>correptus</strong></span> <span class='ocrx_word' id='word_1_441' title='bbox 3235 3157 3416 3223; x_wconf 85' lang='lat' dir='ltr'><strong>semel,</strong></span> <span class='ocrx_word' id='word_1_442' title='bbox 3441 3166 3489 3212; x_wconf 87' lang='lat' dir='ltr'><strong>et</strong></span> 
     </span>
    </p>
   </div>
   <div class='ocr_carea' id='block_1_61' title="bbox 1890 3248 3490 3318">
    <p class='ocr_par' dir='ltr' id='par_1_61' title="bbox 1890 3248 3490 3318">
     <span class='ocr_line' id='line_1_61' title="bbox 1890 3248 3490 3318; baseline -0.003 -13"><span class='ocrx_word' id='word_1_443' title='bbox 1890 3253 2106 3315; x_wconf 83' lang='lat' dir='ltr'><strong>iterum,</strong></span> <span class='ocrx_word' id='word_1_444' title='bbox 2149 3260 2197 3305; x_wconf 92' lang='lat' dir='ltr'><strong>et</strong></span> <span class='ocrx_word' id='word_1_445' title='bbox 2228 3251 2401 3316; x_wconf 87' lang='lat' dir='ltr'><strong>tertio,</strong></span> <span class='ocrx_word' id='word_1_446' title='bbox 2433 3251 2479 3304; x_wconf 87' lang='lat' dir='ltr'><strong>si</strong></span> <span class='ocrx_word' id='word_1_447' title='bbox 2505 3249 2785 3304; x_wconf 89' lang='lat' dir='ltr'><strong>emendare</strong></span> <span class='ocrx_word' id='word_1_448' title='bbox 2811 3248 3060 3313; x_wconf 86' lang='lat' dir='ltr'><strong>noluerit,</strong></span> <span class='ocrx_word' id='word_1_449' title='bbox 3095 3248 3412 3318; x_wconf 82' lang='lat' dir='ltr'><strong>dejiciatur;</strong></span> <span class='ocrx_word' id='word_1_450' title='bbox 3442 3255 3490 3301; x_wconf 91' lang='lat' dir='ltr'><strong>et</strong></span> 
     </span>
    </p>
   </div>
   <div class='ocr_carea' id='block_1_62' title="bbox 197 3337 3492 3411">
    <p class='ocr_par' dir='ltr' id='par_1_62' title="bbox 197 3337 3492 3411">
     <span class='ocr_line' id='line_1_62' title="bbox 197 3337 3492 3411; baseline -0.002 -13"><span class='ocrx_word' id='word_1_451' title='bbox 197 3343 335 3399; x_wconf 79' lang='lat' dir='ltr'><strong>Nam</strong></span> <span class='ocrx_word' id='word_1_452' title='bbox 363 3345 563 3400; x_wconf 87' lang='lat' dir='ltr'><strong>subditi</strong></span> <span class='ocrx_word' id='word_1_453' title='bbox 596 3345 835 3410; x_wconf 84' lang='lat' dir='ltr'><strong>decanis,</strong></span> <span class='ocrx_word' id='word_1_454' title='bbox 865 3351 919 3399; x_wconf 89' lang='lat' dir='ltr'><strong>et</strong></span> <span class='ocrx_word' id='word_1_455' title='bbox 952 3344 1140 3400; x_wconf 89' lang='lat' dir='ltr'><strong>decani</strong></span> <span class='ocrx_word' id='word_1_456' title='bbox 1175 3342 1374 3398; x_wconf 89' lang='lat' dir='ltr'><strong>debent</strong></span> <span class='ocrx_word' id='word_1_457' title='bbox 1404 3339 1627 3396; x_wconf 90' lang='lat' dir='ltr'><strong>obedire</strong></span> <span class='ocrx_word' id='word_1_458' title='bbox 1651 3355 1790 3410; x_wconf 75' lang='lat' dir='ltr'><strong>prze-</strong></span> <span class='ocrx_word' id='word_1_459' title='bbox 1818 3346 1864 3408; x_wconf 73' lang='grc' dir='ltr'>ο</span> <span class='ocrx_word' id='word_1_460' title='bbox 1896 3341 2031 3395; x_wconf 88' lang='lat' dir='ltr'><strong>alter</strong></span> <span class='ocrx_word' id='word_1_461' title='bbox 2057 3341 2114 3394; x_wconf 89' lang='lat' dir='ltr'><strong>in</strong></span> <span class='ocrx_word' id='word_1_462' title='bbox 2153 3339 2266 3394; x_wconf 90' lang='lat' dir='ltr'><strong>loco</strong></span> <span class='ocrx_word' id='word_1_463' title='bbox 2295 3341 2432 3410; x_wconf 88' lang='lat' dir='ltr'><strong>ejus,</strong></span> <span class='ocrx_word' id='word_1_464' title='bbox 2463 3341 2554 3411; x_wconf 89' lang='lat' dir='ltr'><strong>qui</strong></span> <span class='ocrx_word' id='word_1_465' title='bbox 2591 3339 2782 3410; x_wconf 88' lang='lat' dir='ltr'><strong>dignus</strong></span> <span class='ocrx_word' id='word_1_466' title='bbox 2814 3349 2891 3394; x_wconf 87' lang='lat' dir='ltr'><strong>est</strong></span> <span class='ocrx_word' id='word_1_467' title='bbox 2911 3379 2926 3405; x_wconf 95' lang='lat'><strong>,</strong></span> <span class='ocrx_word' id='word_1_468' title='bbox 2957 3338 3285 3408; x_wconf 86' lang='lat' dir='ltr'><strong>subrogetur.</strong></span> <span class='ocrx_word' id='word_1_469' title='bbox 3329 3337 3400 3391; x_wconf 89' lang='lat' dir='ltr'><strong>Et</strong></span> <span class='ocrx_word' id='word_1_470' title='bbox 3427 3337 3492 3392; x_wconf 90' lang='lat' dir='ltr'><strong>de</strong></span> 
     </span>
    </p>
   </div>
   <div class='ocr_carea' id='block_1_63' title="bbox 195 3431 1794 3506">
    <p class='ocr_par' dir='ltr' id='par_1_63' title="bbox 195 3431 1794 3506">
     <span class='ocr_line' id='line_1_63' title="bbox 195 3431 1794 3506; baseline -0.004 -16"><span class='ocrx_word' id='word_1_471' title='bbox 195 3435 414 3506; x_wconf 88' lang='lat' dir='ltr'><strong>positis,</strong></span> <span class='ocrx_word' id='word_1_472' title='bbox 457 3443 513 3491; x_wconf 90' lang='lat' dir='ltr'><strong>et</strong></span> <span class='ocrx_word' id='word_1_473' title='bbox 557 3435 736 3491; x_wconf 90' lang='lat' dir='ltr'><strong>omnis</strong></span> <span class='ocrx_word' id='word_1_474' title='bbox 781 3435 943 3490; x_wconf 91' lang='lat' dir='ltr'><strong>simul</strong></span> <span class='ocrx_word' id='word_1_475' title='bbox 988 3433 1333 3506; x_wconf 84' lang='lat' dir='ltr'><strong>congregatio</strong></span> <span class='ocrx_word' id='word_1_476' title='bbox 1373 3431 1586 3487; x_wconf 87' lang='lat' dir='ltr'><strong>abbatis</strong></span> <span class='ocrx_word' id='word_1_477' title='bbox 1633 3431 1794 3486; x_wconf 91' lang='lat' dir='ltr'><strong>debet</strong></span> 
     </span>
    </p>
   </div>
   <div class='ocr_carea' id='block_1_64' title="bbox 195 3523 1792 3598">
    <p class='ocr_par' dir='ltr' id='par_1_64' title="bbox 195 3523 1792 3598">
     <span class='ocr_line' id='line_1_64' title="bbox 195 3523 1792 3598; baseline -0.003 -17"><span class='ocrx_word' id='word_1_478' title='bbox 195 3527 578 3596; x_wconf 88' lang='lat' dir='ltr'><strong>obtemperare</strong></span> <span class='ocrx_word' id='word_1_479' title='bbox 606 3527 916 3598; x_wconf 66' lang='lat' dir='ltr'><strong>praeceptis.</strong></span> <span class='ocrx_word' id='word_1_480' title='bbox 948 3527 1150 3582; x_wconf 91' lang='lat' dir='ltr'><strong>Decani</strong></span> <span class='ocrx_word' id='word_1_481' title='bbox 1189 3527 1336 3582; x_wconf 91' lang='lat' dir='ltr'><strong>enim</strong></span> <span class='ocrx_word' id='word_1_482' title='bbox 1373 3525 1526 3596; x_wconf 90' lang='lat' dir='ltr'><strong>prius</strong></span> <span class='ocrx_word' id='word_1_483' title='bbox 1562 3523 1693 3579; x_wconf 91' lang='lat' dir='ltr'><strong>dicti</strong></span> <span class='ocrx_word' id='word_1_484' title='bbox 1727 3523 1792 3578; x_wconf 93' lang='lat' dir='ltr'><strong>ab</strong></span> 
     </span>
    </p>
   </div>
   <div class='ocr_carea' id='block_1_65' title="bbox 197 3613 1793 3687">
    <p class='ocr_par' dir='ltr' id='par_1_65' title="bbox 197 3613 1793 3687">
     <span class='ocr_line' id='line_1_65' title="bbox 197 3613 1793 3687; baseline -0.001 -18"><span class='ocrx_word' id='word_1_485' title='bbox 197 3631 264 3670; x_wconf 88' lang='lat' dir='ltr'><strong>eo</strong></span> <span class='ocrx_word' id='word_1_486' title='bbox 295 3617 436 3684; x_wconf 92' lang='lat' dir='ltr'><strong>quod</strong></span> <span class='ocrx_word' id='word_1_487' title='bbox 465 3617 651 3671; x_wconf 83' lang='lat' dir='ltr'><strong>decem</strong></span> <span class='ocrx_word' id='word_1_488' title='bbox 677 3617 940 3672; x_wconf 90' lang='lat' dir='ltr'><strong>militibus</strong></span> <span class='ocrx_word' id='word_1_489' title='bbox 963 3616 1379 3687; x_wconf 60' lang='lat' dir='ltr'><strong>praeferrentur;</strong></span> <span class='ocrx_word' id='word_1_490' title='bbox 1425 3613 1586 3671; x_wconf 91' lang='lat' dir='ltr'><strong>modo</strong></span> <span class='ocrx_word' id='word_1_491' title='bbox 1611 3621 1793 3669; x_wconf 89' lang='lat' dir='ltr'><strong>autem</strong></span> 
     </span>
    </p>
   </div>
   <div class='ocr_carea' id='block_1_66' title="bbox 197 3705 1793 3779">
    <p class='ocr_par' dir='ltr' id='par_1_66' title="bbox 197 3705 1793 3779">
     <span class='ocr_line' id='line_1_66' title="bbox 197 3705 1793 3779; baseline -0.002 -17"><span class='ocrx_word' id='word_1_492' title='bbox 197 3717 254 3762; x_wconf 89' lang='lat' dir='ltr'><strong>et</strong></span> <span class='ocrx_word' id='word_1_493' title='bbox 289 3707 381 3777; x_wconf 90' lang='lat' dir='ltr'><strong>qui</strong></span> <span class='ocrx_word' id='word_1_494' title='bbox 412 3707 631 3774; x_wconf 89' lang='lat' dir='ltr'><strong>decem,</strong></span> <span class='ocrx_word' id='word_1_495' title='bbox 671 3717 725 3764; x_wconf 91' lang='lat' dir='ltr'><strong>et</strong></span> <span class='ocrx_word' id='word_1_496' title='bbox 765 3709 857 3778; x_wconf 86' lang='lat' dir='ltr'><strong>qui</strong></span> <span class='ocrx_word' id='word_1_497' title='bbox 893 3708 1140 3778; x_wconf 90' lang='lat' dir='ltr'><strong>pluribus</strong></span> <span class='ocrx_word' id='word_1_498' title='bbox 1174 3707 1556 3779; x_wconf 65' lang='lat' dir='ltr'><strong>praeferuntur,</strong></span> <span class='ocrx_word' id='word_1_499' title='bbox 1599 3705 1793 3761; x_wconf 85' lang='lat' dir='ltr'><strong>decani</strong></span> 
     </span>
    </p>
   </div>
   <div class='ocr_carea' id='block_1_67' title="bbox 196 3798 1793 3856">
    <p class='ocr_par' dir='ltr' id='par_1_67' title="bbox 196 3798 1793 3856">
     <span class='ocr_line' id='line_1_67' title="bbox 196 3798 1793 3856; baseline 0.002 -7"><span class='ocrx_word' id='word_1_500' title='bbox 196 3804 482 3851; x_wconf 89' lang='lat' dir='ltr'><strong>vocantur.</strong></span> <span class='ocrx_word' id='word_1_501' title='bbox 517 3799 717 3853; x_wconf 89' lang='lat' dir='ltr'><strong>Decani</strong></span> <span class='ocrx_word' id='word_1_502' title='bbox 755 3807 935 3854; x_wconf 89' lang='lat' dir='ltr'><strong>autem</strong></span> <span class='ocrx_word' id='word_1_503' title='bbox 975 3799 1280 3856; x_wconf 90' lang='lat' dir='ltr'><strong>sollicitudo</strong></span> <span class='ocrx_word' id='word_1_504' title='bbox 1314 3808 1372 3854; x_wconf 90' lang='lat' dir='ltr'><strong>et</strong></span> <span class='ocrx_word' id='word_1_505' title='bbox 1409 3798 1644 3855; x_wconf 88' lang='lat' dir='ltr'><strong>eruditio</strong></span> <span class='ocrx_word' id='word_1_506' title='bbox 1676 3799 1793 3852; x_wconf 67' lang='lat' dir='ltr'><strong>haec</strong></span> 
     </span>
    </p>
   </div>
   <div class='ocr_carea' id='block_1_68' title="bbox 197 3888 1792 3962">
    <p class='ocr_par' dir='ltr' id='par_1_68' title="bbox 197 3888 1792 3962">
     <span class='ocr_line' id='line_1_68' title="bbox 197 3888 1792 3962; baseline 0 -20"><span class='ocrx_word' id='word_1_507' title='bbox 197 3888 308 3942; x_wconf 90' lang='lat' dir='ltr'><strong>erit</strong></span> <span class='ocrx_word' id='word_1_508' title='bbox 330 3903 459 3958; x_wconf 88' lang='lat' dir='ltr'><strong>erga</strong></span> <span class='ocrx_word' id='word_1_509' title='bbox 483 3904 857 3961; x_wconf 89' lang='lat' dir='ltr'><strong>quemcunque</strong></span> <span class='ocrx_word' id='word_1_510' title='bbox 889 3906 1050 3962; x_wconf 91' lang='lat' dir='ltr'><strong>quem</strong></span> <span class='ocrx_word' id='word_1_511' title='bbox 1075 3891 1178 3946; x_wconf 91' lang='lat' dir='ltr'><strong>sibi</strong></span> <span class='ocrx_word' id='word_1_512' title='bbox 1210 3891 1279 3946; x_wconf 89' lang='lat' dir='ltr'><strong>ab</strong></span> <span class='ocrx_word' id='word_1_513' title='bbox 1308 3891 1504 3946; x_wconf 88' lang='lat' dir='ltr'><strong>abbate</strong></span> <span class='ocrx_word' id='word_1_514' title='bbox 1529 3888 1792 3944; x_wconf 89' lang='lat' dir='ltr'><strong>traditum</strong></span> 
     </span>
    </p>
   </div>
   <div class='ocr_carea' id='block_1_69' title="bbox 197 3980 1792 4052">
    <p class='ocr_par' dir='ltr' id='par_1_69' title="bbox 197 3980 1792 4052">
     <span class='ocr_line' id='line_1_69' title="bbox 197 3980 1792 4052; baseline 0.003 -20"><span class='ocrx_word' id='word_1_515' title='bbox 197 3980 534 4048; x_wconf 83' lang='lat' dir='ltr'><strong>susceperit,</strong></span> <span class='ocrx_word' id='word_1_516' title='bbox 560 3989 620 4034; x_wconf 91' lang='lat' dir='ltr'><strong>ut</strong></span> <span class='ocrx_word' id='word_1_517' title='bbox 646 3982 836 4036; x_wconf 86' lang='lat' dir='ltr'><strong>doceat</strong></span> <span class='ocrx_word' id='word_1_518' title='bbox 861 3998 986 4037; x_wconf 90' lang='lat' dir='ltr'><strong>eum</strong></span> <span class='ocrx_word' id='word_1_519' title='bbox 1009 3983 1264 4052; x_wconf 88' lang='lat' dir='ltr'><strong>primitus</strong></span> <span class='ocrx_word' id='word_1_520' title='bbox 1296 3998 1421 4037; x_wconf 88' lang='lat' dir='ltr'><strong>suas</strong></span> <span class='ocrx_word' id='word_1_521' title='bbox 1445 3982 1662 4037; x_wconf 90' lang='lat' dir='ltr'><strong>vincere</strong></span> <span class='ocrx_word' id='word_1_522' title='bbox 1691 3995 1792 4036; x_wconf 82' lang='lat' dir='ltr'><strong>vo-</strong></span> 
     </span>
    </p>
   </div>
   <div class='ocr_carea' id='block_1_70' title="bbox 195 4069 1793 4143">
    <p class='ocr_par' dir='ltr' id='par_1_70' title="bbox 195 4069 1793 4143">
     <span class='ocr_line' id='line_1_70' title="bbox 195 4069 1793 4143; baseline 0.001 -20"><span class='ocrx_word' id='word_1_523' title='bbox 195 4069 457 4137; x_wconf 88' lang='lat' dir='ltr'><strong>luntates,</strong></span> <span class='ocrx_word' id='word_1_524' title='bbox 481 4073 535 4126; x_wconf 94' lang='lat' dir='ltr'><strong>in</strong></span> <span class='ocrx_word' id='word_1_525' title='bbox 577 4073 774 4143; x_wconf 91' lang='lat' dir='ltr'><strong>quibus</strong></span> <span class='ocrx_word' id='word_1_526' title='bbox 812 4088 935 4128; x_wconf 90' lang='lat' dir='ltr'><strong>eum</strong></span> <span class='ocrx_word' id='word_1_527' title='bbox 974 4073 1261 4143; x_wconf 87' lang='lat' dir='ltr'><strong>diligenter</strong></span> <span class='ocrx_word' id='word_1_528' title='bbox 1301 4088 1581 4137; x_wconf 79' lang='lat' dir='ltr'><strong>exercens,</strong></span> <span class='ocrx_word' id='word_1_529' title='bbox 1624 4073 1713 4126; x_wconf 91' lang='lat' dir='ltr'><strong>illa</strong></span> <span class='ocrx_word' id='word_1_530' title='bbox 1741 4071 1793 4125; x_wconf 90' lang='lat' dir='ltr'><strong>ei</strong></span> 
     </span>
    </p>
   </div>
   <div class='ocr_carea' id='block_1_71' title="bbox 197 4157 1793 4228">
    <p class='ocr_par' dir='ltr' id='par_1_71' title="bbox 197 4157 1793 4228">
     <span class='ocr_line' id='line_1_71' title="bbox 197 4157 1793 4228; baseline 0 -17"><span class='ocrx_word' id='word_1_531' title='bbox 197 4171 418 4226; x_wconf 88' lang='lat' dir='ltr'><strong>semper</strong></span> <span class='ocrx_word' id='word_1_532' title='bbox 440 4158 504 4212; x_wconf 92' lang='lat' dir='ltr'><strong>de</strong></span> <span class='ocrx_word' id='word_1_533' title='bbox 528 4157 796 4212; x_wconf 88' lang='lat' dir='ltr'><strong>industria</strong></span> <span class='ocrx_word' id='word_1_534' title='bbox 819 4159 1049 4228; x_wconf 88' lang='lat' dir='ltr'><strong>imperet</strong></span> <span class='ocrx_word' id='word_1_535' title='bbox 1069 4174 1189 4227; x_wconf 75' lang='lat' dir='ltr'><strong>qua:</strong></span> <span class='ocrx_word' id='word_1_536' title='bbox 1216 4159 1450 4213; x_wconf 91' lang='lat' dir='ltr'><strong>senserit</strong></span> <span class='ocrx_word' id='word_1_537' title='bbox 1475 4159 1656 4212; x_wconf 90' lang='lat' dir='ltr'><strong>animo</strong></span> <span class='ocrx_word' id='word_1_538' title='bbox 1676 4158 1793 4227; x_wconf 86' lang='lat' dir='ltr'><strong>ejus</strong></span> 
     </span>
    </p>
   </div>
   <div class='ocr_carea' id='block_1_72' title="bbox 195 4249 1794 4319">
    <p class='ocr_par' dir='ltr' id='par_1_72' title="bbox 195 4249 1794 4319">
     <span class='ocr_line' id='line_1_72' title="bbox 195 4249 1794 4319; baseline 0.001 -18"><span class='ocrx_word' id='word_1_539' title='bbox 195 4260 328 4302; x_wconf 90' lang='lat' dir='ltr'><strong>esse</strong></span> <span class='ocrx_word' id='word_1_540' title='bbox 372 4249 664 4303; x_wconf 88' lang='lat' dir='ltr'><strong>contraria.</strong></span> <span class='ocrx_word' id='word_1_541' title='bbox 715 4249 853 4315; x_wconf 88' lang='lat' dir='ltr'><strong>Quia</strong></span> <span class='ocrx_word' id='word_1_542' title='bbox 900 4251 1085 4304; x_wconf 89' lang='lat' dir='ltr'><strong>multis</strong></span> <span class='ocrx_word' id='word_1_543' title='bbox 1126 4251 1232 4304; x_wconf 91' lang='lat' dir='ltr'><strong>hoc</strong></span> <span class='ocrx_word' id='word_1_544' title='bbox 1273 4249 1660 4319; x_wconf 79' lang='lat' dir='ltr'><strong>experimentis</strong></span> <span class='ocrx_word' id='word_1_545' title='bbox 1698 4249 1794 4302; x_wconf 94' lang='lat' dir='ltr'><strong>do-</strong></span> 
     </span>
    </p>
   </div>
   <div class='ocr_carea' id='block_1_73' title="bbox 195 4341 1794 4411">
    <p class='ocr_par' dir='ltr' id='par_1_73' title="bbox 195 4341 1794 4411">
     <span class='ocr_line' id='line_1_73' title="bbox 195 4341 1794 4411; baseline 0.001 -17"><span class='ocrx_word' id='word_1_546' title='bbox 195 4347 350 4394; x_wconf 92' lang='lat' dir='ltr'><strong>ctum</strong></span> <span class='ocrx_word' id='word_1_547' title='bbox 389 4348 472 4394; x_wconf 92' lang='lat' dir='ltr'><strong>est</strong></span> <span class='ocrx_word' id='word_1_548' title='bbox 489 4381 504 4406; x_wconf 91' lang='lat'><strong>,</strong></span> <span class='ocrx_word' id='word_1_549' title='bbox 542 4356 816 4410; x_wconf 89' lang='lat' dir='ltr'><strong>nunquam</strong></span> <span class='ocrx_word' id='word_1_550' title='bbox 841 4356 1002 4411; x_wconf 87' lang='lat' dir='ltr'><strong>posse</strong></span> <span class='ocrx_word' id='word_1_551' title='bbox 1032 4342 1360 4396; x_wconf 90' lang='lat' dir='ltr'><strong>monachum</strong></span> <span class='ocrx_word' id='word_1_552' title='bbox 1386 4357 1512 4397; x_wconf 91' lang='lat' dir='ltr'><strong>suas</strong></span> <span class='ocrx_word' id='word_1_553' title='bbox 1537 4341 1794 4410; x_wconf 88' lang='lat' dir='ltr'><strong>concupi-</strong></span> 
     </span>
    </p>
   </div>
   <div class='ocr_carea' id='block_1_74' title="bbox 194 4432 1793 4504">
    <p class='ocr_par' dir='ltr' id='par_1_74' title="bbox 194 4432 1793 4504">
     <span class='ocr_line' id='line_1_74' title="bbox 194 4432 1793 4504; baseline 0.003 -19"><span class='ocrx_word' id='word_1_554' title='bbox 194 4432 438 4486; x_wconf 86' lang='lat' dir='ltr'><strong>scentias</strong></span> <span class='ocrx_word' id='word_1_555' title='bbox 468 4432 765 4499; x_wconf 87' lang='lat' dir='ltr'><strong>refrenare,</strong></span> <span class='ocrx_word' id='word_1_556' title='bbox 791 4435 892 4488; x_wconf 91' lang='lat' dir='ltr'><strong>nisi</strong></span> <span class='ocrx_word' id='word_1_557' title='bbox 923 4435 1073 4504; x_wconf 88' lang='lat' dir='ltr'><strong>prius</strong></span> <span class='ocrx_word' id='word_1_558' title='bbox 1093 4450 1193 4504; x_wconf 91' lang='lat' dir='ltr'><strong>per</strong></span> <span class='ocrx_word' id='word_1_559' title='bbox 1216 4434 1580 4489; x_wconf 88' lang='lat' dir='ltr'><strong>obedientiam</strong></span> <span class='ocrx_word' id='word_1_560' title='bbox 1603 4435 1793 4489; x_wconf 86' lang='lat' dir='ltr'><strong>morti-</strong></span> 
     </span>
    </p>
   </div>
   <div class='ocr_carea' id='block_1_75' title="bbox 193 4520 1793 4594">
    <p class='ocr_par' dir='ltr' id='par_1_75' title="bbox 193 4520 1793 4594">
     <span class='ocr_line' id='line_1_75' title="bbox 193 4520 1793 4594; baseline 0.003 -20"><span class='ocrx_word' id='word_1_561' title='bbox 193 4520 367 4576; x_wconf 82' lang='lat' dir='ltr'><strong>ficare</strong></span> <span class='ocrx_word' id='word_1_562' title='bbox 392 4537 518 4576; x_wconf 90' lang='lat' dir='ltr'><strong>suas</strong></span> <span class='ocrx_word' id='word_1_563' title='bbox 541 4523 792 4577; x_wconf 89' lang='lat' dir='ltr'><strong>didicerit</strong></span> <span class='ocrx_word' id='word_1_564' title='bbox 811 4523 1137 4587; x_wconf 85' lang='lat' dir='ltr'><strong>voluntates,</strong></span> <span class='ocrx_word' id='word_1_565' title='bbox 1166 4539 1268 4578; x_wconf 90' lang='lat' dir='ltr'><strong>nec</strong></span> <span class='ocrx_word' id='word_1_566' title='bbox 1293 4523 1492 4594; x_wconf 89' lang='lat' dir='ltr'><strong>poterit</strong></span> <span class='ocrx_word' id='word_1_567' title='bbox 1514 4525 1672 4589; x_wconf 88' lang='lat' dir='ltr'><strong>iram,</strong></span> <span class='ocrx_word' id='word_1_568' title='bbox 1699 4531 1793 4580; x_wconf 92' lang='lat' dir='ltr'><strong>aut</strong></span> 
     </span>
    </p>
   </div>
   <div class='ocr_carea' id='block_1_76' title="bbox 194 4613 1794 4697">
    <p class='ocr_par' dir='ltr' id='par_1_76' title="bbox 194 4613 1794 4697">
     <span class='ocr_line' id='line_1_76' title="bbox 194 4613 1794 4697; baseline 0.004 -31"><span class='ocrx_word' id='word_1_569' title='bbox 194 4613 501 4676; x_wconf 89' lang='lat' dir='ltr'><strong>tristitiam,</strong></span> <span class='ocrx_word' id='word_1_570' title='bbox 525 4623 617 4667; x_wconf 90' lang='lat' dir='ltr'><strong>aut</strong></span> <span class='ocrx_word' id='word_1_571' title='bbox 636 4615 885 4683; x_wconf 89' lang='lat' dir='ltr'><strong>spiritum</strong></span> <span class='ocrx_word' id='word_1_572' title='bbox 905 4615 1281 4672; x_wconf 86' lang='lat' dir='ltr'><strong>fornicationis</strong></span> <span class='ocrx_word' id='word_1_573' title='bbox 1299 4617 1666 4697; x_wconf 78' lang='lat' dir='ltr'><strong>exstinguere,</strong></span> <span class='ocrx_word' id='word_1_574' title='bbox 1691 4632 1794 4673; x_wconf 90' lang='lat' dir='ltr'><strong>nec</strong></span> 
     </span>
    </p>
   </div>
   <div class='ocr_carea' id='block_1_77' title="bbox 1893 3429 3492 3505">
    <p class='ocr_par' dir='ltr' id='par_1_77' title="bbox 1893 3429 3492 3505">
     <span class='ocr_line' id='line_1_77' title="bbox 1893 3429 3492 3505; baseline -0.001 -17"><span class='ocrx_word' id='word_1_575' title='bbox 1893 3435 2174 3505; x_wconf 74' lang='lat' dir='ltr'><strong>prwposito</strong></span> <span class='ocrx_word' id='word_1_576' title='bbox 2195 3433 2376 3488; x_wconf 87' lang='lat' dir='ltr'><strong>eadem</strong></span> <span class='ocrx_word' id='word_1_577' title='bbox 2399 3433 2784 3487; x_wconf 84' lang='lat' dir='ltr'><strong>constituimus.</strong></span> <span class='ocrx_word' id='word_1_578' title='bbox 2811 3431 2930 3486; x_wconf 83' lang='lat' dir='ltr'><strong>Non</strong></span> <span class='ocrx_word' id='word_1_579' title='bbox 2959 3432 3106 3486; x_wconf 89' lang='lat' dir='ltr'><strong>enim</strong></span> <span class='ocrx_word' id='word_1_580' title='bbox 3131 3430 3372 3501; x_wconf 87' lang='lat' dir='ltr'><strong>superbi,</strong></span> <span class='ocrx_word' id='word_1_581' title='bbox 3395 3429 3492 3486; x_wconf 84' lang='lat' dir='ltr'><strong>sed</strong></span> 
     </span>
    </p>
   </div>
   <div class='ocr_carea' id='block_1_78' title="bbox 1895 3523 3495 3595">
    <p class='ocr_par' dir='ltr' id='par_1_78' title="bbox 1895 3523 3495 3595">
     <span class='ocr_line' id='line_1_78' title="bbox 1895 3523 3495 3595; baseline -0.003 -16"><span class='ocrx_word' id='word_1_582' title='bbox 1895 3523 2128 3579; x_wconf 90' lang='lat' dir='ltr'><strong>humiles</strong></span> <span class='ocrx_word' id='word_1_583' title='bbox 2152 3538 2274 3579; x_wconf 88' lang='lat' dir='ltr'><strong>esse</strong></span> <span class='ocrx_word' id='word_1_584' title='bbox 2299 3523 2500 3578; x_wconf 87' lang='lat' dir='ltr'><strong>debent</strong></span> <span class='ocrx_word' id='word_1_585' title='bbox 2526 3524 2618 3594; x_wconf 91' lang='lat' dir='ltr'><strong>qui</strong></span> <span class='ocrx_word' id='word_1_586' title='bbox 2651 3523 2787 3578; x_wconf 91' lang='lat' dir='ltr'><strong>alios</strong></span> <span class='ocrx_word' id='word_1_587' title='bbox 2811 3523 3108 3595; x_wconf 87' lang='lat' dir='ltr'><strong>corrigere,</strong></span> <span class='ocrx_word' id='word_1_588' title='bbox 3139 3523 3408 3593; x_wconf 86' lang='lat' dir='ltr'><strong>castigare</strong></span> <span class='ocrx_word' id='word_1_589' title='bbox 3435 3527 3495 3576; x_wconf 84' lang='lat' dir='ltr'><strong>et</strong></span> 
     </span>
    </p>
   </div>
   <div class='ocr_carea' id='block_1_79' title="bbox 1896 3613 3494 3686">
    <p class='ocr_par' dir='ltr' id='par_1_79' title="bbox 1896 3613 3494 3686">
     <span class='ocr_line' id='line_1_79' title="bbox 1896 3613 3494 3686; baseline -0.001 -16"><span class='ocrx_word' id='word_1_590' title='bbox 1896 3616 1950 3670; x_wconf 91' lang='lat' dir='ltr'><strong>in</strong></span> <span class='ocrx_word' id='word_1_591' title='bbox 1980 3614 2234 3670; x_wconf 89' lang='lat' dir='ltr'><strong>omnibus</strong></span> <span class='ocrx_word' id='word_1_592' title='bbox 2269 3615 2543 3670; x_wconf 87' lang='lat' dir='ltr'><strong>custodire</strong></span> <span class='ocrx_word' id='word_1_593' title='bbox 2577 3615 2794 3671; x_wconf 90' lang='lat' dir='ltr'><strong>debent.</strong></span> <span class='ocrx_word' id='word_1_594' title='bbox 2841 3616 3076 3670; x_wconf 89' lang='lat' dir='ltr'><strong>Proinde</strong></span> <span class='ocrx_word' id='word_1_595' title='bbox 3111 3615 3349 3686; x_wconf 90' lang='lat' dir='ltr'><strong>primum</strong></span> <span class='ocrx_word' id='word_1_596' title='bbox 3390 3613 3494 3686; x_wconf 84' lang='lat' dir='ltr'><strong>ipsi</strong></span> 
     </span>
    </p>
   </div>
   <div class='ocr_carea' id='block_1_80' title="bbox 1895 3705 3494 3778">
    <p class='ocr_par' dir='ltr' id='par_1_80' title="bbox 1895 3705 3494 3778">
     <span class='ocr_line' id='line_1_80' title="bbox 1895 3705 3494 3778; baseline 0.001 -18"><span class='ocrx_word' id='word_1_597' title='bbox 1895 3705 2119 3762; x_wconf 89' lang='lat' dir='ltr'><strong>abbates</strong></span> <span class='ocrx_word' id='word_1_598' title='bbox 2155 3721 2278 3763; x_wconf 90' lang='lat' dir='ltr'><strong>cum</strong></span> <span class='ocrx_word' id='word_1_599' title='bbox 2323 3707 2436 3761; x_wconf 89' lang='lat' dir='ltr'><strong>suis</strong></span> <span class='ocrx_word' id='word_1_600' title='bbox 2476 3707 2784 3776; x_wconf 80' lang='lat' dir='ltr'><strong>praepositis</strong></span> <span class='ocrx_word' id='word_1_601' title='bbox 2835 3715 2999 3778; x_wconf 89' lang='lat' dir='ltr'><strong>atque</strong></span> <span class='ocrx_word' id='word_1_602' title='bbox 3039 3707 3261 3763; x_wconf 89' lang='lat' dir='ltr'><strong>decanis</strong></span> <span class='ocrx_word' id='word_1_603' title='bbox 3295 3713 3494 3762; x_wconf 86' lang='lat' dir='ltr'><strong>semet-</strong></span> 
     </span>
    </p>
   </div>
   <div class='ocr_carea' id='block_1_81' title="bbox 1895 3797 3494 3874">
    <p class='ocr_par' dir='ltr' id='par_1_81' title="bbox 1895 3797 3494 3874">
     <span class='ocr_line' id='line_1_81' title="bbox 1895 3797 3494 3874; baseline 0.003 -24"><span class='ocrx_word' id='word_1_604' title='bbox 1895 3797 2043 3867; x_wconf 90' lang='lat' dir='ltr'><strong>ipsos</strong></span> <span class='ocrx_word' id='word_1_605' title='bbox 2057 3797 2369 3864; x_wconf 89' lang='lat' dir='ltr'><strong>discutiant,</strong></span> <span class='ocrx_word' id='word_1_606' title='bbox 2385 3805 2441 3852; x_wconf 92' lang='lat' dir='ltr'><strong>et</strong></span> <span class='ocrx_word' id='word_1_607' title='bbox 2454 3797 2627 3853; x_wconf 90' lang='lat' dir='ltr'><strong>instar</strong></span> <span class='ocrx_word' id='word_1_608' title='bbox 2645 3799 2728 3854; x_wconf 89' lang='lat' dir='ltr'><strong>sui</strong></span> <span class='ocrx_word' id='word_1_609' title='bbox 2735 3798 2982 3868; x_wconf 87' lang='lat' dir='ltr'><strong>juniores</strong></span> <span class='ocrx_word' id='word_1_610' title='bbox 2996 3806 3247 3874; x_wconf 86' lang='lat' dir='ltr'><strong>arguant,</strong></span> <span class='ocrx_word' id='word_1_611' title='bbox 3262 3807 3494 3854; x_wconf 87' lang='lat' dir='ltr'><strong>etomne</strong></span> 
     </span>
    </p>
   </div>
   <div class='ocr_carea' id='block_1_82' title="bbox 1894 3886 3496 3969">
    <p class='ocr_par' dir='ltr' id='par_1_82' title="bbox 1894 3886 3496 3969">
     <span class='ocr_line' id='line_1_82' title="bbox 1894 3886 3496 3969; baseline 0.003 -29"><span class='ocrx_word' id='word_1_612' title='bbox 1894 3887 2103 3942; x_wconf 68' lang='lat' dir='ltr'><strong>militiae</strong></span> <span class='ocrx_word' id='word_1_613' title='bbox 2129 3886 2458 3944; x_wconf 89' lang='lat' dir='ltr'><strong>fermentum</strong></span> <span class='ocrx_word' id='word_1_614' title='bbox 2489 3905 2522 3943; x_wconf 92' lang='lat' dir='ltr'><strong>a</strong></span> <span class='ocrx_word' id='word_1_615' title='bbox 2548 3890 2713 3945; x_wconf 88' lang='lat' dir='ltr'><strong>corde</strong></span> <span class='ocrx_word' id='word_1_616' title='bbox 2741 3891 3004 3969; x_wconf 83' lang='lat' dir='ltr'><strong>radicitus</strong></span> <span class='ocrx_word' id='word_1_617' title='bbox 3030 3891 3297 3969; x_wconf 85' lang='lat' dir='ltr'><strong>evellant,</strong></span> <span class='ocrx_word' id='word_1_618' title='bbox 3327 3899 3382 3947; x_wconf 93' lang='lat' dir='ltr'><strong>et</strong></span> <span class='ocrx_word' id='word_1_619' title='bbox 3411 3891 3496 3946; x_wconf 87' lang='lat' dir='ltr'><strong>sic</strong></span> 
     </span>
    </p>
   </div>
   <div class='ocr_carea' id='block_1_83' title="bbox 1897 3964 3495 4056">
    <p class='ocr_par' dir='ltr' id='par_1_83' title="bbox 1897 3964 3495 4056">
     <span class='ocr_line' id='line_1_83' title="bbox 1897 3964 3495 4056; baseline 0.001 -21"><span class='ocrx_word' id='word_1_620' title='bbox 1897 3981 2031 4036; x_wconf 92' lang='lat' dir='ltr'><strong>alios</strong></span> <span class='ocrx_word' id='word_1_621' title='bbox 2055 3982 2286 4038; x_wconf 90' lang='lat' dir='ltr'><strong>diversis</strong></span> <span class='ocrx_word' id='word_1_622' title='bbox 2306 3982 2456 4038; x_wconf 87' lang='lat' dir='ltr'><strong>curis</strong></span> <span class='ocrx_word' id='word_1_623' title='bbox 2481 3991 2536 4038; x_wconf 91' lang='lat' dir='ltr'><strong>et</strong></span> <span class='ocrx_word' id='word_1_624' title='bbox 2557 3983 2704 4038; x_wconf 87' lang='lat' dir='ltr'><strong>vitiis</strong></span> <span class='ocrx_word' id='word_1_625' title='bbox 2728 3964 3035 4054; x_wconf 78' lang='lat' dir='ltr'><strong>implicatos</strong></span> <span class='ocrx_word' id='word_1_626' title='bbox 3057 3985 3346 4056; x_wconf 88' lang='lat' dir='ltr'><strong>castigare,</strong></span> <span class='ocrx_word' id='word_1_627' title='bbox 3372 3999 3495 4039; x_wconf 88' lang='lat' dir='ltr'><strong>cor--</strong></span> 
     </span>
    </p>
   </div>
   <div class='ocr_carea' id='block_1_84' title="bbox 1897 4073 3495 4142">
    <p class='ocr_par' dir='ltr' id='par_1_84' title="bbox 1897 4073 3495 4142">
     <span class='ocr_line' id='line_1_84' title="bbox 1897 4073 3495 4142; baseline 0.003 -18"><span class='ocrx_word' id='word_1_628' title='bbox 1897 4073 2076 4142; x_wconf 83' lang='lat' dir='ltr'><strong>rigere</strong></span> <span class='ocrx_word' id='word_1_629' title='bbox 2104 4081 2161 4126; x_wconf 92' lang='lat' dir='ltr'><strong>et</strong></span> <span class='ocrx_word' id='word_1_630' title='bbox 2184 4075 2477 4128; x_wconf 90' lang='lat' dir='ltr'><strong>emendare</strong></span> <span class='ocrx_word' id='word_1_631' title='bbox 2505 4075 2866 4140; x_wconf 89' lang='lat' dir='ltr'><strong>contendant,</strong></span> <span class='ocrx_word' id='word_1_632' title='bbox 2899 4075 2955 4128; x_wconf 93' lang='lat' dir='ltr'><strong>id</strong></span> <span class='ocrx_word' id='word_1_633' title='bbox 2989 4083 3100 4140; x_wconf 89' lang='lat' dir='ltr'><strong>est,</strong></span> <span class='ocrx_word' id='word_1_634' title='bbox 3147 4075 3192 4128; x_wconf 89' lang='lat' dir='ltr'><strong>si</strong></span> <span class='ocrx_word' id='word_1_635' title='bbox 3221 4075 3495 4130; x_wconf 88' lang='lat' dir='ltr'><strong>audierint</strong></span> 
     </span>
    </p>
   </div>
   <div class='ocr_carea' id='block_1_85' title="bbox 1896 4165 3494 4238">
    <p class='ocr_par' dir='ltr' id='par_1_85' title="bbox 1896 4165 3494 4238">
     <span class='ocr_line' id='line_1_85' title="bbox 1896 4165 3494 4238; baseline 0 -19"><span class='ocrx_word' id='word_1_636' title='bbox 1896 4165 2123 4220; x_wconf 86' lang='lat' dir='ltr'><strong>fratrem</strong></span> <span class='ocrx_word' id='word_1_637' title='bbox 2162 4182 2269 4221; x_wconf 92' lang='lat' dir='ltr'><strong>non</strong></span> <span class='ocrx_word' id='word_1_638' title='bbox 2307 4167 2702 4238; x_wconf 87' lang='lat' dir='ltr'><strong>interrogatum</strong></span> <span class='ocrx_word' id='word_1_639' title='bbox 2741 4168 2920 4237; x_wconf 91' lang='lat' dir='ltr'><strong>loqui,</strong></span> <span class='ocrx_word' id='word_1_640' title='bbox 2965 4177 3226 4223; x_wconf 91' lang='lat' dir='ltr'><strong>moneant</strong></span> <span class='ocrx_word' id='word_1_641' title='bbox 3249 4183 3374 4223; x_wconf 91' lang='lat' dir='ltr'><strong>eum</strong></span> <span class='ocrx_word' id='word_1_642' title='bbox 3409 4169 3494 4224; x_wconf 69' lang='lat' dir='ltr'><strong>di.</strong></span> 
     </span>
    </p>
   </div>
   <div class='ocr_carea' id='block_1_86' title="bbox 1898 4256 3495 4329">
    <p class='ocr_par' dir='ltr' id='par_1_86' title="bbox 1898 4256 3495 4329">
     <span class='ocr_line' id='line_1_86' title="bbox 1898 4256 3495 4329; baseline 0.001 -18"><span class='ocrx_word' id='word_1_643' title='bbox 1898 4263 2084 4311; x_wconf 91' lang='lat' dir='ltr'><strong>centes</strong></span> <span class='ocrx_word' id='word_1_644' title='bbox 2121 4275 2134 4310; x_wconf 88' lang='lat'><strong>:</strong></span> <span class='ocrx_word' id='word_1_645' title='bbox 2168 4256 2308 4324; x_wconf 93' lang='lat' dir='ltr'><strong>Quid</strong></span> <span class='ocrx_word' id='word_1_646' title='bbox 2355 4257 2496 4328; x_wconf 90' lang='lat' dir='ltr'><strong>agis,</strong></span> <span class='ocrx_word' id='word_1_647' title='bbox 2544 4257 2734 4322; x_wconf 89' lang='lat' dir='ltr'><strong>frater,</strong></span> <span class='ocrx_word' id='word_1_648' title='bbox 2787 4258 2933 4328; x_wconf 88' lang='lat' dir='ltr'><strong>quod</strong></span> <span class='ocrx_word' id='word_1_649' title='bbox 2974 4257 3159 4328; x_wconf 87' lang='lat' dir='ltr'><strong>regula</strong></span> <span class='ocrx_word' id='word_1_650' title='bbox 3205 4260 3495 4329; x_wconf 76' lang='lat' dir='ltr'><strong>prohibet?</strong></span> 
     </span>
    </p>
   </div>
   <div class='ocr_carea' id='block_1_87' title="bbox 1897 4349 3495 4420">
    <p class='ocr_par' dir='ltr' id='par_1_87' title="bbox 1897 4349 3495 4420">
     <span class='ocr_line' id='line_1_87' title="bbox 1897 4349 3495 4420; baseline 0.002 -16"><span class='ocrx_word' id='word_1_651' title='bbox 1897 4349 2098 4404; x_wconf 88' lang='lat' dir='ltr'><strong>habeto</strong></span> <span class='ocrx_word' id='word_1_652' title='bbox 2127 4349 2559 4404; x_wconf 89' lang='lat' dir='ltr'><strong>taciturnitatem</strong></span> <span class='ocrx_word' id='word_1_653' title='bbox 2579 4364 2752 4420; x_wconf 90' lang='lat' dir='ltr'><strong>usque</strong></span> <span class='ocrx_word' id='word_1_654' title='bbox 2775 4349 2845 4404; x_wconf 88' lang='lat' dir='ltr'><strong>ad</strong></span> <span class='ocrx_word' id='word_1_655' title='bbox 2870 4349 3370 4418; x_wconf 87' lang='lat' dir='ltr'><strong>interrogationem.</strong></span> <span class='ocrx_word' id='word_1_656' title='bbox 3397 4351 3495 4407; x_wconf 89' lang='lat' dir='ltr'><strong>Dic</strong></span> 
     </span>
    </p>
   </div>
   <div class='ocr_carea' id='block_1_88' title="bbox 1897 4441 3496 4513">
    <p class='ocr_par' dir='ltr' id='par_1_88' title="bbox 1897 4441 3496 4513">
     <span class='ocr_line' id='line_1_88' title="bbox 1897 4441 3496 4513; baseline 0.002 -17"><span class='ocrx_word' id='word_1_657' title='bbox 1897 4457 2020 4496; x_wconf 92' lang='lat' dir='ltr'><strong>cum</strong></span> <span class='ocrx_word' id='word_1_658' title='bbox 2047 4441 2316 4513; x_wconf 85' lang='lat' dir='ltr'><strong>Propheta</strong></span> <span class='ocrx_word' id='word_1_659' title='bbox 2345 4463 2357 4497; x_wconf 89' lang='lat'><strong>:</strong></span> <span class='ocrx_word' id='word_1_660' title='bbox 2386 4441 2554 4508; x_wconf 88' lang='lat' dir='ltr'><strong>Pone,</strong></span> <span class='ocrx_word' id='word_1_661' title='bbox 2581 4442 2825 4509; x_wconf 90' lang='lat' dir='ltr'><strong>Domine,</strong></span> <span class='ocrx_word' id='word_1_662' title='bbox 2854 4442 3148 4497; x_wconf 86' lang='lat' dir='ltr'><strong>custodiam</strong></span> <span class='ocrx_word' id='word_1_663' title='bbox 3174 4444 3254 4497; x_wconf 88' lang='lat' dir='ltr'><strong>ori</strong></span> <span class='ocrx_word' id='word_1_664' title='bbox 3280 4460 3415 4511; x_wconf 87' lang='lat' dir='ltr'><strong>meo,</strong></span> <span class='ocrx_word' id='word_1_665' title='bbox 3445 4456 3496 4499; x_wconf 89' lang='lat' dir='ltr'><strong>et</strong></span> 
     </span>
    </p>
   </div>
   <div class='ocr_carea' id='block_1_89' title="bbox 1897 4535 3496 4602">
    <p class='ocr_par' dir='ltr' id='par_1_89' title="bbox 1897 4535 3496 4602">
     <span class='ocr_line' id='line_1_89' title="bbox 1897 4535 3496 4602; baseline 0.001 -14"><span class='ocrx_word' id='word_1_666' title='bbox 1897 4535 2088 4590; x_wconf 88' lang='lat' dir='ltr'><strong>ostium</strong></span> <span class='ocrx_word' id='word_1_667' title='bbox 2142 4536 2551 4590; x_wconf 78' lang='lat' dir='ltr'><strong>circumstantia:</strong></span> <span class='ocrx_word' id='word_1_668' title='bbox 2595 4535 2750 4590; x_wconf 82' lang='lat' dir='ltr'><strong>labiis</strong></span> <span class='ocrx_word' id='word_1_669' title='bbox 2795 4535 2955 4602; x_wconf 83' lang='lat' dir='ltr'><strong>meis,</strong></span> <span class='ocrx_word' id='word_1_670' title='bbox 3017 4551 3122 4589; x_wconf 91' lang='lat' dir='ltr'><strong>non</strong></span> <span class='ocrx_word' id='word_1_671' title='bbox 3161 4535 3358 4590; x_wconf 81' lang='lat' dir='ltr'><strong>detines</strong></span> <span class='ocrx_word' id='word_1_672' title='bbox 3405 4553 3496 4590; x_wconf 85' lang='lat' dir='ltr'><strong>cor</strong></span> 
     </span>
    </p>
   </div>
   <div class='ocr_carea' id='block_1_90' title="bbox 1896 4625 3493 4700">
    <p class='ocr_par' dir='ltr' id='par_1_90' title="bbox 1896 4625 3493 4700">
     <span class='ocr_line' id='line_1_90' title="bbox 1896 4625 3493 4700; baseline 0.004 -21"><span class='ocrx_word' id='word_1_673' title='bbox 1896 4642 2069 4680; x_wconf 88' lang='lat' dir='ltr'><strong>meum</strong></span> <span class='ocrx_word' id='word_1_674' title='bbox 2099 4627 2156 4682; x_wconf 88' lang='lat' dir='ltr'><strong>in</strong></span> <span class='ocrx_word' id='word_1_675' title='bbox 2194 4629 2349 4682; x_wconf 84' lang='lat' dir='ltr'><strong>verba</strong></span> <span class='ocrx_word' id='word_1_676' title='bbox 2379 4627 2597 4682; x_wconf 73' lang='lat' dir='ltr'><strong>malitia:</strong></span> <span class='ocrx_word' id='word_1_677' title='bbox 2628 4625 2801 4700; x_wconf 88' lang='lat' dir='ltr'><strong>(Psal.</strong></span> <span class='ocrx_word' id='word_1_678' title='bbox 2831 4627 2974 4700; x_wconf 78' lang='lat' dir='ltr'><strong>CXL).</strong></span> <span class='ocrx_word' id='word_1_679' title='bbox 3011 4627 3209 4684; x_wconf 84' lang='lat' dir='ltr'><strong>Sedeat</strong></span> <span class='ocrx_word' id='word_1_680' title='bbox 3239 4644 3402 4700; x_wconf 90' lang='lat' dir='ltr'><strong>super</strong></span> <span class='ocrx_word' id='word_1_681' title='bbox 3429 4645 3493 4686; x_wconf 87' lang='lat' dir='ltr'><strong>os</strong></span> 
     </span>
    </p>
   </div>
   <div class='ocr_carea' id='block_1_91' title="bbox 191 4704 3494 4788">
    <p class='ocr_par' dir='ltr' id='par_1_91' title="bbox 191 4704 3494 4788">
     <span class='ocr_line' id='line_1_91' title="bbox 191 4704 3494 4788; baseline 0.004 -29"><span class='ocrx_word' id='word_1_682' title='bbox 191 4720 328 4760; x_wconf 90' lang='lat' dir='ltr'><strong>cum</strong></span> <span class='ocrx_word' id='word_1_683' title='bbox 351 4704 614 4760; x_wconf 87' lang='lat' dir='ltr'><strong>fratribus</strong></span> <span class='ocrx_word' id='word_1_684' title='bbox 643 4707 998 4762; x_wconf 90' lang='lat' dir='ltr'><strong>humilitatem</strong></span> <span class='ocrx_word' id='word_1_685' title='bbox 1019 4707 1232 4762; x_wconf 87' lang='lat' dir='ltr'><strong>ﬁrmam</strong></span> <span class='ocrx_word' id='word_1_686' title='bbox 1259 4716 1684 4780; x_wconf 88' lang='lat' dir='ltr'><strong>perpetuamque</strong></span> <span class='ocrx_word' id='word_1_687' title='bbox 1707 4724 1794 4766; x_wconf 89' lang='lat' dir='ltr'><strong>re—</strong></span> <span class='ocrx_word' id='word_1_688' title='bbox 1817 4708 1872 4769; x_wconf 91' lang='lat' dir='ltr'><strong>D</strong></span> <span class='ocrx_word' id='word_1_689' title='bbox 1899 4724 2050 4771; x_wconf 91' lang='lat' dir='ltr'><strong>tuum</strong></span> <span class='ocrx_word' id='word_1_690' title='bbox 2072 4718 2358 4786; x_wconf 87' lang='lat' dir='ltr'><strong>sapientia,</strong></span> <span class='ocrx_word' id='word_1_691' title='bbox 2383 4733 2507 4773; x_wconf 91' lang='lat' dir='ltr'><strong>cum</strong></span> <span class='ocrx_word' id='word_1_692' title='bbox 2539 4718 2689 4772; x_wconf 91' lang='lat' dir='ltr'><strong>clave</strong></span> <span class='ocrx_word' id='word_1_693' title='bbox 2713 4718 2942 4788; x_wconf 71' lang='lat' dir='ltr'><strong>justitite</strong></span> <span class='ocrx_word' id='word_1_694' title='bbox 2971 4724 3028 4772; x_wconf 91' lang='lat' dir='ltr'><strong>et</strong></span> <span class='ocrx_word' id='word_1_695' title='bbox 3057 4719 3268 4775; x_wconf 89' lang='lat' dir='ltr'><strong>timoris</strong></span> <span class='ocrx_word' id='word_1_696' title='bbox 3295 4721 3412 4785; x_wconf 91' lang='lat' dir='ltr'><strong>Dei,</strong></span> <span class='ocrx_word' id='word_1_697' title='bbox 3439 4728 3494 4774; x_wconf 90' lang='lat' dir='ltr'><strong>et</strong></span> 
     </span>
    </p>
   </div>
   <div class='ocr_carea' id='block_1_92' title="bbox 191 4799 1793 4881">
    <p class='ocr_par' dir='ltr' id='par_1_92' title="bbox 191 4799 1793 4881">
     <span class='ocr_line' id='line_1_92' title="bbox 191 4799 1793 4881; baseline 0.004 -29"><span class='ocrx_word' id='word_1_698' title='bbox 191 4799 400 4864; x_wconf 92' lang='lat' dir='ltr'><strong>tinere,</strong></span> <span class='ocrx_word' id='word_1_699' title='bbox 430 4813 530 4854; x_wconf 91' lang='lat' dir='ltr'><strong>nec</strong></span> <span class='ocrx_word' id='word_1_700' title='bbox 560 4799 615 4854; x_wconf 92' lang='lat' dir='ltr'><strong>in</strong></span> <span class='ocrx_word' id='word_1_701' title='bbox 645 4801 1061 4881; x_wconf 68' lang='lat' dir='ltr'><strong>congregatione</strong></span> <span class='ocrx_word' id='word_1_702' title='bbox 1086 4802 1289 4857; x_wconf 89' lang='lat' dir='ltr'><strong>diutius</strong></span> <span class='ocrx_word' id='word_1_703' title='bbox 1317 4817 1672 4873; x_wconf 84' lang='lat' dir='ltr'><strong>permanere,</strong></span> <span class='ocrx_word' id='word_1_704' title='bbox 1699 4803 1793 4878; x_wconf 90' lang='lat' dir='ltr'><strong>qui</strong></span> 
     </span>
    </p>
   </div>
   <div class='ocr_carea' id='block_1_93' title="bbox 190 4892 1544 4965">
    <p class='ocr_par' dir='ltr' id='par_1_93' title="bbox 190 4892 1544 4965">
     <span class='ocr_line' id='line_1_93' title="bbox 190 4892 1544 4965; baseline 0.004 -22"><span class='ocrx_word' id='word_1_705' title='bbox 190 4892 357 4962; x_wconf 86' lang='lat' dir='ltr'><strong>prius</strong></span> <span class='ocrx_word' id='word_1_706' title='bbox 379 4892 684 4948; x_wconf 88' lang='lat' dir='ltr'><strong>voluntates</strong></span> <span class='ocrx_word' id='word_1_707' title='bbox 710 4909 835 4950; x_wconf 88' lang='lat' dir='ltr'><strong>suas</strong></span> <span class='ocrx_word' id='word_1_708' title='bbox 859 4909 966 4950; x_wconf 92' lang='lat' dir='ltr'><strong>non</strong></span> <span class='ocrx_word' id='word_1_709' title='bbox 993 4895 1242 4951; x_wconf 86' lang='lat' dir='ltr'><strong>didicerit</strong></span> <span class='ocrx_word' id='word_1_710' title='bbox 1265 4911 1544 4965; x_wconf 88' lang='lat' dir='ltr'><strong>superare.</strong></span> 
     </span>
    </p>
   </div>
   <div class='ocr_carea' id='block_1_94' title="bbox 278 4984 1791 5057">
    <p class='ocr_par' dir='ltr' id='par_1_94' title="bbox 278 4984 1791 5057">
     <span class='ocr_line' id='line_1_94' title="bbox 278 4984 1791 5057; baseline 0.003 -20"><span class='ocrx_word' id='word_1_711' title='bbox 278 4984 383 5050; x_wconf 82' lang='lat' dir='ltr'><strong>Qui</strong></span> <span class='ocrx_word' id='word_1_712' title='bbox 411 4985 597 5040; x_wconf 88' lang='lat' dir='ltr'><strong>decani</strong></span> <span class='ocrx_word' id='word_1_713' title='bbox 626 4985 754 5040; x_wconf 87' lang='lat' dir='ltr'><strong>tales</strong></span> <span class='ocrx_word' id='word_1_714' title='bbox 781 4986 1043 5057; x_wconf 88' lang='lat' dir='ltr'><strong>eligantur</strong></span> <span class='ocrx_word' id='word_1_715' title='bbox 1075 4988 1130 5041; x_wconf 89' lang='lat' dir='ltr'><strong>in</strong></span> <span class='ocrx_word' id='word_1_716' title='bbox 1165 4988 1353 5057; x_wconf 86' lang='lat' dir='ltr'><strong>quibus</strong></span> <span class='ocrx_word' id='word_1_717' title='bbox 1381 5003 1595 5042; x_wconf 87' lang='lat' dir='ltr'><strong>securus</strong></span> <span class='ocrx_word' id='word_1_718' title='bbox 1629 4987 1791 5042; x_wconf 82' lang='lat' dir='ltr'><strong>abbas</strong></span> 
     </span>
    </p>
   </div>
   <div class='ocr_carea' id='block_1_95' title="bbox 191 5079 1788 5152">
    <p class='ocr_par' dir='ltr' id='par_1_95' title="bbox 191 5079 1788 5152">
     <span class='ocr_line' id='line_1_95' title="bbox 191 5079 1788 5152; baseline 0.002 -21"><span class='ocrx_word' id='word_1_719' title='bbox 191 5079 469 5152; x_wconf 78' lang='lat' dir='ltr'><strong>partiatur</strong></span> <span class='ocrx_word' id='word_1_720' title='bbox 507 5096 666 5134; x_wconf 88' lang='lat' dir='ltr'><strong>onera</strong></span> <span class='ocrx_word' id='word_1_721' title='bbox 701 5097 818 5134; x_wconf 90' lang='lat' dir='ltr'><strong>sua.</strong></span> <span class='ocrx_word' id='word_1_722' title='bbox 859 5079 929 5133; x_wconf 87' lang='lat' dir='ltr'><strong>Et</strong></span> <span class='ocrx_word' id='word_1_723' title='bbox 968 5097 1074 5134; x_wconf 90' lang='lat' dir='ltr'><strong>non</strong></span> <span class='ocrx_word' id='word_1_724' title='bbox 1107 5079 1371 5152; x_wconf 85' lang='lat' dir='ltr'><strong>eligantur</strong></span> <span class='ocrx_word' id='word_1_725' title='bbox 1407 5097 1499 5150; x_wconf 90' lang='lat' dir='ltr'><strong>per</strong></span> <span class='ocrx_word' id='word_1_726' title='bbox 1529 5081 1788 5147; x_wconf 84' lang='lat' dir='ltr'><strong>ordinem,</strong></span> 
     </span>
    </p>
   </div>
   <div class='ocr_carea' id='block_1_96' title="bbox 191 5169 1786 5242">
    <p class='ocr_par' dir='ltr' id='par_1_96' title="bbox 191 5169 1786 5242">
     <span class='ocr_line' id='line_1_96' title="bbox 191 5169 1786 5242; baseline -0.001 -16"><span class='ocrx_word' id='word_1_727' title='bbox 191 5169 295 5226; x_wconf 86' lang='lat' dir='ltr'><strong>sed</strong></span> <span class='ocrx_word' id='word_1_728' title='bbox 331 5171 616 5224; x_wconf 85' lang='lat' dir='ltr'><strong>secundum</strong></span> <span class='ocrx_word' id='word_1_729' title='bbox 651 5172 768 5225; x_wconf 74' lang='lat' dir='ltr'><strong>vita:</strong></span> <span class='ocrx_word' id='word_1_730' title='bbox 801 5171 1047 5225; x_wconf 89' lang='lat' dir='ltr'><strong>meritum</strong></span> <span class='ocrx_word' id='word_1_731' title='bbox 1079 5182 1127 5225; x_wconf 87' lang='lat' dir='ltr'><strong>et</strong></span> <span class='ocrx_word' id='word_1_732' title='bbox 1166 5172 1436 5242; x_wconf 77' lang='lat' dir='ltr'><strong>sapientia:</strong></span> <span class='ocrx_word' id='word_1_733' title='bbox 1472 5171 1786 5225; x_wconf 89' lang='lat' dir='ltr'><strong>doctrinam.</strong></span> 
     </span>
    </p>
   </div>
   <div class='ocr_carea' id='block_1_97' title="bbox 194 5262 1794 5332">
    <p class='ocr_par' dir='ltr' id='par_1_97' title="bbox 194 5262 1794 5332">
     <span class='ocr_line' id='line_1_97' title="bbox 194 5262 1794 5332; baseline -0.001 -14"><span class='ocrx_word' id='word_1_734' title='bbox 194 5262 409 5318; x_wconf 87' lang='lat' dir='ltr'><strong>Decani</strong></span> <span class='ocrx_word' id='word_1_735' title='bbox 428 5303 442 5327; x_wconf 93' lang='lat'><strong>,</strong></span> <span class='ocrx_word' id='word_1_736' title='bbox 479 5262 572 5332; x_wconf 90' lang='lat' dir='ltr'><strong>qui</strong></span> <span class='ocrx_word' id='word_1_737' title='bbox 603 5277 766 5332; x_wconf 89' lang='lat' dir='ltr'><strong>super</strong></span> <span class='ocrx_word' id='word_1_738' title='bbox 793 5263 1050 5318; x_wconf 90' lang='lat' dir='ltr'><strong>decanias</strong></span> <span class='ocrx_word' id='word_1_739' title='bbox 1079 5271 1206 5318; x_wconf 87' lang='lat' dir='ltr'><strong>sunt</strong></span> <span class='ocrx_word' id='word_1_740' title='bbox 1241 5262 1556 5327; x_wconf 88' lang='lat' dir='ltr'><strong>constituti,</strong></span> <span class='ocrx_word' id='word_1_741' title='bbox 1585 5269 1794 5317; x_wconf 87' lang='lat' dir='ltr'><strong>tantam</strong></span> 
     </span>
    </p>
   </div>
   <div class='ocr_carea' id='block_1_98' title="bbox 198 5351 1793 5424">
    <p class='ocr_par' dir='ltr' id='par_1_98' title="bbox 198 5351 1793 5424">
     <span class='ocr_line' id='line_1_98' title="bbox 198 5351 1793 5424; baseline -0.001 -16"><span class='ocrx_word' id='word_1_742' title='bbox 198 5351 628 5408; x_wconf 88' lang='lat' dir='ltr'><strong>sollicitudinem</strong></span> <span class='ocrx_word' id='word_1_743' title='bbox 670 5361 861 5423; x_wconf 83' lang='lat' dir='ltr'><strong>gerant</strong></span> <span class='ocrx_word' id='word_1_744' title='bbox 896 5369 1058 5423; x_wconf 90' lang='lat' dir='ltr'><strong>super</strong></span> <span class='ocrx_word' id='word_1_745' title='bbox 1091 5369 1185 5408; x_wconf 91' lang='lat' dir='ltr'><strong>eos</strong></span> <span class='ocrx_word' id='word_1_746' title='bbox 1213 5369 1349 5422; x_wconf 91' lang='lat' dir='ltr'><strong>quos</strong></span> <span class='ocrx_word' id='word_1_747' title='bbox 1386 5353 1663 5424; x_wconf 88' lang='lat' dir='ltr'><strong>delegatos</strong></span> <span class='ocrx_word' id='word_1_748' title='bbox 1694 5353 1793 5407; x_wconf 91' lang='lat' dir='ltr'><strong>ha-</strong></span> 
     </span>
    </p>
   </div>
   <div class='ocr_carea' id='block_1_99' title="bbox 197 5441 1791 5514">
    <p class='ocr_par' dir='ltr' id='par_1_99' title="bbox 197 5441 1791 5514">
     <span class='ocr_line' id='line_1_99' title="bbox 197 5441 1791 5514; baseline 0 -16"><span class='ocrx_word' id='word_1_749' title='bbox 197 5443 342 5498; x_wconf 84' lang='lat' dir='ltr'><strong>bent</strong></span> <span class='ocrx_word' id='word_1_750' title='bbox 388 5441 614 5509; x_wconf 88' lang='lat' dir='ltr'><strong>fratres,</strong></span> <span class='ocrx_word' id='word_1_751' title='bbox 659 5451 720 5497; x_wconf 93' lang='lat' dir='ltr'><strong>ut</strong></span> <span class='ocrx_word' id='word_1_752' title='bbox 756 5443 935 5499; x_wconf 90' lang='lat' dir='ltr'><strong>nullus</strong></span> <span class='ocrx_word' id='word_1_753' title='bbox 972 5445 1223 5514; x_wconf 89' lang='lat' dir='ltr'><strong>proprias</strong></span> <span class='ocrx_word' id='word_1_754' title='bbox 1265 5445 1432 5500; x_wconf 88' lang='lat' dir='ltr'><strong>l&#39;aciat</strong></span> <span class='ocrx_word' id='word_1_755' title='bbox 1471 5444 1791 5500; x_wconf 88' lang='lat' dir='ltr'><strong>voluntates.</strong></span> 
     </span>
    </p>
   </div>
   <div class='ocr_carea' id='block_1_100' title="bbox 197 5532 1794 5612">
    <p class='ocr_par' dir='ltr' id='par_1_100' title="bbox 197 5532 1794 5612">
     <span class='ocr_line' id='line_1_100' title="bbox 197 5532 1794 5612; baseline 0.001 -21"><span class='ocrx_word' id='word_1_756' title='bbox 197 5532 330 5591; x_wconf 81' lang='lat' dir='ltr'><strong>Non</strong></span> <span class='ocrx_word' id='word_1_757' title='bbox 353 5534 646 5606; x_wconf 87' lang='lat' dir='ltr'><strong>loquantur</strong></span> <span class='ocrx_word' id='word_1_758' title='bbox 672 5536 775 5612; x_wconf 88' lang='lat' dir='ltr'><strong>nisi</strong></span> <span class='ocrx_word' id='word_1_759' title='bbox 800 5538 1138 5607; x_wconf 83' lang='lat' dir='ltr'><strong>interrogati,</strong></span> <span class='ocrx_word' id='word_1_760' title='bbox 1165 5554 1262 5592; x_wconf 86' lang='lat' dir='ltr'><strong>suo</strong></span> <span class='ocrx_word' id='word_1_761' title='bbox 1290 5538 1515 5594; x_wconf 90' lang='lat' dir='ltr'><strong>arbitrio</strong></span> <span class='ocrx_word' id='word_1_762' title='bbox 1547 5538 1680 5592; x_wconf 91' lang='lat' dir='ltr'><strong>nihil</strong></span> <span class='ocrx_word' id='word_1_763' title='bbox 1713 5537 1794 5593; x_wconf 88' lang='lat' dir='ltr'><strong>fa-</strong></span> 
     </span>
    </p>
   </div>
   <div class='ocr_carea' id='block_1_101' title="bbox 198 5625 1790 5700">
    <p class='ocr_par' dir='ltr' id='par_1_101' title="bbox 198 5625 1790 5700">
     <span class='ocr_line' id='line_1_101' title="bbox 198 5625 1790 5700; baseline 0.001 -15"><span class='ocrx_word' id='word_1_764' title='bbox 198 5625 358 5685; x_wconf 87' lang='lat' dir='ltr'><strong>ciant</strong></span> <span class='ocrx_word' id='word_1_765' title='bbox 378 5627 480 5682; x_wconf 89' lang='lat' dir='ltr'><strong>nisi</strong></span> <span class='ocrx_word' id='word_1_766' title='bbox 513 5628 787 5693; x_wconf 90' lang='lat' dir='ltr'><strong>mandati,</strong></span> <span class='ocrx_word' id='word_1_767' title='bbox 821 5628 946 5682; x_wconf 91' lang='lat' dir='ltr'><strong>alibi</strong></span> <span class='ocrx_word' id='word_1_768' title='bbox 975 5643 1079 5681; x_wconf 90' lang='lat' dir='ltr'><strong>non</strong></span> <span class='ocrx_word' id='word_1_769' title='bbox 1108 5641 1366 5700; x_wconf 84' lang='lat' dir='ltr'><strong>pergant,</strong></span> <span class='ocrx_word' id='word_1_770' title='bbox 1397 5631 1500 5688; x_wconf 90' lang='lat' dir='ltr'><strong>nisi</strong></span> <span class='ocrx_word' id='word_1_771' title='bbox 1533 5632 1790 5686; x_wconf 86' lang='lat' dir='ltr'><strong>ordinati.</strong></span> 
     </span>
    </p>
   </div>
   <div class='ocr_carea' id='block_1_102' title="bbox 201 5714 1791 5794">
    <p class='ocr_par' dir='ltr' id='par_1_102' title="bbox 201 5714 1791 5794">
     <span class='ocr_line' id='line_1_102' title="bbox 201 5714 1791 5794; baseline 0.001 -18"><span class='ocrx_word' id='word_1_772' title='bbox 201 5714 469 5776; x_wconf 85' lang='lat' dir='ltr'><strong>Seniores</strong></span> <span class='ocrx_word' id='word_1_773' title='bbox 509 5719 740 5775; x_wconf 89' lang='lat' dir='ltr'><strong>timeant</strong></span> <span class='ocrx_word' id='word_1_774' title='bbox 777 5728 839 5775; x_wconf 93' lang='lat' dir='ltr'><strong>ut</strong></span> <span class='ocrx_word' id='word_1_775' title='bbox 875 5721 1143 5789; x_wconf 90' lang='lat' dir='ltr'><strong>dominos,</strong></span> <span class='ocrx_word' id='word_1_776' title='bbox 1190 5733 1374 5780; x_wconf 89' lang='lat' dir='ltr'><strong>ament</strong></span> <span class='ocrx_word' id='word_1_777' title='bbox 1415 5732 1477 5778; x_wconf 91' lang='lat' dir='ltr'><strong>ut</strong></span> <span class='ocrx_word' id='word_1_778' title='bbox 1515 5731 1791 5794; x_wconf 87' lang='lat' dir='ltr'><strong>parentes,</strong></span> 
     </span>
    </p>
   </div>
   <div class='ocr_carea' id='block_1_103' title="bbox 197 5811 1793 5885">
    <p class='ocr_par' dir='ltr' id='par_1_103' title="bbox 197 5811 1793 5885">
     <span class='ocr_line' id='line_1_103' title="bbox 197 5811 1793 5885; baseline 0 -17"><span class='ocrx_word' id='word_1_779' title='bbox 197 5811 414 5868; x_wconf 85' lang='lat' dir='ltr'><strong>faciant</strong></span> <span class='ocrx_word' id='word_1_780' title='bbox 443 5811 702 5882; x_wconf 89' lang='lat' dir='ltr'><strong>quidquid</strong></span> <span class='ocrx_word' id='word_1_781' title='bbox 730 5813 799 5867; x_wconf 89' lang='lat' dir='ltr'><strong>ab</strong></span> <span class='ocrx_word' id='word_1_782' title='bbox 841 5814 920 5867; x_wconf 88' lang='lat' dir='ltr'><strong>eis</strong></span> <span class='ocrx_word' id='word_1_783' title='bbox 950 5813 1270 5883; x_wconf 88' lang='lat' dir='ltr'><strong>imperatum</strong></span> <span class='ocrx_word' id='word_1_784' title='bbox 1301 5815 1628 5885; x_wconf 89' lang='lat' dir='ltr'><strong>acceperint.</strong></span> <span class='ocrx_word' id='word_1_785' title='bbox 1660 5813 1793 5870; x_wconf 88' lang='lat' dir='ltr'><strong>Cre-</strong></span> 
     </span>
    </p>
   </div>
   <div class='ocr_carea' id='block_1_104' title="bbox 203 5905 1795 5983">
    <p class='ocr_par' dir='ltr' id='par_1_104' title="bbox 203 5905 1795 5983">
     <span class='ocr_line' id='line_1_104' title="bbox 203 5905 1795 5983; baseline -0.001 -17"><span class='ocrx_word' id='word_1_786' title='bbox 203 5908 344 5966; x_wconf 85' lang='lat' dir='ltr'><strong>dant</strong></span> <span class='ocrx_word' id='word_1_787' title='bbox 370 5905 474 5963; x_wconf 86' lang='lat' dir='ltr'><strong>sibi</strong></span> <span class='ocrx_word' id='word_1_788' title='bbox 500 5905 766 5974; x_wconf 88' lang='lat' dir='ltr'><strong>salutare,</strong></span> <span class='ocrx_word' id='word_1_789' title='bbox 798 5906 1056 5978; x_wconf 85' lang='lat' dir='ltr'><strong>quidquid</strong></span> <span class='ocrx_word' id='word_1_790' title='bbox 1083 5911 1158 5965; x_wconf 93' lang='lat' dir='ltr'><strong>illi</strong></span> <span class='ocrx_word' id='word_1_791' title='bbox 1191 5911 1580 5983; x_wconf 78' lang='lat' dir='ltr'><strong>praeceperint,</strong></span> <span class='ocrx_word' id='word_1_792' title='bbox 1617 5908 1660 5966; x_wconf 90' lang='lat' dir='ltr'><strong>si</strong></span> <span class='ocrx_word' id='word_1_793' title='bbox 1690 5908 1795 5965; x_wconf 91' lang='lat' dir='ltr'><strong>hoc</strong></span> 
     </span>
    </p>
   </div>
   <div class='ocr_carea' id='block_1_105' title="bbox 457 6005 912 6072">
    <p class='ocr_par' dir='ltr' id='par_1_105' title="bbox 457 6005 912 6072">
     <span class='ocr_line' id='line_1_105' title="bbox 457 6005 912 6072; baseline 0.011 -6"><span class='ocrx_word' id='word_1_794' title='bbox 457 6005 734 6070; x_wconf 67' lang='grc' dir='ltr'><strong>Ρινηοι.</strong></span> <span class='ocrx_word' id='word_1_795' title='bbox 778 6008 912 6072; x_wconf 88' lang='lat' dir='ltr'><strong>Cll.</strong></span> 
     </span>
    </p>
   </div>
   <div class='ocr_carea' id='block_1_106' title="bbox 1900 4807 3493 4882">
    <p class='ocr_par' dir='ltr' id='par_1_106' title="bbox 1900 4807 3493 4882">
     <span class='ocr_line' id='line_1_106' title="bbox 1900 4807 3493 4882; baseline 0.003 -20"><span class='ocrx_word' id='word_1_796' title='bbox 1900 4807 2017 4878; x_wconf 87' lang='lat' dir='ltr'><strong>ipsa</strong></span> <span class='ocrx_word' id='word_1_797' title='bbox 2048 4807 2204 4862; x_wconf 90' lang='lat' dir='ltr'><strong>bonis</strong></span> <span class='ocrx_word' id='word_1_798' title='bbox 2235 4808 2466 4878; x_wconf 89' lang='lat' dir='ltr'><strong>eloquiis</strong></span> <span class='ocrx_word' id='word_1_799' title='bbox 2495 4810 2726 4880; x_wconf 89' lang='lat' dir='ltr'><strong>aperiat,</strong></span> <span class='ocrx_word' id='word_1_800' title='bbox 2755 4818 2811 4864; x_wconf 92' lang='lat' dir='ltr'><strong>et</strong></span> <span class='ocrx_word' id='word_1_801' title='bbox 2836 4809 2995 4866; x_wconf 85' lang='lat' dir='ltr'><strong>malis</strong></span> <span class='ocrx_word' id='word_1_802' title='bbox 3020 4811 3252 4882; x_wconf 87' lang='lat' dir='ltr'><strong>eloquiis</strong></span> <span class='ocrx_word' id='word_1_803' title='bbox 3276 4812 3493 4867; x_wconf 89' lang='lat' dir='ltr'><strong>claudat</strong></span> 
     </span>
    </p>
   </div>
   <div class='ocr_carea' id='block_1_107' title="bbox 1897 4895 3488 4967">
    <p class='ocr_par' dir='ltr' id='par_1_107' title="bbox 1897 4895 3488 4967">
     <span class='ocr_line' id='line_1_107' title="bbox 1897 4895 3488 4967; baseline 0.006 -19"><span class='ocrx_word' id='word_1_804' title='bbox 1897 4895 2041 4952; x_wconf 88' lang='lat' dir='ltr'><strong>labia</strong></span> <span class='ocrx_word' id='word_1_805' title='bbox 2075 4905 2188 4952; x_wconf 89' lang='lat' dir='ltr'><strong>tua.</strong></span> <span class='ocrx_word' id='word_1_806' title='bbox 2231 4896 2290 4954; x_wconf 89' lang='lat' dir='ltr'><strong>Si</strong></span> <span class='ocrx_word' id='word_1_807' title='bbox 2320 4899 2671 4955; x_wconf 90' lang='lat' dir='ltr'><strong>mentientem</strong></span> <span class='ocrx_word' id='word_1_808' title='bbox 2703 4900 2975 4955; x_wconf 89' lang='lat' dir='ltr'><strong>audierint</strong></span> <span class='ocrx_word' id='word_1_809' title='bbox 3008 4901 3230 4957; x_wconf 89' lang='lat' dir='ltr'><strong>fratrem</strong></span> <span class='ocrx_word' id='word_1_810' title='bbox 3251 4942 3266 4967; x_wconf 93' lang='lat'><strong>,</strong></span> <span class='ocrx_word' id='word_1_811' title='bbox 3298 4903 3488 4957; x_wconf 87' lang='lat' dir='ltr'><strong>admo-</strong></span> 
     </span>
    </p>
   </div>
   <div class='ocr_carea' id='block_1_108' title="bbox 1893 4990 3485 5058">
    <p class='ocr_par' dir='ltr' id='par_1_108' title="bbox 1893 4990 3485 5058">
     <span class='ocr_line' id='line_1_108' title="bbox 1893 4990 3485 5058; baseline 0.003 -16"><span class='ocrx_word' id='word_1_812' title='bbox 1893 4997 2061 5044; x_wconf 88' lang='lat' dir='ltr'><strong>neant</strong></span> <span class='ocrx_word' id='word_1_813' title='bbox 2083 5005 2210 5045; x_wconf 92' lang='lat' dir='ltr'><strong>eum</strong></span> <span class='ocrx_word' id='word_1_814' title='bbox 2227 4991 2498 5046; x_wconf 90' lang='lat' dir='ltr'><strong>dicentes:</strong></span> <span class='ocrx_word' id='word_1_815' title='bbox 2519 4990 2656 5058; x_wconf 91' lang='lat' dir='ltr'><strong>Quid</strong></span> <span class='ocrx_word' id='word_1_816' title='bbox 2681 4991 2948 5058; x_wconf 91' lang='lat' dir='ltr'><strong>mentiris,</strong></span> <span class='ocrx_word' id='word_1_817' title='bbox 2966 4991 3174 5047; x_wconf 89' lang='lat' dir='ltr'><strong>frater?</strong></span> <span class='ocrx_word' id='word_1_818' title='bbox 3201 5007 3325 5046; x_wconf 91' lang='lat' dir='ltr'><strong>cum</strong></span> <span class='ocrx_word' id='word_1_819' title='bbox 3341 4993 3485 5047; x_wconf 88' lang='lat' dir='ltr'><strong>scias</strong></span> 
     </span>
    </p>
   </div>
   <div class='ocr_carea' id='block_1_109' title="bbox 1899 5079 3487 5156">
    <p class='ocr_par' dir='ltr' id='par_1_109' title="bbox 1899 5079 3487 5156">
     <span class='ocr_line' id='line_1_109' title="bbox 1899 5079 3487 5156; baseline 0.003 -22"><span class='ocrx_word' id='word_1_820' title='bbox 1899 5079 2160 5150; x_wconf 89' lang='lat' dir='ltr'><strong>scriptum</strong></span> <span class='ocrx_word' id='word_1_821' title='bbox 2186 5100 2198 5135; x_wconf 91' lang='lat'>:</span> <span class='ocrx_word' id='word_1_822' title='bbox 2229 5081 2302 5136; x_wconf 88' lang='lat' dir='ltr'><strong>0s</strong></span> <span class='ocrx_word' id='word_1_823' title='bbox 2331 5082 2471 5152; x_wconf 87' lang='lat' dir='ltr'><strong>quod</strong></span> <span class='ocrx_word' id='word_1_824' title='bbox 2496 5083 2747 5137; x_wconf 86' lang='lat' dir='ltr'><strong>mentitur</strong></span> <span class='ocrx_word' id='word_1_825' title='bbox 2770 5084 2962 5137; x_wconf 89' lang='lat' dir='ltr'><strong>occidit</strong></span> <span class='ocrx_word' id='word_1_826' title='bbox 2988 5084 3219 5138; x_wconf 89' lang='lat' dir='ltr'><strong>animam</strong></span> <span class='ocrx_word' id='word_1_827' title='bbox 3246 5082 3396 5154; x_wconf 83' lang='lat' dir='ltr'><strong>(Sap.</strong></span> <span class='ocrx_word' id='word_1_828' title='bbox 3423 5084 3487 5156; x_wconf 88' lang='grc' dir='ltr'><strong>ι).</strong></span> 
     </span>
    </p>
   </div>
   <div class='ocr_carea' id='block_1_110' title="bbox 1898 5171 3486 5247">
    <p class='ocr_par' dir='ltr' id='par_1_110' title="bbox 1898 5171 3486 5247">
     <span class='ocr_line' id='line_1_110' title="bbox 1898 5171 3486 5247; baseline 0.003 -20"><span class='ocrx_word' id='word_1_829' title='bbox 1898 5171 1981 5237; x_wconf 89' lang='lat' dir='ltr'><strong>Et,</strong></span> <span class='ocrx_word' id='word_1_830' title='bbox 2008 5173 2206 5229; x_wconf 85' lang='lat' dir='ltr'><strong>Perdes</strong></span> <span class='ocrx_word' id='word_1_831' title='bbox 2231 5192 2408 5229; x_wconf 88' lang='lat' dir='ltr'><strong>omnes</strong></span> <span class='ocrx_word' id='word_1_832' title='bbox 2431 5175 2522 5246; x_wconf 92' lang='lat' dir='ltr'><strong>qui</strong></span> <span class='ocrx_word' id='word_1_833' title='bbox 2545 5173 2830 5246; x_wconf 87' lang='lat' dir='ltr'><strong>loquuntur</strong></span> <span class='ocrx_word' id='word_1_834' title='bbox 2851 5176 3183 5230; x_wconf 87' lang='lat' dir='ltr'><strong>mendacium</strong></span> <span class='ocrx_word' id='word_1_835' title='bbox 3208 5173 3380 5247; x_wconf 82' lang='lat' dir='ltr'><strong>(Psal.</strong></span> <span class='ocrx_word' id='word_1_836' title='bbox 3407 5177 3486 5246; x_wconf 87' lang='lat' dir='ltr'><strong>v).</strong></span> 
     </span>
    </p>
   </div>
   <div class='ocr_carea' id='block_1_111' title="bbox 1899 5269 3491 5338">
    <p class='ocr_par' dir='ltr' id='par_1_111' title="bbox 1899 5269 3491 5338">
     <span class='ocr_line' id='line_1_111' title="bbox 1899 5269 3491 5338; baseline -0.002 -12"><span class='ocrx_word' id='word_1_837' title='bbox 1899 5271 1959 5326; x_wconf 92' lang='lat' dir='ltr'><strong>Si</strong></span> <span class='ocrx_word' id='word_1_838' title='bbox 2009 5269 2282 5325; x_wconf 89' lang='lat' dir='ltr'><strong>audierint</strong></span> <span class='ocrx_word' id='word_1_839' title='bbox 2329 5269 2552 5324; x_wconf 89' lang='lat' dir='ltr'><strong>fratrem</strong></span> <span class='ocrx_word' id='word_1_840' title='bbox 2604 5271 2833 5325; x_wconf 89' lang='lat' dir='ltr'><strong>multum</strong></span> <span class='ocrx_word' id='word_1_841' title='bbox 2872 5269 3182 5338; x_wconf 86' lang='lat' dir='ltr'><strong>jurantem,</strong></span> <span class='ocrx_word' id='word_1_842' title='bbox 3231 5277 3491 5325; x_wconf 85' lang='lat' dir='ltr'><strong>moneant</strong></span> 
     </span>
    </p>
   </div>
   <div class='ocr_carea' id='block_1_112' title="bbox 1898 5360 3488 5431">
    <p class='ocr_par' dir='ltr' id='par_1_112' title="bbox 1898 5360 3488 5431">
     <span class='ocr_line' id='line_1_112' title="bbox 1898 5360 3488 5431; baseline -0.001 -14"><span class='ocrx_word' id='word_1_843' title='bbox 1898 5379 2024 5418; x_wconf 91' lang='lat' dir='ltr'><strong>eum</strong></span> <span class='ocrx_word' id='word_1_844' title='bbox 2049 5362 2322 5416; x_wconf 90' lang='lat' dir='ltr'><strong>dicentes:</strong></span> <span class='ocrx_word' id='word_1_845' title='bbox 2345 5360 2563 5427; x_wconf 81' lang='lat' dir='ltr'><strong>Retine,</strong></span> <span class='ocrx_word' id='word_1_846' title='bbox 2591 5361 2783 5428; x_wconf 88' lang='lat' dir='ltr'><strong>frater,</strong></span> <span class='ocrx_word' id='word_1_847' title='bbox 2809 5361 3048 5431; x_wconf 86' lang='lat' dir='ltr'><strong>linguam</strong></span> <span class='ocrx_word' id='word_1_848' title='bbox 3089 5361 3264 5413; x_wconf 91' lang='lat' dir='ltr'><strong>tuam!</strong></span> <span class='ocrx_word' id='word_1_849' title='bbox 3297 5361 3488 5430; x_wconf 89' lang='lat' dir='ltr'><strong>utquid</strong></span> 
     </span>
    </p>
   </div>
   <div class='ocr_carea' id='block_1_113' title="bbox 1892 5449 3485 5524">
    <p class='ocr_par' dir='ltr' id='par_1_113' title="bbox 1892 5449 3485 5524">
     <span class='ocr_line' id='line_1_113' title="bbox 1892 5449 3485 5524; baseline -0.003 -16"><span class='ocrx_word' id='word_1_850' title='bbox 1892 5453 2083 5524; x_wconf 89' lang='lat' dir='ltr'><strong>juras?</strong></span> <span class='ocrx_word' id='word_1_851' title='bbox 2113 5467 2236 5508; x_wconf 89' lang='lat' dir='ltr'><strong>cum</strong></span> <span class='ocrx_word' id='word_1_852' title='bbox 2279 5453 2542 5524; x_wconf 89' lang='lat' dir='ltr'><strong>scriptum</strong></span> <span class='ocrx_word' id='word_1_853' title='bbox 2574 5453 2646 5508; x_wconf 91' lang='lat' dir='ltr'><strong>sit</strong></span> <span class='ocrx_word' id='word_1_854' title='bbox 2685 5471 2698 5506; x_wconf 89' lang='lat'>:</span> <span class='ocrx_word' id='word_1_855' title='bbox 2745 5451 2871 5506; x_wconf 87' lang='lat' dir='ltr'><strong>Non</strong></span> <span class='ocrx_word' id='word_1_856' title='bbox 2899 5449 3111 5520; x_wconf 80' lang='lat' dir='ltr'><strong>jurabis</strong></span> <span class='ocrx_word' id='word_1_857' title='bbox 3151 5466 3244 5520; x_wconf 91' lang='lat' dir='ltr'><strong>per</strong></span> <span class='ocrx_word' id='word_1_858' title='bbox 3278 5449 3485 5516; x_wconf 74' lang='lat' dir='ltr'><strong>caelum,</strong></span> 
     </span>
    </p>
   </div>
   <div class='ocr_carea' id='block_1_114' title="bbox 1897 5537 3488 5614">
    <p class='ocr_par' dir='ltr' id='par_1_114' title="bbox 1897 5537 3488 5614">
     <span class='ocr_line' id='line_1_114' title="bbox 1897 5537 3488 5614; baseline -0.001 -19"><span class='ocrx_word' id='word_1_859' title='bbox 1897 5543 2022 5614; x_wconf 91' lang='lat' dir='ltr'><strong>quia</strong></span> <span class='ocrx_word' id='word_1_860' title='bbox 2051 5542 2196 5597; x_wconf 87' lang='lat' dir='ltr'><strong>sedes</strong></span> <span class='ocrx_word' id='word_1_861' title='bbox 2220 5541 2318 5596; x_wconf 89' lang='lat' dir='ltr'><strong>Dei</strong></span> <span class='ocrx_word' id='word_1_862' title='bbox 2351 5550 2423 5596; x_wconf 87' lang='lat' dir='ltr'><strong>est</strong></span> <span class='ocrx_word' id='word_1_863' title='bbox 2441 5583 2455 5607; x_wconf 95' lang='lat'><strong>,</strong></span> <span class='ocrx_word' id='word_1_864' title='bbox 2484 5558 2646 5612; x_wconf 87' lang='lat' dir='ltr'><strong>neque</strong></span> <span class='ocrx_word' id='word_1_865' title='bbox 2671 5555 2764 5610; x_wconf 88' lang='lat' dir='ltr'><strong>per</strong></span> <span class='ocrx_word' id='word_1_866' title='bbox 2795 5547 3020 5603; x_wconf 88' lang='lat' dir='ltr'><strong>terram,</strong></span> <span class='ocrx_word' id='word_1_867' title='bbox 3049 5538 3174 5609; x_wconf 86' lang='lat' dir='ltr'><strong>quia</strong></span> <span class='ocrx_word' id='word_1_868' title='bbox 3202 5537 3488 5593; x_wconf 87' lang='lat' dir='ltr'><strong>scabellum</strong></span> 
     </span>
    </p>
   </div>
   <div class='ocr_carea' id='block_1_115' title="bbox 1897 5629 3486 5706">
    <p class='ocr_par' dir='ltr' id='par_1_115' title="bbox 1897 5629 3486 5706">
     <span class='ocr_line' id='line_1_115' title="bbox 1897 5629 3486 5706; baseline -0.003 -18"><span class='ocrx_word' id='word_1_869' title='bbox 1897 5632 2088 5704; x_wconf 86' lang='lat' dir='ltr'><strong>pedum</strong></span> <span class='ocrx_word' id='word_1_870' title='bbox 2111 5634 2224 5704; x_wconf 81' lang='lat' dir='ltr'><strong>ejus</strong></span> <span class='ocrx_word' id='word_1_871' title='bbox 2243 5643 2334 5699; x_wconf 88' lang='lat' dir='ltr'><strong>est,</strong></span> <span class='ocrx_word' id='word_1_872' title='bbox 2353 5651 2516 5706; x_wconf 89' lang='lat' dir='ltr'><strong>neque</strong></span> <span class='ocrx_word' id='word_1_873' title='bbox 2537 5649 2629 5704; x_wconf 88' lang='lat' dir='ltr'><strong>per</strong></span> <span class='ocrx_word' id='word_1_874' title='bbox 2649 5639 2803 5702; x_wconf 84' lang='lat' dir='ltr'><strong>caput</strong></span> <span class='ocrx_word' id='word_1_875' title='bbox 2824 5638 3050 5684; x_wconf 83' lang='lat' dir='ltr'><strong>vestrum</strong></span> <span class='ocrx_word' id='word_1_876' title='bbox 3062 5629 3337 5700; x_wconf 86' lang='lat' dir='ltr'><strong>jurabitis,</strong></span> <span class='ocrx_word' id='word_1_877' title='bbox 3352 5638 3486 5697; x_wconf 91' lang='lat' dir='ltr'><strong>etc.,</strong></span> 
     </span>
    </p>
   </div>
   <div class='ocr_carea' id='block_1_116' title="bbox 1897 5720 3488 5794">
    <p class='ocr_par' dir='ltr' id='par_1_116' title="bbox 1897 5720 3488 5794">
     <span class='ocr_line' id='line_1_116' title="bbox 1897 5720 3488 5794; baseline -0.001 -14"><span class='ocrx_word' id='word_1_878' title='bbox 1897 5724 1994 5780; x_wconf 87' lang='lat' dir='ltr'><strong>sed</strong></span> <span class='ocrx_word' id='word_1_879' title='bbox 2018 5726 2084 5780; x_wconf 81' lang='lat' dir='ltr'><strong>sit</strong></span> <span class='ocrx_word' id='word_1_880' title='bbox 2109 5742 2278 5780; x_wconf 90' lang='lat' dir='ltr'><strong>sermo</strong></span> <span class='ocrx_word' id='word_1_881' title='bbox 2304 5736 2466 5780; x_wconf 86' lang='lat' dir='ltr'><strong>vester</strong></span> <span class='ocrx_word' id='word_1_882' title='bbox 2493 5733 2590 5787; x_wconf 82' lang='lat' dir='ltr'><strong>est,</strong></span> <span class='ocrx_word' id='word_1_883' title='bbox 2621 5729 2717 5787; x_wconf 90' lang='lat' dir='ltr'><strong>est,</strong></span> <span class='ocrx_word' id='word_1_884' title='bbox 2751 5737 2878 5786; x_wconf 82' lang='lat' dir='ltr'><strong>non,</strong></span> <span class='ocrx_word' id='word_1_885' title='bbox 2916 5735 3021 5774; x_wconf 92' lang='lat' dir='ltr'><strong>non</strong></span> <span class='ocrx_word' id='word_1_886' title='bbox 3052 5720 3268 5791; x_wconf 80' lang='lat' dir='ltr'><strong>(Matth.</strong></span> <span class='ocrx_word' id='word_1_887' title='bbox 3302 5737 3354 5788; x_wconf 87' lang='lat' dir='ltr'><strong>v,</strong></span> <span class='ocrx_word' id='word_1_888' title='bbox 3385 5720 3488 5794; x_wconf 76' lang='lat' dir='ltr'><strong>Vl).</strong></span> 
     </span>
    </p>
   </div>
   <div class='ocr_carea' id='block_1_117' title="bbox 1901 5813 3486 5879">
    <p class='ocr_par' dir='ltr' id='par_1_117' title="bbox 1901 5813 3486 5879">
     <span class='ocr_line' id='line_1_117' title="bbox 1901 5813 3486 5879; baseline -0.003 -6"><span class='ocrx_word' id='word_1_889' title='bbox 1901 5818 1959 5873; x_wconf 92' lang='lat' dir='ltr'><strong>Si</strong></span> <span class='ocrx_word' id='word_1_890' title='bbox 2001 5819 2238 5875; x_wconf 89' lang='lat' dir='ltr'><strong>viderint</strong></span> <span class='ocrx_word' id='word_1_891' title='bbox 2283 5819 2628 5879; x_wconf 88' lang='lat' dir='ltr'><strong>irascentem,</strong></span> <span class='ocrx_word' id='word_1_892' title='bbox 2677 5813 3007 5868; x_wconf 90' lang='lat' dir='ltr'><strong>admoneant</strong></span> <span class='ocrx_word' id='word_1_893' title='bbox 3050 5828 3174 5869; x_wconf 88' lang='lat' dir='ltr'><strong>eum</strong></span> <span class='ocrx_word' id='word_1_894' title='bbox 3201 5813 3486 5870; x_wconf 83' lang='lat' dir='ltr'><strong>dicentes:</strong></span> 
     </span>
    </p>
   </div>
   <div class='ocr_carea' id='block_1_118' title="bbox 1901 5905 3487 5983">
    <p class='ocr_par' dir='ltr' id='par_1_118' title="bbox 1901 5905 3487 5983">
     <span class='ocr_line' id='line_1_118' title="bbox 1901 5905 3487 5983; baseline -0.001 -17"><span class='ocrx_word' id='word_1_895' title='bbox 1901 5910 2043 5978; x_wconf 89' lang='lat' dir='ltr'><strong>Quid</strong></span> <span class='ocrx_word' id='word_1_896' title='bbox 2065 5911 2201 5983; x_wconf 88' lang='lat' dir='ltr'><strong>agis,</strong></span> <span class='ocrx_word' id='word_1_897' title='bbox 2223 5909 2422 5966; x_wconf 85' lang='lat' dir='ltr'><strong>frater?</strong></span> <span class='ocrx_word' id='word_1_898' title='bbox 2439 5907 2498 5964; x_wconf 84' lang='lat' dir='ltr'><strong>In</strong></span> <span class='ocrx_word' id='word_1_899' title='bbox 2518 5905 2932 5963; x_wconf 86' lang='lat' dir='ltr'><strong>mansuetudine</strong></span> <span class='ocrx_word' id='word_1_900' title='bbox 2957 5913 3013 5961; x_wconf 89' lang='lat' dir='ltr'><strong>et</strong></span> <span class='ocrx_word' id='word_1_901' title='bbox 3034 5905 3300 5964; x_wconf 85' lang='lat' dir='ltr'><strong>charitate</strong></span> <span class='ocrx_word' id='word_1_902' title='bbox 3319 5919 3487 5978; x_wconf 82' lang='lat' dir='ltr'><strong>opera</strong></span> 
     </span>
    </p>
   </div>
   <div class='ocr_carea' id='block_1_119' title="bbox 2861 6003 3042 6095">
    <p class='ocr_par' dir='ltr' id='par_1_119' title="bbox 2861 6003 3042 6095">
     <span class='ocr_line' id='line_1_119' title="bbox 2861 6003 3042 6095; baseline -0.011 -30"><span class='ocrx_word' id='word_1_903' title='bbox 2861 6003 3042 6095; x_wconf 76' lang='lat'><strong>_27</strong></span> 
     </span>
    </p>
   </div>
  </div>
