3994 6520
504 489 608 543 847

1780 470 2060 529 SMARAG
2069 470 2132 526 DI
2170 466 2461 524 ABBATIS

3681 453 3792 510 848

499 604 729 661 nitatem
785 595 1136 666 exsecrabilis
1164 590 1232 647 'et
1284 590 1515 646 infidelis
1568 589 1878 654 habebitur,
1937 587 2081 657 quod
2109 590 2162 650 Α
2186 587 2409 642 alterius
2440 595 2661 638 manum
2689 575 2942 640 tenuerit,
2999 576 3043 630 si
3070 573 3328 666 ioculare?
3354 571 3564 643 aliquid
3594 571 3689 626 vel
3717 576 3798 629 ri—

499 709 600 768 per
629 689 1015 747 abundantiam
1057 684 1278 740 malitiae
1333 682 1506 737 noluit
1540 680 1791 751 prodere,
1828 686 1891 732 ut
1915 678 2087 732 corri—

501 801 632 858 gere
666 783 933 854 potuisset
980 784 1298 843 errantem;
1333 783 1388 830 et
1415 774 1540 829 odio
1568 771 1866 843 disciplinae
1898 770 2088 826 dilexit

501 878 786 942 malitiam,
817 882 875 930 et
894 872 1068 928 astitit
1092 870 1243 926 omni
1271 869 1374 924 viae
1394 883 1505 923 non
1531 868 1707 923 bonae.

1066 959 1294 1017 CAPUT
1329 958 1519 1014 XXIV.

615 1056 802 1125 Qualis
830 1057 1014 1112 debeat
1048 1070 1160 1108 esse
1194 1052 1381 1107 modus
1402 1046 1980 1106 excommunicationis.

574 1150 875 1208 Secundum
911 1149 1125 1203 modum
1178 1145 1366 1217 culpae,
1420 1140 1976 1199 excommunicationis
2014 1135 2091 1192 vel

501 1242 796 1314 disciplinae
849 1240 997 1295 debet
1054 1238 1264 1294 extendi
1324 1248 1622 1292 mensura:
1679 1235 1768 1306 qui
1817 1233 2093 1302 culparum

503 1334 692 1388 modus
721 1334 779 1387 in
807 1331 1010 1386 abbatis
1031 1330 1252 1402 pendeat
1289 1329 1516 1399 judicio.
1556 1327 1931 1396 Interrogatus
1960 1323 2093 1377 bea-

508 1437 599 1481 tus
626 1425 863 1480 Basilius
895 1423 1146 1494 qualibus
1197 1419 1634 1491 correptionibus
1669 1417 1747 1472 uti
1777 1422 1991 1486 oportet
2016 1413 2097 1466 in-

503 1527 589 1573 ter
626 1516 826 1572 fratres
857 1517 926 1571 ad
951 1515 1388 1571 emendationem
1411 1527 1602 1568 eorum
1629 1510 1722 1581 qui
1755 1509 2092 1576 delinquunt,

504 1608 805 1680 respondit.
844 1605 960 1662 Hoc
1009 1607 1082 1661 sit
1138 1606 1193 1660 in
1234 1605 1441 1674 judicio
1500 1603 1738 1674 positum
1781 1614 1970 1655 eorum
2003 1596 2098 1667 qui

502 1709 765 1772 prmsunt,
795 1699 881 1754 vel
930 1707 1134 1770 quanto
1165 1708 1430 1768 tempore,
1472 1697 1559 1751 vel
1584 1695 1732 1766 quali
1787 1694 1949 1748 modo
1978 1707 2100 1746 cor-

507 1794 612 1864 ripi
643 1794 880 1848 debeant
906 1809 921 1859 ;
955 1793 1081 1861 quia
1107 1800 1162 1846 et
1185 1799 1340 1854 aetas,
1370 1798 1426 1844 et
1450 1788 1705 1850 eruditio,
1740 1785 1966 1840 multam
1996 1784 2098 1837 ha-

504 1887 639 1942 bere
688 1885 820 1940 facit
875 1883 1242 1939 differentiam
1271 1897 1464 1954 ptenae.
1505 1880 1642 1934 Item
1690 1894 1757 1933 ex
1788 1877 1973 1948 regula
2000 1891 2098 1929 cu-

2190 678 2274 734 sui
2332 683 2518 745 aptum
2571 670 2626 726 in
2651 676 2922 725 conventu
2948 668 3176 722 fratrum
3206 665 3456 737 proferre
3511 680 3766 734 praesum

2189 769 2382 838 pserit,
2408 765 2491 820 vel
2546 763 2639 834 qui
2668 776 2792 816 cum
2815 759 3123 831 junioribus
3150 758 3315 812 verba
3345 758 3526 811 otiosa
3554 771 3798 812 narrare

2191 859 2441 922 voluerit,
2466 863 2560 910 aut
2588 853 2788 908 habere
2814 849 3080 906 amicitias
3116 849 3290 904 aetatis
3315 847 3578 912 infirmae,
3617 848 3802 903 incre-

2193 952 2421 1022 pationi,
2456 956 2517 1002 ut
2542 947 2736 1017 dignus
2763 952 2866 1011 est,
2898 941 3214 1012 subjacebit.
3268 938 3326 994 Si
3376 940 3505 1008 quis
3531 938 3803 1008 quaelibet

2092 1073 2096 1076 -
2195 1040 2482 1106 invenerit,
2547 1039 2762 1092 inventa
2815 1051 2923 1089 non
2978 1033 3137 1097 celet,
3181 1039 3236 1086 et
3273 1029 3667 1102 cognoscenda
3695 1043 3798 1082 non

2195 1133 2448 1190 occultet.
2484 1131 2637 1198 Quod
2667 1129 2714 1184 si
2758 1135 2974 1197 reperta
3000 1125 3164 1180 unius
3201 1123 3310 1178 diei
3357 1123 3541 1192 spatio
3569 1122 3802 1177 convin-

2195 1227 2338 1281 citur
2395 1229 2696 1279 retentasse
2751 1219 2977 1283 furtum,
3010 1216 3327 1287 contagiose
3367 1214 3722 1269 maculatum
3745 1229 3800 1267 se

2196 1331 2318 1371 esse
2345 1320 2653 1382 cognoscat.
2711 1309 2770 1364 Si
2795 1310 2916 1379 quis
2946 1294 3071 1362 eum
3111 1311 3205 1377 qui
3229 1306 3652 1361 districtionem
3693 1322 3800 1359 mo-

2198 1405 2424 1462 nasterii
2469 1420 2578 1460 non
2610 1401 2819 1469 ferens,
2867 1401 3049 1470 fugam
3096 1399 3356 1454 meditari
3405 1399 3730 1469 agnoverit,
3761 1399 3801 1452 si

2198 1514 2310 1554 non
2335 1499 2519 1554 statim
2547 1495 2866 1567 prodiderit,
2924 1492 3245 1564 perditionis
3293 1491 3438 1546 illius
3473 1493 3802 1561 participem

2201 1605 2260 1646 se
2280 1605 2399 1645 esse
2430 1604 2538 1644 non
2570 1587 2798 1644 dubitet.
2858 1585 2926 1640 Et
2957 1583 3144 1640 tandiu
3195 1589 3280 1638 est
3315 1598 3345 1636 a
3378 1589 3671 1636 conventu
3705 1580 3804 1633 fra-

2201 1690 2346 1737 trum
2394 1679 2839 1751 sequestrandus,
2886 1676 3124 1748 quandiu
3175 1674 3266 1729 ille
3291 1673 3478 1728 valeat
3532 1673 3800 1727 revocari.

2203 1771 2261 1827 Si
2301 1772 2423 1843 quis
2463 1772 2580 1826 haec
2613 1785 2720 1825 non
2779 1769 2927 1825 omni
2986 1768 3191 1822 virtute
3245 1765 3523 1821 studuerit
3576 1763 3802 1818 Domine

2201 1865 2467 1935 placitura
2516 1878 2758 1929 servare,
2802 1871 2856 1918 et
2911 1860 3078 1917 semel
3125 1875 3192 1916 ac
3219 1859 3463 1916 secundo
3521 1863 3803 1926 correptus

497 1977 715 2048 jusdam
746 1951 1328 2031 excommunicationis
1369 1985 1624 2025 mensura
1653 1967 1831 2039 qualis
1861 1981 1981 2021 esse
2009 1965 2101 2019 de—
2127 1960 2177 2020 B
2205 1976 2312 2015 non
2363 1958 2756 2024 emendaverit,
2783 1957 3113 2027 reprehensa
3139 1955 3295 2025 juxta
3349 1952 3545 2008 aetatis
3574 1951 3798 2006 formam

508 2071 656 2135 beat,
683 2067 891 2136 justum
913 2065 1212 2123 scientibus
1240 2065 1475 2119 liberare
1497 2060 1761 2133 judicium
1789 2057 1962 2128 culpa:
1987 2071 2104 2111 mo-

499 2165 604 2220 dus
657 2163 928 2219 ostendat.
967 2160 1286 2215 Levioribus
1341 2159 1487 2212 enim
1541 2155 1716 2226 culpis
1745 2153 1919 2209 levior
1949 2151 2104 2206 adhi-

500 2255 681 2311 benda
709 2263 794 2308 est
835 2253 1129 2322 correptio,
1160 2249 1504 2323 gravioribus
1530 2262 1661 2303 vero
1688 2245 1989 2301 ferventior
2015 2250 2101 2298 est

503 2345 811 2401 exhibenda
871 2343 1171 2399 damnatio.
1228 2342 1465 2397 Proinde
1522 2340 1705 2395 abbati
1759 2335 2103 2407 pensandum

502 2444 613 2504 est,
642 2444 705 2492 ut
731 2437 778 2491 si
806 2435 1004 2506 aliquis
1029 2434 1200 2490 frater
1226 2433 1281 2488 in
1307 2431 1607 2488 levioribus
1637 2429 1809 2499 culpis
1832 2428 2105 2483 invenitur

504 2525 796 2592 obnoxius,
831 2539 1006 2594 usque
1037 2524 1105 2579 ad
1128 2523 1391 2601 indictam
1420 2522 1526 2577 sibi
1548 2521 1744 2576 horam
1775 2534 1968 2575 mensa
1993 2517 2106 2590 pri-

507 2624 687 2672 vetur.
718 2616 798 2672 De
821 2616 1164 2688 gravioribus
1209 2630 1342 2670 vero
1373 2628 1471 2669 seu
1500 2612 1731 2678 dierum,
1789 2610 1875 2666 vel
1903 2609 2108 2664 hebdoo

500 2710 812 2774 madarum,
829 2709 916 2764 vel
938 2707 1475 2781 mensiumﬁiflinitio
1500 2706 1559 2762 in
1583 2705 1797 2776 longius
1822 2710 2105 2778 protracta

508 2803 854 2874 correptione
884 2801 1125 2856 finiatur.

575 2894 636 2952 Si
664 2895 781 2968 quis
805 2903 981 2949 tamen
1009 2895 1176 2964 frater
1203 2894 1262 2949 in
1293 2893 1574 2950 levioribus
1603 2893 1772 2962 culpis
1807 2889 2099 2955 invenitur,

504 2994 714 3041 tantum
762 3003 797 3040 a
842 3001 1035 3040 mensa:
1082 2985 1484 3056 participatione
1533 2982 1784 3054 privetur.
1854 2978 2102 3035 Levioris

505 3079 681 3150 culpa:
707 3094 838 3136 reus
861 3088 969 3144 est,
1002 3086 1063 3133 ut
1088 3079 1166 3134 ait
1198 3078 1457 3143 Isidorus,
1496 3075 1589 3146 qui
1615 3074 1824 3130 otiosus
1858 3087 1981 3128 esse
2013 3073 2100 3128 di-

503 3169 724 3236 lexerit,
755 3171 850 3240 qui
879 3169 946 3224 ad
979 3169 1239 3236 officium,
1293 3168 1380 3222 vel
1408 3167 1476 3222 ad
1524 3165 1888 3231 collationem,
1915 3163 2003 3218 vel
2038 3164 2107 3219 ad

503 3279 754 3320 mensam
783 3264 995 3319 tardius
1032 3263 1286 3326 venerit;
1339 3261 1432 3331 qui
1471 3260 1524 3314 in
1551 3261 1717 3315 choro
1742 3259 1930 3314 riserit
1951 3257 2107 3312 fabu-

511 3354 651 3410 lisve
675 3354 985 3420 vacaverit;
1017 3354 1133 3423 qui,
1189 3351 1382 3406 relicto
1411 3349 1588 3407 oflicio
1615 3349 1702 3406 vel
1733 3365 1917 3421 opere,
1950 3357 2107 3404 extra

503 3447 852 3504 necessitatis
901 3461 1122 3501 causam
1177 3443 1327 3498 foras
1375 3443 1730 3508 discesserit;
1780 3442 1873 3512 qui
1926 3450 2110 3512 torpo-

503 3555 624 3595 rem
664 3546 721 3594 et
765 3553 1014 3594 somnum
1076 3537 1361 3604 amaverit,
1419 3537 1512 3606 qui
1571 3536 1768 3607 saepius
1814 3534 2105 3604 juraverit,

505 3629 982 3701 quimultiloquus
1035 3628 1225 3694 fuerit,
1258 3629 1351 3697 qui
1403 3629 1769 3683 ministerium
1818 3627 2109 3696 cujuslibet

507 3721 692 3792 operis
726 3720 1030 3790 iniunctum
1061 3720 1164 3774 sibi
1195 3719 1313 3774 sine
1347 3720 1726 3774 benedictione
1785 3721 2107 3790 susceperit,

505 3823 604 3870 aut
632 3821 858 3886 peracto
885 3825 1049 3883 opere
1076 3812 1515 3868 benedictionem
1548 3813 1774 3868 minime
1801 3812 2112 3884 postulave-

508 3908 604 3973 rit,
637 3907 730 3976 qui
762 3903 1063 3974 injunctum
1087 3921 1224 3975 opus
1257 3905 1600 3976 negligenter
1635 3905 1721 3958 vel
1776 3905 1983 3960 tardius
2012 3921 2110 3960 cx-

509 3997 745 4069 pleverit
775 4011 790 4050 :
826 3995 920 4067 qui
971 4011 1099 4052 casu
1129 4011 1226 4050 vas
1281 3995 1501 4066 aliquod
1529 3994 1777 4067 fregerit,
1835 3996 1927 4065 qui
1955 3995 2111 4050 dam-

509 4105 642 4147 num
689 4089 772 4145 rei
823 4104 1011 4161 parvae
1065 4088 1331 4153 intulerit,
1393 4088 1486 4158 qui
1543 4088 1730 4144 codice
1780 4089 2114 4160 negligenter

504 4198 640 4239 usus
665 4179 853 4247 fuerit,
905 4181 1001 4252 qui
1057 4181 1256 4236 alicubi
1287 4180 1355 4235 ad
1414 4189 1753 4236 momentum
1797 4181 2107 4244 secesserit,

509 4273 604 4344 qui
633 4271 848 4328 occulte
878 4271 947 4326 ab
978 4271 1160 4342 aliquo
1213 4272 1431 4327 litteras
1461 4271 1548 4326 vel
1601 4271 1879 4342 quodlibet
1915 4287 2113 4326 munus

515 4363 814 4433 acceperit,
851 4362 938 4417 vel
965 4362 1256 4432 epistolam
1286 4362 1592 4432 suscipiens
1617 4361 1992 4426 occultaverit,
2019 4368 2113 4416 aut

510 4455 630 4509 sine
676 4453 893 4508 abbatis
946 4467 1218 4508 consensu
1273 4451 1646 4522 rescripserit,
1697 4451 1784 4506 vel
1815 4451 2113 4521 quemlibet

508 4551 822 4615 parentum,
875 4557 973 4598 seu
1019 4543 1360 4599 saecularium
1396 4543 1515 4598 sine
1561 4541 1718 4612 jussu
1756 4543 1991 4598 senioris
2021 4551 2116 4598 aut

510 4633 734 4701 viderit,
767 4642 863 4689 aut
893 4649 1018 4689 cum
1053 4650 1121 4690 eo
1150 4633 1364 4689 locutus
1393 4633 1595 4701 fuerit;
1637 4634 1729 4703 qui
1763 4635 1964 4689 seniori
1995 4635 2112 4690 ino-

508 4725 736 4782 bediens
761 4723 947 4792 fuerit,
981 4726 1074 4796 qui
1127 4727 1529 4782 contumaciter
1582 4725 1784 4781 seniori
1816 4727 2110 4797 responde-

508 4818 606 4886 rit,
640 4818 734 4889 qui
764 4833 892 4889 erga
922 4819 1198 4874 seniorem
1233 4817 1478 4892 linguam
1505 4836 1614 4875 non
1645 4821 1989 4890 represserit,
2015 4821 2107 4890 qui

508 4909 748 4966 lascivus
808 4911 865 4964 in
895 4910 1080 4981 lingua
1133 4910 1317 4978 fuerit,
1353 4911 1447 4982 qui
1476 4912 1761 4969 inhoneste
1797 4914 2106 4980 incesserit,

509 5003 604 5073 qui
624 5001 912 5071 joeaverit,
971 5002 1065 5073 qui
1103 5003 1234 5057 satis
1266 5004 1474 5071 riserit,
1507 5006 1600 5074 qui
1641 5021 1764 5060 cum
1796 5021 2111 5062 excommu-

506 5094 694 5149 nicato
737 5092 954 5148 locutus
983 5091 1168 5160 fuerit,
1199 5095 1456 5160 oraverit,
1518 5096 1837 5163 comederit,
1869 5097 1962 5168 qui
1991 5097 2112 5151 illu-

508 5185 723 5240 sionem
779 5190 1109 5238 nocturnam
1165 5183 1316 5239 Patri
1369 5201 1478 5239 non
1508 5185 1852 5254 patefecerit.
1895 5186 2023 5243 Haec
2055 5193 2112 5243 et

509 5275 599 5330 his
627 5273 827 5330 similia
859 5275 1150 5347 disciplina
1173 5278 1754 5335 excommunicationis
1773 5281 2111 5337 emendanda

511 5377 658 5425 sunt.
688 5368 828 5424 Nam
855 5377 912 5424 et
942 5369 1073 5425 alibi
1104 5369 1250 5425 inter
1271 5370 1506 5425 leviores
1536 5371 1723 5442 culpas
1772 5374 1872 5428 has
1904 5374 2113 5429 inveni-

509 5475 635 5515 mus
671 5468 1012 5526 numeratas,
1032 5460 1086 5514 id
1119 5469 1222 5527 est,
1255 5461 1302 5516 si
1331 5461 1633 5518 decantans
1665 5465 1787 5534 quis
1814 5465 2111 5536 psalmum,

509 5552 599 5607 vel
623 5553 896 5608 modicum
925 5554 1056 5623 quid
1088 5554 1424 5622 titubaverit,
1453 5556 1498 5611 si
1528 5557 1616 5612 vel
1644 5557 1838 5612 leviter
1868 5574 2113 5612 murmu-

510 5641 746 5708 raverit,‘
768 5644 814 5698 si
851 5645 1078 5700 dimissa
1128 5647 1322 5718 synaxi
1354 5663 1462 5701 non
1515 5648 1763 5703 concitus
1818 5649 1886 5703 ad
1916 5648 2110 5704 cellam

513 5750 800 5792 recurrere
830 5735 1192 5805 festinaverit,
1227 5740 1272 5794 si
1303 5740 1612 5806 lectionem,
1657 5753 1844 5810 Opera,
1877 5742 1961 5796 vel
1986 5742 2111 5798 obe-

515 5828 736 5884 dientite
758 5830 1044 5900 proferens
1065 5829 1260 5898 officia,
1283 5841 1486 5888 statuta
1517 5833 1734 5903 segnius
1764 5832 1926 5888 fuerit
1953 5850 2110 5892 exse-

517 5930 717 5987 cutus;
748 5923 794 5977 si
827 5939 952 5979 cum
983 5923 1168 5994 aliquo
1194 5926 1277 5980 vel
1308 5928 1374 5982 ad
1402 5927 1675 5983 modicum
1705 5929 2029 5996 substiterit,
2061 5929 2108 5985 si

2205 2051 2457 2108 convenit
2483 2049 2732 2104 indicari.
2773 2047 3066 2118 Hucusque
3095 2053 3152 2102 et
3186 2047 3242 2100 in
3271 2043 3600 2116 huiusmodi
3633 2059 3698 2098 ac
3738 2046 3800 2098 si-

2203 2143 2421 2199 milibus
2476 2141 2726 2197 admissis
2774 2140 3018 2212 procedit
3046 2138 3452 2194 animadversio
3513 2136 3795 2208 spiritalis.

2203 2234 2443 2290 Residua
2467 2249 2601 2288 vero
2627 2249 2748 2304 quae
2777 2235 2918 2304 apud
2949 2247 3050 2289 nos
3091 2231 3476 2287 indifferenter
3507 2233 3750 2287 admissa
3773 2248 3797 2284 a

2204 2326 2361 2382 nobis
2386 2342 2601 2398 quoque
2657 2324 3178 2396 reprehensibilibus
3218 2325 3596 2391 sustinentur,
3625 2325 3682 2380 id
3708 2333 3798 2387 est,

2206 2426 2393 2488 aperta
2422 2418 2692 2483 convicia,
2721 2416 2994 2473 manifesti
3024 2425 3388 2486 contemptus,
3419 2418 3800 2473 contradictio-

2206 2524 2304 2564 nes
2346 2509 2587 2574 tumidae,
2617 2507 2792 2564 libera
2820 2515 2874 2564 et
2904 2507 3166 2563 effrenata
3193 2508 3502 2578 processio,
3531 2508 3803 2564 familiari-

2207 2608 2292 2655 tas
2330 2599 2474 2670 apud
2505 2599 2760 2665 feminas,
2817 2598 2934 2664 irte,
2963 2598 3118 2665 rima,
3158 2598 3469 2655 simultates
3529 2609 3589 2654 et
3611 2600 3801 2670 jurgia,

2206 2689 2387 2759 operis
2415 2689 2704 2760 peculiaris
2744 2689 3118 2759 prmsumptio,
3148 2687 3504 2760 philargyrize
3535 2690 3803 2760 contagio,

2207 2781 2434 2838 affectus
2490 2790 2652 2851 atque
2693 2782 2969 2852 possessio
3027 2795 3213 2836 rerum
3256 2779 3653 2852 superﬂuamm
3685 2796 3808 2850 qua:

2209 2891 2240 2931 a
2267 2873 2482 2930 caeteris
2514 2873 2780 2929 fratribus
2805 2889 2915 2929 non
2952 2871 3244 2938 habentur,
3270 2871 3717 2928 extraordinaria
3749 2886 3809 2926 ac

2209 2963 2491 3020 fructifera
2515 2964 2623 3019 cibi
2652 2962 2910 3030 refectio;
2953 2965 3071 3020 haec
3104 2971 3160 3019 et
3191 2963 3399 3020 similia
3443 2979 3558 3019 non
3615 2963 3711 3018 illa
3734 2964 3805 3018 in-

2209 3056 2524 3126 crepatione
2538 3071 2644 3126 qua
2672 3055 2910 3112 diximus
2939 3056 3309 3128 spiritali,sed
3322 3056 3412 3113 vel
3427 3057 3611 3130 plagis
3636 3072 3806 3113 emen-

2209 3148 2430 3215 dantur,
2460 3147 2548 3203 vel
2577 3148 2896 3219 expulsione
2925 3157 3246 3221 purgantur.

2285 3257 2490 3314 Privati
2519 3271 2696 3315 autem
2717 3278 2750 3314 α
2779 3277 2973 3316 mensa:
2997 3261 3260 3316 consortio
3289 3261 3397 3316 ista
3426 3264 3537 3317 erit
3568 3264 3727 3327 ratio,
3764 3274 3813 3314 at

2136 3328 2180 3391 σε
2211 3352 2266 3408 in
2294 3354 2528 3408 oratorio
2563 3353 2826 3425 psalmum
2873 3364 2964 3409 aut
3016 3356 3359 3426 antiphonam
3422 3374 3536 3411 non
3569 3357 3812 3427 imponat,

2212 3465 2376 3520 neque
2401 3447 2674 3502 lectionem
2701 3448 2876 3501 recitet
2906 3464 3068 3518 usque
3093 3447 3161 3501 ad
3190 3447 3654 3517 satisfactionem.
3687 3448 3810 3502 Hinc

2212 3541 2431 3611 quidam
2462 3542 2853 3596 monachorum
2878 3541 3140 3612 magister
3194 3541 3270 3595 ait
3303 3559 3316 3594 :
3371 3540 3589 3596 Frater
3616 3542 3712 3612 qui
3738 3541 3804 3594 le-

2211 3650 2335 3689 vem
2366 3634 2580 3704 culpam
2605 3634 2885 3701 habuerit,
2919 3641 2973 3688 et
3001 3641 3127 3703 post
3147 3633 3380 3703 primam
3413 3641 3474 3689 et
3499 3635 3810 3696 secundam,

2212 3734 2268 3782 et
2311 3726 2530 3780 tertiam
2587 3725 2944 3780 monitionem
3005 3725 3071 3780 de
3124 3739 3464 3794 unoquoque
3519 3726 3667 3780 vitio
3721 3739 3812 3778 non

2214 3815 2616 3880 emendaverit,
2657 3830 2688 3868 a
2751 3829 2939 3870 mensa
2983 3813 3532 3880 excommunicetur,
3601 3830 3712 3868 non
3757 3813 3811 3866 ab

2214 3910 2474 3965 oratorio.
2510 3907 2641 3976 Quae
2658 3910 3149 3965 excommunicatio
3171 3909 3360 3966 tandiu
3397 3911 3683 3968 inoffensa
3704 3928 3811 3983 per-

2213 4007 2464 4065 maneat,
2502 3999 2740 4068 quandiu
2769 4000 2826 4054 in
2859 4016 2953 4054 reo
2981 4001 3205 4070 majoris
3227 4001 3568 4058 humilitatis
3597 4002 3806 4058 satisfao

2215 4092 2324 4148 ctio
2351 4091 2634 4146 humiliato
2659 4093 2725 4147 ad
2753 4107 2927 4163 genua
2956 4093 3134 4163 capite
3173 4107 3233 4148 se
3276 4093 3343 4148 de
3375 4101 3590 4149 caetero
3617 4094 3809 4164 promi-

2215 4181 2347 4236 serit
2376 4181 2676 4237 emendari.
2701 4181 2794 4234 llle
2816 4196 2946 4236 vero
2976 4181 3148 4237 frater
3167 4185 3259 4252 qui
3296 4186 3809 4239 exeommunieatus

2214 4288 2246 4328 a
2272 4289 2487 4336 mensa,
2547 4289 2656 4329 non
2685 4273 2754 4327 ab
2804 4274 3042 4328 oratorio
3076 4274 3272 4340 fuerit,
3315 4275 3509 4330 tandiu
3576 4278 3814 4348 antipha-

2213 4381 2341 4420 nam
2377 4373 2470 4421 aut
2493 4365 2781 4421 lectionem
2817 4382 2925 4421 non
2956 4367 3237 4437 imponat,
3268 4368 3516 4437 quandiu
3565 4370 3639 4425 de
3667 4369 3812 4439 culpa

2216 4457 2308 4513 illa
2329 4459 2708 4514 emendatione
2735 4459 3006 4528 promissa
3033 4459 3361 4516 satisfecerit
3383 4503 3398 4528 ,
3460 4470 3560 4516 aut
3610 4463 3813 4518 abbatis

2215 4555 2524 4625 praesentis,
2558 4565 2652 4610 aut
2674 4556 2954 4626 praepositi
2983 4557 3067 4611 sui
3115 4556 3182 4612 ad
3232 4571 3407 4627 genua
3471 4557 3808 4612 incurvatus

2217 4645 2688 4701 Excommunicati
2714 4662 2844 4701 vero
2874 4646 3071 4704 fratres
3095 4690 3110 4716 ,
3144 4648 3189 4703 si
3221 4649 3294 4703 ita
3337 4650 3565 4718 superbi
3599 4650 3810 4705 exstite

2217 4737 2357 4804 rint,
2391 4745 2484 4792 aut
2520 4739 2576 4792 in
2612 4739 2864 4809 superbia
2902 4740 3082 4795 cordis
3130 4751 3549 4811 perseverantes
3606 4743 3668 4796 in
3707 4752 3807 4794 ter-

2215 4828 2292 4882 tia
2322 4829 2411 4883 die
2439 4829 2572 4884 hora
2599 4846 2740 4885 nona
2769 4829 3086 4887 satisfacere
3099 4831 3281 4886 abbati
3306 4830 3616 4897 noluerint,
3643 4841 3814 4886 custo-

2217 4921 2316 4976 diti
2336 4937 2508 4991 usque
2539 4924 2606 4977 ad
2626 4939 2816 4978 necem
2844 4924 3124 4979 caedantur
3138 4925 3325 4996 virgis.
3381 4924 3452 4979 Et
3478 4925 3526 4980 si
3548 4923 3814 4996 placuerit

2217 5013 2431 5078 abbati,
2484 5014 2551 5069 de
2578 5017 2912 5072 monasterio
2939 5017 3306 5086 expellantur,
3356 5019 3488 5088 quia
3538 5018 3673 5073 talis
3714 5018 3812 5070 vita

2217 5104 2560 5160 necessarios
2587 5121 2694 5160 non
2727 5106 2891 5163 habet
2929 5107 3239 5178 corporales
3267 5107 3354 5163 vel
3385 5109 3694 5163 societates
3718 5107 3816 5161 fra-

2217 5205 2363 5252 trum
2415 5212 2552 5266 quos
2593 5197 2648 5251 in
2681 5198 2863 5253 anima
2905 5202 3141 5271 superba
3179 5200 3421 5270 possidet
3451 5216 3633 5256 mors.
3686 5199 3813 5254 Na-

2217 5289 2414 5343 merito
2439 5289 2573 5343 tales
2601 5289 2801 5344 debent
2822 5291 2996 5362 plagis
3033 5292 3254 5347 mactati
3295 5291 3527 5362 expelli,
3565 5292 3668 5362 qui
3698 5304 3813 5345 esse

2217 5397 2342 5436 cum
2383 5382 2604 5437 Christo
2630 5383 2958 5439 humilitatis
2997 5385 3227 5440 Domino
3252 5401 3358 5440 non
3388 5395 3701 5448 merentur,
3725 5381 3816 5439 sed

2217 5474 2328 5530 sint
2351 5489 2381 5528 a
2403 5475 2681 5544 perpetuis
2710 5476 2997 5544 promissis
3030 5476 3126 5531 Dei
3154 5492 3277 5532 cum
3313 5487 3544 5532 auctore
3573 5493 3680 5532 suo
3701 5478 3816 5530 dia-

2217 5567 2343 5623 bolo
2367 5567 2625 5638 separati,
2659 5568 2750 5638 qui
2774 5569 2840 5623 de
2863 5570 3124 5626 caelorum
3152 5571 3336 5641 regnis
3359 5581 3589 5642 propter
3631 5585 3820 5642 super.

2217 5657 2363 5713 biam
2395 5675 2548 5713 suam
2578 5658 2854 5730 projectus
2883 5669 2988 5716 est.

2295 5749 2645 5820 Refectionem
2685 5761 2857 5806 autem
2897 5753 2998 5806 cibi
3049 5761 3164 5824 post
3212 5751 3443 5822 fratrum
3477 5751 3820 5823 refectione-

2216 5841 2476 5912 accipiat,
2526 5859 2769 5896 mensura
2806 5841 2883 5897 vel
2921 5843 3052 5897 hora
3098 5861 3201 5915 qua
3233 5844 3540 5914 praevidet-it
3581 5844 3745 5898 abbas
3773 5847 3823 5896 ei

2217 5942 2542 6002 competere:
2592 5942 2646 5986 ut
2681 5934 2747 6001 si,
2782 5931 2918 5988 verbi
2939 5933 3133 6004 gratia,
3168 5933 3358 6002 fratres
3391 5933 3643 6000 reﬁciunt
3671 5945 3826 5986 sane
