3994 6458
268 398 378 456 849

1303 398 1657 457 COMMENT.
1699 399 1766 454 ΙΝ
1806 399 1966 456 REG.
2010 400 2069 454 S.
2111 398 2492 456 BENEDICTI.

3437 407 3543 463 850

265 517 426 582 liora,
478 513 570 570 ille
611 515 795 584 frater,
824 530 960 570 noua
983 531 1000 580 ;
1042 515 1086 568 si
1116 515 1305 584 fratres
1331 531 1492 580 nona,
1534 513 1624 568 ille
1651 531 1852 586 vesper-
1878 517 1932 579 Α
1953 515 2106 581 sculi,
2139 517 2320 572 relicto
2340 521 2574 576 naturali
2601 539 2703 577 usu
2733 524 2976 592 femineo,
2999 535 3306 577 exarserunt
3327 524 3383 578 in
3407 525 3545 580 desi-

267 607 380 661 tina
405 622 424 669 ;
471 621 635 675 usque
663 606 790 658 dum
813 604 1170 674 satisfactione
1190 622 1423 675 congrua
1442 605 1648 659 veniam
1673 622 1854 660 conse-

264 709 484 773 quatur.
511 697 761 771 Congrua
787 698 984 755 dicitur
1021 695 1352 764 satisfactio,
1410 698 1626 767 quando
1661 712 1854 752 secun-

267 791 400 847 dum
431 790 647 845 modum
672 789 843 861 culpa:
868 789 1048 861 agitur
1077 789 1378 860 pmnitudo.
1426 787 1524 842 Est
1551 788 1696 843 enim
1733 803 1856 858 pro-

265 883 559 940 videndum
593 896 661 936 ne
699 882 880 952 gravis
902 897 1002 952 pro
1030 881 1272 946 levibus,
1301 895 1402 934 nec
1441 879 1576 934 levis
1618 894 1716 949 pro
1741 877 1856 933 cul-

265 975 352 1046 pis
376 973 716 1044 gravioribus
749 973 1084 1043 poenitentiae
1107 971 1242 1025 ultio
1266 969 1551 1024 inferatur.
1603 968 1854 1024 Mensura

264 1079 523 1134 namque,
548 1073 605 1119 et
615 1065 854 1135 pondere
875 1063 1382 1134 asquojustitiaque,
1398 1064 1487 1134 pia
1502 1064 1856 1118 miseratione

263 1154 523 1236 coqtinua
549 1153 710 1209 Pater
736 1155 822 1209 vel
849 1157 1171 1226 praepositus
1189 1155 1349 1211 debet
1367 1155 1659 1219 excellere,
1690 1163 1748 1209 ut
1774 1155 1856 1210 sic

265 1245 462 1302 vulnus
485 1255 640 1302 curet
665 1248 877 1318 aegroti,
905 1257 1175 1318 quatenus
1195 1248 1425 1303 salutem
1448 1255 1634 1303 etnon
1665 1247 1856 1303 debili-

264 1343 434 1391 tatem
464 1335 664 1392 inferat
688 1338 950 1404 membri;
985 1339 1112 1409 quia
1142 1339 1284 1394 sicut
1309 1339 1652 1394 subditorum
1682 1339 1854 1393 vitam

260 1429 603 1500 praepositus,
665 1430 739 1484 ita
766 1440 821 1487 et
867 1433 1285 1502 przepositorum
1340 1430 1702 1502 negligentias
1753 1444 1853 1500 per

263 1520 619 1592 semetipsum
655 1521 801 1578 Deus
824 1522 1111 1593 judicabit.

839 1635 1068 1692 CAPUT
1098 1634 1268 1690 XXV.

723 1726 804 1782 De
839 1727 1166 1798 gravioribus
1198 1725 1386 1797 culpis.

328 1816 388 1872 Is
424 1817 590 1887 frater
625 1818 715 1888 qui
742 1818 997 1888 gravioris
1045 1816 1213 1887 culpa:
1256 1834 1394 1870 noxa
1437 1825 1660 1872 tenetur.
1692 1817 1848 1874 Noxa

257 1878 458 1966 dicitur
517 1878 694 1980 culpa,
733 1878 821 1967 vel
857 1878 1163 1965 criminalia
1224 1909 1440 1965 delicta.
1501 1909 1656 1965 Noxa
1700 1910 1848 1966 enim
1876 1878 1926 1940 Β

254 2003 544 2070 nocibilia,
586 2001 672 2058 vel
709 2003 873 2058 noxia
902 2003 1161 2057 dicuntur
1197 2002 1383 2072 gravia
1416 2011 1663 2072 peccata.

329 2093 698 2165 Suspendatur
725 2111 759 2147 a
789 2110 969 2148 mensa
999 2091 1160 2147 simul
1213 2101 1263 2145 et
1304 2091 1368 2145 ab
1394 2093 1652 2146 oratorio.
1709 2091 1849 2148 Hinc

257 2187 448 2243 beatus
472 2186 712 2242 Isidorus
739 2187 817 2240 ait
846 2204 858 2238 :
883 2185 1165 2240 Gravioris
1183 2195 1364 2239 autem
1386 2184 1558 2254 culpa:
1581 2183 1850 2241 obnoxius

252 2285 372 2343 est,
405 2277 452 2332 si
480 2276 810 2332 temulentus
833 2275 1067 2346 quisque
1101 2276 1210 2339 sit,
1247 2275 1293 2329 si
1342 2275 1570 2340 discors,
1604 2276 1650 2330 si
1681 2275 1852 2346 turpi-

253 2369 476 2440 loquus,
503 2369 551 2424 si
579 2368 908 2423 feminarum
940 2365 1248 2433 familiaris,
1269 2367 1315 2421 si
1340 2366 1616 2422 seminans
1643 2365 1852 2422 discor-

252 2457 409 2524 dias,
446 2458 494 2512 si
523 2457 820 2512 iracundus
843 2497 858 2522 ,
900 2457 950 2511 si
989 2457 1112 2512 alue
1159 2464 1216 2511 et
1245 2465 1442 2512 erecta
1483 2455 1752 2521 cervicis,
1802 2456 1849 2512 si

254 2557 439 2605 mente
480 2549 750 2615 tumidus,
782 2548 867 2603 vel
888 2546 1133 2618 jactaute
1161 2549 1379 2603 incessu
1412 2548 1805 2603 immoderatus
1831 2589 1846 2616 ,

224 2625 304 2695 ἐἰ
328 2640 630 2706 detractor,
677 2655 942 2706 susurro,
982 2640 1067 2694 vel
1104 2640 1339 2705 invidus,
1391 2641 1437 2695 si
1491 2649 1852 2711 praesumptor

252 2731 334 2786 rei
355 2730 663 2802 peculiaris,
691 2732 735 2786 si
758 2731 1005 2802 pecunia:
1030 2733 1280 2802 contagio
1309 2731 1638 2802 implicatus,
1670 2733 1716 2787 si
1741 2731 1849 2787 ali-

253 2822 387 2894 quid
410 2831 610 2893 przeter
645 2822 949 2894 regularem
1001 2823 1462 2894 dispensationem
1507 2822 1844 2893 superfluum

254 2913 542 2983 possidens
561 2953 576 2980 ,
605 2913 653 2968 si
692 2911 974 2967 fraudator
1003 2911 1086 2968 rei
1116 2921 1382 2983 acceptae,
1413 2921 1506 2966 aut
1545 2913 1850 2968 commissa:

258 3004 386 3071 sibi,
420 3012 514 3059 aut
535 3005 714 3060 minus
743 3006 1068 3061 commissae.
1102 3006 1250 3060 Inter
1277 3007 1394 3061 lucc
1420 3007 1469 3060 si
1494 3008 1561 3061 de
1583 3007 1743 3062 rebus
1766 3022 1851 3062 se—

256 3110 383 3151 cum
410 3096 586 3152 allatis
609 3111 666 3151 se
688 3097 964 3162 extulerit,
989 3095 1074 3150 vel
1095 3095 1162 3170 de
1190 3097 1275 3152 his
1305 3113 1403 3168 per
1430 3097 1850 3153 inobedientiam

257 3189 713 3254 murmuraverit;
758 3189 805 3243 si
835 3185 914 3242 rc'i
958 3187 1180 3257 majoris
1203 3188 1460 3243 damnum
1491 3188 1754 3256 intulerit,
1801 3191 1850 3246 si

256 3274 472 3333 furatus
511 3277 697 3345 fuerit,
741 3279 789 3334 si
848 3277 1249 3350 perjuraverit,
1307 3280 1353 3334 si
1394 3278 1592 3335 falsum
1625 3281 1848 3350 dixerit,

256 3370 307 3426 si
331 3372 713 3427 contentiones
756 3371 852 3427 vel
881 3373 1030 3427 rixas
1080 3372 1369 3438 amaverit,
1401 3373 1449 3427 si
1499 3373 1850 3429 manifestum

255 3463 563 3517 convicium
601 3461 760 3517 fratri
801 3463 1084 3530 intulerit,
1120 3463 1167 3517 si
1203 3477 1492 3533 personam
1545 3463 1850 3520 innocentis

256 3549 396 3608 falso
423 3553 652 3609 crimine
671 3554 1045 3621 maculaverit,
1074 3555 1122 3609 si
1136 3555 1445 3610 contumaci
1464 3555 1646 3609 animo
1671 3555 1850 3610 senio-

260 3658 378 3697 rem
423 3645 768 3714 despexerit,
822 3645 870 3700 si
905 3659 1188 3700 rancorem
1223 3644 1485 3700 adversus
1513 3644 1737 3698 fratrem
1768 3651 1851 3699 te-

260 3735 462 3801 nuerit,
497 3736 546 3791 si
579 3738 828 3806 peccanti
885 3737 941 3792 in
972 3753 1030 3792 se
1057 3746 1114 3793 et
1162 3746 1351 3808 postea
1405 3737 1728 3808 supplicanti
1757 3751 1850 3793 ve-

260 3827 407 3883 niam
437 3845 542 3884 non
568 3830 919 3897 concesserit,
950 3831 996 3886 si
1031 3845 1154 3886 cum
1185 3831 1426 3902 parvulis
1447 3831 1736 3902 jocaverit,
1769 3831 1846 3886 ri-

262 3919 400 3974 serit
427 3919 513 3974 vel
543 3936 636 3976 eos
685 3922 960 3977 osculatus
1005 3921 1188 3988 fuerit,
1218 3923 1264 3977 si
1292 3939 1416 3979 cum
1446 3923 1618 3978 altero
1654 3923 1709 3978 in
1737 3938 1848 3979 uno

257 4011 401 4068 lecto
421 4013 680 4083 jacuerit,
727 4015 775 4069 si
809 4023 961 4069 extra
1001 4030 1344 4071 communem
1393 4031 1639 4070 mensam
1664 4017 1850 4086 priva-

259 4111 361 4167 tim
385 4110 468 4167 vel
505 4112 689 4166 furtim
721 4111 999 4182 quippiam
1025 4111 1338 4180 sumpserit,
1373 4111 1420 4164 si
1447 4110 1643 4164 alicubi
1694 4117 1848 4165 extra

260 4220 588 4260 consensum
635 4205 916 4275 praepositi
958 4204 1042 4260 vel
1069 4203 1282 4259 abbatis
1332 4205 1617 4259 discedens
1670 4205 1849 4260 medio

261 4295 348 4350 die
383 4297 469 4352 vel
497 4297 728 4366 amplius
755 4304 1141 4361 commoretur,
1194 4297 1261 4361 si,
1297 4304 1357 4351 ut
1383 4297 1590 4351 otiosus
1621 4298 1713 4362 sit,
1742 4295 1848 4351 fal-

260 4404 378 4444 sam
396 4389 763 4446 infirmitatem
779 4389 1133 4461 prmtenderit
1150 4407 1163 4444 :
1183 4389 1299 4445 haec
1309 4396 1366 4444 et
1384 4389 1470 4444 his
1487 4390 1848 4462 similiajuxta

257 4481 545 4536 arbitrium
560 4483 758 4552 prioris
774 4483 1032 4538 diuturna
1047 4482 1605 4539 excommunicatione
1620 4499 1852 4554 purgan-

260 4570 329 4625 da
353 4579 498 4636 sunt,
515 4579 576 4624 ut
603 4571 694 4640 qui
718 4572 955 4642 graviter
974 4588 1200 4641 peccare
1217 4581 1534 4637 noscuntur,
1553 4574 1750 4628 acriori
1772 4589 1854 4630 se.

1955 609 2115 664 deriis
2135 609 2244 664 suis
2259 609 2495 675 invicem,
2528 613 2751 668 masculi
2775 615 2831 668 in
2853 612 3116 669 masculos
3166 615 3546 684 turpitudinem

1955 711 2247 770 operantes,
2294 711 2343 755 et
2370 704 2658 759 mercedem
2699 723 2857 777 quam
2888 708 3117 778 oportuit
3145 709 3340 761 erroris
3367 708 3452 762 sui
3491 707 3549 762 in

1954 792 2243 861 semetipsis
2260 794 2582 863 recipientes.
2613 794 2684 849 Et
2709 797 2845 851 sicut
2873 814 2976 852 non
3001 798 3351 869 probaverunt
3374 797 3549 852 Deum

1956 883 2144 938 habere
2190 885 2247 938 in
2278 886 2538 952 notitiam,
2570 887 2789 941 tradidit
2842 887 2961 942 illos
2993 887 3135 942 Deus
3177 889 3234 941 in
3269 886 3546 956 reprobum

1955 994 2186 1043 sensum,
2217 987 2274 1030 ut
2312 979 2512 1048 faciant
2541 997 2603 1033 ea
2629 997 2746 1050 quae
2796 998 2900 1036 non
2937 982 3268 1036 conveniunt.
3296 979 3542 1052 Repletos

1957 1070 2097 1122 omni
2125 1068 2418 1139 iniquitate,
2443 1071 2667 1138 malitia,
2695 1073 3064 1142 fornicatione,
3093 1075 3337 1137 avaritia,
3367 1073 3551 1144 nequi-

1957 1163 2048 1224 tia,
2081 1163 2261 1234 plenos
2287 1165 2844 1232 invidia,ltomicidiis,
2875 1169 3228 1231 contentione,
3260 1166 3404 1232 dolo,
3433 1181 3550 1220 ma-

1957 1252 2194 1322 lignitate
2217 1268 2236 1306 :
2267 1272 2603 1325 susurrones,
2643 1259 2982 1324 detractores,
3011 1258 3120 1312 Deo
3147 1259 3388 1324 odibiles,
3421 1275 3549 1313 con-

1957 1345 2280 1414 tumeliosos,
2343 1349 2611 1419 superbos,
2669 1348 2874 1414 elatos,.
2909 1350 3201 1404 inventores
3261 1347 3546 1414 malorum,

1955 1439 2258 1508 parentibus
2309 1458 2415 1495 non
2444 1442 2758 1509 obedientes,
2790 1443 3113 1513 insipientes,
3141 1443 3540 1510 incompositos,

1953 1529 2067 1585 sine
2116 1533 2414 1602 affectione,
2455 1536 2646 1608 absque
2702 1535 2829 1605 fide,
2878 1535 2992 1589 sine
3019 1532 3404 1588 misericordia.
3441 1530 3548 1596 Qui

1956 1638 2075 1675 cum
2120 1623 2392 1691 justitiam
2445 1625 2545 1680 Dei
2594 1627 2976 1697 cognovissent,
3035 1642 3141 1679 non
3180 1622 3551 1679 intellexerunt

1953 1715 2206 1784 quoniam
2235 1717 2326 1785 qui
2359 1716 2491 1771 talia
2525 1727 2691 1788 agunt
2738 1719 2886 1788 digni
2917 1729 3038 1772 sunt
3082 1726 3284 1781 morte;
3324 1732 3431 1769 non
3461 1731 3550 1768 so-

1955 1803 2065 1858 lum
2090 1806 2179 1875 qui
2207 1805 2414 1874 faciunt
2442 1824 2526 1874 ea,
2557 1809 2648 1862 sed
2669 1817 2720 1862 et
2743 1809 2834 1878 qui
2872 1809 3205 1864 consentiunt
3234 1805 3550 1875 facientibus

1956 1893 2136 1965 (Rom.
2161 1897 2224 1966 ι).
2258 1897 2386 1954 llaec
2414 1901 2711 1956 secundum
2738 1900 3059 1970 Apostolum
3082 1900 3226 1954 dicta
3255 1897 3546 1952 sufficiant.

1953 1987 2251 2044 Videamus
2295 1993 2572 2060 quomodo
2599 1993 2665 2048 de
2723 1992 2808 2046 his
2847 1991 3028 2046 noxiis
3076 1989 3402 2060 gravibusve
3446 2003 3553 2042 ca:-

1954 2080 2058 2134 teri
2089 2081 2283 2138 Patres
2341 2090 2396 2137 et
2453 2084 2570 2152 ipse
2615 2083 2824 2153 judicet
2849 2083 3043 2138 beatus
3088 2079 3433 2137 Benedictus.
3461 2077 3555 2133 Ait

1953 2170 2103 2226 enim
2132 2171 2274 2226 idem
2303 2173 2360 2228 in
2386 2173 2843 2242 subsequentibus
2869 2187 2884 2225 :
3063 2239 3066 2242 π

2027 2263 2227 2320 Nullus
2248 2268 2296 2320 ei
2322 2266 2550 2336 fratrum
2578 2269 2635 2322 in
2657 2267 2767 2321 ullo
2783 2266 3346 2338 jungaturconsortio,
3375 2279 3545 2335 neque

1953 2359 2011 2413 in
2041 2358 2322 2430 colloquio.
2355 2359 2512 2416 Solus
2545 2355 2613 2416 sit
2653 2361 2722 2416 ad
2749 2379 2880 2432 opus
2905 2362 3004 2416 sibi
3030 2362 3352 2431 injunctum,
3381 2360 3551 2430 persi-

1955 2458 2096 2504 stens
2112 2450 2166 2502 in
2181 2451 2499 2520 paenitentiw
2520 2450 2689 2505 luctu.
2713 2450 2852 2507 Hinc
2874 2451 3240 2507 etaliiPatres
3253 2451 3544 2506 dixerunt:

1958 2537 2017 2594 Si
2041 2541 2163 2610 quis
2194 2557 2326 2596 vero
2367 2545 2668 2598 monachus
2698 2543 2904 2599 furtum
2933 2543 3143 2611 fecerit,
3197 2543 3342 2614 quod
3371 2542 3554 2613 potius

1956 2634 2308 2705 sacrilegium
2332 2635 2438 2691 dici
2464 2644 2662 2706 potest,
2693 2638 2747 2693 id
2787 2639 3098 2693 censuimus
3143 2637 3468 2700 ordinando,
3493 2642 3556 2689 ut

1949 2723 2140 2794 junior
2163 2725 2335 2796 virgis
2392 2743 2587 2795 caesus,
2619 2730 2755 2784 tanti
2796 2729 3043 2785 criminis
3099 2745 3225 2784 reus
3271 2742 3549 2798 nunquam

1955 2817 2193 2873 oﬂicium
2219 2820 2512 2878 clericatus
2537 2824 2794 2894 excipiat.
2829 2823 2888 2880 Si
2922 2839 3051 2878 vero
3079 2821 3192 2890 jam
3237 2821 3470 2877 clericus
3493 2819 3551 2874 in

1956 2910 2012 2965 id
2037 2909 2252 2968 facinus
2287 2914 2455 2970 fuerit
2475 2916 2874 2986 deprehensus,
2907 2915 3143 2971 nominis
3174 2914 3348 2986 ipsius
3375 2911 3554 2982 digni-

1956 3008 2070 3056 tate
2097 3004 2362 3074 privetur.
2393 3005 2493 3062 Cui
2512 3007 2760 3064 sufﬁcere
2781 3016 2962 3078 potest
2985 3023 3087 3076 pro
3108 3015 3262 3062 actus
3296 3005 3380 3060 sui
3414 3002 3550 3059 levi-

1956 3099 2093 3160 tate,
2124 3095 2345 3165 impleta
2376 3099 2579 3168 praevia
2625 3100 3022 3164 satisfactione,
3053 3097 3384 3154 communio.
3415 3093 3556 3148 Hinc

1961 3184 2155 3242 beatus
2188 3185 2476 3246 Ferreolus
2501 3191 2615 3246 ait:
2646 3191 2801 3246 Furti
2831 3191 3133 3256 conscium,
3164 3190 3212 3245 si
3243 3190 3422 3244 adhuc
3450 3200 3552 3241 vo-

1879 3253 1926 3317 ς·
1956 3292 2085 3333 care
2108 3281 2436 3334 monachum
2472 3297 2782 3352 possumus,
2813 3280 2970 3352 quasi
2998 3280 3324 3343 adulterum,
3355 3293 3555 3334 secuno

1955 3369 2087 3424 dum
2120 3367 2344 3442 ﬂagellis
2393 3372 2574 3437 subdi,
2621 3380 2678 3428 et
2728 3389 2926 3443 magna
2988 3372 3199 3426 conteri
3253 3367 3551 3426 afﬂictione

1949 3459 2228 3532 iubemus,
2244 3463 2438 3518 dantes
2464 3463 2541 3518 illi
2555 3480 2720 3520 unam
2737 3480 2860 3521 cum
2874 3463 3181 3520 fornicante
3195 3463 3550 3529 sententiam,

1955 3553 2084 3623 quia
2107 3559 2162 3606 et
2190 3552 2305 3622 ipse
2331 3552 2638 3609 luxuriatus
2667 3563 2774 3618 est,
2807 3569 2935 3610 cum
2975 3553 3275 3610 iuraretur.
3331 3552 3553 3608 Similes

1954 3643 2102 3698 enim
2138 3657 2232 3698 eos
2267 3659 2375 3699 non
2401 3644 2697 3716 incongrue
2725 3643 2979 3711 dicimus,
3007 3661 3146 3716 quos
3171 3645 3227 3700 in
3254 3659 3412 3701 sacra
3432 3643 3545 3700 lec-

1956 3733 2102 3788 tione
2134 3734 2344 3805 pariter
2364 3735 2573 3806 positos
2603 3735 2928 3792 invenimus.
2964 3737 3107 3792 Dicit
3129 3752 3260 3808 ergo
3284 3736 3551 3792 Dominus

1952 3841 2054 3897 per
2077 3826 2400 3896 prophetam
2429 3847 2442 3880 :
2475 3824 2601 3881 Non
2622 3835 2697 3881 est
2726 3828 2947 3882 scientia
2989 3827 3090 3882 Dei
3134 3844 3294 3906 super
3353 3836 3550 3882 terram

1955 3916 2308 3990 (0se.1v).Et
2341 3918 2505 3988 paulo
2521 3926 2645 3988 post
2668 3917 2932 3991 :OFurtum
2969 3929 3018 3974 et
3046 3918 3369 3974 adulterium
3388 3918 3549 3972 inun-

1953 4009 2210 4064 daverunt
2241 4009 2540 4083 (Ibid.).Et
2565 4013 2763 4067 iterum
2778 4013 2834 4066 in
2851 4011 3171 4082 psalmo:Si
3201 4011 3411 4066 videbas
3463 4011 3552 4078 fu-

1954 4118 2084 4166 rem,
2121 4102 2368 4156 currebas
2399 4120 2518 4157 cum
2544 4121 2627 4170 eo,
2681 4113 2728 4158 et
2767 4121 2887 4157 cum
2945 4103 3203 4157 adulteris
3251 4103 3551 4173 portionem

1952 4201 2099 4245 tuam
2112 4192 2338 4261 ponebas
2354 4193 2527 4266 (Psal.
2543 4195 2693 4268 χιιι)
2711 4194 2984 4266 .Legimus
2999 4195 3164 4250 etiam
3183 4194 3240 4249 in
3250 4193 3550 4266 Evangelia

1952 4282 2240 4338 Dominum
2295 4286 2544 4342 dixisse:
2578 4283 3008 4353 Fornicationes,
3066 4286 3242 4356 furta,
3313 4293 3400 4352 et,
3444 4299 3550 4344 nec

1953 4389 2108 4430 mora
2164 4377 2330 4442 addit,
2391 4377 2503 4433 haec
2551 4388 2673 4432 sunt
2720 4395 2838 4450 qua:
2889 4377 3228 4449 coinquinant
3283 4377 3549 4432 hominem

1954 4467 2170 4539 (Matth.
2205 4467 2320 4541 xv).
2345 4468 2427 4524 Ex
2456 4469 2544 4525 bis
2570 4469 2816 4541 profecto
2855 4469 3159 4543 intelligere
3186 4479 3416 4541 possunt
3457 4469 3552 4527 ho-

1953 4575 2077 4615 rum
2104 4560 2369 4616 scelerum
2392 4562 2533 4617 servi
2558 4563 2684 4633 quia
2705 4564 2848 4618 sicut
2869 4563 3151 4632 aequaliter
3162 4562 3250 4616 his
3265 4561 3552 4617 dominan-

257 4662 494 4716 veritate
519 4673 890 4719 coerceantur.
916 4664 1050 4719 Nam
1077 4675 1132 4721 et
1158 4667 1274 4722 haec
1293 4666 1425 4721 vitia
1447 4668 1631 4736 gravia
1650 4667 1851 4726 Paulus

1956 4662 2046 4710 tur
2057 4655 2207 4721 vitia,
2222 4654 2506 4725 aaqualiter
2519 4656 2751 4712 debetur
2759 4663 2814 4710 et
2828 4669 3007 4725 pmna.
3023 4653 3163 4710 Hinc
3176 4655 3368 4712 beatus
3382 4651 3552 4708 Fruc-

259 4752 540 4823 apostolus
583 4754 637 4808 in
676 4755 917 4826 Epistola
954 4757 1022 4811 ad
1053 4756 1274 4812 Galatas
1304 4769 1588 4814 enumerat
1614 4759 1800 4814 dicens
1834 4778 1847 4814 :

263 4841 554 4912 Manifesta
592 4854 768 4898 autem
809 4854 930 4899 sunt
953 4863 1110 4916 opera
1151 4847 1352 4913 carnis,
1388 4864 1507 4919 qua:
1540 4858 1661 4903 sunt
1685 4848 1854 4919 forni-

263 4935 422 5001 catio,
454 4934 810 5001 immunditia,
865 4935 1096 5001 luxuria,
1129 4935 1396 4992 idolorum
1429 4941 1674 5007 servitus,
1703 4957 1854 4995 vene—

263 5023 409 5094 ﬁcia,
460 5023 767 5090 inimicitiae,
833 5028 1206 5092 contentiones,
1266 5028 1651 5097 aemulationes,
1714 5033 1836 5098 ἕνας,

265 5114 420 5179 rixis,
451 5115 818 5181 dissensiones,
848 5128 1022 5184 secttc,
1059 5118 1294 5184 invidiae,
1326 5118 1630 5186 homicidia,
1679 5121 1850 5174 ebrie-

265 5216 417 5272 tates,
476 5208 898 5273 comessationes,
953 5217 1001 5262 et
1051 5209 1130 5264 his
1192 5210 1409 5277 similia,
1457 5228 1576 5282 qua:
1625 5213 1854 5283 praedico

263 5300 429 5365 vobis,
483 5301 620 5353 sicut
668 5315 786 5371 qua:
837 5299 1083 5369 prtedixi,
1127 5303 1377 5372 quoniam
1417 5304 1507 5374 qui
1537 5304 1667 5358 talia
1692 5316 1856 5375 agunt

268 5407 484 5461 regnum
531 5391 628 5446 Dei
666 5407 769 5445 non
799 5401 1178 5462 consequentur
1208 5391 1353 5464 (Gal.
1384 5395 1459 5464 v).
1499 5395 1566 5448 Et
1620 5410 1715 5450 eos
1763 5398 1856 5466 qui

267 5483 466 5540 talibus
502 5491 628 5539 sunt
656 5483 806 5538 vitiis
836 5483 1108 5554 applicati,
1163 5485 1308 5540 idem
1348 5487 1625 5556 apostolus
1649 5489 1705 5543 in
1731 5489 1858 5560 Epi-

269 5577 407 5634 stola
423 5578 489 5632 ad
512 5576 787 5634 Romanos
811 5577 1152 5649 blasphemat
1179 5580 1362 5635 dicens
1386 5594 1400 5633 :
1435 5579 1722 5652 Propterea
1755 5593 1860 5638 tra-

269 5669 404 5726 didit
433 5670 552 5726 illos
597 5671 740 5727 Deus
790 5673 846 5726 in
893 5674 1162 5744 passiOnes
1205 5673 1528 5744 ignominiaa.
1587 5673 1732 5729 Nam
1780 5676 1858 5748 fe-

269 5763 430 5818 mine
453 5763 666 5820 illorum
694 5765 1100 5820 immutaverunt
1149 5763 1446 5820 naturalem
1479 5782 1632 5821 usum
1655 5767 1712 5821 in
1738 5783 1858 5822 eum

272 5871 429 5913 usum
453 5857 545 5928 qui
567 5865 644 5916 est
680 5867 864 5915 contra
877 5866 1140 5915 naturam.
1183 5857 1441 5916 Similiter
1475 5869 1651 5917 autem
1671 5869 1722 5918 et
1745 5877 1860 5917 ma-

1955 4757 2144 4802 tuosus
2173 4747 2460 4818 episcopus
2480 4746 2558 4801 ait
2583 4765 2595 4800 :
2626 4746 2920 4801 Monachus
2943 4746 3292 4816 parvulorum
3325 4760 3551 4802 consec-

1956 4850 2123 4908 tator,
2154 4842 2241 4897 vel
2269 4843 2582 4913 quicunque
2609 4841 2852 4912 qualibet
2876 4843 3165 4899 occasione
3196 4842 3340 4913 turpi
3363 4855 3552 4910 repre-

1952 4935 2158 4990 hensus
2191 4932 2356 4989 fuerit
2376 4933 2609 4999 inhiare,
2639 4948 2764 4988 cum
2807 4933 3036 5005 probata
3095 4938 3345 5003 patenter
3385 4928 3552 4986 fuerit

1955 5039 2052 5096 per
2073 5032 2423 5082 accusatores
2451 5024 2764 5080 verissimos
2789 5025 2907 5081 sive
2940 5033 3106 5081 testes
3130 5038 3316 5089 causa,
3333 5021 3550 5092 publice

1956 5118 2298 5183 verberetur,
2321 5132 2580 5172 coronam
2595 5118 2790 5188 capitis
2811 5133 2976 5189 quam
3022 5115 3270 5187 gestabat
3309 5114 3548 5179 amittat,

1958 5209 2417 5278 discalciatusque
2432 5209 2664 5278 turpiter
2688 5208 3038 5280 opprobrium
3051 5213 3255 5278 pateat,
3273 5203 3548 5260 omnium-

1957 5317 2064 5371 que
2093 5309 2250 5372 sputa
2284 5302 2341 5356 in
2377 5317 2500 5357 eum
2552 5303 2702 5358 illata
2738 5305 3045 5375 probraque
3069 5314 3223 5370 atque
3262 5297 3546 5368 suscipiat,

1956 5396 2295 5467 vinculisque
2325 5406 2566 5454 arctatus
2598 5397 2826 5461 ferreis,
2863 5395 3102 5452 carceris
3135 5408 3229 5450 sex
3270 5391 3547 5446 mensibus

1959 5489 2210 5562 angustia
2247 5499 2593 5557 macerctur;
2633 5499 2687 5543 et
2726 5487 2977 5542 triduana
3017 5499 3116 5554 per
3178 5481 3547 5540 hebdomadas

1963 5585 2202 5656 singulas
2246 5583 2541 5641 refectione
2583 5581 2741 5653 panis
2779 5579 2956 5651 exigui
3009 5578 3296 5633 hordeacei
3324 5587 3545 5644 vesper-

1963 5678 2077 5733 tino
2098 5686 2341 5748 tempore
2372 5677 2705 5733 sublevetur.
2746 5672 2876 5729 Post
2917 5670 3113 5727 deinde
3135 5669 3366 5741 expletis
3393 5680 3546 5721 men-

1962 5769 2112 5825 sibus
2135 5769 2242 5835 his,
2271 5769 2390 5824 aliis
2415 5781 2511 5823 sex
2545 5765 2826 5822 mensibus
2883 5763 3300 5821 succedentibus
3341 5759 3441 5833 sub
3466 5769 3548 5814 se-

1962 5862 2135 5918 nioris
2147 5859 2402 5931 spiritalis
2417 5858 2659 5917 custodia
2673 5865 2956 5932 segregata
2967 5857 3023 5915 in
3039 5853 3303 5914 corticula
3315 5853 3518 5930 degens
3536 5906 3547 5920 ,
