3994 6496
481 375 586 433 855

1779 368 2133 428 smmum
2165 349 2460 429 Asnaus

3641 379 3759 436 856

549 485 672 551 Qui,
690 485 884 540 relictis
915 487 1204 557 nonaginta
1233 503 1416 542 novem
1445 486 1626 541 ovibus
1670 487 1724 540 in
1757 484 2044 548 montibus,
2074 483 2130 545 Α
2152 485 2474 541 animarum.
2509 485 2567 541 Si
2579 487 2723 542 enim
2739 500 2950 559 magnae
2974 489 3242 546 mercedis
3263 499 3397 547 esta
3430 504 3624 551 morte
3643 499 3759 552 eri-

477 576 605 630 abiit
631 593 792 631 unam
814 593 979 642 ovem,
1000 593 1116 648 qua:
1145 586 1432 642 erraverat,
1461 592 1712 648 quaerere.
1747 573 1916 646 Cujus
1971 576 2054 629 in-

448 678 452 680 '
473 667 716 736 ﬁrmitati
746 669 803 723 in
823 678 1027 724 tantum
1049 686 1351 740 compassus
1381 679 1475 736 est,
1534 679 1594 724 ut
1621 687 1738 724 eam
1779 670 1836 722 in
1886 669 2054 724 sacris

474 761 704 815 humeris
720 763 830 816 suis
855 761 1162 831 dignaretur
1183 765 1470 834 imponere,
1507 772 1557 816 et
1585 764 1661 816 sic
1692 771 1959 833 reportare
1984 761 2053 815 ad

471 870 676 924 gregem
706 854 857 925 (Luc.
889 853 999 924 xv).
1039 853 1268 909 Centum
1288 870 1416 910 oves
1467 854 1794 908 universitas
1838 858 1922 908 est
1966 867 2056 905 an-

474 942 714 1012 gelorum
739 951 797 997 et
819 942 1119 998 hominum.
1143 944 1262 1000 Una
1283 953 1465 999 autem
1491 944 1712 1007 erravit,
1743 943 1798 997 id
1817 951 1926 1008 est,
1947 943 2049 996 hu-

471 1050 688 1088 manum
717 1050 886 1105 genus
921 1038 1186 1106 peccavit.
1210 1035 1515 1108 Nonaginta
1535 1052 1729 1091 novem
1759 1034 2052 1104 reliquitin

469 1127 765 1193 montibus,
794 1128 848 1182 id
882 1138 982 1195 est,
1012 1143 1207 1183 novem
1234 1129 1450 1184 ordines
1471 1127 1788 1198 angelorum
1803 1127 1858 1180 in
1873 1125 2050 1191 coclis,

468 1219 695 1272 etvenit
723 1234 968 1288 qumrere
996 1235 1159 1274 unam
1182 1220 1236 1275 in
1255 1219 1394 1276 valle
1418 1219 1805 1290 lacrymarum,
1835 1234 1941 1288 qua
1965 1219 2049 1272 in-

468 1316 630 1362 venta
661 1309 722 1362 ﬁt
747 1310 1002 1380 gaudium
1024 1326 1185 1380 super
1205 1326 1269 1366 ea
1299 1311 1475 1382 magis
1500 1326 1662 1380 quam
1690 1324 1851 1380 super
1879 1323 2049 1366 nona-

468 1399 616 1468 ginta
643 1415 839 1455 novem
862 1401 954 1472 qui
971 1418 1078 1457 non
1104 1410 1442 1457 erraverant.

1004 1517 1230 1574 CAPUT
1272 1516 1509 1572 XXVIII.

610 1587 687 1640 De
711 1589 780 1642 iis
807 1588 898 1659 qui
922 1589 1115 1659 sarpius‘
1135 1589 1353 1643 correcti
1390 1605 1493 1642 non
1537 1587 1901 1642 emendantur.

541 1675 601 1731 Si
633 1679 746 1749 quis
773 1679 939 1748 frater
960 1679 1256 1750 frequenter
1276 1689 1545 1750 correptus
1570 1696 1664 1750 pro
1683 1679 1914 1748 qualibet
1935 1679 2050 1732 cul-

468 1785 557 1840 pa,
579 1770 624 1822 si
651 1771 808 1823 etiam
827 1770 1304 1824 excommunicatus
1333 1787 1438 1824 non
1463 1769 1835 1834 emendaverit,
1870 1771 2049 1823 acrior

2157 592 2286 647 pere
2316 593 2537 633 carnem
2559 580 2882 650 quandoque
2898 582 3238 650 morituram,
3271 589 3466 655 quanti
3489 597 3586 644 est
3638 607 3756 648 me-

2158 667 2251 721 riti
2278 684 2310 722 a
2339 678 2514 723 morte
2536 671 2773 725 animam
2804 671 3038 729 liberare
3060 674 3119 728 in
3146 675 3356 734 caelesti
3387 681 3584 750 patria
3631 684 3759 742 sine

2157 756 2264 812 ﬁne
2294 759 2597 814 victuram?

2229 849 2382 914 Quod
2403 851 2448 904 si
2469 867 2560 905 nec
2573 851 2673 906 isto
2699 853 2855 908 modo
2883 865 3100 910 sanatus
3128 856 3307 926 fuerit,
3339 869 3468 914 tunc
3489 862 3623 930 jam
3644 873 3760 918 uta-

2157 948 2244 993 tur
2290 940 2450 995 abbas
2496 942 2636 1011 ferro
2674 942 3031 1008 abscissionis,
3080 954 3137 998 ut
3173 947 3247 999 ait
3272 945 3568 1017 Apostolus
3605 966 3625 1001 :
3649 953 3761 1006 Δι-

2157 1028 2287 1099 ferte
2315 1029 2512 1084 malum
2540 1046 2605 1085 ea:
2644 1031 2784 1086 vobis
2821 1031 2869 1099 (Ι
2913 1031 3036 1087 Cor.
3069 1033 3146 1103 v).
3191 1035 3330 1091 Hinc
3376 1038 3436 1092 in
3460 1039 3760 1109 cujusdam

2155 1120 2334 1176 Patris
2359 1121 2621 1191 scriptum
2643 1131 2727 1178 est
2757 1124 2944 1193 regula
2975 1141 2988 1178 :
3025 1123 3219 1181 Frater
3248 1129 3294 1181 si
3323 1129 3529 1198 saepius
3561 1146 3756 1187 corre-

2153 1221 2280 1284 ptus
2328 1213 2622 1270 emendare
2670 1215 2945 1281 noluerit,
3014 1220 3598 1277 excommunicatione
3661 1240 3759 1293 pro

2155 1306 2316 1361 modo
2343 1307 2516 1376 culpm
2541 1309 2868 1380 corrigatur.
2904 1307 2963 1364 Si
2997 1325 3098 1366 nec
3127 1311 3208 1366 sic
3251 1313 3463 1382 aliquid
3491 1316 3757 1385 proﬁciat

2153 1396 2485 1466 increpantis
2509 1400 2796 1461 correctio,
2843 1407 2973 1454 tunc
2997 1401 3283 1455 verberum
3311 1404 3582 1460 vindicta
3631 1409 3754 1462 sub-

2146 1485 2372 1553 jacebit.
2406 1483 2560 1551 Quod
2598 1486 2643 1540 si
2675 1487 2754 1541 sic
2789 1489 3084 1544 emendare
3105 1491 3360 1559 noluerit,
3413 1496 3516 1550 sed
3571 1501 3754 1570 magis

2153 1576 2210 1631 in
2254 1588 2521 1632 tumorem
2561 1577 2827 1647 superbiae
2873 1578 3068 1645 elatus,
3123 1597 3286 1652 opera
3331 1585 3419 1639 vel
3471 1595 3640 1643 actos
3691 1592 3754 1644 de

2153 1667 2350 1738 quibus
2384 1667 2678 1738 corrigitur
2725 1668 3045 1734 defenderit,
3074 1679 3203 1728 tunc
3251 1674 3470 1730 abbatis
3502 1679 3754 1735 scientia:

2154 1761 2417 1831 regimine
2437 1760 2762 1830 corrigatur,
2793 1761 2920 1831 quia
2941 1763 3204 1835 scriptum
3232 1773 3317 1821 est
3342 1784 3356 1820 :
3395 1765 3508 1834 Qui
3563 1770 3751 1840 objicit

469 1859 518 1914 ei
537 1861 751 1915 accedat
773 1862 1045 1927 correctio,
1074 1862 1130 1914 id
1153 1870 1248 1926 est,
1302 1869 1359 1914 ut
1400 1861 1666 1915 verberum
1712 1860 1945 1915 vindicta
1991 1863 2039 1917 in

2150 1850 2485 1922 disciplinam
2511 1893 2527 1919 ,
2579 1851 2767 1922 infelix
2826 1852 3009 1924 (Prov.
3079 1855 3192 1927 xv).
3240 1856 3565 1916 Moderante
3623 1877 3752 1934 ergo

468 1966 586 2004 eum
615 1951 881 2020 procedat.
923 1951 1217 2021 Correptus
1244 1952 1394 2018 dicit,
1417 1953 1715 2023 castigatus
1746 1952 1832 2006 vel
1867 1952 2051 2022 objur-

467 2048 643 2112 gatus.
669 2040 817 2096 Inter
845 2042 1120 2112 corripere
1146 2043 1314 2107 enim,
1343 2043 1615 2113 castigare
1638 2043 1724 2098 vel
1761 2044 2051 2115 objurgare

471 2130 577 2185 hoc
605 2130 837 2186 interest
861 2150 873 2184 :
909 2131 1230 2200 corripimus
1255 2132 1404 2186 enim
1427 2133 1765 2199 verberibus,
1793 2132 2046 2210 objurga;

470 2239 594 2279 mus
618 2233 800 2280 autem
825 2225 1379 2297 verbishcastigamus
1402 2241 1535 2282 vero
1556 2236 1612 2284 et
1640 2227 1820 2284 verbis
1844 2236 1900 2284 et
1926 2242 2050 2282 ver-

475 2315 718 2371 beribus.

539 2409 696 2476 Quod
718 2410 764 2464 si
789 2426 881 2464 nec
909 2410 985 2464 ita
1009 2425 1066 2463 se
1094 2412 1397 2475 correxerit,
1426 2418 1518 2464 aut
1539 2409 1672 2480 forte
1699 2410 1859 2480 (quod
1889 2409 2047 2482 absit)

463 2502 519 2556 in
542 2501 842 2572 superbiam
877 2500 1070 2567 elatus,
1120 2501 1279 2556 etiam
1325 2501 1604 2570 defendere
1639 2499 1861 2574 voluerit
1890 2517 2049 2570 opera

461 2612 580 2661 sua,
613 2605 738 2648 tunc
761 2593 922 2648 abbas
951 2594 1114 2664 faciat
1137 2593 1276 2664 quod
1301 2594 1511 2663 sapiens
1543 2593 1795 2647 medicus.
1823 2590 1882 2646 Si
1910 2591 2052 2645 exhi-

460 2685 571 2739 buit
599 2685 850 2754 fomenta,
873 2685 918 2738 si
940 2693 1206 2754 unguenta
1258 2684 1706 2747 adhortationum,
1745 2683 1791 2737 si
1821 2682 2049 2736 medica-

463 2779 611 2832 mina
634 2776 1032 2848 Scripturarum
1055 2777 1374 2844 divinarum,
1401 2780 1446 2832 si
1479 2779 1548 2831 ad
1576 2777 1842 2844 ultimum,
1881 2777 2050 2831 ustio-

459 2885 578 2924 nem
619 2869 1193 2934 excommunicationis,
1221 2868 1299 2923 vel
1326 2868 1508 2940 plagas
1554 2869 1841 2938 virgarum.
1873 2867 2048 2924 Casti-

459 2961 840 3031 gationescum
878 2964 1080 3033 pietate
1123 2970 1176 3018 et
1197 2963 1609 3018 mansuetudine
1635 2971 1781 3018 recte
1804 2963 2047 3018 fomenta

458 3061 744 3132 vocantur.
791 3054 1209 3110 Adhortationes
1234 3070 1363 3109 vero
1389 3070 1513 3110 cum
1566 3055 1862 3111 dulcedinis
1914 3055 2048 3110 leni-

460 3154 574 3200 tate
619 3154 892 3218 unguenta
932 3147 1202 3202 dicuntur.
1251 3147 1565 3203 Divinarum
1603 3163 1736 3203 vero
1797 3147 2047 3218 Scriptu-

2152 1942 2379 1997 scientia
2408 1942 2617 1998 saniem
2641 1941 2893 1998 medendi
2929 1959 3062 1998 cura
3102 1946 3443 2004 adhibeatur.
3508 1951 3569 2006 Si
3620 1968 3748 2007 vero

2151 2031 2261 2085 tale
2284 2032 2477 2087 vulnus
2495 2047 2593 2103 per
2621 2031 2862 2088 fomenta
2891 2035 3309 2106 castigationum
3337 2047 3396 2094 et
3416 2041 3653 2110 pietatis
3684 2061 3743 2099 ac

2149 2128 2389 2183 lenitatis
2430 2137 2705 2198 unguenta
2732 2129 2980 2199 sospitati
3009 2145 3117 2185 non
3159 2132 3436 2199 redditur,
3486 2145 3622 2192 tunc
3651 2153 3738 2194 ex-

2150 2219 2660 2274 communicationis
2685 2223 3014 2276 sententiam
3041 2223 3129 2277 vel
3153 2224 3457 2294 disciplina
3486 2243 3746 2300 corpora-

2150 2309 2216 2364 lis
2245 2325 2461 2380 pwnam
2489 2311 2754 2366 incurrat.
2803 2312 2873 2367 Et
2919 2314 2964 2368 si
3004 2329 3106 2369 nec
3149 2322 3743 2378 excommunicationis

2148 2408 2318 2466 metu,
2348 2415 2449 2456 nec
2477 2400 2672 2473 ﬂagelli
2700 2417 2863 2472 paena
2910 2403 3200 2476 frangitur,
3246 2421 3523 2481 augeatur
3569 2413 3742 2470 adhuc

2147 2492 2368 2562 pietatis
2393 2493 2589 2558 fomes,
2622 2496 2698 2550 ita
2723 2505 2784 2551 ut
2811 2498 2880 2552 ab
2906 2499 3053 2554 omni
3075 2505 3503 2574 congregatione
3532 2523 3632 2577 pro
3679 2524 3744 2563 eo

2150 2584 2451 2639 communis
2475 2585 2736 2642 Dominus
2766 2588 3075 2643 orationum
3103 2591 3280 2648 oﬂicio
3302 2594 3650 2664 deprecetur,
3687 2610 3746 2652 ut

2149 2674 2242 2743 qui
2266 2675 2459 2745 laqueo
2494 2677 2692 2733 diaboli
2720 2679 2960 2735 irretitus
2995 2688 3228 2746 tenetur,
3274 2685 3490 2740 Domini
3521 2690 3745 2745 miseri-

2150 2768 2336 2822 cordia
2373 2785 2436 2825 ac
2461 2771 2662 2839 pietate
2699 2780 2940 2828 curetur.
2991 2772 3145 2841 Quod
3180 2777 3227 2831 si
3265 2792 3369 2832 nec
3405 2780 3474 2833 sic
3519 2781 3731 2850 corripi

2149 2859 2402 2926 voluerit,
2441 2861 2586 2916 intra
2609 2870 2764 2934 septa
2792 2866 3111 2920 monasterii
3150 2867 3250 2923 sub
3275 2870 3614 2938 paenitentiae
3643 2882 3740 2926 te-

2148 2965 2304 3017 nore,
2333 2952 2400 3008 ab
2421 2953 2670 3008 omnibus
2694 2941 2894 3024 praeter
2918 2960 3169 3014 custodes
3193 2971 3535 3032 segregatus,
3553 2964 3742 3018 tandiu

2150 3043 2448 3113 castigetur
2471 3043 2701 3101 diversis
2741 3048 3189 3116 correptionibus,
3235 3067 3406 3120 usque
3443 3053 3580 3107 dum
3624 3053 3741 3122 ejus

2148 3134 2430 3190 humilitas
2481 3136 2734 3191 omnibus
2769 3152 2898 3192 vera
2943 3139 3262 3194 credulitate
3309 3142 3567 3210 pateﬁat,
3617 3146 3744 3214 quia

457 3252 646 3292 rarum
697 3238 1007 3293 testimonia
1042 3237 1127 3292 vel
1156 3253 1309 3293 sacra
1353 3237 1487 3308 legis
1511 3246 1776 3308 praecepta
1808 3253 1916 3293 non
1960 3238 2039 3294 in-

2148 3233 2205 3281 et
2243 3225 2411 3280 invita
2440 3241 2582 3296 saepe
2617 3227 2764 3282 salus
2788 3237 3096 3297 praestatur.
3137 3229 3271 3285 Nam
3301 3233 3428 3287 ideo
3479 3250 3744 3305 separan-

417 3329 698 3398 "congrue
720 3337 983 3383 vocantur
1008 3329 1386 3384 medicamina.
1411 3327 1618 3383 Sanant
1651 3329 1798 3384 enim
1830 3329 2039 3384 anima-

459 3435 582 3474 rum
610 3419 1031 3476 custodientium
1052 3428 1108 3475 et
1134 3419 1541 3475 observantium
1567 3435 1632 3474 ea
1686 3428 2037 3489 peccatorum

454 3509 699 3565 vulnera.
752 3510 904 3566 Unde
924 3511 1211 3566 Psalmista
1240 3511 1450 3565 Domini
1467 3511 1780 3568 custodiens
1797 3529 2038 3584 praecep-

455 3611 511 3658 ta
537 3603 749 3658 diccbat
780 3621 794 3657 :
825 3602 940 3673 Ego
968 3604 1101 3669 dixi,
1151 3603 1393 3668 Domine,
1427 3605 1673 3658 miserere
1728 3607 1850 3671 mei,
1903 3625 2037 3661 sana

365 3759 374 3768 ι
455 3694 687 3748 animam
716 3711 904 3759 meam,
931 3695 1058 3764 quia
1081 3695 1288 3765 peccavi
1317 3695 1410 3748 tibi
1442 3693 1618 3766 (Psal.
1657 3696 1770 3768 χι).
1807 3698 2038 3753 Excom—

452 3785 840 3840 municationis
877 3793 1058 3841 autem
1079 3800 1266 3840 severa
1287 3786 1576 3854 districtio,
1609 3803 1729 3857 qua:
1762 3790 2037 3858 peccatori

452 3877 752 3948 iniungitur
775 3893 874 3948 pro
901 3887 1147 3948 peccato,
1183 3879 1568 3935 convenienter
1614 3881 1759 3936 ustio
1785 3890 2032 3938 vocatur.

454 3967 610 4023 Sicut
632 3969 776 4024 enim
795 3970 1001 4025 ustulat
1025 3978 1187 4040 atque
1207 3979 1420 4026 cremat
1453 3987 1668 4042 corpus,
1701 3973 1777 4028 ita
1812 3973 2034 4030 distric-

450 4059 526 4114 tio
551 4062 1125 4117 excommunicationis
1157 4063 1394 4118 animam
1423 4061 1630 4135 afﬂigit,
1675 4065 1885 4135 pariter
1909 4081 2038 4122 con-

449 4159 656 4207 cremat
701 4161 863 4223 atque
891 4169 1106 4224 corpus.
1137 4153 1243 4209 Sed
1271 4155 1414 4210 ustio
1436 4155 1538 4210 ista
1572 4171 1602 4209 a
1630 4158 1843 4226 peccati
1885 4157 2036 4212 rubi-

447 4241 572 4312 gine
635 4243 894 4298 humilem
935 4253 1129 4314 purgat
1171 4245 1428 4312 animam,
1482 4248 1769 4317 superbam
1799 4262 1931 4302 vero
1981 4247 2034 4301 in

445 4329 648 4400 plumbi
668 4333 940 4386 convertit
985 4343 1252 4389 naturam.
1303 4335 1380 4391 De
1425 4336 1589 4405 virga:
1632 4351 1760 4391 vero
1823 4336 2033 4407 ﬂagello

447 4416 702 4474 Salomon
732 4421 808 4475 ait
841 4439 853 4474 :
885 4418 1111 4477 Perc-ute
1131 4423 1302 4492 filium
1327 4434 1475 4478 tuum
1494 4426 1660 4495 virga,
1701 4435 1750 4480 et
1781 4426 2030 4481 liberabis

445 4508 678 4562 animam
696 4509 1065 4578 ejusamorte
1114 4511 1296 4584 (Prov.
1349 4516 1533 4582 χχιιι).
1583 4516 1669 4581 Et,
1733 4515 1796 4572 Si
1847 4516 2024 4588 diligis

443 4597 614 4667 filium
643 4609 816 4667 tuum,
847 4603 1069 4658 assidua
1094 4602 1173 4657 illi
1203 4605 1414 4675 ﬂagella
1439 4605 1630 4676 (Eccli.
1664 4611 1816 4678 xxx).

514 4690 694 4746 Etiam
725 4694 772 4746 si
794 4695 977 4748 viderit
1003 4695 1134 4750 nihil
1156 4713 1306 4750 suam
1351 4697 1636 4768 praevalere
1661 4699 1981 4756 industriam
2011 4743 2026 4760 .

441 4785 689 4840 adhibeat
711 4788 871 4842 etiam
896 4788 1056 4859 (quod
1085 4791 1262 4860 majus
1288 4789 1385 4858 est)
1412 4808 1562 4844 suam
1586 4800 1633 4845 et
1656 4793 1890 4847 omnium
1916 4794 2030 4864 fra-

442 4884 581 4930 trum
618 4893 713 4947 pro
739 4894 799 4932 eo
821 4878 1145 4942 orationem;
1183 4888 1238 4932 ut
1269 4877 1548 4945 Dominus,
1579 4882 1668 4952 qui
1706 4883 1883 4936 omnia
1929 4899 2026 4952 po-

441 4974 558 5031 test,
588 4975 830 5036 operetur
857 4967 1081 5022 salutem
1113 4971 1256 5023 circa
1299 4971 1570 5039 inﬁmum
1599 4971 1838 5041 fratrem.
1885 4971 2025 5028 Hinc

440 5063 496 5110 et
521 5057 796 5125 apostolus
825 5059 900 5114 ait
927 5077 939 5112 :
973 5057 1308 5130 Conﬁtemini
1341 5061 1657 5117 alterutrum
1681 5072 1895 5133 peccata
1942 5080 2028 5119 ve-

437 5155 572 5213 stra,
600 5157 649 5202 et
685 5157 830 5203 orate
857 5167 952 5220 pro
980 5151 1201 5205 invicem
1225 5160 1282 5205 ut
1305 5151 1597 5207 salvemini.
1631 5152 1860 5207 Multum
1885 5154 2024 5208 enim

439 5238 572 5293 valet
593 5239 886 5310 deprecatio
912 5241 1050 5310 justi
1071 5242 1308 5297 assidua.
1341 5241 1494 5297 Elias
1511 5244 1666 5298 homo
1706 5253 1816 5298 erat
1835 5243 2024 5298 similis

437 5329 586 5384 nobis
617 5331 903 5401 passibilis,
932 5341 982 5386 et
1015 5333 1252 5387 oratione
1281 5335 1464 5397 oravit,
1501 5342 1606 5390 etc.
1654 5334 1794 5406 (Jac.
1844 5334 1920 5406 v).
1965 5333 2023 5389 Si

437 5420 543 5474 hoc
587 5437 730 5476 unus
771 5421 918 5478 Elias
958 5431 1170 5478 tantum
1217 5423 1548 5493 impetravit,
1599 5433 1804 5495 quanto
1846 5425 2022 5496 magis

437 5507 638 5562 valebit
693 5509 947 5582 frequens
988 5512 1347 5583 plurimorum
1395 5513 1571 5570 oratio
1605 5514 1896 5586 iustorum.
1931 5513 2020 5570 Ju-

434 5597 634 5652 bentur
655 5598 838 5670 itaque
861 5617 1022 5658 orare
1041 5612 1097 5659 et
1129 5604 1364 5675 psallere
1396 5605 1646 5672 Domino,
1677 5607 1895 5676 quoties
1920 5606 2021 5660 ali-

438 5687 634 5755 quibus
659 5689 940 5760 pulsamur
960 5695 1222 5762 adversis,
1268 5711 1378 5752 non
1409 5695 1583 5752 solum
1633 5710 1734 5765 pro
1781 5697 2018 5752 sanitate

440 5792 751 5852 corporum,
779 5785 875 5842 sed
915 5787 1083 5846 etiam
1126 5804 1226 5862 pro
1277 5789 1514 5849 sanitate
1555 5787 1814 5848 debemus
1857 5803 2019 5848 orare

2147 3318 2248 3374 dus
2272 3324 2358 3373 est
2387 3333 2417 3370 a
2476 3319 2916 3389 congregatione,
2944 3329 3006 3375 ut
3045 3337 3146 3378 suo
3193 3323 3326 3379 vitio
3351 3339 3466 3382 non
3498 3329 3744 3385 maculet

2143 3411 2478 3466 innocentes.
2507 3409 2716 3466 Tenera
2745 3427 2875 3468 vero
2898 3423 3053 3480 aetas,
3078 3431 3197 3486 quae
3217 3423 3742 3478 excommunicandi

2139 3502 2250 3564 vim
2281 3503 2474 3568 nescit,
2501 3518 2612 3558 non
2632 3505 3214 3570 excommunicatione,
3245 3509 3339 3564 sed
3361 3508 3587 3580 ﬂagello
3623 3528 3744 3568 cor-

2143 3595 2366 3664 rigenda
2394 3603 2498 3649 est.
2535 3595 2672 3650 Hinc
2695 3595 2936 3652 Isidorus
2960 3600 3038 3652 ait
3072 3617 3084 3652 :
3119 3599 3220 3667 Qui
3247 3603 3399 3671 gravi
3430 3605 3574 3658 vitio
3598 3621 3740 3676 saepe

2142 3685 2643 3742 excommunicatus
2672 3687 2895 3758 negligit
2921 3691 3230 3756 emendare,
3274 3693 3467 3748 tandiu
3505 3694 3739 3750 damna-

2142 3774 2279 3830 tioni
2310 3775 2603 3842 subjaceat,
2637 3792 2920 3848 quousque
2965 3779 3098 3834 vitia
3125 3781 3314 3836 inolita
3362 3783 3646 3854 deponat;
3683 3797 3741 3840 ut

2143 3879 2301 3934 quem
2329 3866 2500 3923 semel
2547 3867 2697 3923 illata
2724 3869 3126 3927 animadversio
3163 3889 3270 3929 non
3315 3877 3592 3940 coercuit,
3630 3876 3738 3932 fre-

2142 3970 2315 4025 quens
2379 3957 2640 4014 severitas
2701 3967 2921 4015 censeat
2985 3963 3397 4019 emendandum.
3465 3965 3736 4032 Quamvis

2140 4043 2506 4116 frequentium
2527 4050 3077 4122 gravissimorumque
3098 4052 3352 4108 vitiorum
3371 4057 3647 4126 voragine
3665 4057 3739 4111 sit

2141 4135 2369 4206 quisque
2396 4138 2717 4206 immersus,
2767 4157 2876 4196 non
2931 4149 3016 4198 est
3069 4151 3247 4199 tamen
3296 4161 3328 4200 a
3383 4152 3737 4205 monasterio

2137 4230 2526 4300 projiciendus,
2557 4234 2652 4287 sed
2680 4232 2838 4301 juxta
2865 4235 3179 4305 qualitatem
3225 4238 3406 4294 delicti
3457 4257 3733 4299 coercen-

2139 4320 2239 4375 dus
2278 4329 2390 4387 est;
2431 4337 2500 4376 ne
2523 4321 2685 4389 forte,
2713 4326 2805 4394 qui
2839 4334 3054 4396 poterat
3080 4345 3178 4398 per
3204 4331 3519 4388 diuturnam
3547 4338 3734 4405 peni-

2138 4411 2381 4468 tudinem
2401 4413 2698 4480 emendari,
2732 4417 2858 4471 dum
2885 4419 3189 4488 projicitur,
3214 4437 3308 4477 ore
3335 4423 3537 4480 diaboli
3559 4429 3736 4483 devo-

2137 4510 2305 4556 retur.
2336 4503 2534 4559 Beatus
2558 4514 2741 4560 autem
2773 4506 3076 4565 Macharius
3108 4510 3267 4567 aliter
3292 4513 3346 4568 in
3368 4530 3468 4568 sua
3501 4517 3724 4587 Regula

2051 4578 2106 4640 Ῑ)
2131 4595 2208 4650 ait
2234 4614 2245 4648 :
2282 4593 2385 4662 Qui
2415 4597 2630 4667 saepius,
2663 4598 2858 4669 inquit,
2881 4603 3192 4673 corripitur,
3223 4613 3278 4659 et
3305 4620 3412 4661 non
3436 4623 3500 4662 se
3529 4578 3726 4664 emen-

2133 4688 2364 4761 caverit,
2407 4697 2697 4746 extraneas
2732 4693 3015 4762 habeatur,
3045 4695 3186 4751 sicut
3229 4697 3364 4752 dixit
3399 4698 3677 4758 Dominus
3705 4721 3722 4758 :

2135 4774 2218 4835 Sit
2241 4782 2337 4836 tibi
2376 4783 2511 4837 sicut
2545 4784 2780 4838 ethnicus
2816 4795 2863 4839 et
2891 4786 3223 4856 publicanus.
3248 4789 3444 4844 Beatus
3475 4791 3731 4849 Basilius

2133 4874 2208 4924 ita
2243 4888 2256 4924 :
2287 4872 2388 4937 Qui
2417 4887 2516 4941 pro
2542 4883 2764 4942 peccato
2791 4891 2900 4930 non
2929 4879 3180 4946 paenitet,
3203 4881 3560 4936 abscindatur
3592 4893 3730 4938 tan-

2132 4979 2294 5035 quam
2318 4965 2682 5033 putrefactum
2708 4970 3015 5025 membrum
3065 4987 3110 5025 a‘
3143 4987 3394 5042 corpore,
3444 4977 3726 5046 scriptum

2131 5061 2215 5110 est
2241 5054 2385 5109 enim
2415 5057 2542 5125 quia
2563 5058 2768 5128 expedit
2814 5070 2872 5113 ut
2917 5071 3092 5130 pereat
3148 5080 3310 5118 unum
3356 5067 3726 5121 membrorum

2129 5153 2361 5212 tuorum,
2403 5155 2458 5201 et
2501 5163 2609 5203 non
2661 5165 2823 5204 omne
2844 5167 3031 5222 corpus
3063 5163 3211 5208 tuum
3239 5156 3483 5209 mittatur
3525 5160 3584 5212 in
3625 5176 3723 5230 ge—

2127 5235 2388 5302 hennam;
2419 5240 2547 5307 quia
2589 5241 2639 5295 ei
2688 5257 2914 5312 parcere
2963 5258 3123 5314 quem
3158 5245 3417 5302 Dominus
3451 5251 3722 5304 condem-

2128 5331 2296 5396 navit,
2326 5332 2464 5386 velle
2489 5341 2640 5388 tuum
2669 5350 2777 5389 non
2801 5344 2904 5391 est.
2940 5336 3000 5390 In
3036 5337 3298 5395 Orientali
3331 5342 3476 5396 enim
3503 5341 3719 5412 Regula

2127 5420 2208 5476 sic
2232 5421 2537 5480 invenimus
2570 5443 2582 5479 :
2613 5423 2672 5480 Si
2700 5425 2867 5482 fuerit
2899 5427 3096 5500 aliquis
3135 5441 3245 5486 tam
3276 5433 3444 5488 durus
3491 5443 3550 5487 et
3599 5445 3718 5489 tam

2133 5512 2342 5569 alienus
2372 5530 2403 5569 a
2437 5515 2632 5571 timore
2660 5517 2898 5584 Domini,
2943 5527 3002 5574 ut
3049 5529 3128 5576 tot
3161 5523 3615 5593 castigationibus
3658 5533 3719 5578 et

2133 5612 2210 5660 tot
2231 5606 2641 5664 remissionibus
2665 5623 2772 5663 non
2795 5612 3133 5680 emendetur,
3159 5613 3477 5684 projiciatur
3505 5617 3577 5672 de
3598 5632 3720 5672 mo-

2129 5700 2388 5765 nasterio,
2419 5709 2474 5754 et
2499 5701 2645 5756 velut
2681 5712 2971 5761 extraneas
3017 5707 3306 5774 habeatur,
3341 5726 3410 5765 ne
3455 5711 3594 5769 vitio
3642 5710 3715 5766 il-

2124 5789 2230 5849 lius
2245 5791 2338 5849 alii
2361 5792 2754 5866 periclitentur.
2790 5796 2943 5857 Unde
2965 5806 3022 5856 et
3046 5801 3296 5872 sequitur
3325 5820 3341 5859 :
