3994 6460
219 390 322 449 857

1275 386 1628 445 COMMENT.
1669 387 1739 444 IN
1777 385 1936 443 REG.
1978 386 2036 444 S.
2075 387 2456 447 BENEDICTI.

3348 391 3454 450 858

285 502 359 558 Et
387 502 577 557 iterum
606 517 625 557 :
659 498 899 570 Inﬁdelis
927 499 973 554 si
1018 498 1256 565 discedit,
1276 498 1538 554 'discedat
1564 498 1617 571 (1
1660 498 1783 554 Cor.
1811 500 1868 561 Α
1888 505 1970 554 tes
1996 509 2242 572 receptus
2269 502 2454 557 tandiu
2487 504 2846 570 examinetur,
2877 503 3177 575 usquedum
3200 495 3456 578 probabi-

216 594 334 668 vn).
376 592 434 649 Id
457 601 562 658 est,
585 593 631 648 si
668 591 782 647 vult
816 592 985 657 abire,
1029 593 1207 646 abeat.
1235 591 1304 646 Et
1333 607 1440 646 non
1469 591 1574 646 hoc
1619 591 1785 646 abbas
1885 589 1952 647 lis
1984 590 2099 662 ejus
2125 592 2238 648 vita
2262 592 2590 650 inveniatur.

217 686 628 757 grandipendat,
655 693 748 739 aut
771 685 1044 755 culpatum
1082 701 1141 740 se
1163 684 1388 754 iudicet,
1421 688 1467 742 si
1496 703 1624 742 suus
1662 686 1784 741 inli-

218 777 353 833 delis
382 777 609 833 discedit
659 777 958 832 monachus
986 796 998 831 :
1031 778 1156 846 quia
1196 778 1240 832 si
1270 777 1358 833 ille
1397 779 1618 848 proprio
1650 778 1784 833 vitio

216 867 528 923 monasterii
549 867 750 922 deserit
768 867 1024 937 claustra,
1042 868 1096 921 in
1120 867 1372 922 abbatem
1396 882 1501 921 non
1520 867 1784 922 redundat

215 960 330 1030 ejus
356 962 563 1030 peccati
593 960 824 1015 macula.
851 958 953 1027 Qui
977 960 1123 1015 enim
1150 960 1300 1029 prius
1327 959 1558 1014 discedit
1578 967 1778 1025 mente,

214 1068 432 1109 necesse
459 1061 544 1109 est
583 1053 926 1123 postmodum
980 1052 1223 1108 discedat
1245 1060 1302 1107 et
1347 1066 1591 1122 corpore,
1618 1067 1687 1107 ne
1711 1051 1781 1106 ab

211 1144 302 1200 illo
350 1144 443 1200 fiat
467 1145 521 1199 in
550 1160 710 1217 grege
736 1144 880 1214 quod
908 1145 1154 1214 sequitur
1186 1162 1200 1197 :

280 1233 365 1288 Ne
401 1250 509 1288 una
537 1236 642 1289 ovis
679 1235 920 1289 morbida
965 1251 1169 1289 omnem
1215 1252 1419 1307 gregem
1466 1237 1782 1291 contaminet

211 1327 420 1402 (Ibid.).
459 1328 703 1384 Morbum
738 1330 860 1385 ideo
890 1341 1104 1386 veteres
1131 1331 1552 1401 appellaverunt,
1575 1339 1637 1385 ut
1665 1332 1780 1401 ipsa

210 1420 564 1492 appellatione
603 1423 713 1476 vim
741 1424 954 1489 mortis,
997 1439 1118 1494 quae
1163 1438 1230 1478 ex
1275 1439 1341 1480 eo
1378 1423 1638 1488 nascitur,
1686 1417 1778 1476 de-

207 1519 589 1568 monstrarent.
626 1511 760 1567 Nam
791 1514 939 1569 inter
962 1513 1249 1569 sanitatem
1283 1521 1338 1570 et
1373 1515 1620 1568 morbum
1658 1527 1776 1568 me-

207 1603 293 1658 dia
330 1613 415 1660 est
434 1605 663 1670 curatio,
695 1620 816 1674 quae
844 1605 949 1660 nisi
978 1607 1168 1662 morbo
1200 1613 1481 1676 congruat,
1506 1620 1614 1660 non
1653 1620 1779 1675 per-

206 1693 353 1748 ducit
377 1695 444 1750 ad
470 1695 778 1749 sanitatem.
825 1694 978 1762 Quod
1007 1702 1189 1750 autem
1214 1695 1365 1760 dicit,
1423 1695 1771 1760 contaminet,

2453 685 2680 744 CAPUT
2713 681 2884 744 XXX.

1989 772 2068 828 De
2093 776 2268 845 pueris
2295 777 2488 830 minori
2509 786 2682 841 tetate,
2709 779 2940 850 qualiter
2966 781 3340 852 corripiantur.

1954 861 2137 919 Omnis
2187 874 2315 920 tetas
2346 866 2422 921 vel
2463 866 2754 922 intellectus
2805 870 3043 940 proprias
3066 870 3214 925 debet
3259 870 3450 926 habere

1881 969 2172 1009 mensuras.
2199 955 2257 1009 Id
2299 945 2623 1027 est,'judicii
2653 957 2934 1028 disciplina
2959 975 3066 1014 non
3109 960 3452 1018 uniformiter

1880 1051 1965 1098 est
1985 1045 2236 1100 omnibus
2251 1047 2572 1114 exhibenda,
2590 1047 2684 1102 sed
2711 1050 3007 1105 secundum
3028 1050 3451 1126 uniuscujusque

1878 1144 2092 1192 aetatem
2119 1139 2205 1194 vel
2236 1139 2564 1196 intellectum
2599 1157 2723 1197 cum
2743 1159 2940 1215 magno
2965 1154 3048 1201 est
3083 1148 3454 1210 moderamine

1878 1224 2177 1282 inferenda.
2208 1228 2382 1284 Aliter
2426 1231 2571 1286 enim
2617 1233 2845 1302 parvuli,
2898 1235 3057 1292 aliter
3087 1239 3456 1299 adolescentes

1877 1324 1933 1369 et
1956 1316 2201 1386 juvenes,
2233 1319 2394 1374 aliter
2419 1335 2599 1388 senes,
2638 1322 2795 1379 aliter
2823 1337 2950 1380 vero
2980 1325 3251 1398 decrepita
3288 1332 3454 1402 positi

1878 1407 2076 1464 debent
2094 1410 2326 1480 judicari
2363 1420 2540 1468 aetate.

1945 1498 2176 1572 Ideoque
2216 1505 2419 1573 quoties
2449 1506 2598 1575 pueri
2640 1505 2718 1561 vel
2767 1506 3199 1563 adolescentiores
3252 1518 3406 1565 aetate
3431 1550 3449 1578 ,

1873 1598 1968 1643 aut
1991 1592 2080 1662 qui
2107 1593 2279 1648 minus
2303 1594 2591 1666 intelligere
2613 1607 2849 1668 possunt,
2870 1610 3069 1670 quanta
3096 1617 3246 1670 paena
3270 1601 3339 1656 sit
3360 1618 3447 1657 ea:-

1875 1683 2395 1747 communicationis;
2434 1685 2488 1739 hi
2527 1686 2660 1741 tales
2694 1688 2822 1742 dum
2860 1688 3187 1760 delinquunt,
3234 1698 3327 1744 aut
3358 1692 3448 1761 je-

207 1785 545 1856 intelligitur,
574 1785 777 1854 polluat
820 1787 906 1840 vel
952 1786 1215 1855 inquinet.
1260 1784 1584 1857 Contagium
1630 1785 1774 1840 enim

1881 1770 2036 1833 iuniis
2065 1773 2239 1828 nimiis
2263 1776 2578 1845 afﬂigantur,
2606 1787 2697 1832 aut
2725 1779 2885 1832 arctis
2917 1777 3046 1851 [Al.,
3077 1779 3322 1845 acribus;
3357 1779 3452 1842 aL,

205 1876 402 1932 dicitur
430 1876 811 1932 ωηιηωίηαιίο
831 1875 1136 1940 criminum,
1163 1875 1402 1942 miseria,
1427 1856 1593 1930 animi
1628 1891 1773 1931 mor.
1799 1856 1848 1916 B
1875 1863 2073 1935 acrius]
2105 1865 2400 1919 verberibus
2439 1877 2777 1922 coerceantur
2799 1878 2857 1923 ut
2905 1879 3179 1924 sanentur.
3208 1869 3286 1925 De
3336 1872 3456 1927 tali-

204 1965 322 2030 bus,
353 1964 652 2032 calamitas,
676 1965 762 2021 vel
789 1966 1156 2037 coinquinatio
1200 1967 1415 2020 mentis.
1454 1965 1776 2036 Conlagium
1876 1955 1977 2011 bus
2002 1957 2146 2010 enim
2173 1956 2428 2012 Salomon
2446 1958 2524 2012 ait
2557 1977 2570 2013 :
2603 1959 2844 2015 Stultitia
2869 1961 3114 2032 colligata
3139 1970 3216 2016 est
3236 1962 3290 2017 in
3302 1962 3458 2018 corde

204 2056 346 2112 enim
371 2071 404 2112 a
430 2047 790 2130 contiitgendo
806 2058 1028 2114 dictum.
1059 2056 1329 2129 Quidquid
1355 2058 1501 2114 enim
1516 2058 1772 2129 tetigerit,

202 2147 408 2216 polluit.

749 2260 975 2318 CAPUT
1011 2260 1204 2316 XXIX.

201 2390 262 2450 Si
310 2393 530 2450 debeant
587 2395 779 2466 fratres
833 2407 1076 2479 exeuntes
1121 2398 1185 2452 de
1227 2397 1544 2454 monasterio
1584 2398 1774 2454 iterum

888 2483 1064 2537 recipi.

275 2598 467 2654 Frater
494 2604 583 2672 qui
610 2605 823 2674 proprio
847 2605 969 2658 vitio
998 2603 1262 2675 egreditur
1285 2614 1377 2660 aut
1406 2607 1686 2677 projicitur
1710 2607 1776 2662 de

198 2695 535 2759 monasterio,
565 2696 611 2748 si
649 2697 830 2748 reverti
849 2695 1105 2763 _voluerit,
1134 2698 1387 2768 spondeat
1405 2701 1550 2770 prius
1572 2717 1775 2755 omnem

199 2783 614 2838 emendationem
640 2786 750 2839 vitii
777 2803 871 2856 pro
895 2804 996 2857 quo
1027 2805 1261 2858 egressus
1298 2799 1407 2856 est;
1442 2800 1490 2844 et
1516 2792 1592 2845 sic
1612 2792 1667 2845 in
1693 2790 1776 2845 ul-

198 2877 324 2930 timo
349 2877 518 2946 gradu
547 2879 852 2949 recipiatur,
882 2888 939 2934 ut
972 2897 1038 2934 ex
1071 2881 1167 2935 hoc
1194 2882 1310 2952 ejus
1339 2882 1609 2937 humilitas
1631 2900 1774 2937 com-

197 2967 463 3038 probetur.
494 2968 646 3034 Quod
676 2971 723 3024 si
752 2970 924 3025 denuo
949 2973 1157 3038 exierit,
1181 2990 1346 3045 usque
1367 2977 1518 3028 tertio
1552 2975 1774 3045 recipia-

198 3067 303 3110 tur.
330 3057 456 3112 Jam
481 3076 598 3114 vero
619 3070 798 3130 postea
826 3063 960 3116 sciat
979 3079 1182 3117 omnem
1199 3064 1299 3118 sibi
1328 3066 1636 3119 reversionis
1657 3065 1765 3119 adi-

201 3159 311 3203 tum
342 3150 608 3222 denegari.
655 3152 791 3207 Hinc
837 3153 1054 3222 quidam
1082 3155 1339 3225 magister
1364 3156 1769 3225 _monacborum

1875 2047 2048 2116 pueri,
2077 2056 2126 2100 et
2170 2048 2315 2117 virga
2346 2047 2637 2119 disciplina:
2661 2050 2868 2119 fugabit
2897 2067 3012 2104 eam
3047 2048 3240 2121 .(Prov.
3291 2049 3454 2123 xxu).

1874 2136 2013 2192 Hinc
2033 2137 2269 2194 Isidorus
2287 2126 2362 2193 ait
2381 2159 2392 2193 :
2412 2140 2471 2194 In
2498 2139 2694 2196 minori
2715 2148 2874 2196 aetate
2889 2142 3170 2202 constituti
3197 2157 3304 2197 non
3327 2150 3456 2199 sunt

1875 2231 2161 2287 coercendi
2185 2233 2453 2288 sententia
2483 2234 3078 2301 excommunicationis,
3091 2234 3186 2290 sed
3201 2249 3302 2304 pro
3322 2251 3456 2304 qua-

1873 2323 2025 2380 litate
2053 2325 2392 2397 negligentiae
2406 2330 2659 2397 congruis
2680 2327 3001 2383 emendandi
3027 2335 3151 2382 sunt
3175 2327 3373 2398 plagis,
3395 2336 3459 2382 ut

1873 2433 2011 2486 quos
2051 2420 2225 2472 aetatis
2267 2417 2556 2474 infirmitas
2584 2435 2614 2473 a
2646 2420 2802 2491 culpa
2842 2435 2950 2476 non
2975 2429 3217 2486 revocat,
3255 2420 3452 2491 ﬂagelli

1875 2491 2158 2579 disciplina
2187 2519 2513 2580 compescat.
2529 2509 2610 2564 Illi
2622 2525 2752 2566 vero
2773 2509 2971 2566 fratres
2998 2519 3122 2581 post
3142 2511 3449 2581 quindecim

1877 2613 2048 2654 annos
2095 2600 2272 2655 aetatis
2315 2600 2586 2668 vapulent,
2638 2602 2732 2670 qui
2771 2601 2905 2656 satis
2943 2616 3162 2672 gravem
3192 2609 3286 2657 aut
3325 2600 3457 2656 furti

1875 2688 2080 2761 fugacis
2100 2698 2192 2745 aut
2216 2690 2553 2746 criminalem
2581 2691 2792 2762 culpam
2819 2693 3232 2748 commiserunt.

2431 2799 2659 2856 CAPUT
2692 2799 2887 2855 XXXI.

2157 2870 2236 2925 De
2263 2869 2533 2925 cellerario
2560 2873 2866 2925 monasterii
2887 2871 3059 2943 qualis
3083 2873 3172 2927 sit.

1947 2962 2263 3018 Cellerarius
2316 2963 2620 3018 monasterii
2675 2963 2901 3034 eligatur
2947 2965 3011 3020 de
3058 2967 3457 3037 congregatione

1873 3056 2099 3126 sapiens.
2133 3048 2476 3125 Cellerari'us,
2505 3059 2596 3128 qui
2626 3059 2800 3114 servis
2833 3059 2930 3113 Dei
2969 3059 3326 3114 substantiam
3353 3058 3454 3113 mi-

1875 3148 2094 3213 nistrat,
2117 3161 2306 3202 eorum
2353 3148 2558 3203 cibaria
2603 3148 2900 3219 dispensat,
2940 3149 3224 3220 prudentia
3265 3149 3457 3218 plenus

201 3239 333 3293 dicit
363 3257 375 3293 :
402 3209 596 3295 Frater
619 3241 664 3296 si
690 3209 887 3297 exierint
927 3209 1236 3312 frequentbr
1281 3219 1378 3298 de-
1397 3245 1730 3299 monasterio
1756 3285 1771 3309 ,
1801 3209 1846 3271 C
1878 3244 1933 3292 et
1961 3236 2224 3307 sapientia
2256 3239 2413 3293 debet
2464 3251 2586 3294 esse
2636 3241 2911 3309 praeditus,
2945 3248 3002 3293 ut
3029 3241 3325 3310 prudenter
3366 3256 3452 3294 sa-

200 3345 372 3401 usque
421 3331 476 3386 in
529 3333 746 3389 tertium
800 3349 1049 3390 reversus
1079 3337 1486 3406 resuscipiatur.
1530 3335 1774 3405 Amplius

199 3439 310 3479 non
330 3423 462 3492 jam.
515 3423 713 3495 thuid
742 3426 798 3480 in
836 3429 1164 3483 monasterio
1182 3427 1296 3497 jam
1332 3443 1467 3498 opus
1495 3429 1586 3495 sit,
1613 3445 1775 3498 quem

199 3515 344 3570 Deus
372 3530 478 3569 non
507 3516 780 3585 possidet?
816 3517 1048 3589 Ideoque
1079 3527 1200 3588 post
1227 3520 1443 3574 tertiam
1472 3519 1774 3590 correptio-

202 3619 326 3659 nem
339 3604 484 3673 juste
505 3609 833 3665 monasterio
865 3610 936 3664 sit
967 3617 1027 3662 ut
1064 3611 1312 3666 ethnicus
1339 3621 1393 3666 et
1430 3612 1772 3682 publicanus.

198 3698 340 3754 Hinc
384 3700 668 3757 Ferreolus
715 3702 791 3755 ait
834 3719 850 3757 :
888 3701 1194 3773 Fugitivum
1241 3719 1370 3759 vero
1408 3705 1772 3772 monachum,

199 3787 538 3845 deserentem
561 3791 901 3861 disciplinam
928 3800 985 3847 et
1009 3793 1326 3862 perdentem
1354 3808 1413 3848 se
1431 3834 1445 3860 ,
1475 3793 1620 3849 velut
1646 3810 1776 3850 con-

202 3891 524 3952 temptorem
557 3882 759 3954 placuit
791 3899 1068 3940 revocare.
1100 3884 1237 3940 Hinc
1269 3895 1490 3941 sanctus
1515 3885 1778 3942 Fructuo-

198 3989 294 4030 sus
324 3975 606 4046 episcopus
641 3976 757 4029 ait:
797 3974 931 4030 Cum
959 3975 1151 4045 aliquis
1195 3992 1293 4046 per
1317 3977 1506 4031 vitium
1558 3976 1774 4047 elapsus

197 4065 367 4122 fuerit
393 4083 424 4121 a
448 4067 804 4131 monasterio,
832 4067 888 4120 in
918 4066 1063 4121 aliud
1095 4081 1204 4120 non
1254 4067 1548 4135 recipiatur
1591 4083 1776 4124 coeno-

197 4159 370 4224 bium,
399 4174 576 4229 neque
605 4159 660 4213 in
708 4157 1061 4212 humanitatis
1106 4157 1446 4223 charitatem,
1491 4172 1666 4226 neque
1696 4158 1775 4229 .in

197 4251 352 4322 pacis
395 4249 672 4314 osculum,
722 4249 817 4303 sed
863 4248 1116 4303 continuo
1158 4247 1356 4302 vinctis
1403 4255 1526 4317 post
1562 4257 1774 4319 tergum

200 4340 451 4396 manibus
479 4339 659 4394 abbati
717 4339 1006 4394 reducatur
1045 4338 1284 4409 proprio.
1334 4338 1468 4392 Item
1522 4339 1677 4408 ipse:
1716 4337 1775 4393 Si

196 4441 349 4488 certe
374 4430 476 4501 ipsi
510 4436 766 4501 apostata:
811 4431 878 4486 ab
906 4430 1156 4484 omnibus
1197 4427 1400 4484 fuerint
1437 4429 1670 4499 expulsi,
1721 4440 1776 4485 et

197 4523 309 4578 huc
335 4521 568 4590 illucque
603 4528 861 4591 vagantes
885 4520 1113 4575 diversis
1141 4520 1275 4574 locis
1302 4519 1588 4575 instabiles
1611 4529 1775 4590 atque

197 4610 542 4676 vacillantes,
579 4624 677 4665 suo
709 4611 1038 4665 monasterio
1067 4626 1124 4665 se
1154 4611 1352 4666 reverti
1388 4612 1646 4682 petierint
1681 4629 1776 4668 ne-

197 4705 459 4764 cessitate
496 4703 777 4774 compulsi,
803 4703 858 4758 in
896 4711 1165 4759 conventu
1200 4705 1466 4775 majorum
1507 4707 1777 4763 deducan-

198 4807 314 4862 tur,
345 4802 400 4852 et
433 4802 492 4850 ut
517 4809 645 4849 vasa
676 4793 823 4864 ﬁguli
861 4794 917 4849 in
952 4794 1172 4851 fornace
1195 4797 1511 4866 probentur.
1539 4798 1607 4852 Et
1654 4814 1779 4855 cum

197 4887 413 4960 probati
428 4884 648 4952 fuerint,
681 4901 777 4940 suo
811 4887 1138 4941 monasterio
1165 4886 1556 4954 reformentur;
1579 4897 1635 4943 et
1669 4905 1777 4944 non

196 4979 398 5050 prima,
420 4979 514 5033 sed
540 4977 729 5031 ultima
751 4977 1003 5032 cathedra
1032 4979 1383 5049 recipiantur.
1414 4978 1548 5034 Item
1576 4994 1642 5034 ex
1673 4979 1780 5035 Re-

200 5069 327 5142 gula
355 5067 632 5137 cujusdam
660 5086 672 5122 :
708 5066 766 5123 Si
788 5067 894 5122 ullo
917 5077 1175 5137 tempore,
1199 5069 1342 5138 quod
1367 5069 1528 5134 absit,
1562 5084 1593 5122 a
1621 5068 1777 5124 Chri-

199 5161 380 5216 stiana
415 5159 672 5230 religione
701 5158 870 5213 frater
904 5173 937 5212 a
963 5159 1128 5227 septis
1156 5158 1475 5214 monasterii
1507 5159 1774 5215 discesse-

201 5252 296 5324 rit,
331 5259 385 5304 et
409 5248 551 5305 foras
577 5248 788 5320 fugiens
807 5258 990 5318 postea
1017 5249 1330 5305 recordatus
1377 5250 1621 5319 pristina:
1652 5251 1776 5307 reli-

202 5347 382 5420 gionis
415 5355 471 5402 et
511 5347 697 5402 aeterni
739 5344 928 5414 judicii
953 5345 1234 5416 perculsus
1285 5347 1477 5400 timore
1528 5359 1776 5399 reversus

198 5438 399 5505 fuerit,
426 5440 575 5510 prius
617 5439 854 5493 omnium
904 5452 1114 5492 morum
1153 5437 1581 5492 emendationem
1618 5435 1777 5506 polli-

183 5511 392 5584 iceatur
425 5547 438 5582 :
469 5536 655 5599 postea
683 5528 728 5582 si
757 5527 1049 5598 probabilis
1089 5526 1204 5595 ejus
1234 5525 1553 5596 pmnitentia
1606 5539 1775 5595 agno-

182 5616 413 5684 scatur,
455 5630 584 5675 tunc
613 5620 827 5674 demum
858 5618 998 5672 intra
1030 5627 1180 5687 septa
1209 5616 1524 5672 monasterii
1555 5615 1776 5686 recipia-

206 5722 316 5767 tur.
352 5712 489 5767 Etsi
518 5713 602 5768 bis
632 5721 724 5766 aut
747 5711 907 5765 tertio
960 5711 1064 5765 hoc
1106 5710 1316 5774 fecerit,
1353 5708 1518 5763 simili
1575 5708 1777 5778 pietate

208 5804 488 5870 foveatur;
525 5804 604 5861 sic
628 5809 811 5859 tamen
837 5808 900 5858 ut
924 5808 1168 5858 extremo
1193 5798 1312 5856 loco
1342 5797 1487 5857 inter
1509 5797 1776 5870 pmniten-

1876 3329 2195 3400 pienterque
2238 3339 2295 3385 et
2320 3329 2697 3404 dispensanda
2746 3333 3040 3402 dispenset,
3071 3339 3126 3386 et
3169 3348 3288 3402 qua:
3331 3343 3458 3388 sunt

1877 3422 2246 3477 conservanda
2271 3430 2592 3489 conservet;
2638 3423 2766 3494 quia
2807 3423 2898 3492 qui
2944 3422 3239 3478 secundum
3282 3423 3456 3478 Deum

1877 3512 2093 3582 sapiens
2121 3522 2226 3580 est,
2253 3513 2445 3570 beatus
2471 3524 2554 3571 est
2573 3511 2590 3569 ἐ
2621 3523 2679 3571 et
2700 3517 2953 3572 neminem
2975 3515 3148 3587 diligit
3170 3515 3449 3581 Dominus,

1876 3604 2007 3659 dicit
2039 3603 2341 3674 Scriptura,
2375 3607 2477 3660 nisi
2501 3624 2618 3661 eum
2647 3609 2738 3678 qui
2767 3624 2884 3661 cum
2927 3607 3185 3679 sapientia
3213 3615 3453 3662 moratur

1875 3693 2027 3766 (Sap.
2058 3697 2178 3768 vn).
2219 3696 2357 3753 Hinc
2392 3698 2631 3754 Isidorus
2660 3700 2735 3753 ait
2767 3695 2779 3753 ὲ
2812 3698 2959 3754 Nihil
2991 3699 3212 3770 prodest
3239 3715 3454 3756 omnem

1877 3787 2018 3843 scire
2044 3789 2389 3856 prudentiam
2439 3805 2561 3843 cum
2591 3791 2899 3860 ignorantia
2952 3791 3076 3857 Dei;
3128 3790 3262 3846 nihil
3300 3792 3457 3847 obest

1876 3879 2173 3934 scientibus
2243 3880 2532 3935 Dominum
2589 3883 2896 3951 ignorantia
2943 3881 3150 3937 mundi.
3207 3881 3454 3937 Perfecta

1877 3977 2055 4026 autem
2082 3972 2204 4035 scit,
2231 3971 2324 4040 qui
2347 3971 2519 4028 Deum
2546 3972 2719 4043 prius,
2751 3982 2808 4028 et
2851 3974 2955 4030 ista
2983 3989 3092 4030 non
3123 3989 3224 4045 pro
3249 3989 3329 4041 se,
3359 3975 3453 4030 sed

1873 4075 1973 4128 pro
1992 4061 2104 4114 Deo
2126 4061 2246 4114 scit.

1948 4148 2192 4203 Maturus
2235 4149 2486 4203 moribus.
2533 4149 2731 4205 Maturi
2775 4151 2922 4206 enim
2974 4165 3156 4207 mores
3200 4153 3454 4208 dicuntur

1876 4255 2088 4303 suaves,
2129 4239 2387 4306 modesti,
2433 4249 2489 4295 et
2512 4240 2808 4296 multarum
2834 4257 3016 4297 rerum
3041 4243 3372 4311 experientia
3397 4254 3452 4299 et

1877 4330 2146 4386 diuturno
2180 4339 2420 4400 tempore
2465 4333 2771 4400 temperati.
2820 4331 3092 4402 Scriptum
3122 4341 3205 4388 est
3253 4333 3398 4388 enim
3431 4352 3446 4389 :

1877 4419 2011 4476 Cani
2052 4429 2172 4476 sunt
2211 4437 2394 4476 sensus
2442 4423 2698 4490 hominis,
2750 4431 2799 4478 et
2848 4430 2975 4477 tetas
3026 4423 3300 4477 senectutis
3343 4425 3451 4480 vita

1879 4512 2218 4568 immaculata
2248 4513 2399 4585 (Sap.
2448 4516 2544 4586 IV).
2575 4515 2975 4588 Ergo-canities
3022 4515 3331 4571 honoranda
3368 4531 3453 4572 se-

1879 4611 2177 4674 ncctusque
2197 4606 2526 4672 veneranda,
2570 4613 2626 4661 et
2671 4613 2803 4662 ωερε
2850 4613 3060 4660 matura
3089 4620 3198 4660 non
3240 4614 3451 4662 tantum

1881 4696 1936 4750 in
1967 4711 2192 4765 corpore
2214 4698 2308 4752 sed
2332 4706 2387 4752 et
2415 4698 2470 4751 in
2495 4697 2742 4753 sensibus
2767 4697 3004 4752 hominis
3032 4697 3322 4762 invenitur,
3360 4700 3452 4753 ubi

1880 4785 2060 4840 omnia
2090 4766 2407 4855 bona'quae
2462 4801 2493 4838 a
2548 4785 2659 4839 Deo
2702 4786 3080 4856 accipiuntur,
3127 4795 3184 4842 et
3221 4787 3455 4842 discret‘e

1880 4885 2296 4948 componuntur,
2327 4886 2382 4932 et
2405 4878 2800 4935 rationabiliter
2829 4880 3234 4945 discernuntur,
3263 4888 3321 4934 et
3356 4879 3452 4935 ﬁr-

1879 4971 2042 5026 miter
2069 4971 2480 5027 conservantur.

1955 5061 2195 5117 Sobrius.
2245 5060 2471 5116 Sobrius
2501 5060 2822 5132 intelligitur
2845 5069 3058 5127 cautus,
3085 5060 3172 5115 vel
3213 5060 3448 5115 conside-

1883 5163 2033 5209 ratus
2056 5155 2110 5208 in
2151 5155 2274 5209 cibo
2313 5163 2369 5208 et
2393 5161 2544 5224 potu,
2577 5153 2801 5223 frugalis
2827 5161 2884 5207 et
2933 5165 3148 5222 parcus,
3188 5149 3354 5204 verbo
3404 5158 3452 5203 et

1882 5257 2045 5315 opere
2073 5251 2423 5314 temperatus.
2457 5243 2595 5300 Hinc
2617 5245 2818 5299 Paulus
2838 5243 2914 5298 ait
2941 5261 2953 5297 :
2987 5241 3111 5296 Non
3133 5240 3250 5310 plus
3275 5257 3454 5306 sapere

1881 5351 2040 5406 quam
2093 5343 2291 5405 oportet
2350 5352 2566 5405 sapere,
2629 5335 2720 5390 sed
2766 5349 2948 5405 sapere
3009 5330 3077 5384 ad
3127 5330 3454 5385 sobrietatem

1883 5426 2058 5500 (Rom.
2099 5427 2219 5500 xu),
2259 5427 2313 5482 id
2340 5435 2442 5493 est,
2469 5436 2787 5499 temperate.
2831 5424 3152 5493 Temperate
3182 5421 3327 5476 enim
3363 5421 3452 5477 de-

1873 5519 1967 5575 bet
1991 5533 2180 5590 sapere
2202 5519 2532 5586 cellerarius,
2569 5523 2865 5588 temperate
2909 5514 3109 5578 vivere,
3149 5521 3453 5583 temperate

1873 5610 2046 5680 'oqui,
2097 5618 2152 5666 et
2187 5624 2249 5664 ea
2288 5625 2407 5680 quae
2459 5606 2816 5665 ministranda
2843 5612 2970 5659 sunt
3005 5601 3286 5667 fratribus,
3311 5609 3450 5657 tem-

1876 5710 2063 5772 perate
2124 5701 2454 5758 ministrare.
2508 5699 2736 5756 Sobrius
2791 5703 2973 5752 mente
2999 5736 3014 5761 ,
3074 5695 3340 5750 discretus
3396 5693 3452 5748 in

1877 5807 2062 5868 apere,
2093 5796 2277 5855 suavis
2300 5797 2356 5856 in
2383 5794 2550 5854 verbo
2576 5801 2633 5852 et
2679 5792 2852 5852 dulcis
2896 5789 3130 5864 eloquio.
3177 5788 3452 5862 Scriptum
