  <div class='ocr_page' id='page_1' title='image "/cluster/home/n/w/nwhite01/storage/ocr_20150623/102/hvd.32044015466808/438.png"; bbox 0 0 3994 6458; ppageno 0'>
   <div class='ocr_carea' id='block_1_1' title="bbox 251 393 366 452">
    <p class='ocr_par' dir='ltr' id='par_1_1' title="bbox 251 393 366 452">
     <span class='ocr_line' id='line_1_1' title="bbox 251 393 366 452; baseline -0.026 0"><span class='ocrx_word' id='word_1_1' title='bbox 251 393 366 452; x_wconf 75' lang='grc'><strong>865</strong></span> 
     </span>
    </p>
   </div>
   <div class='ocr_carea' id='block_1_2' title="bbox 253 602 1847 679">
    <p class='ocr_par' dir='ltr' id='par_1_2' title="bbox 253 602 1847 679">
     <span class='ocr_line' id='line_1_2' title="bbox 253 602 1847 679; baseline 0.003 -21"><span class='ocrx_word' id='word_1_2' title='bbox 253 610 562 674; x_wconf 74' lang='grc' dir='ltr'><strong>ρτιεσωηαι.</strong></span> <span class='ocrx_word' id='word_1_3' title='bbox 594 602 743 674; x_wconf 55' lang='grc' dir='ltr'><strong>,Ηῑηο</strong></span> <span class='ocrx_word' id='word_1_4' title='bbox 778 603 1066 661; x_wconf 82' lang='lat' dir='ltr'><strong>Ferreolus</strong></span> <span class='ocrx_word' id='word_1_5' title='bbox 1103 607 1179 660; x_wconf 99' lang='lat' dir='ltr'><strong>ait</strong></span> <span class='ocrx_word' id='word_1_6' title='bbox 1213 624 1225 660; x_wconf 94' lang='lat'><strong>:</strong></span> <span class='ocrx_word' id='word_1_7' title='bbox 1261 605 1374 662; x_wconf 84' lang='lat' dir='ltr'><strong>Hoc</strong></span> <span class='ocrx_word' id='word_1_8' title='bbox 1403 616 1610 662; x_wconf 88' lang='lat' dir='ltr'><strong>tantum</strong></span> <span class='ocrx_word' id='word_1_9' title='bbox 1640 607 1847 679; x_wconf 90' lang='lat' dir='ltr'><strong>judicet</strong></span> 
     </span>
    </p>
   </div>
   <div class='ocr_carea' id='block_1_3' title="bbox 254 695 1848 769">
    <p class='ocr_par' dir='ltr' id='par_1_3' title="bbox 254 695 1848 769">
     <span class='ocr_line' id='line_1_3' title="bbox 254 695 1848 769; baseline 0.004 -21"><span class='ocrx_word' id='word_1_10' title='bbox 254 695 561 764; x_wconf 88' lang='lat' dir='ltr'><strong>proprium,</strong></span> <span class='ocrx_word' id='word_1_11' title='bbox 584 695 846 766; x_wconf 86' lang='lat' dir='ltr'><strong>quidquid</strong></span> <span class='ocrx_word' id='word_1_12' title='bbox 870 711 992 752; x_wconf 90' lang='lat' dir='ltr'><strong>cum</strong></span> <span class='ocrx_word' id='word_1_13' title='bbox 1030 697 1291 754; x_wconf 72' lang='lat' dir='ltr'><strong>fratribus</strong></span> <span class='ocrx_word' id='word_1_14' title='bbox 1321 700 1624 769; x_wconf 74' lang='lat' dir='ltr'><strong>possederit</strong></span> <span class='ocrx_word' id='word_1_15' title='bbox 1649 698 1848 754; x_wconf 81' lang='lat' dir='ltr'><strong>indivi-</strong></span> 
     </span>
    </p>
   </div>
   <div class='ocr_carea' id='block_1_4' title="bbox 253 786 1846 863">
    <p class='ocr_par' dir='ltr' id='par_1_4' title="bbox 253 786 1846 863">
     <span class='ocr_line' id='line_1_4' title="bbox 253 786 1846 863; baseline 0.005 -22"><span class='ocrx_word' id='word_1_16' title='bbox 253 801 400 842; x_wconf 89' lang='lat' dir='ltr'><strong>sum.</strong></span> <span class='ocrx_word' id='word_1_17' title='bbox 449 786 584 842; x_wconf 88' lang='lat' dir='ltr'><strong>Nam</strong></span> <span class='ocrx_word' id='word_1_18' title='bbox 632 795 687 843; x_wconf 91' lang='lat' dir='ltr'><strong>et</strong></span> <span class='ocrx_word' id='word_1_19' title='bbox 733 788 892 844; x_wconf 86' lang='lat' dir='ltr'><strong>lectio</strong></span> <span class='ocrx_word' id='word_1_20' title='bbox 933 788 1166 846; x_wconf 89' lang='lat' dir='ltr'><strong>Actuum</strong></span> <span class='ocrx_word' id='word_1_21' title='bbox 1208 792 1571 863; x_wconf 84' lang='lat' dir='ltr'><strong>apostolorum</strong></span> <span class='ocrx_word' id='word_1_22' title='bbox 1604 801 1846 862; x_wconf 89' lang='lat' dir='ltr'><strong>tempore</strong></span> 
     </span>
    </p>
   </div>
   <div class='ocr_carea' id='block_1_5' title="bbox 252 880 1844 951">
    <p class='ocr_par' dir='ltr' id='par_1_5' title="bbox 252 880 1844 951">
     <span class='ocr_line' id='line_1_5' title="bbox 252 880 1844 951; baseline 0.005 -17"><span class='ocrx_word' id='word_1_23' title='bbox 252 881 530 951; x_wconf 79' lang='lat' dir='ltr'><strong>surgentis</strong></span> <span class='ocrx_word' id='word_1_24' title='bbox 578 880 834 936; x_wconf 81' lang='lat' dir='ltr'><strong>Ecclesiae</strong></span> <span class='ocrx_word' id='word_1_25' title='bbox 905 883 1088 938; x_wconf 83' lang='lat' dir='ltr'><strong>taliter</strong></span> <span class='ocrx_word' id='word_1_26' title='bbox 1143 884 1328 940; x_wconf 85' lang='lat' dir='ltr'><strong>ﬁdeles</strong></span> <span class='ocrx_word' id='word_1_27' title='bbox 1378 884 1579 941; x_wconf 84' lang='lat' dir='ltr'><strong>Christi</strong></span> <span class='ocrx_word' id='word_1_28' title='bbox 1638 887 1844 942; x_wconf 79' lang='lat' dir='ltr'><strong>vixisse</strong></span> 
     </span>
    </p>
   </div>
   <div class='ocr_carea' id='block_1_6' title="bbox 252 973 1844 1046">
    <p class='ocr_par' dir='ltr' id='par_1_6' title="bbox 252 973 1844 1046">
     <span class='ocr_line' id='line_1_6' title="bbox 252 973 1844 1046; baseline 0.003 -17"><span class='ocrx_word' id='word_1_29' title='bbox 252 983 664 1029; x_wconf 86' lang='lat' dir='ltr'><strong>commemorat.</strong></span> <span class='ocrx_word' id='word_1_30' title='bbox 716 973 924 1042; x_wconf 85' lang='lat' dir='ltr'><strong>Nullus,</strong></span> <span class='ocrx_word' id='word_1_31' title='bbox 971 977 1165 1046; x_wconf 88' lang='lat' dir='ltr'><strong>inquit,</strong></span> <span class='ocrx_word' id='word_1_32' title='bbox 1203 993 1269 1033; x_wconf 78' lang='lat' dir='ltr'><strong>ex</strong></span> <span class='ocrx_word' id='word_1_33' title='bbox 1299 977 1458 1034; x_wconf 89' lang='lat' dir='ltr'><strong>bonis</strong></span> <span class='ocrx_word' id='word_1_34' title='bbox 1487 978 1600 1033; x_wconf 91' lang='lat' dir='ltr'><strong>suis</strong></span> <span class='ocrx_word' id='word_1_35' title='bbox 1627 977 1844 1034; x_wconf 91' lang='lat' dir='ltr'><strong>dicebat</strong></span> 
     </span>
    </p>
   </div>
   <div class='ocr_carea' id='block_1_7' title="bbox 252 1063 1841 1134">
    <p class='ocr_par' dir='ltr' id='par_1_7' title="bbox 252 1063 1841 1134">
     <span class='ocr_line' id='line_1_7' title="bbox 252 1063 1841 1134; baseline 0.003 -16"><span class='ocrx_word' id='word_1_36' title='bbox 252 1063 458 1134; x_wconf 87' lang='lat' dir='ltr'><strong>aliquid</strong></span> <span class='ocrx_word' id='word_1_37' title='bbox 489 1080 644 1120; x_wconf 88' lang='lat' dir='ltr'><strong>suum</strong></span> <span class='ocrx_word' id='word_1_38' title='bbox 680 1079 821 1133; x_wconf 91' lang='lat' dir='ltr'><strong>esse,</strong></span> <span class='ocrx_word' id='word_1_39' title='bbox 858 1066 951 1122; x_wconf 87' lang='lat' dir='ltr'><strong>sed</strong></span> <span class='ocrx_word' id='word_1_40' title='bbox 972 1075 1130 1121; x_wconf 90' lang='lat' dir='ltr'><strong>erant</strong></span> <span class='ocrx_word' id='word_1_41' title='bbox 1164 1066 1270 1122; x_wconf 88' lang='lat' dir='ltr'><strong>illis</strong></span> <span class='ocrx_word' id='word_1_42' title='bbox 1297 1067 1480 1122; x_wconf 89' lang='lat' dir='ltr'><strong>omnia</strong></span> <span class='ocrx_word' id='word_1_43' title='bbox 1509 1070 1841 1124; x_wconf 89' lang='lat' dir='ltr'><strong>communia.</strong></span> 
     </span>
    </p>
   </div>
   <div class='ocr_carea' id='block_1_8' title="bbox 249 1153 1842 1229">
    <p class='ocr_par' dir='ltr' id='par_1_8' title="bbox 249 1153 1842 1229">
     <span class='ocr_line' id='line_1_8' title="bbox 249 1153 1842 1229; baseline 0.004 -20"><span class='ocrx_word' id='word_1_44' title='bbox 249 1153 384 1209; x_wconf 83' lang='lat' dir='ltr'><strong>Item</strong></span> <span class='ocrx_word' id='word_1_45' title='bbox 414 1155 541 1210; x_wconf 85' lang='lat' dir='ltr'><strong>alibi</strong></span> <span class='ocrx_word' id='word_1_46' title='bbox 582 1172 594 1210; x_wconf 93' lang='lat'>:</span> <span class='ocrx_word' id='word_1_47' title='bbox 638 1155 772 1210; x_wconf 87' lang='lat' dir='ltr'><strong>Nam</strong></span> <span class='ocrx_word' id='word_1_48' title='bbox 795 1157 840 1212; x_wconf 93' lang='lat' dir='ltr'><strong>si</strong></span> <span class='ocrx_word' id='word_1_49' title='bbox 876 1156 942 1212; x_wconf 89' lang='lat' dir='ltr'><strong>de</strong></span> <span class='ocrx_word' id='word_1_50' title='bbox 973 1157 1232 1228; x_wconf 84' lang='lat' dir='ltr'><strong>peculiari</strong></span> <span class='ocrx_word' id='word_1_51' title='bbox 1262 1157 1503 1214; x_wconf 85' lang='lat' dir='ltr'><strong>Ananias</strong></span> <span class='ocrx_word' id='word_1_52' title='bbox 1528 1168 1583 1213; x_wconf 93' lang='lat' dir='ltr'><strong>et</strong></span> <span class='ocrx_word' id='word_1_53' title='bbox 1611 1158 1842 1229; x_wconf 89' lang='lat' dir='ltr'><strong>Saphira</strong></span> 
     </span>
    </p>
   </div>
   <div class='ocr_carea' id='block_1_9' title="bbox 250 1244 1839 1321">
    <p class='ocr_par' dir='ltr' id='par_1_9' title="bbox 250 1244 1839 1321">
     <span class='ocr_line' id='line_1_9' title="bbox 250 1244 1839 1321; baseline 0.004 -22"><span class='ocrx_word' id='word_1_54' title='bbox 250 1244 415 1300; x_wconf 82' lang='lat' dir='ltr'><strong>fidem</strong></span> <span class='ocrx_word' id='word_1_55' title='bbox 471 1245 538 1300; x_wconf 88' lang='lat' dir='ltr'><strong>ab</strong></span> <span class='ocrx_word' id='word_1_56' title='bbox 576 1247 836 1318; x_wconf 88' lang='lat' dir='ltr'><strong>apostolis</strong></span> <span class='ocrx_word' id='word_1_57' title='bbox 872 1265 979 1303; x_wconf 88' lang='lat' dir='ltr'><strong>non</strong></span> <span class='ocrx_word' id='word_1_58' title='bbox 1021 1258 1336 1304; x_wconf 90' lang='lat' dir='ltr'><strong>meruerunt</strong></span> <span class='ocrx_word' id='word_1_59' title='bbox 1379 1251 1683 1321; x_wconf 86' lang='lat' dir='ltr'><strong>percipere,</strong></span> <span class='ocrx_word' id='word_1_60' title='bbox 1723 1252 1839 1321; x_wconf 91' lang='lat' dir='ltr'><strong>qui,</strong></span> 
     </span>
    </p>
   </div>
   <div class='ocr_carea' id='block_1_10' title="bbox 250 1338 1837 1414">
    <p class='ocr_par' dir='ltr' id='par_1_10' title="bbox 250 1338 1837 1414">
     <span class='ocr_line' id='line_1_10' title="bbox 250 1338 1837 1414; baseline 0.003 -22"><span class='ocrx_word' id='word_1_61' title='bbox 250 1338 436 1393; x_wconf 89' lang='lat' dir='ltr'><strong>omnia</strong></span> <span class='ocrx_word' id='word_1_62' title='bbox 465 1354 562 1393; x_wconf 90' lang='lat' dir='ltr'><strong>sua</strong></span> <span class='ocrx_word' id='word_1_63' title='bbox 597 1356 719 1394; x_wconf 92' lang='lat' dir='ltr'><strong>cum</strong></span> <span class='ocrx_word' id='word_1_64' title='bbox 751 1349 875 1396; x_wconf 91' lang='lat' dir='ltr'><strong>ante</strong></span> <span class='ocrx_word' id='word_1_65' title='bbox 901 1342 1065 1412; x_wconf 88' lang='lat' dir='ltr'><strong>pedes</strong></span> <span class='ocrx_word' id='word_1_66' title='bbox 1090 1342 1456 1412; x_wconf 89' lang='lat' dir='ltr'><strong>apostolorum</strong></span> <span class='ocrx_word' id='word_1_67' title='bbox 1479 1344 1837 1414; x_wconf 79' lang='lat' dir='ltr'><strong>assignarent,</strong></span> 
     </span>
    </p>
   </div>
   <div class='ocr_carea' id='block_1_11' title="bbox 249 1431 1841 1503">
    <p class='ocr_par' dir='ltr' id='par_1_11' title="bbox 249 1431 1841 1503">
     <span class='ocr_line' id='line_1_11' title="bbox 249 1431 1841 1503; baseline 0.001 -17"><span class='ocrx_word' id='word_1_68' title='bbox 249 1431 316 1487; x_wconf 90' lang='lat' dir='ltr'><strong>de</strong></span> <span class='ocrx_word' id='word_1_69' title='bbox 330 1433 698 1501; x_wconf 86' lang='lat' dir='ltr'><strong>peculiaribus</strong></span> <span class='ocrx_word' id='word_1_70' title='bbox 718 1432 1090 1491; x_wconf 80' lang='lat' dir='ltr'><strong>fraudulenter</strong></span> <span class='ocrx_word' id='word_1_71' title='bbox 1103 1436 1416 1502; x_wconf 86' lang='lat' dir='ltr'><strong>subtractis,</strong></span> <span class='ocrx_word' id='word_1_72' title='bbox 1431 1433 1633 1503; x_wconf 91' lang='lat' dir='ltr'><strong>judicio</strong></span> <span class='ocrx_word' id='word_1_73' title='bbox 1649 1433 1841 1489; x_wconf 67' lang='lat' dir='ltr'><strong>subita:</strong></span> 
     </span>
    </p>
   </div>
   <div class='ocr_carea' id='block_1_12' title="bbox 249 1511 1836 1598">
    <p class='ocr_par' dir='ltr' id='par_1_12' title="bbox 249 1511 1836 1598">
     <span class='ocr_line' id='line_1_12' title="bbox 249 1511 1836 1598; baseline 0.003 -23"><span class='ocrx_word' id='word_1_74' title='bbox 249 1524 445 1579; x_wconf 90' lang='lat' dir='ltr'><strong>mortis</strong></span> <span class='ocrx_word' id='word_1_75' title='bbox 460 1524 701 1580; x_wconf 90' lang='lat' dir='ltr'><strong>damnati</strong></span> <span class='ocrx_word' id='word_1_76' title='bbox 719 1534 872 1598; x_wconf 87' lang='lat' dir='ltr'><strong>sunt;</strong></span> <span class='ocrx_word' id='word_1_77' title='bbox 897 1528 1024 1596; x_wconf 89' lang='lat' dir='ltr'><strong>quia</strong></span> <span class='ocrx_word' id='word_1_78' title='bbox 1049 1525 1200 1583; x_wconf 88' lang='lat' dir='ltr'><strong>fraus</strong></span> <span class='ocrx_word' id='word_1_79' title='bbox 1227 1527 1338 1582; x_wconf 88' lang='lat' dir='ltr'><strong>Deo</strong></span> <span class='ocrx_word' id='word_1_80' title='bbox 1361 1511 1480 1581; x_wconf 80' lang='lat' dir='ltr'><strong>fieri</strong></span> <span class='ocrx_word' id='word_1_81' title='bbox 1505 1543 1614 1582; x_wconf 88' lang='lat' dir='ltr'><strong>non</strong></span> <span class='ocrx_word' id='word_1_82' title='bbox 1637 1533 1836 1598; x_wconf 87' lang='lat' dir='ltr'><strong>potest,</strong></span> 
     </span>
    </p>
   </div>
   <div class='ocr_carea' id='block_1_13' title="bbox 247 1615 1818 1688">
    <p class='ocr_par' dir='ltr' id='par_1_13' title="bbox 247 1615 1818 1688">
     <span class='ocr_line' id='line_1_13' title="bbox 247 1615 1818 1688; baseline 0.002 -20"><span class='ocrx_word' id='word_1_83' title='bbox 247 1628 372 1669; x_wconf 93' lang='lat' dir='ltr'><strong>cum</strong></span> <span class='ocrx_word' id='word_1_84' title='bbox 394 1615 530 1669; x_wconf 83' lang='lat' dir='ltr'><strong>nihil</strong></span> <span class='ocrx_word' id='word_1_85' title='bbox 553 1625 638 1670; x_wconf 91' lang='lat' dir='ltr'><strong>est</strong></span> <span class='ocrx_word' id='word_1_86' title='bbox 664 1617 937 1672; x_wconf 90' lang='lat' dir='ltr'><strong>occultum</strong></span> <span class='ocrx_word' id='word_1_87' title='bbox 967 1617 1113 1688; x_wconf 92' lang='lat' dir='ltr'><strong>quod</strong></span> <span class='ocrx_word' id='word_1_88' title='bbox 1137 1618 1206 1672; x_wconf 91' lang='lat' dir='ltr'><strong>ab</strong></span> <span class='ocrx_word' id='word_1_89' title='bbox 1233 1633 1300 1672; x_wconf 92' lang='lat' dir='ltr'><strong>eo</strong></span> <span class='ocrx_word' id='word_1_90' title='bbox 1329 1633 1437 1673; x_wconf 91' lang='lat' dir='ltr'><strong>non</strong></span> <span class='ocrx_word' id='word_1_91' title='bbox 1470 1617 1818 1673; x_wconf 87' lang='lat' dir='ltr'><strong>revelabitur.</strong></span> 
     </span>
    </p>
   </div>
   <div class='ocr_carea' id='block_1_14' title="bbox 322 1707 1838 1782">
    <p class='ocr_par' dir='ltr' id='par_1_14' title="bbox 322 1707 1838 1782">
     <span class='ocr_line' id='line_1_14' title="bbox 322 1707 1838 1782; baseline 0.002 -22"><span class='ocrx_word' id='word_1_92' title='bbox 322 1707 476 1772; x_wconf 87' lang='lat' dir='ltr'><strong>Quod</strong></span> <span class='ocrx_word' id='word_1_93' title='bbox 506 1709 552 1762; x_wconf 86' lang='lat' dir='ltr'><strong>si</strong></span> <span class='ocrx_word' id='word_1_94' title='bbox 583 1710 860 1780; x_wconf 79' lang='lat' dir='ltr'><strong>quisquam</strong></span> <span class='ocrx_word' id='word_1_95' title='bbox 881 1711 979 1764; x_wconf 82' lang='lat' dir='ltr'><strong>hoc</strong></span> <span class='ocrx_word' id='word_1_96' title='bbox 1009 1709 1322 1782; x_wconf 87' lang='lat' dir='ltr'><strong>nequissimo</strong></span> <span class='ocrx_word' id='word_1_97' title='bbox 1352 1710 1471 1764; x_wconf 83' lang='lat' dir='ltr'><strong>vitio</strong></span> <span class='ocrx_word' id='word_1_98' title='bbox 1492 1710 1838 1780; x_wconf 85' lang='lat' dir='ltr'><strong>deprehensus</strong></span> 
     </span>
    </p>
   </div>
   <div class='ocr_carea' id='block_1_15' title="bbox 1309 393 2493 455">
    <p class='ocr_par' dir='ltr' id='par_1_15' title="bbox 1309 393 2493 455">
     <span class='ocr_line' id='line_1_15' title="bbox 1309 393 2493 455; baseline -0.001 -1"><span class='ocrx_word' id='word_1_99' title='bbox 1309 395 1664 454; x_wconf 77' lang='lat' dir='ltr'><strong>COMMENT.</strong></span> <span class='ocrx_word' id='word_1_100' title='bbox 1702 395 1769 453; x_wconf 84' lang='lat' dir='ltr'><strong>1N</strong></span> <span class='ocrx_word' id='word_1_101' title='bbox 1807 394 1969 453; x_wconf 83' lang='lat' dir='ltr'><strong>REG.</strong></span> <span class='ocrx_word' id='word_1_102' title='bbox 2012 394 2072 452; x_wconf 90' lang='lat' dir='ltr'><strong>S.</strong></span> <span class='ocrx_word' id='word_1_103' title='bbox 2113 393 2493 455; x_wconf 80' lang='lat' dir='ltr'><strong>BENEDICTI.</strong></span> 
     </span>
    </p>
   </div>
   <div class='ocr_carea' id='block_1_16' title="bbox 255 507 2319 586">
    <p class='ocr_par' dir='ltr' id='par_1_16' title="bbox 255 507 2319 586">
     <span class='ocr_line' id='line_1_16' title="bbox 255 507 2319 586; baseline 0.007 -22"><span class='ocrx_word' id='word_1_104' title='bbox 255 507 401 583; x_wconf 67' lang='lat' dir='ltr'><strong>(Act.</strong></span> <span class='ocrx_word' id='word_1_105' title='bbox 426 507 550 576; x_wconf 86' lang='lat' dir='ltr'><strong>vn),</strong></span> <span class='ocrx_word' id='word_1_106' title='bbox 585 525 678 564; x_wconf 87' lang='lat' dir='ltr'><strong>nec</strong></span> <span class='ocrx_word' id='word_1_107' title='bbox 709 510 983 582; x_wconf 79' lang='lat' dir='ltr'><strong>quisquam</strong></span> <span class='ocrx_word' id='word_1_108' title='bbox 1007 525 1160 565; x_wconf 90' lang='lat' dir='ltr'><strong>suum</strong></span> <span class='ocrx_word' id='word_1_109' title='bbox 1196 527 1306 568; x_wconf 86' lang='lat' dir='ltr'><strong>esse</strong></span> <span class='ocrx_word' id='word_1_110' title='bbox 1332 513 1534 585; x_wconf 87' lang='lat' dir='ltr'><strong>aliquid</strong></span> <span class='ocrx_word' id='word_1_111' title='bbox 1555 514 1720 578; x_wconf 81' lang='lat' dir='ltr'><strong>dicat,</strong></span> <span class='ocrx_word' id='word_1_112' title='bbox 1755 519 1848 566; x_wconf 88' lang='lat' dir='ltr'><strong>aut</strong></span> <span class='ocrx_word' id='word_1_113' title='bbox 1873 513 1929 574; x_wconf 76' lang='grc' dir='ltr'>Α</span> <span class='ocrx_word' id='word_1_114' title='bbox 1952 528 2134 585; x_wconf 73' lang='grc' dir='ltr'><strong>ι’θοιιιε</strong></span> <span class='ocrx_word' id='word_1_115' title='bbox 2188 528 2319 586; x_wconf 82' lang='lat' dir='ltr'><strong>dicit</strong></span> 
     </span>
    </p>
   </div>
   <div class='ocr_carea' id='block_1_17' title="bbox 3427 404 3533 460">
    <p class='ocr_par' dir='ltr' id='par_1_17' title="bbox 3427 404 3533 460">
     <span class='ocr_line' id='line_1_17' title="bbox 3427 404 3533 460; baseline 0 0"><span class='ocrx_word' id='word_1_116' title='bbox 3427 404 3533 460; x_wconf 81' lang='lat'><strong>866</strong></span> 
     </span>
    </p>
   </div>
   <div class='ocr_carea' id='block_1_18' title="bbox 2376 528 3534 606">
    <p class='ocr_par' dir='ltr' id='par_1_18' title="bbox 2376 528 3534 606">
     <span class='ocr_line' id='line_1_18' title="bbox 2376 528 3534 606; baseline 0.009 -24"><span class='ocrx_word' id='word_1_117' title='bbox 2376 546 2390 582; x_wconf 89' lang='lat'><strong>:</strong></span> <span class='ocrx_word' id='word_1_118' title='bbox 2449 528 2517 586; x_wconf 92' lang='lat' dir='ltr'><strong>Ut</strong></span> <span class='ocrx_word' id='word_1_119' title='bbox 2560 529 2764 586; x_wconf 89' lang='lat' dir='ltr'><strong>nullum</strong></span> <span class='ocrx_word' id='word_1_120' title='bbox 2806 530 2863 586; x_wconf 91' lang='lat' dir='ltr'><strong>in</strong></span> <span class='ocrx_word' id='word_1_121' title='bbox 2909 532 3328 606; x_wconf 76' lang='lat' dir='ltr'><strong>congregatione</strong></span> <span class='ocrx_word' id='word_1_122' title='bbox 3379 549 3534 592; x_wconf 86' lang='lat' dir='ltr'><strong>mur-</strong></span> 
     </span>
    </p>
   </div>
   <div class='ocr_carea' id='block_1_19' title="bbox 1950 619 3540 690">
    <p class='ocr_par' dir='ltr' id='par_1_19' title="bbox 1950 619 3540 690">
     <span class='ocr_line' id='line_1_19' title="bbox 1950 619 3540 690; baseline 0.008 -18"><span class='ocrx_word' id='word_1_123' title='bbox 1950 632 2072 672; x_wconf 89' lang='lat' dir='ltr'><strong>mur</strong></span> <span class='ocrx_word' id='word_1_124' title='bbox 2123 633 2216 673; x_wconf 89' lang='lat' dir='ltr'><strong>seu</strong></span> <span class='ocrx_word' id='word_1_125' title='bbox 2265 619 2571 686; x_wconf 90' lang='lat' dir='ltr'><strong>detractio,</strong></span> <span class='ocrx_word' id='word_1_126' title='bbox 2623 621 2766 690; x_wconf 91' lang='lat' dir='ltr'><strong>quod</strong></span> <span class='ocrx_word' id='word_1_127' title='bbox 2806 621 3288 680; x_wconf 84' lang='lat' dir='ltr'><strong>familiarissimum</strong></span> <span class='ocrx_word' id='word_1_128' title='bbox 3333 626 3540 685; x_wconf 82' lang='lat' dir='ltr'><strong>habent</strong></span> 
     </span>
    </p>
   </div>
   <div class='ocr_carea' id='block_1_20' title="bbox 1950 712 3535 786">
    <p class='ocr_par' dir='ltr' id='par_1_20' title="bbox 1950 712 3535 786">
     <span class='ocr_line' id='line_1_20' title="bbox 1950 712 3535 786; baseline 0.006 -21"><span class='ocrx_word' id='word_1_129' title='bbox 1950 712 2203 767; x_wconf 90' lang='lat' dir='ltr'><strong>monachi</strong></span> <span class='ocrx_word' id='word_1_130' title='bbox 2225 753 2240 779; x_wconf 97' lang='lat'><strong>,</strong></span> <span class='ocrx_word' id='word_1_131' title='bbox 2275 719 2465 768; x_wconf 69' lang='lat' dir='ltr'><strong>corRra</strong></span> <span class='ocrx_word' id='word_1_132' title='bbox 2505 713 2757 769; x_wconf 87' lang='lat' dir='ltr'><strong>abbatem</strong></span> <span class='ocrx_word' id='word_1_133' title='bbox 2789 723 2883 770; x_wconf 89' lang='lat' dir='ltr'><strong>aut</strong></span> <span class='ocrx_word' id='word_1_134' title='bbox 2917 715 3212 786; x_wconf 89' lang='lat' dir='ltr'><strong>quemlibet</strong></span> <span class='ocrx_word' id='word_1_135' title='bbox 3250 717 3417 774; x_wconf 89' lang='lat' dir='ltr'><strong>alium</strong></span> <span class='ocrx_word' id='word_1_136' title='bbox 3464 720 3535 774; x_wconf 82' lang='lat' dir='ltr'><strong>de</strong></span> 
     </span>
    </p>
   </div>
   <div class='ocr_carea' id='block_1_21' title="bbox 1946 802 3538 881">
    <p class='ocr_par' dir='ltr' id='par_1_21' title="bbox 1946 802 3538 881">
     <span class='ocr_line' id='line_1_21' title="bbox 1946 802 3538 881; baseline 0.005 -23"><span class='ocrx_word' id='word_1_137' title='bbox 1946 802 2232 872; x_wconf 81' lang='lat' dir='ltr'><strong>fratribus,</strong></span> <span class='ocrx_word' id='word_1_138' title='bbox 2271 805 2572 873; x_wconf 56' lang='lat' dir='ltr'><strong>audiatur;</strong></span> <span class='ocrx_word' id='word_1_139' title='bbox 2602 822 2670 862; x_wconf 89' lang='lat' dir='ltr'><strong>ne</strong></span> <span class='ocrx_word' id='word_1_140' title='bbox 2691 807 2789 862; x_wconf 85' lang='lat' dir='ltr'><strong>~ira</strong></span> <span class='ocrx_word' id='word_1_141' title='bbox 2836 807 2954 874; x_wconf 93' lang='lat' dir='ltr'><strong>Dei,</strong></span> <span class='ocrx_word' id='word_1_142' title='bbox 2999 823 3120 879; x_wconf 66' lang='lat' dir='ltr'><strong>qua:</strong></span> <span class='ocrx_word' id='word_1_143' title='bbox 3145 822 3288 880; x_wconf 70' lang='lat' dir='ltr'><strong>saepe</strong></span> <span class='ocrx_word' id='word_1_144' title='bbox 3313 817 3538 881; x_wconf 87' lang='lat' dir='ltr'><strong>propter</strong></span> 
     </span>
    </p>
   </div>
   <div class='ocr_carea' id='block_1_22' title="bbox 1946 895 3537 969">
    <p class='ocr_par' dir='ltr' id='par_1_22' title="bbox 1946 895 3537 969">
     <span class='ocr_line' id='line_1_22' title="bbox 1946 895 3537 969; baseline 0.002 -18"><span class='ocrx_word' id='word_1_145' title='bbox 1946 895 2091 953; x_wconf 89' lang='lat' dir='ltr'><strong>hanc</strong></span> <span class='ocrx_word' id='word_1_146' title='bbox 2118 897 2335 969; x_wconf 90' lang='lat' dir='ltr'><strong>culpam</strong></span> <span class='ocrx_word' id='word_1_147' title='bbox 2365 898 2731 954; x_wconf 85' lang='lat' dir='ltr'><strong>miserabilem</strong></span> <span class='ocrx_word' id='word_1_148' title='bbox 2757 899 3014 969; x_wconf 89' lang='lat' dir='ltr'><strong>populum</strong></span> <span class='ocrx_word' id='word_1_149' title='bbox 3036 901 3449 967; x_wconf 85' lang='lat' dir='ltr'><strong>condemnabat,</strong></span> <span class='ocrx_word' id='word_1_150' title='bbox 3478 900 3537 955; x_wconf 88' lang='lat' dir='ltr'><strong>in</strong></span> 
     </span>
    </p>
   </div>
   <div class='ocr_carea' id='block_1_23' title="bbox 1945 990 3536 1060">
    <p class='ocr_par' dir='ltr' id='par_1_23' title="bbox 1945 990 3536 1060">
     <span class='ocr_line' id='line_1_23' title="bbox 1945 990 3536 1060; baseline 0.001 -15"><span class='ocrx_word' id='word_1_151' title='bbox 1945 990 2250 1060; x_wconf 90' lang='lat' dir='ltr'><strong>perditione</strong></span> <span class='ocrx_word' id='word_1_152' title='bbox 2269 991 2520 1046; x_wconf 90' lang='lat' dir='ltr'><strong>similiter</strong></span> <span class='ocrx_word' id='word_1_153' title='bbox 2541 992 2996 1047; x_wconf 89' lang='lat' dir='ltr'><strong>murmurantium</strong></span> <span class='ocrx_word' id='word_1_154' title='bbox 3021 992 3216 1059; x_wconf 68' lang='lat' dir='ltr'><strong>turbae,</strong></span> <span class='ocrx_word' id='word_1_155' title='bbox 3242 992 3536 1057; x_wconf 79' lang='lat' dir='ltr'><strong>excitetur,</strong></span> 
     </span>
    </p>
   </div>
   <div class='ocr_carea' id='block_1_24' title="bbox 1945 1082 3534 1154">
    <p class='ocr_par' dir='ltr' id='par_1_24' title="bbox 1945 1082 3534 1154">
     <span class='ocr_line' id='line_1_24' title="bbox 1945 1082 3534 1154; baseline 0.002 -18"><span class='ocrx_word' id='word_1_156' title='bbox 1945 1087 2001 1136; x_wconf 92' lang='lat' dir='ltr'><strong>et</strong></span> <span class='ocrx_word' id='word_1_157' title='bbox 2022 1089 2226 1137; x_wconf 89' lang='lat' dir='ltr'><strong>terram</strong></span> <span class='ocrx_word' id='word_1_158' title='bbox 2253 1082 2710 1154; x_wconf 88' lang='lat' dir='ltr'><strong>repromissionis,</strong></span> <span class='ocrx_word' id='word_1_159' title='bbox 2750 1096 2913 1152; x_wconf 90' lang='lat' dir='ltr'><strong>quam</strong></span> <span class='ocrx_word' id='word_1_160' title='bbox 2941 1098 3039 1138; x_wconf 87' lang='lat' dir='ltr'><strong>nos</strong></span> <span class='ocrx_word' id='word_1_161' title='bbox 3061 1091 3210 1139; x_wconf 90' lang='lat' dir='ltr'><strong>recte</strong></span> <span class='ocrx_word' id='word_1_162' title='bbox 3235 1084 3534 1154; x_wconf 87' lang='lat' dir='ltr'><strong>accipimus</strong></span> 
     </span>
    </p>
   </div>
   <div class='ocr_carea' id='block_1_25' title="bbox 1945 1169 3535 1244">
    <p class='ocr_par' dir='ltr' id='par_1_25' title="bbox 1945 1169 3535 1244">
     <span class='ocr_line' id='line_1_25' title="bbox 1945 1169 3535 1244; baseline 0.001 -19"><span class='ocrx_word' id='word_1_163' title='bbox 1945 1169 2124 1226; x_wconf 92' lang='lat' dir='ltr'><strong>locum</strong></span> <span class='ocrx_word' id='word_1_164' title='bbox 2148 1171 2343 1228; x_wconf 66' lang='lat' dir='ltr'><strong>futurae</strong></span> <span class='ocrx_word' id='word_1_165' title='bbox 2371 1173 2742 1238; x_wconf 89' lang='lat' dir='ltr'><strong>beatitudinis,</strong></span> <span class='ocrx_word' id='word_1_166' title='bbox 2787 1171 2981 1242; x_wconf 90' lang='lat' dir='ltr'><strong>perdat</strong></span> <span class='ocrx_word' id='word_1_167' title='bbox 3013 1173 3374 1228; x_wconf 90' lang='lat' dir='ltr'><strong>murmuratio</strong></span> <span class='ocrx_word' id='word_1_168' title='bbox 3410 1187 3535 1244; x_wconf 89' lang='lat' dir='ltr'><strong>pro-</strong></span> 
     </span>
    </p>
   </div>
   <div class='ocr_carea' id='block_1_26' title="bbox 1943 1263 3530 1336">
    <p class='ocr_par' dir='ltr' id='par_1_26' title="bbox 1943 1263 3530 1336">
     <span class='ocr_line' id='line_1_26' title="bbox 1943 1263 3530 1336; baseline 0.003 -20"><span class='ocrx_word' id='word_1_169' title='bbox 1943 1263 2083 1333; x_wconf 89' lang='lat' dir='ltr'><strong>pria,</strong></span> <span class='ocrx_word' id='word_1_170' title='bbox 2116 1279 2235 1334; x_wconf 84' lang='lat' dir='ltr'><strong>quae</strong></span> <span class='ocrx_word' id='word_1_171' title='bbox 2265 1265 2495 1320; x_wconf 89' lang='lat' dir='ltr'><strong>debetur</strong></span> <span class='ocrx_word' id='word_1_172' title='bbox 2530 1264 2820 1336; x_wconf 80' lang='lat' dir='ltr'><strong>Sponsione</strong></span> <span class='ocrx_word' id='word_1_173' title='bbox 2845 1263 3046 1319; x_wconf 89' lang='lat' dir='ltr'><strong>divina.</strong></span> <span class='ocrx_word' id='word_1_174' title='bbox 3087 1263 3180 1319; x_wconf 89' lang='lat' dir='ltr'><strong>Sic</strong></span> <span class='ocrx_word' id='word_1_175' title='bbox 3207 1266 3353 1320; x_wconf 91' lang='lat' dir='ltr'><strong>enim</strong></span> <span class='ocrx_word' id='word_1_176' title='bbox 3379 1265 3530 1320; x_wconf 90' lang='lat' dir='ltr'><strong>dam-</strong></span> 
     </span>
    </p>
   </div>
   <div class='ocr_carea' id='block_1_27' title="bbox 1944 1355 3528 1426">
    <p class='ocr_par' dir='ltr' id='par_1_27' title="bbox 1944 1355 3528 1426">
     <span class='ocr_line' id='line_1_27' title="bbox 1944 1355 3528 1426; baseline 0.001 -16"><span class='ocrx_word' id='word_1_177' title='bbox 1944 1357 2152 1412; x_wconf 90' lang='lat' dir='ltr'><strong>nandos</strong></span> <span class='ocrx_word' id='word_1_178' title='bbox 2199 1355 2359 1426; x_wconf 90' lang='lat' dir='ltr'><strong>hujus</strong></span> <span class='ocrx_word' id='word_1_179' title='bbox 2404 1357 2520 1412; x_wconf 85' lang='lat' dir='ltr'><strong>vitii</strong></span> <span class='ocrx_word' id='word_1_180' title='bbox 2563 1365 2862 1412; x_wconf 89' lang='lat' dir='ltr'><strong>sectatores</strong></span> <span class='ocrx_word' id='word_1_181' title='bbox 2906 1355 3150 1426; x_wconf 89' lang='lat' dir='ltr'><strong>psalmus</strong></span> <span class='ocrx_word' id='word_1_182' title='bbox 3195 1357 3480 1412; x_wconf 87' lang='lat' dir='ltr'><strong>annuntiat</strong></span> <span class='ocrx_word' id='word_1_183' title='bbox 3515 1375 3528 1411; x_wconf 88' lang='lat'><strong>:</strong></span> 
     </span>
    </p>
   </div>
   <div class='ocr_carea' id='block_1_28' title="bbox 1943 1447 3532 1522">
    <p class='ocr_par' dir='ltr' id='par_1_28' title="bbox 1943 1447 3532 1522">
     <span class='ocr_line' id='line_1_28' title="bbox 1943 1447 3532 1522; baseline 0.001 -19"><span class='ocrx_word' id='word_1_184' title='bbox 1943 1447 2314 1505; x_wconf 82' lang='lat' dir='ltr'><strong>Detrahentem</strong></span> <span class='ocrx_word' id='word_1_185' title='bbox 2351 1451 2599 1506; x_wconf 86' lang='lat' dir='ltr'><strong>adversus</strong></span> <span class='ocrx_word' id='word_1_186' title='bbox 2629 1452 2929 1522; x_wconf 75' lang='lat' dir='ltr'><strong>proximum</strong></span> <span class='ocrx_word' id='word_1_187' title='bbox 2955 1466 3111 1504; x_wconf 89' lang='lat' dir='ltr'><strong>suum</strong></span> <span class='ocrx_word' id='word_1_188' title='bbox 3138 1450 3361 1514; x_wconf 80' lang='lat' dir='ltr'><strong>occulte,</strong></span> <span class='ocrx_word' id='word_1_189' title='bbox 3391 1451 3532 1504; x_wconf 84' lang='lat' dir='ltr'><strong>hunc</strong></span> 
     </span>
    </p>
   </div>
   <div class='ocr_carea' id='block_1_29' title="bbox 1941 1538 3535 1614">
    <p class='ocr_par' dir='ltr' id='par_1_29' title="bbox 1941 1538 3535 1614">
     <span class='ocr_line' id='line_1_29' title="bbox 1941 1538 3535 1614; baseline -0.001 -20"><span class='ocrx_word' id='word_1_190' title='bbox 1941 1542 2288 1612; x_wconf 79' lang='lat' dir='ltr'><strong>persequebar</strong></span> <span class='ocrx_word' id='word_1_191' title='bbox 2313 1541 2486 1611; x_wconf 85' lang='lat' dir='ltr'><strong>(Psal.</strong></span> <span class='ocrx_word' id='word_1_192' title='bbox 2511 1540 2584 1614; x_wconf 85' lang='lat' dir='ltr'><strong>c).</strong></span> <span class='ocrx_word' id='word_1_193' title='bbox 2623 1541 2690 1595; x_wconf 87' lang='lat' dir='ltr'><strong>Et</strong></span> <span class='ocrx_word' id='word_1_194' title='bbox 2731 1541 2932 1596; x_wconf 90' lang='lat' dir='ltr'><strong>iterum</strong></span> <span class='ocrx_word' id='word_1_195' title='bbox 2967 1554 3202 1610; x_wconf 86' lang='lat' dir='ltr'><strong>arguens</strong></span> <span class='ocrx_word' id='word_1_196' title='bbox 3242 1538 3535 1608; x_wconf 86' lang='lat' dir='ltr'><strong>Apostolus</strong></span> 
     </span>
    </p>
   </div>
   <div class='ocr_carea' id='block_1_30' title="bbox 1942 1630 3532 1704">
    <p class='ocr_par' dir='ltr' id='par_1_30' title="bbox 1942 1630 3532 1704">
     <span class='ocr_line' id='line_1_30' title="bbox 1942 1630 3532 1704; baseline 0.001 -19"><span class='ocrx_word' id='word_1_197' title='bbox 1942 1630 2074 1686; x_wconf 90' lang='lat' dir='ltr'><strong>dicit</strong></span> <span class='ocrx_word' id='word_1_198' title='bbox 2102 1651 2114 1686; x_wconf 92' lang='lat'>:</span> <span class='ocrx_word' id='word_1_199' title='bbox 2142 1632 2491 1700; x_wconf 87' lang='lat' dir='ltr'><strong>Susurrones,</strong></span> <span class='ocrx_word' id='word_1_200' title='bbox 2523 1633 2980 1704; x_wconf 73' lang='lat' dir='ltr'><strong>detractoresDeo</strong></span> <span class='ocrx_word' id='word_1_201' title='bbox 3012 1630 3230 1688; x_wconf 86' lang='lat' dir='ltr'><strong>odibiles</strong></span> <span class='ocrx_word' id='word_1_202' title='bbox 3258 1630 3435 1702; x_wconf 82' lang='lat' dir='ltr'><strong>(Rom.</strong></span> <span class='ocrx_word' id='word_1_203' title='bbox 3473 1647 3490 1686; x_wconf 86' lang='grc' dir='ltr'>ι</span> <span class='ocrx_word' id='word_1_204' title='bbox 3517 1647 3532 1698; x_wconf 89' lang='grc'>;</span> 
     </span>
    </p>
   </div>
   <div class='ocr_carea' id='block_1_31' title="bbox 1941 1723 3530 1798">
    <p class='ocr_par' dir='ltr' id='par_1_31' title="bbox 1941 1723 3530 1798">
     <span class='ocr_line' id='line_1_31' title="bbox 1941 1723 3530 1798; baseline 0.001 -20"><span class='ocrx_word' id='word_1_205' title='bbox 1941 1723 2100 1780; x_wconf 73' lang='lat' dir='ltr'><strong>Iuda:</strong></span> <span class='ocrx_word' id='word_1_206' title='bbox 2122 1727 2232 1798; x_wconf 83' lang='grc'><strong>16).</strong></span> <span class='ocrx_word' id='word_1_207' title='bbox 2271 1728 2340 1782; x_wconf 88' lang='lat' dir='ltr'><strong>Et</strong></span> <span class='ocrx_word' id='word_1_208' title='bbox 2365 1728 2564 1783; x_wconf 86' lang='lat' dir='ltr'><strong>iterum</strong></span> <span class='ocrx_word' id='word_1_209' title='bbox 2587 1727 2692 1782; x_wconf 87' lang='lat' dir='ltr'><strong>:Hi</strong></span> <span class='ocrx_word' id='word_1_210' title='bbox 2721 1736 2844 1783; x_wconf 88' lang='lat' dir='ltr'><strong>sunt</strong></span> <span class='ocrx_word' id='word_1_211' title='bbox 2865 1735 3298 1792; x_wconf 89' lang='lat' dir='ltr'><strong>murmuratores,</strong></span> <span class='ocrx_word' id='word_1_212' title='bbox 3331 1741 3530 1796; x_wconf 88' lang='lat' dir='ltr'><strong>queru-</strong></span> 
     </span>
    </p>
   </div>
   <div class='ocr_carea' id='block_1_32' title="bbox 248 1798 1837 1886">
    <p class='ocr_par' dir='ltr' id='par_1_32' title="bbox 248 1798 1837 1869">
     <span class='ocr_line' id='line_1_32' title="bbox 248 1798 1837 1869; baseline 0.004 -17"><span class='ocrx_word' id='word_1_213' title='bbox 248 1798 405 1868; x_wconf 83' lang='lat' dir='ltr'><strong>fuerit</strong></span> <span class='ocrx_word' id='word_1_214' title='bbox 431 1799 698 1869; x_wconf 90' lang='lat' dir='ltr'><strong>delectari,</strong></span> <span class='ocrx_word' id='word_1_215' title='bbox 725 1803 1075 1857; x_wconf 84' lang='lat' dir='ltr'><strong>admoneatur</strong></span> <span class='ocrx_word' id='word_1_216' title='bbox 1099 1802 1278 1869; x_wconf 91' lang='lat' dir='ltr'><strong>semel,</strong></span> <span class='ocrx_word' id='word_1_217' title='bbox 1307 1812 1356 1857; x_wconf 89' lang='lat' dir='ltr'><strong>et</strong></span> <span class='ocrx_word' id='word_1_218' title='bbox 1395 1803 1619 1868; x_wconf 89' lang='lat' dir='ltr'><strong>iterum;</strong></span> <span class='ocrx_word' id='word_1_219' title='bbox 1660 1804 1705 1858; x_wconf 90' lang='lat' dir='ltr'><strong>si</strong></span> <span class='ocrx_word' id='word_1_220' title='bbox 1734 1820 1837 1858; x_wconf 92' lang='lat' dir='ltr'><strong>non</strong></span> 
     </span>
    </p>
   </div>
   <div class='ocr_carea' id='block_1_33' title="bbox 1944 1798 3534 1886">
    <p class='ocr_par' dir='ltr' id='par_1_33' title="bbox 1944 1815 3534 1886">
     <span class='ocr_line' id='line_1_33' title="bbox 1944 1815 3534 1886; baseline 0.001 -16"><span class='ocrx_word' id='word_1_221' title='bbox 1944 1815 2060 1885; x_wconf 91' lang='lat' dir='ltr'><strong>losi,</strong></span> <span class='ocrx_word' id='word_1_222' title='bbox 2086 1820 2372 1875; x_wconf 87' lang='lat' dir='ltr'><strong>secundum</strong></span> <span class='ocrx_word' id='word_1_223' title='bbox 2393 1821 2655 1876; x_wconf 88' lang='lat' dir='ltr'><strong>desideria</strong></span> <span class='ocrx_word' id='word_1_224' title='bbox 2675 1838 2774 1876; x_wconf 89' lang='lat' dir='ltr'><strong>sua</strong></span> <span class='ocrx_word' id='word_1_225' title='bbox 2795 1819 3143 1886; x_wconf 82' lang='lat' dir='ltr'><strong>ambulantes,</strong></span> <span class='ocrx_word' id='word_1_226' title='bbox 3166 1828 3216 1874; x_wconf 89' lang='lat' dir='ltr'><strong>et</strong></span> <span class='ocrx_word' id='word_1_227' title='bbox 3239 1835 3296 1874; x_wconf 86' lang='lat' dir='ltr'><strong>os</strong></span> <span class='ocrx_word' id='word_1_228' title='bbox 3320 1817 3534 1874; x_wconf 87' lang='lat' dir='ltr'><strong>illorum</strong></span> 
     </span>
    </p>
   </div>
   <div class='ocr_carea' id='block_1_34' title="bbox 247 1870 2526 1984">
    <p class='ocr_par' dir='ltr' id='par_1_34' title="bbox 247 1870 2526 1984">
     <span class='ocr_line' id='line_1_34' title="bbox 247 1870 2526 1984; baseline 0.003 -41"><span class='ocrx_word' id='word_1_229' title='bbox 247 1890 620 1959; x_wconf 82' lang='lat' dir='ltr'><strong>emendaverit,</strong></span> <span class='ocrx_word' id='word_1_230' title='bbox 650 1894 986 1964; x_wconf 67' lang='lat' dir='ltr'><strong>{correptioni</strong></span> <span class='ocrx_word' id='word_1_231' title='bbox 1017 1894 1308 1964; x_wconf 89' lang='lat' dir='ltr'><strong>subjaceat.</strong></span> <span class='ocrx_word' id='word_1_232' title='bbox 1359 1892 1498 1948; x_wconf 81' lang='lat' dir='ltr'><strong>Hinc</strong></span> <span class='ocrx_word' id='word_1_233' title='bbox 1540 1892 1836 1950; x_wconf 86' lang='lat' dir='ltr'><strong>Cassianus</strong></span> <span class='ocrx_word' id='word_1_234' title='bbox 1864 1870 1914 1932; x_wconf 82' lang='grc' dir='ltr'><strong>Β</strong></span> 
     </span>
    </p>
   </div>
   <div class='ocr_carea' id='block_1_35' title="bbox 247 1981 1839 2056">
    <p class='ocr_par' dir='ltr' id='par_1_35' title="bbox 247 1981 1839 2056">
     <span class='ocr_line' id='line_1_35' title="bbox 247 1981 1839 2056; baseline 0.004 -22"><span class='ocrx_word' id='word_1_235' title='bbox 247 1981 324 2036; x_wconf 88' lang='lat' dir='ltr'><strong>ait</strong></span> <span class='ocrx_word' id='word_1_236' title='bbox 370 2000 383 2037; x_wconf 91' lang='lat'><strong>:</strong></span> <span class='ocrx_word' id='word_1_237' title='bbox 437 1982 503 2038; x_wconf 88' lang='lat' dir='ltr'><strong>Et</strong></span> <span class='ocrx_word' id='word_1_238' title='bbox 546 2000 649 2040; x_wconf 91' lang='lat' dir='ltr'><strong>nec</strong></span> <span class='ocrx_word' id='word_1_239' title='bbox 690 1985 858 2040; x_wconf 90' lang='lat' dir='ltr'><strong>verbo</strong></span> <span class='ocrx_word' id='word_1_240' title='bbox 887 1985 1108 2056; x_wconf 88' lang='lat' dir='ltr'><strong>quidem</strong></span> <span class='ocrx_word' id='word_1_241' title='bbox 1159 1985 1358 2040; x_wconf 90' lang='lat' dir='ltr'><strong>audeat</strong></span> <span class='ocrx_word' id='word_1_242' title='bbox 1409 1985 1590 2040; x_wconf 90' lang='lat' dir='ltr'><strong>dicere</strong></span> <span class='ocrx_word' id='word_1_243' title='bbox 1635 1985 1839 2054; x_wconf 89' lang='lat' dir='ltr'><strong>aliquid</strong></span> 
     </span>
    </p>
   </div>
   <div class='ocr_carea' id='block_1_36' title="bbox 247 2076 1837 2148">
    <p class='ocr_par' dir='ltr' id='par_1_36' title="bbox 247 2076 1837 2148">
     <span class='ocr_line' id='line_1_36' title="bbox 247 2076 1837 2148; baseline 0.001 -20"><span class='ocrx_word' id='word_1_244' title='bbox 247 2089 428 2141; x_wconf 90' lang='lat' dir='ltr'><strong>suum,</strong></span> <span class='ocrx_word' id='word_1_245' title='bbox 480 2077 626 2145; x_wconf 91' lang='lat' dir='ltr'><strong>quod</strong></span> <span class='ocrx_word' id='word_1_246' title='bbox 672 2084 929 2148; x_wconf 85' lang='lat' dir='ltr'><strong>magnum</strong></span> <span class='ocrx_word' id='word_1_247' title='bbox 973 2077 1044 2131; x_wconf 90' lang='lat' dir='ltr'><strong>sit</strong></span> <span class='ocrx_word' id='word_1_248' title='bbox 1095 2077 1302 2133; x_wconf 89' lang='lat' dir='ltr'><strong>crimen</strong></span> <span class='ocrx_word' id='word_1_249' title='bbox 1331 2091 1400 2131; x_wconf 78' lang='lat' dir='ltr'><strong>ex</strong></span> <span class='ocrx_word' id='word_1_250' title='bbox 1444 2091 1540 2131; x_wconf 88' lang='lat' dir='ltr'><strong>ore</strong></span> <span class='ocrx_word' id='word_1_251' title='bbox 1584 2076 1837 2130; x_wconf 87' lang='lat' dir='ltr'><strong>monachi</strong></span> 
     </span>
    </p>
   </div>
   <div class='ocr_carea' id='block_1_37' title="bbox 244 2167 1838 2238">
    <p class='ocr_par' dir='ltr' id='par_1_37' title="bbox 244 2167 1838 2238">
     <span class='ocr_line' id='line_1_37' title="bbox 244 2167 1838 2238; baseline 0.002 -18"><span class='ocrx_word' id='word_1_252' title='bbox 244 2167 601 2238; x_wconf 89' lang='lat' dir='ltr'><strong>processisse,</strong></span> <span class='ocrx_word' id='word_1_253' title='bbox 629 2169 870 2224; x_wconf 88' lang='lat' dir='ltr'><strong>tunicam</strong></span> <span class='ocrx_word' id='word_1_254' title='bbox 900 2184 1100 2235; x_wconf 90' lang='lat' dir='ltr'><strong>meam,</strong></span> <span class='ocrx_word' id='word_1_255' title='bbox 1132 2168 1374 2224; x_wconf 91' lang='lat' dir='ltr'><strong>codicem</strong></span> <span class='ocrx_word' id='word_1_256' title='bbox 1396 2182 1599 2232; x_wconf 90' lang='lat' dir='ltr'><strong>meum,</strong></span> <span class='ocrx_word' id='word_1_257' title='bbox 1623 2167 1838 2223; x_wconf 89' lang='lat' dir='ltr'><strong>tabulas</strong></span> 
     </span>
    </p>
   </div>
   <div class='ocr_carea' id='block_1_38' title="bbox 245 2259 1836 2332">
    <p class='ocr_par' dir='ltr' id='par_1_38' title="bbox 245 2259 1836 2332">
     <span class='ocr_line' id='line_1_38' title="bbox 245 2259 1836 2332; baseline -0.001 -18"><span class='ocrx_word' id='word_1_258' title='bbox 245 2274 418 2326; x_wconf 87' lang='lat' dir='ltr'><strong>meas,</strong></span> <span class='ocrx_word' id='word_1_259' title='bbox 448 2262 737 2332; x_wconf 88' lang='lat' dir='ltr'><strong>graphium</strong></span> <span class='ocrx_word' id='word_1_260' title='bbox 765 2278 967 2328; x_wconf 90' lang='lat' dir='ltr'><strong>meum,</strong></span> <span class='ocrx_word' id='word_1_261' title='bbox 1007 2270 1063 2317; x_wconf 92' lang='lat' dir='ltr'><strong>et</strong></span> <span class='ocrx_word' id='word_1_262' title='bbox 1098 2271 1294 2316; x_wconf 72' lang='lat' dir='ltr'><strong>caetera</strong></span> <span class='ocrx_word' id='word_1_263' title='bbox 1323 2261 1410 2316; x_wconf 89' lang='lat' dir='ltr'><strong>his</strong></span> <span class='ocrx_word' id='word_1_264' title='bbox 1441 2260 1658 2316; x_wconf 91' lang='lat' dir='ltr'><strong>similia.</strong></span> <span class='ocrx_word' id='word_1_265' title='bbox 1699 2259 1836 2314; x_wconf 86' lang='lat' dir='ltr'><strong>Nam</strong></span> 
     </span>
    </p>
   </div>
   <div class='ocr_carea' id='block_1_39' title="bbox 243 2353 1837 2428">
    <p class='ocr_par' dir='ltr' id='par_1_39' title="bbox 243 2353 1837 2428">
     <span class='ocr_line' id='line_1_39' title="bbox 243 2353 1837 2428; baseline -0.003 -17"><span class='ocrx_word' id='word_1_266' title='bbox 243 2357 292 2411; x_wconf 88' lang='lat' dir='ltr'><strong>si</strong></span> <span class='ocrx_word' id='word_1_267' title='bbox 324 2355 636 2425; x_wconf 91' lang='lat' dir='ltr'><strong>hujusmodi</strong></span> <span class='ocrx_word' id='word_1_268' title='bbox 662 2358 888 2413; x_wconf 91' lang='lat' dir='ltr'><strong>verbum</strong></span> <span class='ocrx_word' id='word_1_269' title='bbox 915 2372 1013 2428; x_wconf 90' lang='lat' dir='ltr'><strong>per</strong></span> <span class='ocrx_word' id='word_1_270' title='bbox 1038 2356 1443 2426; x_wconf 88' lang='lat' dir='ltr'><strong>subreptionem</strong></span> <span class='ocrx_word' id='word_1_271' title='bbox 1471 2353 1556 2409; x_wconf 91' lang='lat' dir='ltr'><strong>vel</strong></span> <span class='ocrx_word' id='word_1_272' title='bbox 1583 2354 1837 2424; x_wconf 81' lang='lat' dir='ltr'><strong>ignoran-</strong></span> 
     </span>
    </p>
   </div>
   <div class='ocr_carea' id='block_1_40' title="bbox 247 2444 1837 2520">
    <p class='ocr_par' dir='ltr' id='par_1_40' title="bbox 247 2444 1837 2520">
     <span class='ocr_line' id='line_1_40' title="bbox 247 2444 1837 2520; baseline -0.002 -19"><span class='ocrx_word' id='word_1_273' title='bbox 247 2448 380 2502; x_wconf 91' lang='lat' dir='ltr'><strong>tiam</strong></span> <span class='ocrx_word' id='word_1_274' title='bbox 413 2448 479 2502; x_wconf 90' lang='lat' dir='ltr'><strong>de</strong></span> <span class='ocrx_word' id='word_1_275' title='bbox 508 2463 602 2504; x_wconf 92' lang='lat' dir='ltr'><strong>ore</strong></span> <span class='ocrx_word' id='word_1_276' title='bbox 629 2449 746 2520; x_wconf 84' lang='lat' dir='ltr'><strong>ejus</strong></span> <span class='ocrx_word' id='word_1_277' title='bbox 773 2447 1044 2513; x_wconf 79' lang='lat' dir='ltr'><strong>effuderit,</strong></span> <span class='ocrx_word' id='word_1_278' title='bbox 1073 2447 1295 2517; x_wconf 85' lang='lat' dir='ltr'><strong>dignam</strong></span> <span class='ocrx_word' id='word_1_279' title='bbox 1320 2462 1420 2517; x_wconf 92' lang='lat' dir='ltr'><strong>pro</strong></span> <span class='ocrx_word' id='word_1_280' title='bbox 1444 2446 1550 2501; x_wconf 90' lang='lat' dir='ltr'><strong>hoc</strong></span> <span class='ocrx_word' id='word_1_281' title='bbox 1577 2444 1837 2515; x_wconf 89' lang='lat' dir='ltr'><strong>poeniten-</strong></span> 
     </span>
    </p>
   </div>
   <div class='ocr_carea' id='block_1_41' title="bbox 247 2536 1830 2607">
    <p class='ocr_par' dir='ltr' id='par_1_41' title="bbox 247 2536 1830 2607">
     <span class='ocr_line' id='line_1_41' title="bbox 247 2536 1830 2607; baseline -0.001 -18"><span class='ocrx_word' id='word_1_282' title='bbox 247 2536 382 2590; x_wconf 91' lang='lat' dir='ltr'><strong>tiam</strong></span> <span class='ocrx_word' id='word_1_283' title='bbox 426 2538 786 2603; x_wconf 87' lang='lat' dir='ltr'><strong>satisfaciens,</strong></span> <span class='ocrx_word' id='word_1_284' title='bbox 815 2537 1029 2592; x_wconf 89' lang='lat' dir='ltr'><strong>veniam</strong></span> <span class='ocrx_word' id='word_1_285' title='bbox 1050 2545 1200 2607; x_wconf 89' lang='lat' dir='ltr'><strong>petat</strong></span> <span class='ocrx_word' id='word_1_286' title='bbox 1229 2536 1284 2590; x_wconf 93' lang='lat' dir='ltr'><strong>in</strong></span> <span class='ocrx_word' id='word_1_287' title='bbox 1330 2544 1476 2591; x_wconf 90' lang='lat' dir='ltr'><strong>terra</strong></span> <span class='ocrx_word' id='word_1_288' title='bbox 1506 2541 1830 2605; x_wconf 89' lang='lat' dir='ltr'><strong>prostratus.</strong></span> 
     </span>
    </p>
   </div>
   <div class='ocr_carea' id='block_1_42' title="bbox 243 2627 1836 2702">
    <p class='ocr_par' dir='ltr' id='par_1_42' title="bbox 243 2627 1836 2702">
     <span class='ocr_line' id='line_1_42' title="bbox 243 2627 1836 2702; baseline -0.001 -18"><span class='ocrx_word' id='word_1_289' title='bbox 243 2629 377 2684; x_wconf 85' lang='lat' dir='ltr'><strong>Item</strong></span> <span class='ocrx_word' id='word_1_290' title='bbox 402 2631 538 2686; x_wconf 89' lang='lat' dir='ltr'><strong>alius</strong></span> <span class='ocrx_word' id='word_1_291' title='bbox 575 2633 969 2687; x_wconf 89' lang='lat' dir='ltr'><strong>monachorum</strong></span> <span class='ocrx_word' id='word_1_292' title='bbox 998 2631 1256 2702; x_wconf 88' lang='lat' dir='ltr'><strong>magister</strong></span> <span class='ocrx_word' id='word_1_293' title='bbox 1281 2630 1358 2684; x_wconf 90' lang='lat' dir='ltr'><strong>ait</strong></span> <span class='ocrx_word' id='word_1_294' title='bbox 1396 2648 1409 2684; x_wconf 93' lang='lat'>:</span> <span class='ocrx_word' id='word_1_295' title='bbox 1458 2629 1516 2683; x_wconf 89' lang='lat' dir='ltr'><strong>Si</strong></span> <span class='ocrx_word' id='word_1_296' title='bbox 1540 2627 1670 2699; x_wconf 88' lang='lat' dir='ltr'><strong>quid</strong></span> <span class='ocrx_word' id='word_1_297' title='bbox 1705 2641 1836 2696; x_wconf 89' lang='lat' dir='ltr'><strong>ergo</strong></span> 
     </span>
    </p>
   </div>
   <div class='ocr_carea' id='block_1_43' title="bbox 243 2718 1836 2794">
    <p class='ocr_par' dir='ltr' id='par_1_43' title="bbox 243 2718 1836 2794">
     <span class='ocr_line' id='line_1_43' title="bbox 243 2718 1836 2794; baseline -0.001 -19"><span class='ocrx_word' id='word_1_298' title='bbox 243 2721 538 2794; x_wconf 91' lang='lat' dir='ltr'><strong>peculiare,</strong></span> <span class='ocrx_word' id='word_1_299' title='bbox 576 2731 670 2777; x_wconf 89' lang='lat' dir='ltr'><strong>aut</strong></span> <span class='ocrx_word' id='word_1_300' title='bbox 697 2722 902 2794; x_wconf 89' lang='lat' dir='ltr'><strong>aliquid</strong></span> <span class='ocrx_word' id='word_1_301' title='bbox 936 2737 1059 2777; x_wconf 89' lang='lat' dir='ltr'><strong>cum</strong></span> <span class='ocrx_word' id='word_1_302' title='bbox 1097 2723 1376 2776; x_wconf 90' lang='lat' dir='ltr'><strong>inventum</strong></span> <span class='ocrx_word' id='word_1_303' title='bbox 1413 2720 1468 2775; x_wconf 93' lang='lat' dir='ltr'><strong>in</strong></span> <span class='ocrx_word' id='word_1_304' title='bbox 1500 2720 1681 2790; x_wconf 91' lang='lat' dir='ltr'><strong>aliquo</strong></span> <span class='ocrx_word' id='word_1_305' title='bbox 1718 2718 1836 2774; x_wconf 89' lang='lat' dir='ltr'><strong>fue-</strong></span> 
     </span>
    </p>
   </div>
   <div class='ocr_carea' id='block_1_44' title="bbox 245 2813 1836 2888">
    <p class='ocr_par' dir='ltr' id='par_1_44' title="bbox 245 2813 1836 2888">
     <span class='ocr_line' id='line_1_44' title="bbox 245 2813 1836 2888; baseline -0.004 -15"><span class='ocrx_word' id='word_1_306' title='bbox 245 2816 332 2881; x_wconf 85' lang='lat' dir='ltr'><strong>rit,</strong></span> <span class='ocrx_word' id='word_1_307' title='bbox 381 2817 571 2888; x_wconf 87' lang='lat' dir='ltr'><strong>grandi</strong></span> <span class='ocrx_word' id='word_1_308' title='bbox 609 2833 735 2872; x_wconf 90' lang='lat' dir='ltr'><strong>eum</strong></span> <span class='ocrx_word' id='word_1_309' title='bbox 791 2816 958 2872; x_wconf 90' lang='lat' dir='ltr'><strong>abbas</strong></span> <span class='ocrx_word' id='word_1_310' title='bbox 1003 2825 1058 2870; x_wconf 90' lang='lat' dir='ltr'><strong>et</strong></span> <span class='ocrx_word' id='word_1_311' title='bbox 1105 2816 1359 2871; x_wconf 90' lang='lat' dir='ltr'><strong>diuturna</strong></span> <span class='ocrx_word' id='word_1_312' title='bbox 1397 2813 1836 2870; x_wconf 83' lang='lat' dir='ltr'><strong>excommunica-</strong></span> 
     </span>
    </p>
   </div>
   <div class='ocr_carea' id='block_1_45' title="bbox 245 2905 1833 2980">
    <p class='ocr_par' dir='ltr' id='par_1_45' title="bbox 245 2905 1833 2980">
     <span class='ocr_line' id='line_1_45' title="bbox 245 2905 1833 2980; baseline -0.001 -16"><span class='ocrx_word' id='word_1_313' title='bbox 245 2909 390 2965; x_wconf 92' lang='lat' dir='ltr'><strong>tione</strong></span> <span class='ocrx_word' id='word_1_314' title='bbox 418 2911 761 2976; x_wconf 91' lang='lat' dir='ltr'><strong>condemnet,</strong></span> <span class='ocrx_word' id='word_1_315' title='bbox 799 2917 860 2965; x_wconf 93' lang='lat' dir='ltr'><strong>ut</strong></span> <span class='ocrx_word' id='word_1_316' title='bbox 888 2909 1195 2980; x_wconf 86' lang='lat' dir='ltr'><strong>exemplum</strong></span> <span class='ocrx_word' id='word_1_317' title='bbox 1221 2909 1368 2964; x_wconf 91' lang='lat' dir='ltr'><strong>illius</strong></span> <span class='ocrx_word' id='word_1_318' title='bbox 1387 2907 1639 2964; x_wconf 74' lang='lat' dir='ltr'><strong>vindicta-</strong></span> <span class='ocrx_word' id='word_1_319' title='bbox 1656 2905 1833 2962; x_wconf 89' lang='lat' dir='ltr'><strong>nullus</strong></span> 
     </span>
    </p>
   </div>
   <div class='ocr_carea' id='block_1_46' title="bbox 245 3002 818 3059">
    <p class='ocr_par' dir='ltr' id='par_1_46' title="bbox 245 3002 818 3059">
     <span class='ocr_line' id='line_1_46' title="bbox 245 3002 818 3059; baseline 0 -3"><span class='ocrx_word' id='word_1_320' title='bbox 245 3003 442 3059; x_wconf 90' lang='lat' dir='ltr'><strong>audeat</strong></span> <span class='ocrx_word' id='word_1_321' title='bbox 465 3003 568 3058; x_wconf 91' lang='lat' dir='ltr'><strong>hoc</strong></span> <span class='ocrx_word' id='word_1_322' title='bbox 591 3002 818 3058; x_wconf 89' lang='lat' dir='ltr'><strong>imitari.</strong></span> 
     </span>
    </p>
   </div>
   <div class='ocr_carea' id='block_1_47' title="bbox 777 3093 1288 3152">
    <p class='ocr_par' dir='ltr' id='par_1_47' title="bbox 777 3093 1288 3152">
     <span class='ocr_line' id='line_1_47' title="bbox 777 3093 1288 3152; baseline -0.002 -2"><span class='ocrx_word' id='word_1_323' title='bbox 777 3093 1006 3152; x_wconf 83' lang='lat' dir='ltr'><strong>CAPUT</strong></span> <span class='ocrx_word' id='word_1_324' title='bbox 1047 3093 1288 3150; x_wconf 81' lang='lat' dir='ltr'><strong>XXXIV.</strong></span> 
     </span>
    </p>
   </div>
   <div class='ocr_carea' id='block_1_48' title="bbox 336 3183 1736 3260">
    <p class='ocr_par' dir='ltr' id='par_1_48' title="bbox 336 3183 1736 3260">
     <span class='ocr_line' id='line_1_48' title="bbox 336 3183 1736 3260; baseline -0.006 -15"><span class='ocrx_word' id='word_1_325' title='bbox 336 3189 397 3246; x_wconf 89' lang='lat' dir='ltr'><strong>Si</strong></span> <span class='ocrx_word' id='word_1_326' title='bbox 421 3205 597 3245; x_wconf 91' lang='lat' dir='ltr'><strong>omnes</strong></span> <span class='ocrx_word' id='word_1_327' title='bbox 623 3186 897 3260; x_wconf 70' lang='lat' dir='ltr'><strong>(equaliter</strong></span> <span class='ocrx_word' id='word_1_328' title='bbox 917 3186 1136 3240; x_wconf 84' lang='lat' dir='ltr'><strong>debeant</strong></span> <span class='ocrx_word' id='word_1_329' title='bbox 1164 3185 1459 3240; x_wconf 88' lang='lat' dir='ltr'><strong>necessaria</strong></span> <span class='ocrx_word' id='word_1_330' title='bbox 1488 3183 1736 3254; x_wconf 89' lang='lat' dir='ltr'><strong>accipere.</strong></span> 
     </span>
    </p>
   </div>
   <div class='ocr_carea' id='block_1_49' title="bbox 315 3265 1833 3354">
    <p class='ocr_par' dir='ltr' id='par_1_49' title="bbox 315 3265 1833 3354">
     <span class='ocr_line' id='line_1_49' title="bbox 315 3265 1833 3354; baseline -0.006 -16"><span class='ocrx_word' id='word_1_331' title='bbox 315 3283 467 3338; x_wconf 81' lang='lat' dir='ltr'><strong>Sicut</strong></span> <span class='ocrx_word' id='word_1_332' title='bbox 495 3283 750 3354; x_wconf 88' lang='lat' dir='ltr'><strong>scriptum</strong></span> <span class='ocrx_word' id='word_1_333' title='bbox 775 3291 848 3336; x_wconf 89' lang='lat' dir='ltr'><strong>est</strong></span> <span class='ocrx_word' id='word_1_334' title='bbox 874 3295 895 3336; x_wconf 83' lang='lat'><strong>.°</strong></span> <span class='ocrx_word' id='word_1_335' title='bbox 923 3279 1266 3335; x_wconf 75' lang='lat' dir='ltr'><strong>Disidebatur</strong></span> <span class='ocrx_word' id='word_1_336' title='bbox 1287 3265 1507 3349; x_wconf 83' lang='lat' dir='ltr'><strong>singulis</strong></span> <span class='ocrx_word' id='word_1_337' title='bbox 1535 3286 1688 3348; x_wconf 84' lang='lat' dir='ltr'><strong>prout</strong></span> <span class='ocrx_word' id='word_1_338' title='bbox 1719 3275 1833 3330; x_wconf 88' lang='lat' dir='ltr'><strong>cui-</strong></span> 
     </span>
    </p>
   </div>
   <div class='ocr_carea' id='block_1_50' title="bbox 242 3372 1836 3448">
    <p class='ocr_par' dir='ltr' id='par_1_50' title="bbox 242 3372 1836 3448">
     <span class='ocr_line' id='line_1_50' title="bbox 242 3372 1836 3448; baseline -0.007 -16"><span class='ocrx_word' id='word_1_339' title='bbox 242 3395 339 3448; x_wconf 80' lang='lat' dir='ltr'><strong>que</strong></span> <span class='ocrx_word' id='word_1_340' title='bbox 365 3393 494 3447; x_wconf 88' lang='lat' dir='ltr'><strong>opus</strong></span> <span class='ocrx_word' id='word_1_341' title='bbox 519 3383 629 3431; x_wconf 89' lang='lat' dir='ltr'><strong>erat</strong></span> <span class='ocrx_word' id='word_1_342' title='bbox 662 3375 800 3448; x_wconf 83' lang='lat' dir='ltr'><strong>(Act.</strong></span> <span class='ocrx_word' id='word_1_343' title='bbox 833 3373 942 3445; x_wconf 82' lang='lat' dir='ltr'><strong>tv);</strong></span> <span class='ocrx_word' id='word_1_344' title='bbox 974 3372 1063 3426; x_wconf 90' lang='lat' dir='ltr'><strong>ubi</strong></span> <span class='ocrx_word' id='word_1_345' title='bbox 1094 3389 1198 3426; x_wconf 87' lang='lat' dir='ltr'><strong>non</strong></span> <span class='ocrx_word' id='word_1_346' title='bbox 1220 3372 1462 3435; x_wconf 86' lang='lat' dir='ltr'><strong>dicimus,</strong></span> <span class='ocrx_word' id='word_1_347' title='bbox 1497 3379 1554 3425; x_wconf 86' lang='lat' dir='ltr'><strong>ut</strong></span> <span class='ocrx_word' id='word_1_348' title='bbox 1582 3384 1836 3439; x_wconf 80' lang='lat' dir='ltr'><strong>persona-</strong></span> 
     </span>
    </p>
   </div>
   <div class='ocr_carea' id='block_1_51' title="bbox 244 3460 1836 3541">
    <p class='ocr_par' dir='ltr' id='par_1_51' title="bbox 244 3460 1836 3541">
     <span class='ocr_line' id='line_1_51' title="bbox 244 3460 1836 3541; baseline -0.006 -19"><span class='ocrx_word' id='word_1_349' title='bbox 244 3486 360 3522; x_wconf 91' lang='lat' dir='ltr'><strong>rum</strong></span> <span class='ocrx_word' id='word_1_350' title='bbox 388 3467 548 3541; x_wconf 89' lang='lat' dir='ltr'><strong>(quod</strong></span> <span class='ocrx_word' id='word_1_351' title='bbox 575 3466 731 3540; x_wconf 88' lang='lat' dir='ltr'><strong>absit)</strong></span> <span class='ocrx_word' id='word_1_352' title='bbox 760 3464 989 3536; x_wconf 81' lang='lat' dir='ltr'><strong>acceptio</strong></span> <span class='ocrx_word' id='word_1_353' title='bbox 1023 3463 1110 3530; x_wconf 87' lang='lat' dir='ltr'><strong>sit,</strong></span> <span class='ocrx_word' id='word_1_354' title='bbox 1139 3463 1234 3518; x_wconf 86' lang='lat' dir='ltr'><strong>sed</strong></span> <span class='ocrx_word' id='word_1_355' title='bbox 1260 3462 1632 3532; x_wconf 81' lang='lat' dir='ltr'><strong>inﬁrmitatum</strong></span> <span class='ocrx_word' id='word_1_356' title='bbox 1664 3460 1836 3515; x_wconf 89' lang='lat' dir='ltr'><strong>consi-</strong></span> 
     </span>
    </p>
   </div>
   <div class='ocr_carea' id='block_1_52' title="bbox 243 3553 1835 3629">
    <p class='ocr_par' dir='ltr' id='par_1_52' title="bbox 243 3553 1835 3629">
     <span class='ocr_line' id='line_1_52' title="bbox 243 3553 1835 3629; baseline -0.007 -15"><span class='ocrx_word' id='word_1_357' title='bbox 243 3561 465 3615; x_wconf 89' lang='lat' dir='ltr'><strong>deratio.</strong></span> <span class='ocrx_word' id='word_1_358' title='bbox 491 3558 593 3613; x_wconf 90' lang='lat' dir='ltr'><strong>Ubi</strong></span> <span class='ocrx_word' id='word_1_359' title='bbox 615 3559 705 3629; x_wconf 87' lang='lat' dir='ltr'><strong>qui</strong></span> <span class='ocrx_word' id='word_1_360' title='bbox 728 3558 898 3611; x_wconf 89' lang='lat' dir='ltr'><strong>minus</strong></span> <span class='ocrx_word' id='word_1_361' title='bbox 918 3556 1117 3627; x_wconf 84' lang='lat' dir='ltr'><strong>indiget</strong></span> <span class='ocrx_word' id='word_1_362' title='bbox 1144 3563 1266 3626; x_wconf 85' lang='lat' dir='ltr'><strong>agat</strong></span> <span class='ocrx_word' id='word_1_363' title='bbox 1290 3553 1400 3607; x_wconf 89' lang='lat' dir='ltr'><strong>Deo</strong></span> <span class='ocrx_word' id='word_1_364' title='bbox 1416 3553 1638 3624; x_wconf 85' lang='lat' dir='ltr'><strong>gratias,</strong></span> <span class='ocrx_word' id='word_1_365' title='bbox 1666 3560 1713 3605; x_wconf 91' lang='lat' dir='ltr'><strong>et</strong></span> <span class='ocrx_word' id='word_1_366' title='bbox 1732 3567 1835 3604; x_wconf 91' lang='lat' dir='ltr'><strong>non</strong></span> 
     </span>
    </p>
   </div>
   <div class='ocr_carea' id='block_1_53' title="bbox 243 3642 1836 3719">
    <p class='ocr_par' dir='ltr' id='par_1_53' title="bbox 243 3642 1836 3719">
     <span class='ocr_line' id='line_1_53' title="bbox 243 3642 1836 3719; baseline -0.006 -15"><span class='ocrx_word' id='word_1_367' title='bbox 243 3649 612 3716; x_wconf 86' lang='lat' dir='ltr'><strong>contristetur;</strong></span> <span class='ocrx_word' id='word_1_368' title='bbox 637 3649 726 3719; x_wconf 86' lang='lat' dir='ltr'><strong>qui</strong></span> <span class='ocrx_word' id='word_1_369' title='bbox 762 3664 881 3702; x_wconf 85' lang='lat' dir='ltr'><strong>vero</strong></span> <span class='ocrx_word' id='word_1_370' title='bbox 907 3646 1025 3718; x_wconf 87' lang='lat' dir='ltr'><strong>plus</strong></span> <span class='ocrx_word' id='word_1_371' title='bbox 1054 3645 1249 3716; x_wconf 84' lang='lat' dir='ltr'><strong>indiget</strong></span> <span class='ocrx_word' id='word_1_372' title='bbox 1289 3642 1596 3698; x_wconf 83' lang='lat' dir='ltr'><strong>humilietur</strong></span> <span class='ocrx_word' id='word_1_373' title='bbox 1621 3659 1715 3713; x_wconf 88' lang='lat' dir='ltr'><strong>pro</strong></span> <span class='ocrx_word' id='word_1_374' title='bbox 1753 3642 1836 3696; x_wconf 87' lang='lat' dir='ltr'><strong>in-</strong></span> 
     </span>
    </p>
   </div>
   <div class='ocr_carea' id='block_1_54' title="bbox 241 3734 1835 3808">
    <p class='ocr_par' dir='ltr' id='par_1_54' title="bbox 241 3734 1835 3808">
     <span class='ocr_line' id='line_1_54' title="bbox 241 3734 1835 3808; baseline -0.004 -16"><span class='ocrx_word' id='word_1_375' title='bbox 241 3738 511 3808; x_wconf 77' lang='lat' dir='ltr'><strong>ﬁrmitate,</strong></span> <span class='ocrx_word' id='word_1_376' title='bbox 555 3747 605 3794; x_wconf 88' lang='lat' dir='ltr'><strong>et</strong></span> <span class='ocrx_word' id='word_1_377' title='bbox 637 3756 740 3793; x_wconf 92' lang='lat' dir='ltr'><strong>non</strong></span> <span class='ocrx_word' id='word_1_378' title='bbox 779 3737 1065 3792; x_wconf 75' lang='lat' dir='ltr'><strong>extollatur</strong></span> <span class='ocrx_word' id='word_1_379' title='bbox 1100 3753 1194 3808; x_wconf 90' lang='lat' dir='ltr'><strong>pro</strong></span> <span class='ocrx_word' id='word_1_380' title='bbox 1249 3734 1648 3799; x_wconf 86' lang='lat' dir='ltr'><strong>misericordia;</strong></span> <span class='ocrx_word' id='word_1_381' title='bbox 1683 3740 1732 3788; x_wconf 91' lang='lat' dir='ltr'><strong>et</strong></span> <span class='ocrx_word' id='word_1_382' title='bbox 1759 3734 1835 3786; x_wconf 90' lang='lat' dir='ltr'><strong>ita</strong></span> 
     </span>
    </p>
   </div>
   <div class='ocr_carea' id='block_1_55' title="bbox 245 3826 1838 3901">
    <p class='ocr_par' dir='ltr' id='par_1_55' title="bbox 245 3826 1838 3901">
     <span class='ocr_line' id='line_1_55' title="bbox 245 3826 1838 3901; baseline -0.001 -17"><span class='ocrx_word' id='word_1_383' title='bbox 245 3830 420 3885; x_wconf 86' lang='lat' dir='ltr'><strong>omnia</strong></span> <span class='ocrx_word' id='word_1_384' title='bbox 453 3830 685 3886; x_wconf 86' lang='lat' dir='ltr'><strong>membra</strong></span> <span class='ocrx_word' id='word_1_385' title='bbox 713 3838 865 3885; x_wconf 89' lang='lat' dir='ltr'><strong>erunt</strong></span> <span class='ocrx_word' id='word_1_386' title='bbox 894 3829 950 3884; x_wconf 91' lang='lat' dir='ltr'><strong>in</strong></span> <span class='ocrx_word' id='word_1_387' title='bbox 977 3845 1124 3901; x_wconf 83' lang='lat' dir='ltr'><strong>pace.</strong></span> <span class='ocrx_word' id='word_1_388' title='bbox 1163 3828 1304 3883; x_wconf 85' lang='lat' dir='ltr'><strong>Hinc</strong></span> <span class='ocrx_word' id='word_1_389' title='bbox 1334 3828 1528 3883; x_wconf 90' lang='lat' dir='ltr'><strong>beatus</strong></span> <span class='ocrx_word' id='word_1_390' title='bbox 1576 3826 1838 3899; x_wconf 88' lang='lat' dir='ltr'><strong>Augusti-</strong></span> 
     </span>
    </p>
   </div>
   <div class='ocr_carea' id='block_1_56' title="bbox 244 3917 1836 3992">
    <p class='ocr_par' dir='ltr' id='par_1_56' title="bbox 244 3917 1836 3992">
     <span class='ocr_line' id='line_1_56' title="bbox 244 3917 1836 3992; baseline -0.005 -14"><span class='ocrx_word' id='word_1_391' title='bbox 244 3937 347 3978; x_wconf 89' lang='lat' dir='ltr'><strong>nus</strong></span> <span class='ocrx_word' id='word_1_392' title='bbox 376 3923 488 3978; x_wconf 91' lang='lat' dir='ltr'><strong>ait:</strong></span> <span class='ocrx_word' id='word_1_393' title='bbox 522 3922 708 3978; x_wconf 81' lang='lat' dir='ltr'><strong>Virtus</strong></span> <span class='ocrx_word' id='word_1_394' title='bbox 734 3931 791 3976; x_wconf 90' lang='lat' dir='ltr'><strong>et</strong></span> <span class='ocrx_word' id='word_1_395' title='bbox 832 3930 1083 3992; x_wconf 87' lang='lat' dir='ltr'><strong>tegumen</strong></span> <span class='ocrx_word' id='word_1_396' title='bbox 1114 3936 1222 3974; x_wconf 88' lang='lat' dir='ltr'><strong>non</strong></span> <span class='ocrx_word' id='word_1_397' title='bbox 1265 3918 1547 3989; x_wconf 85' lang='lat' dir='ltr'><strong>aequaliter</strong></span> <span class='ocrx_word' id='word_1_398' title='bbox 1581 3917 1836 3973; x_wconf 89' lang='lat' dir='ltr'><strong>omnibus</strong></span> 
     </span>
    </p>
   </div>
   <div class='ocr_carea' id='block_1_57' title="bbox 246 4009 1831 4082">
    <p class='ocr_par' dir='ltr' id='par_1_57' title="bbox 246 4009 1831 4082">
     <span class='ocr_line' id='line_1_57' title="bbox 246 4009 1831 4082; baseline -0.004 -14"><span class='ocrx_word' id='word_1_399' title='bbox 246 4013 662 4080; x_wconf 88' lang='lat' dir='ltr'><strong>distribuuntur,</strong></span> <span class='ocrx_word' id='word_1_400' title='bbox 711 4013 840 4082; x_wconf 92' lang='lat' dir='ltr'><strong>quia</strong></span> <span class='ocrx_word' id='word_1_401' title='bbox 885 4026 994 4066; x_wconf 90' lang='lat' dir='ltr'><strong>non</strong></span> <span class='ocrx_word' id='word_1_402' title='bbox 1041 4011 1325 4081; x_wconf 84' lang='lat' dir='ltr'><strong>aequaliter</strong></span> <span class='ocrx_word' id='word_1_403' title='bbox 1368 4009 1561 4064; x_wconf 91' lang='lat' dir='ltr'><strong>valetis</strong></span> <span class='ocrx_word' id='word_1_404' title='bbox 1601 4015 1831 4076; x_wconf 67' lang='lat' dir='ltr'><strong>omnes};</strong></span> 
     </span>
    </p>
   </div>
   <div class='ocr_carea' id='block_1_58' title="bbox 247 4097 1836 4174">
    <p class='ocr_par' dir='ltr' id='par_1_58' title="bbox 247 4097 1836 4174">
     <span class='ocr_line' id='line_1_58' title="bbox 247 4097 1836 4174; baseline -0.005 -16"><span class='ocrx_word' id='word_1_405' title='bbox 247 4102 342 4158; x_wconf 88' lang='lat' dir='ltr'><strong>sed</strong></span> <span class='ocrx_word' id='word_1_406' title='bbox 372 4105 552 4174; x_wconf 89' lang='lat' dir='ltr'><strong>potius</strong></span> <span class='ocrx_word' id='word_1_407' title='bbox 583 4102 896 4172; x_wconf 90' lang='lat' dir='ltr'><strong>unicuique,</strong></span> <span class='ocrx_word' id='word_1_408' title='bbox 945 4101 1087 4157; x_wconf 91' lang='lat' dir='ltr'><strong>sicut</strong></span> <span class='ocrx_word' id='word_1_409' title='bbox 1115 4100 1310 4168; x_wconf 91' lang='lat' dir='ltr'><strong>cuique</strong></span> <span class='ocrx_word' id='word_1_410' title='bbox 1343 4113 1480 4170; x_wconf 88' lang='lat' dir='ltr'><strong>opus</strong></span> <span class='ocrx_word' id='word_1_411' title='bbox 1519 4097 1702 4152; x_wconf 86' lang='lat' dir='ltr'><strong>fuerit.</strong></span> <span class='ocrx_word' id='word_1_412' title='bbox 1743 4097 1836 4151; x_wconf 89' lang='lat' dir='ltr'><strong>Sic</strong></span> 
     </span>
    </p>
   </div>
   <div class='ocr_carea' id='block_1_59' title="bbox 245 4189 1834 4268">
    <p class='ocr_par' dir='ltr' id='par_1_59' title="bbox 245 4189 1834 4268">
     <span class='ocr_line' id='line_1_59' title="bbox 245 4189 1834 4268; baseline -0.006 -16"><span class='ocrx_word' id='word_1_413' title='bbox 245 4197 391 4252; x_wconf 89' lang='lat' dir='ltr'><strong>enim</strong></span> <span class='ocrx_word' id='word_1_414' title='bbox 413 4197 612 4268; x_wconf 87' lang='lat' dir='ltr'><strong>legitur</strong></span> <span class='ocrx_word' id='word_1_415' title='bbox 634 4196 688 4250; x_wconf 90' lang='lat' dir='ltr'><strong>in</strong></span> <span class='ocrx_word' id='word_1_416' title='bbox 709 4194 936 4250; x_wconf 86' lang='lat' dir='ltr'><strong>Actibus</strong></span> <span class='ocrx_word' id='word_1_417' title='bbox 965 4192 1372 4264; x_wconf 92' lang='lat' dir='ltr'><strong>apostolorum:</strong></span> <span class='ocrx_word' id='word_1_418' title='bbox 1405 4189 1546 4256; x_wconf 90' lang='lat' dir='ltr'><strong>Quia</strong></span> <span class='ocrx_word' id='word_1_419' title='bbox 1579 4198 1730 4244; x_wconf 89' lang='lat' dir='ltr'><strong>erant</strong></span> <span class='ocrx_word' id='word_1_420' title='bbox 1761 4189 1834 4243; x_wconf 88' lang='lat' dir='ltr'><strong>eis</strong></span> 
     </span>
    </p>
   </div>
   <div class='ocr_carea' id='block_1_60' title="bbox 245 4283 1835 4354">
    <p class='ocr_par' dir='ltr' id='par_1_60' title="bbox 245 4283 1835 4354">
     <span class='ocr_line' id='line_1_60' title="bbox 245 4283 1835 4354; baseline -0.006 -8"><span class='ocrx_word' id='word_1_421' title='bbox 245 4292 423 4346; x_wconf 88' lang='lat' dir='ltr'><strong>omnia</strong></span> <span class='ocrx_word' id='word_1_422' title='bbox 460 4289 792 4353; x_wconf 89' lang='lat' dir='ltr'><strong>communia,</strong></span> <span class='ocrx_word' id='word_1_423' title='bbox 835 4297 884 4343; x_wconf 91' lang='lat' dir='ltr'><strong>et</strong></span> <span class='ocrx_word' id='word_1_424' title='bbox 926 4285 1338 4342; x_wconf 85' lang='lat' dir='ltr'><strong>distribuebatur</strong></span> <span class='ocrx_word' id='word_1_425' title='bbox 1367 4283 1650 4354; x_wconf 89' lang='lat' dir='ltr'><strong>unicuique</strong></span> <span class='ocrx_word' id='word_1_426' title='bbox 1679 4290 1835 4354; x_wconf 86' lang='lat' dir='ltr'><strong>prout</strong></span> 
     </span>
    </p>
   </div>
   <div class='ocr_carea' id='block_1_61' title="bbox 245 4373 1838 4454">
    <p class='ocr_par' dir='ltr' id='par_1_61' title="bbox 245 4373 1838 4454">
     <span class='ocr_line' id='line_1_61' title="bbox 245 4373 1838 4454; baseline -0.006 -17"><span class='ocrx_word' id='word_1_427' title='bbox 245 4383 430 4454; x_wconf 87' lang='lat' dir='ltr'><strong>cuique</strong></span> <span class='ocrx_word' id='word_1_428' title='bbox 456 4398 585 4454; x_wconf 87' lang='lat' dir='ltr'><strong>opus</strong></span> <span class='ocrx_word' id='word_1_429' title='bbox 613 4388 725 4434; x_wconf 86' lang='lat' dir='ltr'><strong>erat</strong></span> <span class='ocrx_word' id='word_1_430' title='bbox 754 4377 964 4452; x_wconf 87' lang='lat' dir='ltr'><strong>(Ibid.).</strong></span> <span class='ocrx_word' id='word_1_431' title='bbox 994 4377 1130 4433; x_wconf 88' lang='lat' dir='ltr'><strong>Item</strong></span> <span class='ocrx_word' id='word_1_432' title='bbox 1150 4376 1281 4431; x_wconf 88' lang='lat' dir='ltr'><strong>alibi</strong></span> <span class='ocrx_word' id='word_1_433' title='bbox 1306 4378 1567 4446; x_wconf 89' lang='lat' dir='ltr'><strong>scriptum</strong></span> <span class='ocrx_word' id='word_1_434' title='bbox 1592 4383 1709 4431; x_wconf 89' lang='lat' dir='ltr'><strong>est:</strong></span> <span class='ocrx_word' id='word_1_435' title='bbox 1738 4373 1838 4429; x_wconf 87' lang='lat' dir='ltr'><strong>Ni-</strong></span> 
     </span>
    </p>
   </div>
   <div class='ocr_carea' id='block_1_62' title="bbox 245 4468 1834 4545">
    <p class='ocr_par' dir='ltr' id='par_1_62' title="bbox 245 4468 1834 4545">
     <span class='ocr_line' id='line_1_62' title="bbox 245 4468 1834 4545; baseline -0.004 -17"><span class='ocrx_word' id='word_1_436' title='bbox 245 4474 420 4545; x_wconf 80' lang='lat' dir='ltr'><strong>hilque</strong></span> <span class='ocrx_word' id='word_1_437' title='bbox 472 4473 663 4528; x_wconf 84' lang='lat' dir='ltr'><strong>habere</strong></span> <span class='ocrx_word' id='word_1_438' title='bbox 697 4490 786 4527; x_wconf 87' lang='lat' dir='ltr'><strong>vos</strong></span> <span class='ocrx_word' id='word_1_439' title='bbox 821 4473 1093 4544; x_wconf 84' lang='lat' dir='ltr'><strong>proprium</strong></span> <span class='ocrx_word' id='word_1_440' title='bbox 1126 4471 1394 4542; x_wconf 86' lang='lat' dir='ltr'><strong>reputetis,</strong></span> <span class='ocrx_word' id='word_1_441' title='bbox 1429 4469 1521 4524; x_wconf 91' lang='lat' dir='ltr'><strong>sed</strong></span> <span class='ocrx_word' id='word_1_442' title='bbox 1561 4470 1664 4524; x_wconf 90' lang='lat' dir='ltr'><strong>sint</strong></span> <span class='ocrx_word' id='word_1_443' title='bbox 1691 4468 1834 4523; x_wconf 87' lang='lat' dir='ltr'><strong>vobis</strong></span> 
     </span>
    </p>
   </div>
   <div class='ocr_carea' id='block_1_63' title="bbox 247 4559 1834 4634">
    <p class='ocr_par' dir='ltr' id='par_1_63' title="bbox 247 4559 1834 4634">
     <span class='ocr_line' id='line_1_63' title="bbox 247 4559 1834 4634; baseline -0.002 -17"><span class='ocrx_word' id='word_1_444' title='bbox 247 4572 433 4618; x_wconf 88' lang='lat' dir='ltr'><strong>cuncta</strong></span> <span class='ocrx_word' id='word_1_445' title='bbox 479 4563 775 4616; x_wconf 89' lang='lat' dir='ltr'><strong>communia</strong></span> <span class='ocrx_word' id='word_1_446' title='bbox 824 4562 960 4634; x_wconf 85' lang='lat' dir='ltr'><strong>(Act.</strong></span> <span class='ocrx_word' id='word_1_447' title='bbox 1006 4561 1101 4634; x_wconf 81' lang='lat' dir='ltr'><strong>tv).</strong></span> <span class='ocrx_word' id='word_1_448' title='bbox 1149 4561 1280 4628; x_wconf 75' lang='lat' dir='ltr'><strong>Qua:</strong></span> <span class='ocrx_word' id='word_1_449' title='bbox 1329 4561 1480 4616; x_wconf 91' lang='lat' dir='ltr'><strong>vobis</strong></span> <span class='ocrx_word' id='word_1_450' title='bbox 1524 4561 1592 4614; x_wconf 90' lang='lat' dir='ltr'><strong>ab</strong></span> <span class='ocrx_word' id='word_1_451' title='bbox 1622 4559 1834 4614; x_wconf 88' lang='lat' dir='ltr'><strong>abbatis</strong></span> 
     </span>
    </p>
   </div>
   <div class='ocr_carea' id='block_1_64' title="bbox 247 4616 1912 4727">
    <p class='ocr_par' dir='ltr' id='par_1_64' title="bbox 247 4616 1912 4727">
     <span class='ocr_line' id='line_1_64' title="bbox 247 4616 1912 4727; baseline -0.005 -16"><span class='ocrx_word' id='word_1_452' title='bbox 247 4656 472 4727; x_wconf 89' lang='lat' dir='ltr'><strong>imperio</strong></span> <span class='ocrx_word' id='word_1_453' title='bbox 508 4616 912 4726; x_wconf 76' lang='lat' dir='ltr'><strong>dispensantur,</strong></span> <span class='ocrx_word' id='word_1_454' title='bbox 959 4616 1076 4710; x_wconf 51' lang='lat' dir='ltr'><strong>non,</strong></span> <span class='ocrx_word' id='word_1_455' title='bbox 1116 4651 1400 4724; x_wconf 75' lang='lat' dir='ltr'><strong>aequaliter</strong></span> <span class='ocrx_word' id='word_1_456' title='bbox 1440 4651 1711 4715; x_wconf 92' lang='lat' dir='ltr'><strong>omnibus,</strong></span> <span class='ocrx_word' id='word_1_457' title='bbox 1739 4651 1834 4704; x_wconf 91' lang='lat' dir='ltr'><strong>sed</strong></span> <span class='ocrx_word' id='word_1_458' title='bbox 1857 4616 1912 4676; x_wconf 68' lang='grc' dir='ltr'><strong><em>Β</em></strong></span> 
     </span>
    </p>
   </div>
   <div class='ocr_carea' id='block_1_65' title="bbox 246 4743 1836 4818">
    <p class='ocr_par' dir='ltr' id='par_1_65' title="bbox 246 4743 1836 4818">
     <span class='ocr_line' id='line_1_65' title="bbox 246 4743 1836 4818; baseline -0.006 -13"><span class='ocrx_word' id='word_1_459' title='bbox 246 4750 388 4805; x_wconf 90' lang='lat' dir='ltr'><strong>sicut</strong></span> <span class='ocrx_word' id='word_1_460' title='bbox 413 4748 552 4804; x_wconf 91' lang='lat' dir='ltr'><strong>ratio</strong></span> <span class='ocrx_word' id='word_1_461' title='bbox 580 4747 1001 4818; x_wconf 89' lang='lat' dir='ltr'><strong>dispensationis</strong></span> <span class='ocrx_word' id='word_1_462' title='bbox 1031 4756 1125 4801; x_wconf 90' lang='lat' dir='ltr'><strong>aut</strong></span> <span class='ocrx_word' id='word_1_463' title='bbox 1150 4760 1315 4800; x_wconf 87' lang='lat' dir='ltr'><strong>causa</strong></span> <span class='ocrx_word' id='word_1_464' title='bbox 1347 4743 1681 4799; x_wconf 85' lang='lat' dir='ltr'><strong>infirmitatis</strong></span> <span class='ocrx_word' id='word_1_465' title='bbox 1709 4755 1836 4796; x_wconf 80' lang='lat' dir='ltr'><strong>exc-</strong></span> 
     </span>
    </p>
   </div>
   <div class='ocr_carea' id='block_1_66' title="bbox 247 4836 1838 4916">
    <p class='ocr_par' dir='ltr' id='par_1_66' title="bbox 247 4836 1838 4916">
     <span class='ocr_line' id='line_1_66' title="bbox 247 4836 1838 4916; baseline -0.006 -16"><span class='ocrx_word' id='word_1_466' title='bbox 247 4844 407 4916; x_wconf 88' lang='lat' dir='ltr'><strong>gerit,</strong></span> <span class='ocrx_word' id='word_1_467' title='bbox 441 4843 732 4913; x_wconf 90' lang='lat' dir='ltr'><strong>unicuique</strong></span> <span class='ocrx_word' id='word_1_468' title='bbox 759 4850 941 4898; x_wconf 89' lang='lat' dir='ltr'><strong>tamen</strong></span> <span class='ocrx_word' id='word_1_469' title='bbox 981 4841 1280 4897; x_wconf 90' lang='lat' dir='ltr'><strong>secundum</strong></span> <span class='ocrx_word' id='word_1_470' title='bbox 1321 4837 1462 4910; x_wconf 88' lang='lat' dir='ltr'><strong>quod</strong></span> <span class='ocrx_word' id='word_1_471' title='bbox 1491 4853 1628 4908; x_wconf 91' lang='lat' dir='ltr'><strong>opus</strong></span> <span class='ocrx_word' id='word_1_472' title='bbox 1671 4836 1838 4892; x_wconf 90' lang='lat' dir='ltr'><strong>fuerit</strong></span> 
     </span>
    </p>
   </div>
   <div class='ocr_carea' id='block_1_67' title="bbox 250 4931 1836 5006">
    <p class='ocr_par' dir='ltr' id='par_1_67' title="bbox 250 4931 1836 5006">
     <span class='ocr_line' id='line_1_67' title="bbox 250 4931 1836 5006; baseline -0.007 -12"><span class='ocrx_word' id='word_1_473' title='bbox 250 4939 546 5006; x_wconf 87' lang='lat' dir='ltr'><strong>tribuatur;</strong></span> <span class='ocrx_word' id='word_1_474' title='bbox 577 4953 682 4995; x_wconf 89' lang='lat' dir='ltr'><strong>nec</strong></span> <span class='ocrx_word' id='word_1_475' title='bbox 704 4938 974 4995; x_wconf 85' lang='lat' dir='ltr'><strong>feliciores</strong></span> <span class='ocrx_word' id='word_1_476' title='bbox 1009 4937 1253 5006; x_wconf 86' lang='lat' dir='ltr'><strong>judicent</strong></span> <span class='ocrx_word' id='word_1_477' title='bbox 1281 4934 1481 5006; x_wconf 90' lang='lat' dir='ltr'><strong>quibus</strong></span> <span class='ocrx_word' id='word_1_478' title='bbox 1517 4931 1836 4986; x_wconf 84' lang='lat' dir='ltr'><strong>infirmitate</strong></span> 
     </span>
    </p>
   </div>
   <div class='ocr_carea' id='block_1_68' title="bbox 248 5021 1839 5101">
    <p class='ocr_par' dir='ltr' id='par_1_68' title="bbox 248 5021 1839 5101">
     <span class='ocr_line' id='line_1_68' title="bbox 248 5021 1839 5101; baseline -0.007 -14"><span class='ocrx_word' id='word_1_479' title='bbox 248 5038 556 5101; x_wconf 71' lang='lat' dir='ltr'><strong>przestatur,</strong></span> <span class='ocrx_word' id='word_1_480' title='bbox 589 5031 734 5101; x_wconf 90' lang='lat' dir='ltr'><strong>quod</strong></span> <span class='ocrx_word' id='word_1_481' title='bbox 772 5031 920 5086; x_wconf 89' lang='lat' dir='ltr'><strong>sanis</strong></span> <span class='ocrx_word' id='word_1_482' title='bbox 962 5045 1064 5100; x_wconf 92' lang='lat' dir='ltr'><strong>pro</strong></span> <span class='ocrx_word' id='word_1_483' title='bbox 1107 5025 1468 5084; x_wconf 62' lang='lat' dir='ltr'><strong>observantiae</strong></span> <span class='ocrx_word' id='word_1_484' title='bbox 1508 5025 1686 5094; x_wconf 89' lang='lat' dir='ltr'><strong>rigore</strong></span> <span class='ocrx_word' id='word_1_485' title='bbox 1717 5021 1839 5077; x_wconf 91' lang='lat' dir='ltr'><strong>sub-</strong></span> 
     </span>
    </p>
   </div>
   <div class='ocr_carea' id='block_1_69' title="bbox 251 5113 1841 5193">
    <p class='ocr_par' dir='ltr' id='par_1_69' title="bbox 251 5113 1841 5193">
     <span class='ocr_line' id='line_1_69' title="bbox 251 5113 1841 5193; baseline -0.007 -15"><span class='ocrx_word' id='word_1_486' title='bbox 251 5125 505 5179; x_wconf 88' lang='lat' dir='ltr'><strong>trahitur.</strong></span> <span class='ocrx_word' id='word_1_487' title='bbox 548 5123 616 5178; x_wconf 89' lang='lat' dir='ltr'><strong>Et</strong></span> <span class='ocrx_word' id='word_1_488' title='bbox 655 5123 702 5180; x_wconf 94' lang='lat' dir='ltr'><strong>si</strong></span> <span class='ocrx_word' id='word_1_489' title='bbox 739 5123 820 5178; x_wconf 90' lang='lat' dir='ltr'><strong>eis</strong></span> <span class='ocrx_word' id='word_1_490' title='bbox 866 5137 1003 5193; x_wconf 90' lang='lat' dir='ltr'><strong>quos</strong></span> <span class='ocrx_word' id='word_1_491' title='bbox 1047 5128 1302 5192; x_wconf 89' lang='lat' dir='ltr'><strong>parentes</strong></span> <span class='ocrx_word' id='word_1_492' title='bbox 1331 5116 1653 5189; x_wconf 27' lang='lat' dir='ltr'><strong>bdeliciosius</strong></span> <span class='ocrx_word' id='word_1_493' title='bbox 1693 5113 1841 5169; x_wconf 87' lang='lat' dir='ltr'><strong>alue-</strong></span> 
     </span>
    </p>
   </div>
   <div class='ocr_carea' id='block_1_70' title="bbox 252 5209 1840 5283">
    <p class='ocr_par' dir='ltr' id='par_1_70' title="bbox 252 5209 1840 5283">
     <span class='ocr_line' id='line_1_70' title="bbox 252 5209 1840 5283; baseline -0.007 -13"><span class='ocrx_word' id='word_1_494' title='bbox 252 5225 400 5281; x_wconf 90' lang='lat' dir='ltr'><strong>runt,</strong></span> <span class='ocrx_word' id='word_1_495' title='bbox 428 5216 606 5271; x_wconf 92' lang='lat' dir='ltr'><strong>victus</strong></span> <span class='ocrx_word' id='word_1_496' title='bbox 629 5224 722 5270; x_wconf 87' lang='lat' dir='ltr'><strong>aut</strong></span> <span class='ocrx_word' id='word_1_497' title='bbox 757 5215 1082 5270; x_wconf 89' lang='lat' dir='ltr'><strong>vestimenta</strong></span> <span class='ocrx_word' id='word_1_498' title='bbox 1121 5211 1325 5283; x_wconf 88' lang='lat' dir='ltr'><strong>largius</strong></span> <span class='ocrx_word' id='word_1_499' title='bbox 1365 5209 1700 5273; x_wconf 88' lang='lat' dir='ltr'><strong>tribuuntur,</strong></span> <span class='ocrx_word' id='word_1_500' title='bbox 1731 5221 1840 5260; x_wconf 91' lang='lat' dir='ltr'><strong>non</strong></span> 
     </span>
    </p>
   </div>
   <div class='ocr_carea' id='block_1_71' title="bbox 251 5297 1840 5369">
    <p class='ocr_par' dir='ltr' id='par_1_71' title="bbox 251 5297 1840 5369">
     <span class='ocr_line' id='line_1_71' title="bbox 251 5297 1840 5369; baseline -0.006 -7"><span class='ocrx_word' id='word_1_501' title='bbox 251 5307 322 5362; x_wconf 90' lang='lat' dir='ltr'><strong>ob</strong></span> <span class='ocrx_word' id='word_1_502' title='bbox 357 5307 461 5364; x_wconf 91' lang='lat' dir='ltr'><strong>hoc</strong></span> <span class='ocrx_word' id='word_1_503' title='bbox 493 5306 654 5362; x_wconf 90' lang='lat' dir='ltr'><strong>debet</strong></span> <span class='ocrx_word' id='word_1_504' title='bbox 683 5305 1010 5361; x_wconf 88' lang='lat' dir='ltr'><strong>commoveri</strong></span> <span class='ocrx_word' id='word_1_505' title='bbox 1047 5301 1383 5366; x_wconf 87' lang='lat' dir='ltr'><strong>fraternitas,</strong></span> <span class='ocrx_word' id='word_1_506' title='bbox 1417 5299 1563 5369; x_wconf 91' lang='lat' dir='ltr'><strong>quod</strong></span> <span class='ocrx_word' id='word_1_507' title='bbox 1601 5297 1840 5352; x_wconf 87' lang='lat' dir='ltr'><strong>fortiori-</strong></span> 
     </span>
    </p>
   </div>
   <div class='ocr_carea' id='block_1_72' title="bbox 251 5390 1837 5469">
    <p class='ocr_par' dir='ltr' id='par_1_72' title="bbox 251 5390 1837 5469">
     <span class='ocr_line' id='line_1_72' title="bbox 251 5390 1837 5469; baseline -0.007 -16"><span class='ocrx_word' id='word_1_508' title='bbox 251 5399 354 5454; x_wconf 91' lang='lat' dir='ltr'><strong>bus</strong></span> <span class='ocrx_word' id='word_1_509' title='bbox 405 5413 636 5469; x_wconf 87' lang='lat' dir='ltr'><strong>corpore</strong></span> <span class='ocrx_word' id='word_1_510' title='bbox 677 5412 777 5468; x_wconf 92' lang='lat' dir='ltr'><strong>pro</strong></span> <span class='ocrx_word' id='word_1_511' title='bbox 822 5396 1208 5452; x_wconf 87' lang='lat' dir='ltr'><strong>constitutione</strong></span> <span class='ocrx_word' id='word_1_512' title='bbox 1263 5390 1458 5463; x_wconf 77' lang='lat' dir='ltr'><strong>regulae</strong></span> <span class='ocrx_word' id='word_1_513' title='bbox 1516 5391 1837 5460; x_wconf 87' lang='lat' dir='ltr'><strong>denegatur,</strong></span> 
     </span>
    </p>
   </div>
   <div class='ocr_carea' id='block_1_73' title="bbox 251 5483 1613 5562">
    <p class='ocr_par' dir='ltr' id='par_1_73' title="bbox 251 5483 1613 5562">
     <span class='ocr_line' id='line_1_73' title="bbox 251 5483 1613 5562; baseline -0.007 -18"><span class='ocrx_word' id='word_1_514' title='bbox 251 5489 396 5562; x_wconf 89' lang='lat' dir='ltr'><strong>quod</strong></span> <span class='ocrx_word' id='word_1_515' title='bbox 427 5490 532 5545; x_wconf 89' lang='lat' dir='ltr'><strong>illis</strong></span> <span class='ocrx_word' id='word_1_516' title='bbox 557 5489 842 5544; x_wconf 88' lang='lat' dir='ltr'><strong>charitatis</strong></span> <span class='ocrx_word' id='word_1_517' title='bbox 875 5486 1310 5543; x_wconf 86' lang='lat' dir='ltr'><strong>consideratione</strong></span> <span class='ocrx_word' id='word_1_518' title='bbox 1340 5483 1613 5538; x_wconf 90' lang='lat' dir='ltr'><strong>tribuitur.</strong></span> 
     </span>
    </p>
   </div>
   <div class='ocr_carea' id='block_1_74' title="bbox 325 5573 1838 5645">
    <p class='ocr_par' dir='ltr' id='par_1_74' title="bbox 325 5573 1838 5645">
     <span class='ocr_line' id='line_1_74' title="bbox 325 5573 1838 5645; baseline -0.005 -11"><span class='ocrx_word' id='word_1_519' title='bbox 325 5581 460 5637; x_wconf 82' lang='lat' dir='ltr'><strong>Ante</strong></span> <span class='ocrx_word' id='word_1_520' title='bbox 502 5581 679 5636; x_wconf 87' lang='lat' dir='ltr'><strong>omnia</strong></span> <span class='ocrx_word' id='word_1_521' title='bbox 730 5597 794 5634; x_wconf 93' lang='lat' dir='ltr'><strong>ne</strong></span> <span class='ocrx_word' id='word_1_522' title='bbox 845 5577 1278 5634; x_wconf 88' lang='lat' dir='ltr'><strong>murmurationis</strong></span> <span class='ocrx_word' id='word_1_523' title='bbox 1326 5573 1526 5629; x_wconf 88' lang='lat' dir='ltr'><strong>malum</strong></span> <span class='ocrx_word' id='word_1_524' title='bbox 1570 5589 1667 5645; x_wconf 90' lang='lat' dir='ltr'><strong>pro</strong></span> <span class='ocrx_word' id='word_1_525' title='bbox 1711 5589 1838 5644; x_wconf 88' lang='lat' dir='ltr'><strong>qua-</strong></span> 
     </span>
    </p>
   </div>
   <div class='ocr_carea' id='block_1_75' title="bbox 256 5665 1838 5747">
    <p class='ocr_par' dir='ltr' id='par_1_75' title="bbox 256 5665 1838 5747">
     <span class='ocr_line' id='line_1_75' title="bbox 256 5665 1838 5747; baseline -0.006 -18"><span class='ocrx_word' id='word_1_526' title='bbox 256 5675 499 5747; x_wconf 86' lang='lat' dir='ltr'><strong>licunque</strong></span> <span class='ocrx_word' id='word_1_527' title='bbox 563 5691 725 5730; x_wconf 86' lang='lat' dir='ltr'><strong>causa</strong></span> <span class='ocrx_word' id='word_1_528' title='bbox 781 5675 838 5729; x_wconf 91' lang='lat' dir='ltr'><strong>in</strong></span> <span class='ocrx_word' id='word_1_529' title='bbox 897 5672 1074 5744; x_wconf 90' lang='lat' dir='ltr'><strong>aliquo</strong></span> <span class='ocrx_word' id='word_1_530' title='bbox 1138 5669 1488 5742; x_wconf 86' lang='lat' dir='ltr'><strong>qualicunque</strong></span> <span class='ocrx_word' id='word_1_531' title='bbox 1548 5667 1698 5722; x_wconf 83' lang='lat' dir='ltr'><strong>verbo</strong></span> <span class='ocrx_word' id='word_1_532' title='bbox 1762 5665 1838 5720; x_wconf 80' lang='lat' dir='ltr'><strong>vel</strong></span> 
     </span>
    </p>
   </div>
   <div class='ocr_carea' id='block_1_76' title="bbox 259 5763 1842 5844">
    <p class='ocr_par' dir='ltr' id='par_1_76' title="bbox 259 5763 1842 5844">
     <span class='ocr_line' id='line_1_76' title="bbox 259 5763 1842 5844; baseline -0.008 -16"><span class='ocrx_word' id='word_1_533' title='bbox 259 5772 639 5844; x_wconf 86' lang='lat' dir='ltr'><strong>signiﬁcatione</strong></span> <span class='ocrx_word' id='word_1_534' title='bbox 684 5778 955 5843; x_wconf 86' lang='lat' dir='ltr'><strong>appareat.</strong></span> <span class='ocrx_word' id='word_1_535' title='bbox 995 5768 1148 5835; x_wconf 85' lang='lat' dir='ltr'><strong>Quod</strong></span> <span class='ocrx_word' id='word_1_536' title='bbox 1197 5769 1243 5822; x_wconf 89' lang='lat' dir='ltr'><strong>si</strong></span> <span class='ocrx_word' id='word_1_537' title='bbox 1289 5765 1639 5837; x_wconf 83' lang='lat' dir='ltr'><strong>deprehensus</strong></span> <span class='ocrx_word' id='word_1_538' title='bbox 1682 5763 1842 5834; x_wconf 75' lang='lat' dir='ltr'><strong>fuerit</strong></span> 
     </span>
    </p>
   </div>
   <div class='ocr_carea' id='block_1_77' title="bbox 258 5857 1844 5938">
    <p class='ocr_par' dir='ltr' id='par_1_77' title="bbox 258 5857 1844 5938">
     <span class='ocr_line' id='line_1_77' title="bbox 258 5857 1844 5938; baseline -0.003 -18"><span class='ocrx_word' id='word_1_539' title='bbox 258 5865 377 5938; x_wconf 85' lang='lat' dir='ltr'><strong>quis</strong></span> <span class='ocrx_word' id='word_1_540' title='bbox 407 5905 421 5933; x_wconf 93' lang='lat'><strong>,</strong></span> <span class='ocrx_word' id='word_1_541' title='bbox 478 5865 783 5921; x_wconf 87' lang='lat' dir='ltr'><strong>districtiori</strong></span> <span class='ocrx_word' id='word_1_542' title='bbox 834 5861 1126 5933; x_wconf 69' lang='lat' dir='ltr'><strong>disciplinae</strong></span> <span class='ocrx_word' id='word_1_543' title='bbox 1185 5861 1461 5917; x_wconf 87' lang='lat' dir='ltr'><strong>subdatur.</strong></span> <span class='ocrx_word' id='word_1_544' title='bbox 1532 5859 1670 5916; x_wconf 89' lang='lat' dir='ltr'><strong>Hinc</strong></span> <span class='ocrx_word' id='word_1_545' title='bbox 1713 5857 1844 5916; x_wconf 85' lang='lat' dir='ltr'><strong>Fer-</strong></span> 
     </span>
    </p>
   </div>
   <div class='ocr_carea' id='block_1_78' title="bbox 2477 2003 2970 2062">
    <p class='ocr_par' dir='ltr' id='par_1_78' title="bbox 2477 2003 2970 2062">
     <span class='ocr_line' id='line_1_78' title="bbox 2477 2003 2970 2062; baseline -0.004 -2"><span class='ocrx_word' id='word_1_546' title='bbox 2477 2004 2709 2062; x_wconf 84' lang='lat' dir='ltr'><strong>CAPUT</strong></span> <span class='ocrx_word' id='word_1_547' title='bbox 2747 2003 2970 2061; x_wconf 82' lang='lat' dir='ltr'><strong>XXXV.</strong></span> 
     </span>
    </p>
   </div>
   <div class='ocr_carea' id='block_1_79' title="bbox 2327 2095 3132 2168">
    <p class='ocr_par' dir='ltr' id='par_1_79' title="bbox 2327 2095 3132 2168">
     <span class='ocr_line' id='line_1_79' title="bbox 2327 2095 3132 2168; baseline 0 -18"><span class='ocrx_word' id='word_1_548' title='bbox 2327 2096 2407 2150; x_wconf 87' lang='lat' dir='ltr'><strong>De</strong></span> <span class='ocrx_word' id='word_1_549' title='bbox 2445 2096 2836 2167; x_wconf 88' lang='lat' dir='ltr'><strong>septimanariis</strong></span> <span class='ocrx_word' id='word_1_550' title='bbox 2876 2095 3132 2168; x_wconf 72' lang='lat' dir='ltr'><strong>coquinw.</strong></span> 
     </span>
    </p>
   </div>
   <div class='ocr_carea' id='block_1_80' title="bbox 2008 2181 3534 2243">
    <p class='ocr_par' dir='ltr' id='par_1_80' title="bbox 2008 2181 3534 2243">
     <span class='ocr_line' id='line_1_80' title="bbox 2008 2181 3534 2243; baseline 0.004 -6"><span class='ocrx_word' id='word_1_551' title='bbox 2008 2181 2229 2239; x_wconf 83' lang='lat' dir='ltr'><strong>Fratres</strong></span> <span class='ocrx_word' id='word_1_552' title='bbox 2251 2186 2326 2240; x_wconf 91' lang='lat' dir='ltr'><strong>sic</strong></span> <span class='ocrx_word' id='word_1_553' title='bbox 2345 2186 2445 2240; x_wconf 89' lang='lat' dir='ltr'><strong>sibi</strong></span> <span class='ocrx_word' id='word_1_554' title='bbox 2467 2186 2684 2241; x_wconf 85' lang='lat' dir='ltr'><strong>invicem</strong></span> <span class='ocrx_word' id='word_1_555' title='bbox 2713 2186 2944 2240; x_wconf 84' lang='lat' dir='ltr'><strong>serviant</strong></span> <span class='ocrx_word' id='word_1_556' title='bbox 2973 2195 3029 2240; x_wconf 90' lang='lat' dir='ltr'><strong>ut</strong></span> <span class='ocrx_word' id='word_1_557' title='bbox 3052 2184 3230 2240; x_wconf 90' lang='lat' dir='ltr'><strong>nullus</strong></span> <span class='ocrx_word' id='word_1_558' title='bbox 3251 2195 3534 2243; x_wconf 74' lang='lat' dir='ltr'><strong>excusetur</strong></span> 
     </span>
    </p>
   </div>
   <div class='ocr_carea' id='block_1_81' title="bbox 1938 2276 3527 2347">
    <p class='ocr_par' dir='ltr' id='par_1_81' title="bbox 1938 2276 3527 2347">
     <span class='ocr_line' id='line_1_81' title="bbox 1938 2276 3527 2347; baseline 0.003 -17"><span class='ocrx_word' id='word_1_559' title='bbox 1938 2292 1972 2330; x_wconf 92' lang='lat' dir='ltr'><strong>a</strong></span> <span class='ocrx_word' id='word_1_560' title='bbox 2000 2276 2238 2347; x_wconf 74' lang='lat' dir='ltr'><strong>coquina:</strong></span> <span class='ocrx_word' id='word_1_561' title='bbox 2267 2277 2452 2347; x_wconf 76' lang='lat' dir='ltr'><strong>ofﬁcio,</strong></span> <span class='ocrx_word' id='word_1_562' title='bbox 2487 2277 2592 2331; x_wconf 84' lang='lat' dir='ltr'><strong>nisi</strong></span> <span class='ocrx_word' id='word_1_563' title='bbox 2621 2285 2714 2330; x_wconf 90' lang='lat' dir='ltr'><strong>aut</strong></span> <span class='ocrx_word' id='word_1_564' title='bbox 2754 2277 3088 2346; x_wconf 68' lang='lat' dir='ltr'><strong>(egritudine,</strong></span> <span class='ocrx_word' id='word_1_565' title='bbox 3132 2287 3225 2332; x_wconf 91' lang='lat' dir='ltr'><strong>aut</strong></span> <span class='ocrx_word' id='word_1_566' title='bbox 3268 2278 3325 2333; x_wconf 90' lang='lat' dir='ltr'><strong>in</strong></span> <span class='ocrx_word' id='word_1_567' title='bbox 3361 2296 3527 2334; x_wconf 87' lang='lat' dir='ltr'><strong>causa</strong></span> 
     </span>
    </p>
   </div>
   <div class='ocr_carea' id='block_1_82' title="bbox 1935 2368 3529 2442">
    <p class='ocr_par' dir='ltr' id='par_1_82' title="bbox 1935 2368 3529 2442">
     <span class='ocr_line' id='line_1_82' title="bbox 1935 2368 3529 2442; baseline 0.004 -22"><span class='ocrx_word' id='word_1_568' title='bbox 1935 2368 2110 2438; x_wconf 86' lang='lat' dir='ltr'><strong>gravis</strong></span> <span class='ocrx_word' id='word_1_569' title='bbox 2163 2369 2406 2423; x_wconf 84' lang='lat' dir='ltr'><strong>utilitatis</strong></span> <span class='ocrx_word' id='word_1_570' title='bbox 2455 2370 2572 2441; x_wconf 86' lang='lat' dir='ltr'><strong>quis</strong></span> <span class='ocrx_word' id='word_1_571' title='bbox 2614 2379 2899 2440; x_wconf 86' lang='lat' dir='ltr'><strong>occupatus</strong></span> <span class='ocrx_word' id='word_1_572' title='bbox 2937 2370 3129 2440; x_wconf 78' lang='lat' dir='ltr'><strong>fuerit;</strong></span> <span class='ocrx_word' id='word_1_573' title='bbox 3170 2372 3296 2442; x_wconf 87' lang='lat' dir='ltr'><strong>quia</strong></span> <span class='ocrx_word' id='word_1_574' title='bbox 3340 2373 3529 2428; x_wconf 76' lang='lat' dir='ltr'><strong>exinde</strong></span> 
     </span>
    </p>
   </div>
   <div class='ocr_carea' id='block_1_83' title="bbox 1937 2459 3530 2535">
    <p class='ocr_par' dir='ltr' id='par_1_83' title="bbox 1937 2459 3530 2535">
     <span class='ocr_line' id='line_1_83' title="bbox 1937 2459 3530 2535; baseline 0.006 -24"><span class='ocrx_word' id='word_1_575' title='bbox 1937 2459 2112 2529; x_wconf 90' lang='lat' dir='ltr'><strong>major</strong></span> <span class='ocrx_word' id='word_1_576' title='bbox 2138 2477 2333 2515; x_wconf 88' lang='lat' dir='ltr'><strong>merces</strong></span> <span class='ocrx_word' id='word_1_577' title='bbox 2371 2471 2421 2515; x_wconf 89' lang='lat' dir='ltr'><strong>et</strong></span> <span class='ocrx_word' id='word_1_578' title='bbox 2461 2461 2695 2515; x_wconf 77' lang='lat' dir='ltr'><strong>cltaritas</strong></span> <span class='ocrx_word' id='word_1_579' title='bbox 2743 2463 3059 2533; x_wconf 90' lang='lat' dir='ltr'><strong>acquiritur.</strong></span> <span class='ocrx_word' id='word_1_580' title='bbox 3089 2462 3349 2535; x_wconf 64' lang='lat' dir='ltr'><strong>ngrotos</strong></span> <span class='ocrx_word' id='word_1_581' title='bbox 3374 2479 3405 2518; x_wconf 92' lang='lat' dir='ltr'><strong>a</strong></span> <span class='ocrx_word' id='word_1_582' title='bbox 3435 2481 3530 2520; x_wconf 89' lang='lat' dir='ltr'><strong>co-</strong></span> 
     </span>
    </p>
   </div>
   <div class='ocr_carea' id='block_1_84' title="bbox 1936 2549 3527 2627">
    <p class='ocr_par' dir='ltr' id='par_1_84' title="bbox 1936 2549 3527 2627">
     <span class='ocr_line' id='line_1_84' title="bbox 1936 2549 3527 2627; baseline 0.008 -25"><span class='ocrx_word' id='word_1_583' title='bbox 1936 2549 2117 2621; x_wconf 71' lang='lat' dir='ltr'><strong>quina:</strong></span> <span class='ocrx_word' id='word_1_584' title='bbox 2142 2551 2318 2607; x_wconf 84' lang='lat' dir='ltr'><strong>ollicio</strong></span> <span class='ocrx_word' id='word_1_585' title='bbox 2360 2553 2474 2622; x_wconf 90' lang='lat' dir='ltr'><strong>ipsa</strong></span> <span class='ocrx_word' id='word_1_586' title='bbox 2497 2563 2723 2609; x_wconf 83' lang='lat' dir='ltr'><strong>excusat</strong></span> <span class='ocrx_word' id='word_1_587' title='bbox 2749 2555 2993 2624; x_wconf 88' lang='lat' dir='ltr'><strong>corporis</strong></span> <span class='ocrx_word' id='word_1_588' title='bbox 3018 2557 3306 2627; x_wconf 67' lang='lat' dir='ltr'><strong>aegritudo.</strong></span> <span class='ocrx_word' id='word_1_589' title='bbox 3334 2557 3527 2614; x_wconf 90' lang='lat' dir='ltr'><strong>Chari-</strong></span> 
     </span>
    </p>
   </div>
   <div class='ocr_carea' id='block_1_85' title="bbox 1936 2640 3526 2716">
    <p class='ocr_par' dir='ltr' id='par_1_85' title="bbox 1936 2640 3526 2716">
     <span class='ocr_line' id='line_1_85' title="bbox 1936 2640 3526 2716; baseline 0.005 -22"><span class='ocrx_word' id='word_1_590' title='bbox 1936 2640 2067 2696; x_wconf 88' lang='lat' dir='ltr'><strong>tatis</strong></span> <span class='ocrx_word' id='word_1_591' title='bbox 2087 2641 2232 2696; x_wconf 92' lang='lat' dir='ltr'><strong>enim</strong></span> <span class='ocrx_word' id='word_1_592' title='bbox 2257 2651 2313 2696; x_wconf 91' lang='lat' dir='ltr'><strong>et</strong></span> <span class='ocrx_word' id='word_1_593' title='bbox 2340 2641 2700 2699; x_wconf 88' lang='lat' dir='ltr'><strong>fraternitatis</strong></span> <span class='ocrx_word' id='word_1_594' title='bbox 2744 2645 3036 2700; x_wconf 90' lang='lat' dir='ltr'><strong>dilectione</strong></span> <span class='ocrx_word' id='word_1_595' title='bbox 3087 2645 3352 2702; x_wconf 90' lang='lat' dir='ltr'><strong>tolerandi</strong></span> <span class='ocrx_word' id='word_1_596' title='bbox 3378 2656 3526 2716; x_wconf 91' lang='lat' dir='ltr'><strong>sunt,</strong></span> 
     </span>
    </p>
   </div>
   <div class='ocr_carea' id='block_1_86' title="bbox 1936 2732 3527 2807">
    <p class='ocr_par' dir='ltr' id='par_1_86' title="bbox 1936 2732 3527 2807">
     <span class='ocr_line' id='line_1_86' title="bbox 1936 2732 3527 2807; baseline 0.004 -21"><span class='ocrx_word' id='word_1_597' title='bbox 1936 2746 2043 2786; x_wconf 89' lang='lat' dir='ltr'><strong>non</strong></span> <span class='ocrx_word' id='word_1_598' title='bbox 2066 2732 2134 2787; x_wconf 86' lang='lat' dir='ltr'><strong>ad</strong></span> <span class='ocrx_word' id='word_1_599' title='bbox 2162 2747 2328 2804; x_wconf 90' lang='lat' dir='ltr'><strong>opera</strong></span> <span class='ocrx_word' id='word_1_600' title='bbox 2350 2735 2710 2804; x_wconf 90' lang='lat' dir='ltr'><strong>compellendi</strong></span> <span class='ocrx_word' id='word_1_601' title='bbox 2739 2736 2953 2807; x_wconf 65' lang='lat' dir='ltr'><strong>aegroti.</strong></span> <span class='ocrx_word' id='word_1_602' title='bbox 2979 2737 3134 2803; x_wconf 88' lang='lat' dir='ltr'><strong>Quod</strong></span> <span class='ocrx_word' id='word_1_603' title='bbox 3163 2747 3346 2793; x_wconf 91' lang='lat' dir='ltr'><strong>autem</strong></span> <span class='ocrx_word' id='word_1_604' title='bbox 3375 2739 3527 2804; x_wconf 88' lang='lat' dir='ltr'><strong>dicit,</strong></span> 
     </span>
    </p>
   </div>
   <div class='ocr_carea' id='block_1_87' title="bbox 1935 2823 3528 2899">
    <p class='ocr_par' dir='ltr' id='par_1_87' title="bbox 1935 2823 3528 2899">
     <span class='ocr_line' id='line_1_87' title="bbox 1935 2823 3528 2899; baseline 0.005 -24"><span class='ocrx_word' id='word_1_605' title='bbox 1935 2823 2109 2892; x_wconf 85' lang='lat' dir='ltr'><strong>gravis</strong></span> <span class='ocrx_word' id='word_1_606' title='bbox 2140 2823 2408 2891; x_wconf 88' lang='lat' dir='ltr'><strong>utilitatis,</strong></span> <span class='ocrx_word' id='word_1_607' title='bbox 2441 2842 2652 2896; x_wconf 67' lang='lat' dir='ltr'><strong>magnae</strong></span> <span class='ocrx_word' id='word_1_608' title='bbox 2677 2827 2762 2882; x_wconf 90' lang='lat' dir='ltr'><strong>vel</strong></span> <span class='ocrx_word' id='word_1_609' title='bbox 2793 2827 3015 2897; x_wconf 88' lang='lat' dir='ltr'><strong>grandis</strong></span> <span class='ocrx_word' id='word_1_610' title='bbox 3036 2827 3356 2899; x_wconf 87' lang='lat' dir='ltr'><strong>intelligitur</strong></span> <span class='ocrx_word' id='word_1_611' title='bbox 3380 2830 3528 2883; x_wconf 84' lang='lat' dir='ltr'><strong>utili-</strong></span> 
     </span>
    </p>
   </div>
   <div class='ocr_carea' id='block_1_88' title="bbox 1935 2913 3530 2990">
    <p class='ocr_par' dir='ltr' id='par_1_88' title="bbox 1935 2913 3530 2990">
     <span class='ocr_line' id='line_1_88' title="bbox 1935 2913 3530 2990; baseline 0.004 -22"><span class='ocrx_word' id='word_1_612' title='bbox 1935 2914 2085 2970; x_wconf 88' lang='lat' dir='ltr'><strong>tatis.</strong></span> <span class='ocrx_word' id='word_1_613' title='bbox 2115 2913 2292 2971; x_wconf 88' lang='lat' dir='ltr'><strong>Grave</strong></span> <span class='ocrx_word' id='word_1_614' title='bbox 2321 2916 2468 2972; x_wconf 91' lang='lat' dir='ltr'><strong>enim</strong></span> <span class='ocrx_word' id='word_1_615' title='bbox 2511 2932 2655 2987; x_wconf 67' lang='lat' dir='ltr'><strong>saape</strong></span> <span class='ocrx_word' id='word_1_616' title='bbox 2685 2933 2786 2988; x_wconf 90' lang='lat' dir='ltr'><strong>pro</strong></span> <span class='ocrx_word' id='word_1_617' title='bbox 2815 2918 3027 2988; x_wconf 90' lang='lat' dir='ltr'><strong>grandi,</strong></span> <span class='ocrx_word' id='word_1_618' title='bbox 3050 2934 3248 2990; x_wconf 92' lang='lat' dir='ltr'><strong>magno</strong></span> <span class='ocrx_word' id='word_1_619' title='bbox 3291 2919 3377 2976; x_wconf 91' lang='lat' dir='ltr'><strong>vel</strong></span> <span class='ocrx_word' id='word_1_620' title='bbox 3405 2935 3530 2990; x_wconf 89' lang='lat' dir='ltr'><strong>per-</strong></span> 
     </span>
    </p>
   </div>
   <div class='ocr_carea' id='block_1_89' title="bbox 1933 3001 3522 3077">
    <p class='ocr_par' dir='ltr' id='par_1_89' title="bbox 1933 3001 3522 3077">
     <span class='ocr_line' id='line_1_89' title="bbox 1933 3001 3522 3077; baseline 0.004 -21"><span class='ocrx_word' id='word_1_621' title='bbox 1933 3001 2080 3060; x_wconf 90' lang='lat' dir='ltr'><strong>fecto</strong></span> <span class='ocrx_word' id='word_1_622' title='bbox 2099 3004 2419 3077; x_wconf 90' lang='lat' dir='ltr'><strong>intelligitur</strong></span> <span class='ocrx_word' id='word_1_623' title='bbox 2443 3006 2702 3074; x_wconf 90' lang='lat' dir='ltr'><strong>positum,</strong></span> <span class='ocrx_word' id='word_1_624' title='bbox 2737 3005 3189 3063; x_wconf 90' lang='lat' dir='ltr'><strong>sicutPsalmista</strong></span> <span class='ocrx_word' id='word_1_625' title='bbox 3222 3009 3296 3063; x_wconf 92' lang='lat' dir='ltr'><strong>ait</strong></span> <span class='ocrx_word' id='word_1_626' title='bbox 3331 3029 3343 3061; x_wconf 84' lang='lat'><strong><em>:</em></strong></span> <span class='ocrx_word' id='word_1_627' title='bbox 3379 3008 3522 3063; x_wconf 82' lang='lat' dir='ltr'><strong>Con-</strong></span> 
     </span>
    </p>
   </div>
   <div class='ocr_carea' id='block_1_90' title="bbox 1935 3095 3526 3171">
    <p class='ocr_par' dir='ltr' id='par_1_90' title="bbox 1935 3095 3526 3171">
     <span class='ocr_line' id='line_1_90' title="bbox 1935 3095 3526 3171; baseline 0.003 -22"><span class='ocrx_word' id='word_1_628' title='bbox 1935 3095 2124 3164; x_wconf 83' lang='lat' dir='ltr'><strong>ﬁtebor</strong></span> <span class='ocrx_word' id='word_1_629' title='bbox 2159 3098 2252 3152; x_wconf 89' lang='lat' dir='ltr'><strong>tibi</strong></span> <span class='ocrx_word' id='word_1_630' title='bbox 2281 3098 2336 3152; x_wconf 91' lang='lat' dir='ltr'><strong>in</strong></span> <span class='ocrx_word' id='word_1_631' title='bbox 2376 3097 2608 3157; x_wconf 81' lang='lat' dir='ltr'><strong>Ecclesia</strong></span> <span class='ocrx_word' id='word_1_632' title='bbox 2632 3116 2846 3170; x_wconf 88' lang='lat' dir='ltr'><strong>magna,</strong></span> <span class='ocrx_word' id='word_1_633' title='bbox 2878 3098 2934 3153; x_wconf 88' lang='lat' dir='ltr'><strong>in</strong></span> <span class='ocrx_word' id='word_1_634' title='bbox 2980 3099 3176 3171; x_wconf 88' lang='lat' dir='ltr'><strong>populo</strong></span> <span class='ocrx_word' id='word_1_635' title='bbox 3223 3100 3370 3171; x_wconf 81' lang='lat' dir='ltr'><strong>gravi</strong></span> <span class='ocrx_word' id='word_1_636' title='bbox 3405 3099 3526 3154; x_wconf 90' lang='lat' dir='ltr'><strong>lau-</strong></span> 
     </span>
    </p>
   </div>
   <div class='ocr_carea' id='block_1_91' title="bbox 1937 3186 3528 3261">
    <p class='ocr_par' dir='ltr' id='par_1_91' title="bbox 1937 3186 3528 3261">
     <span class='ocr_line' id='line_1_91' title="bbox 1937 3186 3528 3261; baseline 0.003 -21"><span class='ocrx_word' id='word_1_637' title='bbox 1937 3186 2074 3241; x_wconf 90' lang='lat' dir='ltr'><strong>dabo</strong></span> <span class='ocrx_word' id='word_1_638' title='bbox 2114 3197 2162 3241; x_wconf 91' lang='lat' dir='ltr'><strong>te</strong></span> <span class='ocrx_word' id='word_1_639' title='bbox 2192 3188 2364 3260; x_wconf 89' lang='lat' dir='ltr'><strong>(Psal.</strong></span> <span class='ocrx_word' id='word_1_640' title='bbox 2394 3189 2608 3261; x_wconf 80' lang='lat' dir='ltr'><strong>xxxrv).</strong></span> <span class='ocrx_word' id='word_1_641' title='bbox 2638 3189 2794 3256; x_wconf 86' lang='lat' dir='ltr'><strong>Quod</strong></span> <span class='ocrx_word' id='word_1_642' title='bbox 2825 3197 3006 3245; x_wconf 90' lang='lat' dir='ltr'><strong>autem</strong></span> <span class='ocrx_word' id='word_1_643' title='bbox 3053 3190 3222 3246; x_wconf 90' lang='lat' dir='ltr'><strong>dicit:</strong></span> <span class='ocrx_word' id='word_1_644' title='bbox 3260 3189 3400 3255; x_wconf 84' lang='lat' dir='ltr'><strong>Quia</strong></span> <span class='ocrx_word' id='word_1_645' title='bbox 3439 3207 3528 3244; x_wconf 77' lang='lat' dir='ltr'><strong>ex-</strong></span> 
     </span>
    </p>
   </div>
   <div class='ocr_carea' id='block_1_92' title="bbox 1937 3277 3530 3350">
    <p class='ocr_par' dir='ltr' id='par_1_92' title="bbox 1937 3277 3530 3350">
     <span class='ocr_line' id='line_1_92' title="bbox 1937 3277 3530 3350; baseline 0.004 -20"><span class='ocrx_word' id='word_1_646' title='bbox 1937 3277 2061 3332; x_wconf 88' lang='lat' dir='ltr'><strong>inde</strong></span> <span class='ocrx_word' id='word_1_647' title='bbox 2089 3278 2267 3348; x_wconf 86' lang='lat' dir='ltr'><strong>major</strong></span> <span class='ocrx_word' id='word_1_648' title='bbox 2307 3295 2502 3333; x_wconf 88' lang='lat' dir='ltr'><strong>merces</strong></span> <span class='ocrx_word' id='word_1_649' title='bbox 2524 3288 2572 3332; x_wconf 89' lang='lat' dir='ltr'><strong>et</strong></span> <span class='ocrx_word' id='word_1_650' title='bbox 2601 3279 2836 3333; x_wconf 86' lang='lat' dir='ltr'><strong>charitas</strong></span> <span class='ocrx_word' id='word_1_651' title='bbox 2859 3279 3172 3350; x_wconf 88' lang='lat' dir='ltr'><strong>acquiritur,</strong></span> <span class='ocrx_word' id='word_1_652' title='bbox 3212 3279 3530 3350; x_wconf 82' lang='lat' dir='ltr'><strong>intelligitur</strong></span> 
     </span>
    </p>
   </div>
   <div class='ocr_carea' id='block_1_93' title="bbox 1939 3368 3530 3441">
    <p class='ocr_par' dir='ltr' id='par_1_93' title="bbox 1939 3368 3530 3441">
     <span class='ocr_line' id='line_1_93' title="bbox 1939 3368 3530 3441; baseline 0.004 -20"><span class='ocrx_word' id='word_1_653' title='bbox 1939 3369 2084 3439; x_wconf 76' lang='lat' dir='ltr'><strong>quod</strong></span> <span class='ocrx_word' id='word_1_654' title='bbox 2125 3369 2264 3439; x_wconf 92' lang='lat' dir='ltr'><strong>apud</strong></span> <span class='ocrx_word' id='word_1_655' title='bbox 2294 3369 2466 3424; x_wconf 91' lang='lat' dir='ltr'><strong>Deum</strong></span> <span class='ocrx_word' id='word_1_656' title='bbox 2507 3368 2684 3440; x_wconf 85' lang='lat' dir='ltr'><strong>major</strong></span> <span class='ocrx_word' id='word_1_657' title='bbox 2708 3385 2919 3426; x_wconf 89' lang='lat' dir='ltr'><strong>merces</strong></span> <span class='ocrx_word' id='word_1_658' title='bbox 2955 3371 3278 3441; x_wconf 90' lang='lat' dir='ltr'><strong>acquiritur,</strong></span> <span class='ocrx_word' id='word_1_659' title='bbox 3309 3380 3365 3427; x_wconf 91' lang='lat' dir='ltr'><strong>et</strong></span> <span class='ocrx_word' id='word_1_660' title='bbox 3397 3373 3530 3429; x_wconf 91' lang='lat' dir='ltr'><strong>cha-</strong></span> 
     </span>
    </p>
   </div>
   <div class='ocr_carea' id='block_1_94' title="bbox 1935 3459 3524 3534">
    <p class='ocr_par' dir='ltr' id='par_1_94' title="bbox 1935 3459 3524 3534">
     <span class='ocr_line' id='line_1_94' title="bbox 1935 3459 3524 3534; baseline 0.003 -20"><span class='ocrx_word' id='word_1_661' title='bbox 1935 3459 2072 3514; x_wconf 89' lang='lat' dir='ltr'><strong>ritas</strong></span> <span class='ocrx_word' id='word_1_662' title='bbox 2105 3459 2247 3530; x_wconf 91' lang='lat' dir='ltr'><strong>apud</strong></span> <span class='ocrx_word' id='word_1_663' title='bbox 2279 3459 2449 3515; x_wconf 92' lang='lat' dir='ltr'><strong>Deum</strong></span> <span class='ocrx_word' id='word_1_664' title='bbox 2497 3469 2554 3515; x_wconf 87' lang='lat' dir='ltr'><strong>et</strong></span> <span class='ocrx_word' id='word_1_665' title='bbox 2580 3461 2830 3518; x_wconf 90' lang='lat' dir='ltr'><strong>homines</strong></span> <span class='ocrx_word' id='word_1_666' title='bbox 2875 3470 3123 3534; x_wconf 89' lang='lat' dir='ltr'><strong>augetur.</strong></span> <span class='ocrx_word' id='word_1_667' title='bbox 3157 3461 3261 3529; x_wconf 85' lang='lat' dir='ltr'><strong>Qui</strong></span> <span class='ocrx_word' id='word_1_668' title='bbox 3290 3463 3434 3518; x_wconf 91' lang='lat' dir='ltr'><strong>enim</strong></span> <span class='ocrx_word' id='word_1_669' title='bbox 3466 3463 3524 3519; x_wconf 85' lang='lat' dir='ltr'><strong>in</strong></span> 
     </span>
    </p>
   </div>
   <div class='ocr_carea' id='block_1_95' title="bbox 1937 3551 3531 3624">
    <p class='ocr_par' dir='ltr' id='par_1_95' title="bbox 1937 3551 3531 3624">
     <span class='ocr_line' id='line_1_95' title="bbox 1937 3551 3531 3624; baseline 0.002 -16"><span class='ocrx_word' id='word_1_670' title='bbox 1937 3551 2189 3608; x_wconf 88' lang='lat' dir='ltr'><strong>omnibus</strong></span> <span class='ocrx_word' id='word_1_671' title='bbox 2215 3567 2372 3622; x_wconf 85' lang='lat' dir='ltr'><strong>aequo</strong></span> <span class='ocrx_word' id='word_1_672' title='bbox 2399 3552 2584 3608; x_wconf 88' lang='lat' dir='ltr'><strong>animo</strong></span> <span class='ocrx_word' id='word_1_673' title='bbox 2613 3553 2819 3609; x_wconf 90' lang='lat' dir='ltr'><strong>cibaria</strong></span> <span class='ocrx_word' id='word_1_674' title='bbox 2863 3563 3152 3624; x_wconf 56' lang='lat' dir='ltr'><strong>praiparat,</strong></span> <span class='ocrx_word' id='word_1_675' title='bbox 3181 3553 3251 3608; x_wconf 89' lang='lat' dir='ltr'><strong>ab</strong></span> <span class='ocrx_word' id='word_1_676' title='bbox 3275 3554 3531 3611; x_wconf 90' lang='lat' dir='ltr'><strong>omnibus</strong></span> 
     </span>
    </p>
   </div>
   <div class='ocr_carea' id='block_1_96' title="bbox 1938 3643 3528 3714">
    <p class='ocr_par' dir='ltr' id='par_1_96' title="bbox 1938 3643 3528 3714">
     <span class='ocr_line' id='line_1_96' title="bbox 1938 3643 3528 3714; baseline 0.003 -16"><span class='ocrx_word' id='word_1_677' title='bbox 1938 3643 2223 3698; x_wconf 90' lang='lat' dir='ltr'><strong>charitatis</strong></span> <span class='ocrx_word' id='word_1_678' title='bbox 2249 3643 2502 3713; x_wconf 88' lang='lat' dir='ltr'><strong>gratiam,</strong></span> <span class='ocrx_word' id='word_1_679' title='bbox 2528 3653 2582 3699; x_wconf 89' lang='lat' dir='ltr'><strong>et</strong></span> <span class='ocrx_word' id='word_1_680' title='bbox 2619 3659 2720 3714; x_wconf 91' lang='lat' dir='ltr'><strong>pro</strong></span> <span class='ocrx_word' id='word_1_681' title='bbox 2747 3645 3002 3700; x_wconf 90' lang='lat' dir='ltr'><strong>omnibus</strong></span> <span class='ocrx_word' id='word_1_682' title='bbox 3033 3646 3346 3700; x_wconf 89' lang='lat' dir='ltr'><strong>mercedem</strong></span> <span class='ocrx_word' id='word_1_683' title='bbox 3386 3647 3528 3702; x_wconf 89' lang='lat' dir='ltr'><strong>acci-</strong></span> 
     </span>
    </p>
   </div>
   <div class='ocr_carea' id='block_1_97' title="bbox 1937 3734 3532 3808">
    <p class='ocr_par' dir='ltr' id='par_1_97' title="bbox 1937 3734 3532 3808">
     <span class='ocr_line' id='line_1_97' title="bbox 1937 3734 3532 3808; baseline 0.003 -19"><span class='ocrx_word' id='word_1_684' title='bbox 1937 3735 2052 3806; x_wconf 89' lang='lat' dir='ltr'><strong>piet</strong></span> <span class='ocrx_word' id='word_1_685' title='bbox 2072 3736 2480 3805; x_wconf 86' lang='lat' dir='ltr'><strong>sempiternam.</strong></span> <span class='ocrx_word' id='word_1_686' title='bbox 2513 3734 2791 3805; x_wconf 91' lang='lat' dir='ltr'><strong>Scriptum</strong></span> <span class='ocrx_word' id='word_1_687' title='bbox 2814 3744 2900 3791; x_wconf 91' lang='lat' dir='ltr'><strong>est</strong></span> <span class='ocrx_word' id='word_1_688' title='bbox 2919 3737 3097 3791; x_wconf 90' lang='lat' dir='ltr'><strong>enim:</strong></span> <span class='ocrx_word' id='word_1_689' title='bbox 3131 3735 3272 3802; x_wconf 89' lang='lat' dir='ltr'><strong>Quia</strong></span> <span class='ocrx_word' id='word_1_690' title='bbox 3301 3736 3394 3808; x_wconf 88' lang='lat' dir='ltr'><strong>qui</strong></span> <span class='ocrx_word' id='word_1_691' title='bbox 3413 3735 3532 3808; x_wconf 88' lang='lat' dir='ltr'><strong>plus</strong></span> 
     </span>
    </p>
   </div>
   <div class='ocr_carea' id='block_1_98' title="bbox 1937 3827 3250 3901">
    <p class='ocr_par' dir='ltr' id='par_1_98' title="bbox 1937 3827 3250 3901">
     <span class='ocr_line' id='line_1_98' title="bbox 1937 3827 3250 3901; baseline 0.002 -21"><span class='ocrx_word' id='word_1_692' title='bbox 1937 3827 2168 3894; x_wconf 89' lang='lat' dir='ltr'><strong>laborat,</strong></span> <span class='ocrx_word' id='word_1_693' title='bbox 2198 3828 2316 3898; x_wconf 87' lang='lat' dir='ltr'><strong>plus</strong></span> <span class='ocrx_word' id='word_1_694' title='bbox 2345 3828 2598 3884; x_wconf 88' lang='lat' dir='ltr'><strong>mercedis</strong></span> <span class='ocrx_word' id='word_1_695' title='bbox 2633 3829 2854 3900; x_wconf 87' lang='lat' dir='ltr'><strong>accipiet</strong></span> <span class='ocrx_word' id='word_1_696' title='bbox 2874 3827 3077 3901; x_wconf 85' lang='lat' dir='ltr'><strong>(Eccle.</strong></span> <span class='ocrx_word' id='word_1_697' title='bbox 3106 3829 3250 3900; x_wconf 78' lang='lat' dir='ltr'><strong>vui).</strong></span> 
     </span>
    </p>
   </div>
   <div class='ocr_carea' id='block_1_99' title="bbox 2009 3921 3524 3994">
    <p class='ocr_par' dir='ltr' id='par_1_99' title="bbox 2009 3921 3524 3994">
     <span class='ocr_line' id='line_1_99' title="bbox 2009 3921 3524 3994; baseline 0.002 -19"><span class='ocrx_word' id='word_1_698' title='bbox 2009 3921 2365 3977; x_wconf 85' lang='lat' dir='ltr'><strong>Imbecillibus</strong></span> <span class='ocrx_word' id='word_1_699' title='bbox 2415 3933 2591 3978; x_wconf 87' lang='lat' dir='ltr'><strong>autem</strong></span> <span class='ocrx_word' id='word_1_700' title='bbox 2637 3931 2988 3994; x_wconf 88' lang='lat' dir='ltr'><strong>procurentur</strong></span> <span class='ocrx_word' id='word_1_701' title='bbox 3032 3922 3264 3989; x_wconf 88' lang='lat' dir='ltr'><strong>solatia,</strong></span> <span class='ocrx_word' id='word_1_702' title='bbox 3300 3930 3360 3976; x_wconf 85' lang='lat' dir='ltr'><strong>ut</strong></span> <span class='ocrx_word' id='word_1_703' title='bbox 3415 3939 3524 3978; x_wconf 83' lang='lat' dir='ltr'><strong>non</strong></span> 
     </span>
    </p>
   </div>
   <div class='ocr_carea' id='block_1_100' title="bbox 1937 4013 3530 4085">
    <p class='ocr_par' dir='ltr' id='par_1_100' title="bbox 1937 4013 3530 4085">
     <span class='ocr_line' id='line_1_100' title="bbox 1937 4013 3530 4085; baseline -0.002 -15"><span class='ocrx_word' id='word_1_704' title='bbox 1937 4033 2060 4070; x_wconf 87' lang='lat' dir='ltr'><strong>cum</strong></span> <span class='ocrx_word' id='word_1_705' title='bbox 2098 4016 2316 4070; x_wconf 90' lang='lat' dir='ltr'><strong>tristitia</strong></span> <span class='ocrx_word' id='word_1_706' title='bbox 2337 4016 2432 4069; x_wconf 82' lang='lat' dir='ltr'><strong>hoc</strong></span> <span class='ocrx_word' id='word_1_707' title='bbox 2475 4015 2821 4085; x_wconf 79' lang='lat' dir='ltr'><strong>faciant,.sed</strong></span> <span class='ocrx_word' id='word_1_708' title='bbox 2864 4015 3093 4069; x_wconf 87' lang='lat' dir='ltr'><strong>habeant</strong></span> <span class='ocrx_word' id='word_1_709' title='bbox 3127 4031 3307 4068; x_wconf 90' lang='lat' dir='ltr'><strong>omnes</strong></span> <span class='ocrx_word' id='word_1_710' title='bbox 3334 4013 3530 4068; x_wconf 85' lang='lat' dir='ltr'><strong>solatia</strong></span> 
     </span>
    </p>
   </div>
   <div class='ocr_carea' id='block_1_101' title="bbox 1937 4104 3523 4177">
    <p class='ocr_par' dir='ltr' id='par_1_101' title="bbox 1937 4104 3523 4177">
     <span class='ocr_line' id='line_1_101' title="bbox 1937 4104 3523 4177; baseline -0.003 -16"><span class='ocrx_word' id='word_1_711' title='bbox 1937 4107 2225 4162; x_wconf 90' lang='lat' dir='ltr'><strong>secundum</strong></span> <span class='ocrx_word' id='word_1_712' title='bbox 2261 4107 2475 4161; x_wconf 90' lang='lat' dir='ltr'><strong>modum</strong></span> <span class='ocrx_word' id='word_1_713' title='bbox 2503 4107 2921 4177; x_wconf 87' lang='lat' dir='ltr'><strong>congregationis</strong></span> <span class='ocrx_word' id='word_1_714' title='bbox 2937 4115 3030 4158; x_wconf 91' lang='lat' dir='ltr'><strong>aut</strong></span> <span class='ocrx_word' id='word_1_715' title='bbox 3056 4107 3368 4176; x_wconf 85' lang='lat' dir='ltr'><strong>positionem</strong></span> <span class='ocrx_word' id='word_1_716' title='bbox 3401 4104 3523 4158; x_wconf 87' lang='lat' dir='ltr'><strong>loci.</strong></span> 
     </span>
    </p>
   </div>
   <div class='ocr_carea' id='block_1_102' title="bbox 1937 4195 3527 4265">
    <p class='ocr_par' dir='ltr' id='par_1_102' title="bbox 1937 4195 3527 4265">
     <span class='ocr_line' id='line_1_102' title="bbox 1937 4195 3527 4265; baseline 0.001 -15"><span class='ocrx_word' id='word_1_717' title='bbox 1937 4195 2240 4251; x_wconf 87' lang='lat' dir='ltr'><strong>lmbecilles</strong></span> <span class='ocrx_word' id='word_1_718' title='bbox 2269 4204 2470 4262; x_wconf 91' lang='lat' dir='ltr'><strong>autem,</strong></span> <span class='ocrx_word' id='word_1_719' title='bbox 2503 4195 2758 4265; x_wconf 86' lang='lat' dir='ltr'><strong>fragiles,</strong></span> <span class='ocrx_word' id='word_1_720' title='bbox 2794 4195 3053 4251; x_wconf 89' lang='lat' dir='ltr'><strong>delicatos</strong></span> <span class='ocrx_word' id='word_1_721' title='bbox 3082 4196 3170 4251; x_wconf 90' lang='lat' dir='ltr'><strong>vel</strong></span> <span class='ocrx_word' id='word_1_722' title='bbox 3213 4196 3418 4251; x_wconf 93' lang='lat' dir='ltr'><strong>debiles</strong></span> <span class='ocrx_word' id='word_1_723' title='bbox 3447 4196 3527 4252; x_wconf 90' lang='lat' dir='ltr'><strong>di-</strong></span> 
     </span>
    </p>
   </div>
   <div class='ocr_carea' id='block_1_103' title="bbox 1939 4289 3533 4360">
    <p class='ocr_par' dir='ltr' id='par_1_103' title="bbox 1939 4289 3533 4360">
     <span class='ocr_line' id='line_1_103' title="bbox 1939 4289 3533 4360; baseline 0.001 -16"><span class='ocrx_word' id='word_1_724' title='bbox 1939 4289 2032 4344; x_wconf 91' lang='lat' dir='ltr'><strong>cit.</strong></span> <span class='ocrx_word' id='word_1_725' title='bbox 2057 4289 2370 4355; x_wconf 89' lang='lat' dir='ltr'><strong>Imbecillis,</strong></span> <span class='ocrx_word' id='word_1_726' title='bbox 2401 4289 2558 4360; x_wconf 88' lang='lat' dir='ltr'><strong>quasi</strong></span> <span class='ocrx_word' id='word_1_727' title='bbox 2582 4289 2703 4345; x_wconf 91' lang='lat' dir='ltr'><strong>sine</strong></span> <span class='ocrx_word' id='word_1_728' title='bbox 2725 4289 2902 4346; x_wconf 90' lang='lat' dir='ltr'><strong>baculi</strong></span> <span class='ocrx_word' id='word_1_729' title='bbox 2931 4291 3304 4346; x_wconf 89' lang='lat' dir='ltr'><strong>consolatione</strong></span> <span class='ocrx_word' id='word_1_730' title='bbox 3332 4291 3533 4346; x_wconf 85' lang='lat' dir='ltr'><strong>intelli-</strong></span> 
     </span>
    </p>
   </div>
   <div class='ocr_carea' id='block_1_104' title="bbox 1939 4380 3534 4453">
    <p class='ocr_par' dir='ltr' id='par_1_104' title="bbox 1939 4380 3534 4453">
     <span class='ocr_line' id='line_1_104' title="bbox 1939 4380 3534 4453; baseline 0.001 -18"><span class='ocrx_word' id='word_1_731' title='bbox 1939 4381 2085 4453; x_wconf 89' lang='lat' dir='ltr'><strong>gitur</strong></span> <span class='ocrx_word' id='word_1_732' title='bbox 2103 4395 2243 4436; x_wconf 86' lang='lat' dir='ltr'><strong>esse.</strong></span> <span class='ocrx_word' id='word_1_733' title='bbox 2271 4380 2424 4448; x_wconf 89' lang='lat' dir='ltr'><strong>Quod</strong></span> <span class='ocrx_word' id='word_1_734' title='bbox 2459 4390 2643 4437; x_wconf 87' lang='lat' dir='ltr'><strong>autem</strong></span> <span class='ocrx_word' id='word_1_735' title='bbox 2671 4382 2822 4447; x_wconf 90' lang='lat' dir='ltr'><strong>dicit,</strong></span> <span class='ocrx_word' id='word_1_736' title='bbox 2855 4381 3145 4436; x_wconf 87' lang='lat' dir='ltr'><strong>secundum</strong></span> <span class='ocrx_word' id='word_1_737' title='bbox 3166 4381 3379 4436; x_wconf 89' lang='lat' dir='ltr'><strong>modum</strong></span> <span class='ocrx_word' id='word_1_738' title='bbox 3407 4399 3534 4436; x_wconf 87' lang='lat' dir='ltr'><strong>cou-</strong></span> 
     </span>
    </p>
   </div>
   <div class='ocr_carea' id='block_1_105' title="bbox 1937 4474 3528 4546">
    <p class='ocr_par' dir='ltr' id='par_1_105' title="bbox 1937 4474 3528 4546">
     <span class='ocr_line' id='line_1_105' title="bbox 1937 4474 3528 4546; baseline 0.001 -19"><span class='ocrx_word' id='word_1_739' title='bbox 1937 4474 2280 4546; x_wconf 84' lang='lat' dir='ltr'><strong>gregationis,</strong></span> <span class='ocrx_word' id='word_1_740' title='bbox 2295 4475 2594 4530; x_wconf 90' lang='lat' dir='ltr'><strong>secundum</strong></span> <span class='ocrx_word' id='word_1_741' title='bbox 2619 4475 2831 4530; x_wconf 89' lang='lat' dir='ltr'><strong>numeri</strong></span> <span class='ocrx_word' id='word_1_742' title='bbox 2855 4475 3074 4528; x_wconf 88' lang='lat' dir='ltr'><strong>modum</strong></span> <span class='ocrx_word' id='word_1_743' title='bbox 3092 4482 3146 4528; x_wconf 92' lang='lat' dir='ltr'><strong>et</strong></span> <span class='ocrx_word' id='word_1_744' title='bbox 3168 4474 3528 4544; x_wconf 88' lang='lat' dir='ltr'><strong>quantitatem</strong></span> 
     </span>
    </p>
   </div>
   <div class='ocr_carea' id='block_1_106' title="bbox 1941 4565 3531 4634">
    <p class='ocr_par' dir='ltr' id='par_1_106' title="bbox 1941 4565 3531 4634">
     <span class='ocr_line' id='line_1_106' title="bbox 1941 4565 3531 4634; baseline 0.001 -15"><span class='ocrx_word' id='word_1_745' title='bbox 1941 4565 2262 4634; x_wconf 86' lang='lat' dir='ltr'><strong>intelligitur</strong></span> <span class='ocrx_word' id='word_1_746' title='bbox 2303 4567 2716 4621; x_wconf 89' lang='lat' dir='ltr'><strong>monachorum.</strong></span> <span class='ocrx_word' id='word_1_747' title='bbox 2757 4565 3070 4621; x_wconf 90' lang='lat' dir='ltr'><strong>Secundum</strong></span> <span class='ocrx_word' id='word_1_748' title='bbox 3119 4565 3531 4621; x_wconf 89' lang='lat' dir='ltr'><strong>multitudinem</strong></span> 
     </span>
    </p>
   </div>
   <div class='ocr_carea' id='block_1_107' title="bbox 1937 4655 3536 4728">
    <p class='ocr_par' dir='ltr' id='par_1_107' title="bbox 1937 4655 3536 4728">
     <span class='ocr_line' id='line_1_107' title="bbox 1937 4655 3536 4728; baseline 0 -16"><span class='ocrx_word' id='word_1_749' title='bbox 1937 4657 2084 4712; x_wconf 90' lang='lat' dir='ltr'><strong>enim</strong></span> <span class='ocrx_word' id='word_1_750' title='bbox 2107 4658 2562 4728; x_wconf 89' lang='lat' dir='ltr'><strong>congregationis,</strong></span> <span class='ocrx_word' id='word_1_751' title='bbox 2577 4665 2632 4712; x_wconf 91' lang='lat' dir='ltr'><strong>et</strong></span> <span class='ocrx_word' id='word_1_752' title='bbox 2646 4656 3021 4711; x_wconf 92' lang='lat' dir='ltr'><strong>ministrorum</strong></span> <span class='ocrx_word' id='word_1_753' title='bbox 3045 4671 3306 4712; x_wconf 90' lang='lat' dir='ltr'><strong>numerus</strong></span> <span class='ocrx_word' id='word_1_754' title='bbox 3324 4664 3419 4711; x_wconf 88' lang='lat' dir='ltr'><strong>aut</strong></span> <span class='ocrx_word' id='word_1_755' title='bbox 3435 4655 3536 4712; x_wconf 84' lang='lat' dir='ltr'><strong>mi-</strong></span> 
     </span>
    </p>
   </div>
   <div class='ocr_carea' id='block_1_108' title="bbox 1939 4746 3532 4817">
    <p class='ocr_par' dir='ltr' id='par_1_108' title="bbox 1939 4746 3532 4817">
     <span class='ocr_line' id='line_1_108' title="bbox 1939 4746 3532 4817; baseline 0.001 -16"><span class='ocrx_word' id='word_1_756' title='bbox 1939 4762 2041 4802; x_wconf 94' lang='lat' dir='ltr'><strong>nor</strong></span> <span class='ocrx_word' id='word_1_757' title='bbox 2063 4755 2156 4801; x_wconf 87' lang='lat' dir='ltr'><strong>aut</strong></span> <span class='ocrx_word' id='word_1_758' title='bbox 2181 4748 2410 4817; x_wconf 88' lang='lat' dir='ltr'><strong>amplior</strong></span> <span class='ocrx_word' id='word_1_759' title='bbox 2431 4749 2740 4816; x_wconf 89' lang='lat' dir='ltr'><strong>deputetur.</strong></span> <span class='ocrx_word' id='word_1_760' title='bbox 2759 4746 2913 4814; x_wconf 88' lang='lat' dir='ltr'><strong>Quod</strong></span> <span class='ocrx_word' id='word_1_761' title='bbox 2945 4755 3126 4802; x_wconf 90' lang='lat' dir='ltr'><strong>autem</strong></span> <span class='ocrx_word' id='word_1_762' title='bbox 3150 4748 3298 4812; x_wconf 92' lang='lat' dir='ltr'><strong>dicit,</strong></span> <span class='ocrx_word' id='word_1_763' title='bbox 3324 4756 3417 4800; x_wconf 88' lang='lat' dir='ltr'><strong>aut</strong></span> <span class='ocrx_word' id='word_1_764' title='bbox 3438 4762 3532 4817; x_wconf 91' lang='lat' dir='ltr'><strong>po-</strong></span> 
     </span>
    </p>
   </div>
   <div class='ocr_carea' id='block_1_109' title="bbox 1938 4837 3533 4910">
    <p class='ocr_par' dir='ltr' id='par_1_109' title="bbox 1938 4837 3533 4910">
     <span class='ocr_line' id='line_1_109' title="bbox 1938 4837 3533 4910; baseline 0.001 -18"><span class='ocrx_word' id='word_1_765' title='bbox 1938 4839 2180 4893; x_wconf 87' lang='lat' dir='ltr'><strong>sitionem</strong></span> <span class='ocrx_word' id='word_1_766' title='bbox 2225 4837 2359 4906; x_wconf 88' lang='lat' dir='ltr'><strong>loei,</strong></span> <span class='ocrx_word' id='word_1_767' title='bbox 2390 4839 2714 4910; x_wconf 89' lang='lat' dir='ltr'><strong>intelligitur</strong></span> <span class='ocrx_word' id='word_1_768' title='bbox 2755 4839 3045 4896; x_wconf 65' lang='lat' dir='ltr'><strong>aedificatio</strong></span> <span class='ocrx_word' id='word_1_769' title='bbox 3073 4839 3159 4894; x_wconf 90' lang='lat' dir='ltr'><strong>vel</strong></span> <span class='ocrx_word' id='word_1_770' title='bbox 3195 4838 3533 4894; x_wconf 90' lang='lat' dir='ltr'><strong>constructio</strong></span> 
     </span>
    </p>
   </div>
   <div class='ocr_carea' id='block_1_110' title="bbox 1939 4929 3529 5001">
    <p class='ocr_par' dir='ltr' id='par_1_110' title="bbox 1939 4929 3529 5001">
     <span class='ocr_line' id='line_1_110' title="bbox 1939 4929 3529 5001; baseline 0 -15"><span class='ocrx_word' id='word_1_771' title='bbox 1939 4931 2278 4987; x_wconf 88' lang='lat' dir='ltr'><strong>monasterii.</strong></span> <span class='ocrx_word' id='word_1_772' title='bbox 2305 4929 2650 4987; x_wconf 87' lang='lat' dir='ltr'><strong>Constructio</strong></span> <span class='ocrx_word' id='word_1_773' title='bbox 2671 4933 2818 4988; x_wconf 93' lang='lat' dir='ltr'><strong>enim</strong></span> <span class='ocrx_word' id='word_1_774' title='bbox 2847 4933 3185 4996; x_wconf 89' lang='lat' dir='ltr'><strong>monasterii,</strong></span> <span class='ocrx_word' id='word_1_775' title='bbox 3216 4932 3261 4985; x_wconf 93' lang='lat' dir='ltr'><strong>si</strong></span> <span class='ocrx_word' id='word_1_776' title='bbox 3287 4946 3529 5001; x_wconf 90' lang='lat' dir='ltr'><strong>congruo</strong></span> 
     </span>
    </p>
   </div>
   <div class='ocr_carea' id='block_1_111' title="bbox 1939 5021 3526 5094">
    <p class='ocr_par' dir='ltr' id='par_1_111' title="bbox 1939 5021 3526 5094">
     <span class='ocr_line' id='line_1_111' title="bbox 1939 5021 3526 5094; baseline -0.003 -14"><span class='ocrx_word' id='word_1_777' title='bbox 1939 5024 2163 5094; x_wconf 90' lang='lat' dir='ltr'><strong>ponitur</strong></span> <span class='ocrx_word' id='word_1_778' title='bbox 2183 5023 2327 5089; x_wconf 94' lang='lat' dir='ltr'><strong>loco,</strong></span> <span class='ocrx_word' id='word_1_779' title='bbox 2345 5023 2436 5077; x_wconf 89' lang='lat' dir='ltr'><strong>ubi</strong></span> <span class='ocrx_word' id='word_1_780' title='bbox 2465 5024 2759 5078; x_wconf 90' lang='lat' dir='ltr'><strong>secundum</strong></span> <span class='ocrx_word' id='word_1_781' title='bbox 2791 5023 2957 5094; x_wconf 82' lang='lat' dir='ltr'><strong>hujus</strong></span> <span class='ocrx_word' id='word_1_782' title='bbox 2978 5023 3198 5094; x_wconf 64' lang='lat' dir='ltr'><strong>Regula:</strong></span> <span class='ocrx_word' id='word_1_783' title='bbox 3227 5021 3526 5092; x_wconf 90' lang='lat' dir='ltr'><strong>capitulum</strong></span> 
     </span>
    </p>
   </div>
   <div class='ocr_carea' id='block_1_112' title="bbox 1946 5114 3534 5181">
    <p class='ocr_par' dir='ltr' id='par_1_112' title="bbox 1946 5114 3534 5181">
     <span class='ocr_line' id='line_1_112' title="bbox 1946 5114 3534 5181; baseline 0.002 -14"><span class='ocrx_word' id='word_1_784' title='bbox 1946 5114 2128 5167; x_wconf 88' lang='lat' dir='ltr'><strong>omnia</strong></span> <span class='ocrx_word' id='word_1_785' title='bbox 2158 5115 2214 5168; x_wconf 91' lang='lat' dir='ltr'><strong>in</strong></span> <span class='ocrx_word' id='word_1_786' title='bbox 2261 5114 2501 5170; x_wconf 91' lang='lat' dir='ltr'><strong>claustro</strong></span> <span class='ocrx_word' id='word_1_787' title='bbox 2541 5116 2821 5172; x_wconf 89' lang='lat' dir='ltr'><strong>contineat</strong></span> <span class='ocrx_word' id='word_1_788' title='bbox 2848 5115 3178 5181; x_wconf 83' lang='lat' dir='ltr'><strong>necessaria,</strong></span> <span class='ocrx_word' id='word_1_789' title='bbox 3228 5114 3410 5169; x_wconf 92' lang='lat' dir='ltr'><strong>minus</strong></span> <span class='ocrx_word' id='word_1_790' title='bbox 3439 5129 3534 5170; x_wconf 93' lang='lat' dir='ltr'><strong>co-</strong></span> 
     </span>
    </p>
   </div>
   <div class='ocr_carea' id='block_1_113' title="bbox 1947 5205 3533 5280">
    <p class='ocr_par' dir='ltr' id='par_1_113' title="bbox 1947 5205 3533 5280">
     <span class='ocr_line' id='line_1_113' title="bbox 1947 5205 3533 5280; baseline 0.002 -20"><span class='ocrx_word' id='word_1_791' title='bbox 1947 5221 2087 5275; x_wconf 91' lang='lat' dir='ltr'><strong>quus</strong></span> <span class='ocrx_word' id='word_1_792' title='bbox 2113 5207 2345 5262; x_wconf 90' lang='lat' dir='ltr'><strong>aliorum</strong></span> <span class='ocrx_word' id='word_1_793' title='bbox 2369 5207 2576 5280; x_wconf 90' lang='lat' dir='ltr'><strong>indiget</strong></span> <span class='ocrx_word' id='word_1_794' title='bbox 2605 5208 2896 5278; x_wconf 90' lang='lat' dir='ltr'><strong>adjutorio.</strong></span> <span class='ocrx_word' id='word_1_795' title='bbox 2925 5208 2984 5264; x_wconf 87' lang='lat' dir='ltr'><strong>Si</strong></span> <span class='ocrx_word' id='word_1_796' title='bbox 2998 5223 3130 5262; x_wconf 90' lang='lat' dir='ltr'><strong>vero</strong></span> <span class='ocrx_word' id='word_1_797' title='bbox 3154 5207 3208 5261; x_wconf 88' lang='lat' dir='ltr'><strong>in</strong></span> <span class='ocrx_word' id='word_1_798' title='bbox 3229 5213 3382 5261; x_wconf 91' lang='lat' dir='ltr'><strong>arcto</strong></span> <span class='ocrx_word' id='word_1_799' title='bbox 3411 5205 3533 5263; x_wconf 79' lang='lat' dir='ltr'><strong>loco</strong></span> 
     </span>
    </p>
   </div>
   <div class='ocr_carea' id='block_1_114' title="bbox 1946 5299 3530 5371">
    <p class='ocr_par' dir='ltr' id='par_1_114' title="bbox 1946 5299 3530 5371">
     <span class='ocr_line' id='line_1_114' title="bbox 1946 5299 3530 5371; baseline 0 -17"><span class='ocrx_word' id='word_1_800' title='bbox 1946 5307 2271 5370; x_wconf 86' lang='lat' dir='ltr'><strong>et-angusto</strong></span> <span class='ocrx_word' id='word_1_801' title='bbox 2316 5299 2401 5354; x_wconf 91' lang='lat' dir='ltr'><strong>vel</strong></span> <span class='ocrx_word' id='word_1_802' title='bbox 2454 5302 2606 5356; x_wconf 88' lang='lat' dir='ltr'><strong>arido</strong></span> <span class='ocrx_word' id='word_1_803' title='bbox 2640 5303 2861 5371; x_wconf 91' lang='lat' dir='ltr'><strong>ponitur</strong></span> <span class='ocrx_word' id='word_1_804' title='bbox 2885 5301 3016 5365; x_wconf 92' lang='lat' dir='ltr'><strong>situ,</strong></span> <span class='ocrx_word' id='word_1_805' title='bbox 3055 5299 3148 5354; x_wconf 91' lang='lat' dir='ltr'><strong>ubi</strong></span> <span class='ocrx_word' id='word_1_806' title='bbox 3193 5312 3293 5353; x_wconf 90' lang='lat' dir='ltr'><strong>nec</strong></span> <span class='ocrx_word' id='word_1_807' title='bbox 3329 5312 3530 5368; x_wconf 87' lang='lat' dir='ltr'><strong>aquam</strong></span> 
     </span>
    </p>
   </div>
   <div class='ocr_carea' id='block_1_115' title="bbox 1947 5391 3527 5464">
    <p class='ocr_par' dir='ltr' id='par_1_115' title="bbox 1947 5391 3527 5464">
     <span class='ocr_line' id='line_1_115' title="bbox 1947 5391 3527 5464; baseline 0 -17"><span class='ocrx_word' id='word_1_808' title='bbox 1947 5392 2065 5448; x_wconf 89' lang='lat' dir='ltr'><strong>sine</strong></span> <span class='ocrx_word' id='word_1_809' title='bbox 2086 5391 2289 5458; x_wconf 90' lang='lat' dir='ltr'><strong>labore,</strong></span> <span class='ocrx_word' id='word_1_810' title='bbox 2306 5408 2408 5448; x_wconf 91' lang='lat' dir='ltr'><strong>nec</strong></span> <span class='ocrx_word' id='word_1_811' title='bbox 2436 5393 2653 5450; x_wconf 76' lang='lat' dir='ltr'><strong>hOrtum</strong></span> <span class='ocrx_word' id='word_1_812' title='bbox 2679 5395 2878 5449; x_wconf 91' lang='lat' dir='ltr'><strong>habere</strong></span> <span class='ocrx_word' id='word_1_813' title='bbox 2905 5393 3117 5464; x_wconf 90' lang='lat' dir='ltr'><strong>possint</strong></span> <span class='ocrx_word' id='word_1_814' title='bbox 3139 5393 3256 5448; x_wconf 90' lang='lat' dir='ltr'><strong>sine</strong></span> <span class='ocrx_word' id='word_1_815' title='bbox 3277 5392 3527 5463; x_wconf 89' lang='lat' dir='ltr'><strong>penuria,</strong></span> 
     </span>
    </p>
   </div>
   <div class='ocr_carea' id='block_1_116' title="bbox 1942 5470 3157 5553">
    <p class='ocr_par' dir='ltr' id='par_1_116' title="bbox 1942 5470 3157 5553">
     <span class='ocr_line' id='line_1_116' title="bbox 1942 5470 3157 5553; baseline -0.001 -16"><span class='ocrx_word' id='word_1_816' title='bbox 1942 5483 2065 5553; x_wconf 91' lang='lat' dir='ltr'><strong>plus</strong></span> <span class='ocrx_word' id='word_1_817' title='bbox 2102 5484 2290 5553; x_wconf 89' lang='lat' dir='ltr'><strong>coquis</strong></span> <span class='ocrx_word' id='word_1_818' title='bbox 2326 5484 2695 5540; x_wconf 91' lang='lat' dir='ltr'><strong>administrari</strong></span> <span class='ocrx_word' id='word_1_819' title='bbox 2724 5484 2921 5538; x_wconf 89' lang='lat' dir='ltr'><strong>debent</strong></span> <span class='ocrx_word' id='word_1_820' title='bbox 2947 5470 3157 5538; x_wconf 67' lang='lat' dir='ltr'><strong>solatia.</strong></span> 
     </span>
    </p>
   </div>
   <div class='ocr_carea' id='block_1_117' title="bbox 2015 5572 3532 5646">
    <p class='ocr_par' dir='ltr' id='par_1_117' title="bbox 2015 5572 3532 5646">
     <span class='ocr_line' id='line_1_117' title="bbox 2015 5572 3532 5646; baseline 0.001 -19"><span class='ocrx_word' id='word_1_821' title='bbox 2015 5572 2076 5628; x_wconf 90' lang='lat' dir='ltr'><strong>Si</strong></span> <span class='ocrx_word' id='word_1_822' title='bbox 2103 5574 2277 5644; x_wconf 88' lang='lat' dir='ltr'><strong>major</strong></span> <span class='ocrx_word' id='word_1_823' title='bbox 2300 5577 2630 5646; x_wconf 84' lang='lat' dir='ltr'><strong>congregatio</strong></span> <span class='ocrx_word' id='word_1_824' title='bbox 2659 5573 2846 5644; x_wconf 78' lang='lat' dir='ltr'><strong>fuerit,</strong></span> <span class='ocrx_word' id='word_1_825' title='bbox 2867 5573 3169 5628; x_wconf 88' lang='lat' dir='ltr'><strong>cellerarius</strong></span> <span class='ocrx_word' id='word_1_826' title='bbox 3198 5585 3477 5629; x_wconf 71' lang='lat' dir='ltr'><strong>excusetur</strong></span> <span class='ocrx_word' id='word_1_827' title='bbox 3495 5591 3532 5629; x_wconf 73' lang='grc' dir='ltr'><strong>α</strong></span> 
     </span>
    </p>
   </div>
   <div class='ocr_carea' id='block_1_118' title="bbox 1942 5667 3531 5740">
    <p class='ocr_par' dir='ltr' id='par_1_118' title="bbox 1942 5667 3531 5740">
     <span class='ocr_line' id='line_1_118' title="bbox 1942 5667 3531 5740; baseline 0.001 -18"><span class='ocrx_word' id='word_1_828' title='bbox 1942 5669 2164 5740; x_wconf 88' lang='lat' dir='ltr'><strong>coquina</strong></span> <span class='ocrx_word' id='word_1_829' title='bbox 2181 5685 2198 5734; x_wconf 91' lang='lat'><em>;</em></span> <span class='ocrx_word' id='word_1_830' title='bbox 2230 5667 2308 5722; x_wconf 85' lang='lat' dir='ltr'><strong>vel</strong></span> <span class='ocrx_word' id='word_1_831' title='bbox 2327 5670 2374 5723; x_wconf 92' lang='lat' dir='ltr'><strong>si</strong></span> <span class='ocrx_word' id='word_1_832' title='bbox 2394 5669 2506 5738; x_wconf 88' lang='lat' dir='ltr'><strong>qui,</strong></span> <span class='ocrx_word' id='word_1_833' title='bbox 2534 5678 2590 5721; x_wconf 88' lang='lat' dir='ltr'><strong>ut</strong></span> <span class='ocrx_word' id='word_1_834' title='bbox 2619 5667 2868 5736; x_wconf 75' lang='lat' dir='ltr'><strong>diximus,</strong></span> <span class='ocrx_word' id='word_1_835' title='bbox 2899 5668 3190 5738; x_wconf 88' lang='lat' dir='ltr'><strong>majoribus</strong></span> <span class='ocrx_word' id='word_1_836' title='bbox 3216 5667 3531 5723; x_wconf 84' lang='lat' dir='ltr'><strong>utilitatibus</strong></span> 
     </span>
    </p>
   </div>
   <div class='ocr_carea' id='block_1_119' title="bbox 1943 5760 3531 5832">
    <p class='ocr_par' dir='ltr' id='par_1_119' title="bbox 1943 5760 3531 5832">
     <span class='ocr_line' id='line_1_119' title="bbox 1943 5760 3531 5832; baseline -0.001 -16"><span class='ocrx_word' id='word_1_837' title='bbox 1943 5772 2285 5832; x_wconf 87' lang='lat' dir='ltr'><strong>occupantur.</strong></span> <span class='ocrx_word' id='word_1_838' title='bbox 2316 5760 2502 5814; x_wconf 68' lang='lat' dir='ltr'><strong>Crateri</strong></span> <span class='ocrx_word' id='word_1_839' title='bbox 2550 5777 2668 5814; x_wconf 78' lang='lat' dir='ltr'><strong>vero</strong></span> <span class='ocrx_word' id='word_1_840' title='bbox 2715 5762 2814 5816; x_wconf 90' lang='lat' dir='ltr'><strong>sibi</strong></span> <span class='ocrx_word' id='word_1_841' title='bbox 2859 5761 2954 5816; x_wconf 86' lang='lat' dir='ltr'><strong>sub</strong></span> <span class='ocrx_word' id='word_1_842' title='bbox 3006 5762 3260 5816; x_wconf 84' lang='lat' dir='ltr'><strong>charitate</strong></span> <span class='ocrx_word' id='word_1_843' title='bbox 3309 5760 3531 5816; x_wconf 80' lang='lat' dir='ltr'><strong>invicem</strong></span> 
     </span>
    </p>
   </div>
   <div class='ocr_carea' id='block_1_120' title="bbox 1945 5852 3530 5912">
    <p class='ocr_par' dir='ltr' id='par_1_120' title="bbox 1945 5852 3530 5912">
     <span class='ocr_line' id='line_1_120' title="bbox 1945 5852 3530 5912; baseline -0.001 -3"><span class='ocrx_word' id='word_1_844' title='bbox 1945 5855 2196 5909; x_wconf 73' lang='lat' dir='ltr'><strong>serviant.</strong></span> <span class='ocrx_word' id='word_1_845' title='bbox 2219 5852 2516 5910; x_wconf 86' lang='lat' dir='ltr'><strong>Charitatis</strong></span> <span class='ocrx_word' id='word_1_846' title='bbox 2557 5853 2703 5910; x_wconf 90' lang='lat' dir='ltr'><strong>enim</strong></span> <span class='ocrx_word' id='word_1_847' title='bbox 2726 5855 2902 5912; x_wconf 86' lang='lat' dir='ltr'><strong>ollicio</strong></span> <span class='ocrx_word' id='word_1_848' title='bbox 2924 5869 3115 5911; x_wconf 87' lang='lat' dir='ltr'><strong>omnes</strong></span> <span class='ocrx_word' id='word_1_849' title='bbox 3136 5854 3387 5911; x_wconf 87' lang='lat' dir='ltr'><strong>omnibus</strong></span> <span class='ocrx_word' id='word_1_850' title='bbox 3417 5867 3530 5908; x_wconf 79' lang='lat' dir='ltr'><strong>ser-</strong></span> 
     </span>
    </p>
   </div>
  </div>
