3994 6458
512 379 616 438 871

1795 367 2150 430 SMARAGDI
2178 366 2476 428 'ABBATIS

3687 376 3802 435 873

511 506 606 552 aut
649 504 937 550 senescens
980 497 1135 556 tetas,
1182 495 1474 561 antequam
1522 489 1792 546 moriatur
1828 489 2084 552 deﬁciat,
2115 481 2348 554 Arde
2381 501 2514 558 opus
2543 499 2652 541 non
2691 492 2777 542 est
2822 483 3213 556 incipiendum‘
3241 486 3311 542 ab
3346 485 3472 553 illo,
3512 487 3630 544 nisi
3654 507 3800 558 pra-

509 597 603 646 aut
647 603 915 654 crescens,
965 587 1282 659 priusquam
1311 584 1583 655 proficiat,
1620 585 1816 650 cadat,
1864 591 1919 638 et
1964 591 2091 637 ante

508 684 742 739 intereat
770 683 931 750 quam
969 680 1167 734 bonum
1195 677 1379 734 facere
1406 677 1601 734 discat.
1630 676 1769 733 Hinc
1790 675 2011 747 quidam
2036 679 2094 730 et

509 776 650 830 alius
700 771 1090 830 monachorum
1119 770 1380 842 magister
1429 771 1505 825 ait
1539 788 1552 824 :
1585 768 1841 824 Infantuli
1868 776 2086 838 quarta,

509 875 664 922 sexta
702 871 756 918 et
785 863 1029 927 sabbato,
1083 861 1137 916 in
1167 861 1358 916 diebus
1388 868 1563 915 tamen
1597 858 1899 915 minoribus
1927 899 1942 924 ,
1985 858 2090 912 hoc

509 967 612 1023 est,
631 957 683 1011 in
711 955 907 1011 hiemis
929 962 1189 1024 tempore,
1209 950 1472 1022 jejunent.
1491 951 1627 1007 Aliis
1647 966 1778 1007 vero
1809 949 1998 1006 diebus
2022 947 2090 1003 ad

508 1055 719 1104 sextam
741 1045 989 1101 reficiant
1002 1046 1212 1100 horam.
1231 1043 1288 1097 In
1313 1043 1520 1098 aestatis
1533 1057 1664 1098 vero
1692 1041 1906 1104 diebus,
1933 1054 2092 1110 quar-

514 1149 597 1208 ta,
637 1147 792 1194 sexta
817 1147 872 1194 et
906 1137 1132 1193 sabbato
1159 1135 1406 1190 infantuli
1436 1144 1588 1190 sexta
1617 1135 1753 1190 hora
1796 1132 2045 1188 reficiant
2072 1147 2086 1197 ;

505 1232 626 1287 aliis
646 1245 777 1286 vero
804 1229 993 1284 diebus
1021 1227 1179 1283 tertia
1205 1235 1546 1293 recreentur;
1565 1225 1689 1296 quia
1712 1225 1768 1278 in
1792 1221 2090 1292 majoribus

490 1328 694 1384 ,diebus
720 1327 900 1382 minor
935 1331 1020 1380 est
1048 1330 1182 1379 aetas
1213 1323 1269 1377 in
1295 1322 1525 1388 viribus,
1554 1320 1694 1376 sicut
1714 1327 1771 1373 et
1789 1316 2091 1374 sustinendi

505 1439 668 1479 sensu
697 1421 954 1476 discreta.
987 1417 1096 1474 Sed
1147 1416 1380 1472 infantes
1412 1415 1479 1470 ad
1527 1414 1668 1469 hanc
1697 1411 2088 1468 relaxationem

508 1515 645 1570 tales
668 1512 1054 1584 permittimus,
1094 1511 1186 1582 qui
1209 1511 1352 1565 intra
1383 1509 1666 1564 duodecim
1695 1520 1864 1561 annos
1892 1507 2092 1573 degunt

501 1615 679 1672 atate,
708 1607 984 1678 amplioris
1005 1620 1138 1660 vero
1168 1605 1260 1674 qui
1286 1602 1452 1658 fuerit
1475 1603 1544 1657 ad
1579 1600 1812 1655 formam
1843 1603 2092 1652 teneatur

501 1697 788 1767 majorum.
819 1697 957 1752 Nam
999 1695 1148 1764 justo
1171 1695 1376 1766 judicio
1425 1693 1677 1747 infantuli
1703 1699 1760 1746 et
1788 1690 1939 1745 senio
1965 1702 2090 1757 pro-

501 1789 670 1853 vecti,
719 1796 775 1842 et
803 1786 1024 1849 inﬁrmi,
1051 1784 1247 1856 aequali
1279 1785 1480 1839 debent
1506 1781 1860 1838 refectionum
1886 1779 2089 1850 judicio

2190 579 2356 635 missa
2380 579 2661 645 oratione',
2689 586 2799 634 tam
2833 595 2928 634 sua
2956 594 3118 650 quam
3152 567 3402 636 fratrum.
3442 581 3503 637 In
3530 585 3796 641 omnibus

2192 671 2333 725 enim
2380 687 2500 742 qua:
2546 672 2798 727 monachi
2846 671 3048 728 debent
3096 687 3278 744 agere,
3331 674 3514 729 oratio
3553 675 3795 732 fratrum

2191 752 2408 819 assidue
2432 763 2591 818 debet
2607 763 2934 834 prmcedere.
2978 763 3164 820 Oratio
3195 765 3341 819 enim
3369 765 3658 822 bonorum
3679 784 3796 822 mo-

2193 854 2492 910 nachorum
2529 856 2638 911 cito
2680 864 2932 926 penetrat
2977 857 3194 912 coelum.
3249 856 3480 930 Signum
3516 870 3613 914 est
3641 877 3790 933 ergo,

2192 957 2253 1006 ut
2279 949 2452 1006 lector
2473 957 2622 1020 petat
2640 949 2709 1005 ab
2728 951 2982 1006 omnibus
3008 966 3109 1022 pro
3124 965 3182 1006 se
3198 953 3366 1018 orari,
3389 961 3454 1006 ut
3483 962 3711 1007 avertat
3730 955 3796 1010 ab

2193 1041 2311 1112 ipso
2334 1042 2478 1097 Dens
2500 1042 2753 1112 spiritum
2774 1043 3046 1109 elationis,
3077 1044 3202 1114 quia
3227 1045 3295 1100 de
3320 1045 3588 1115 superbia
3619 1047 3796 1101 nasci-

2192 1139 2282 1188 tur
2303 1133 2554 1189 elationis
2579 1135 2889 1206 arrogantia
2910 1176 2924 1202 ,
2963 1143 3017 1191 et
3051 1136 3156 1191 nisi
3184 1139 3538 1208 praecesserit
3578 1139 3795 1194 occulta

2193 1225 2357 1280 elatio
2380 1225 2602 1292 mentis,
2623 1240 2732 1280 non
2759 1227 3005 1296 sequitur
3025 1237 3214 1297 aperta
3237 1229 3513 1298 jactantia
3537 1228 3744 1285 laudis.

2263 1315 2333 1370 Et
2359 1316 2568 1371 dicatur
2585 1317 2669 1371 hic
2703 1335 2882 1374 versus
2901 1320 2956 1373 in
2977 1320 3208 1374 oratorio
3231 1322 3385 1375 tertio
3417 1323 3488 1376 ab
3524 1324 3793 1390 omnibus,

2193 1404 2306 1476 ipso
2335 1414 2510 1461 tamen
2539 1407 2817 1478 incipiente
2848 1422 2866 1459 :
2893 1407 3137 1476 Domine,
3165 1409 3306 1465 labia
3329 1428 3450 1466 mea
3471 1414 3693 1482 aperias
3710 1456 3726 1479 ,
3750 1424 3795 1469 et

2195 1513 2253 1551 os
2283 1514 2457 1551 meum
2477 1498 2823 1553 ‘annuntiabit
2865 1499 3077 1555 laudem
3124 1511 3292 1557 tuam.
3349 1502 3420 1557 Et
3466 1506 3548 1559 sic
3581 1517 3796 1576 accepts

2196 1585 2551 1641 benedictione
2586 1588 2919 1659 ingrediatur
2951 1591 3021 1644 ad
3053 1589 3348 1662 legendum.
3405 1593 3496 1649 Ab
3523 1594 3627 1650 illo
3659 1597 3794 1650 eui

2195 1679 2485 1746 quierenda
2513 1687 2598 1734 est
2621 1680 2888 1735 labiorum
2922 1683 3154 1752 apertio,
3186 1697 3217 1736 a
3239 1699 3348 1753 quo
3373 1685 3631 1755 primum
3659 1686 3794 1742 facta

2193 1775 2280 1823 est
2316 1768 2627 1840 linguarum
2671 1772 2914 1827 omnium
2959 1773 3291 1830 distributio.
3352 1775 3439 1831 Ab
3480 1777 3610 1848 ipso
3657 1780 3794 1832 eui

501 1877 756 1934 relaxari.
814 1876 1147 1932 Praeveniant
1209 1876 1365 1929 horas
1437 1875 1737 1928 canonicos.
1792 1870 2082 1927 Canonicas

2197 1859 2290 1928 qui
2317 1860 2548 1916 disertas
2579 1860 2706 1917 fecit
2734 1877 2854 1918 esse
2881 1862 3091 1933 linguas
3118 1864 3406 1930 infantum,
3433 1876 3498 1922 et
3526 1867 3792 1924 labiorum

500 1969 666 2026 horas
697 1969 848 2034 dicit,
890 1968 1192 2039 regulares.
1219 1967 1406 2023 Canon
1432 1966 1577 2020 enim
1608 1963 1794 2035 regula
1822 1964 2088 2031 interpre-

499 2069 667 2118 tatur.
704 2062 990 2118 Canonicaa
1028 2062 1199 2125 horse,
1229 2075 1365 2130 quas
1394 2057 1716 2129 przevenire,
1755 2055 1808 2110 id
1839 2063 1921 2111 est
1951 2054 2092 2108 anti-

498 2155 712 2226 cipare,
770 2163 927 2226 rogat
971 2155 1027 2210 in
1078 2154 1200 2210 cibo
1247 2161 1302 2208 et
1349 2160 1480 2222 potu
1515 2167 1676 2207 senes
1719 2159 1776 2206 et
1815 2149 2088 2221 parvulos,

500 2255 670 2303 sexta:
708 2254 763 2300 et
790 2261 949 2302 nomn
984 2255 1110 2301 sunt
1144 2247 1313 2301 horae.
1345 2243 1704 2309 Prteveniant,
1734 2242 1886 2306 dicit,
1928 2242 2092 2296 horas

499 2338 812 2402 canonicas,
844 2338 898 2392 id
923 2345 1028 2403 est,
1059 2338 1104 2392 si
1129 2336 1327 2392 fratres
1358 2343 1512 2391 sexta
1539 2334 1848 2397 comedunt,
1877 2331 1952 2387 illi
1981 2340 2088 2386 ter—

498 2427 579 2483 tia
609 2427 742 2483 hora
774 2427 1044 2483 reliciant.
1078 2427 1137 2482 Si
1185 2427 1384 2482 fratres
1412 2441 1576 2491 nona,
1626 2425 1703 2479 illi
1730 2432 1883 2479 sexta
1909 2424 2092 2478 cibum

497 2518 788 2589 accipiant.
837 2518 946 2574 Eos
978 2535 1110 2574 vero
1139 2535 1318 2585 senes,
1349 2533 1485 2588 quos
1531 2517 1764 2587 quietos,
1795 2515 2090 2586 simplices,

496 2607 752 2674 humiles,
780 2609 1094 2664 obedientes
1134 2617 1189 2664 et
1229 2610 1285 2663 in
1325 2607 1570 2662 oratione
1604 2606 1917 2676 frequenter
1957 2605 2094 2660 assi-

496 2706 728 2765 stentes,
759 2707 814 2755 et
843 2699 1121 2755 Christum
1148 2701 1203 2754 in
1223 2715 1318 2755 ore
1343 2714 1558 2770 semper
1582 2699 1842 2754 habentes
1859 2738 1874 2764 ,
1913 2705 1966 2752 et
1993 2713 2092 2753 sua

494 2800 720 2864 peccata
767 2792 1066 2862 plorantes,
1108 2800 1302 2848 etnon
1347 2807 1480 2856 suo,
1508 2791 1602 2846 sed
1649 2789 1916 2858 majorum
1948 2789 2093 2844 arbi-

496 2882 603 2937 trio
638 2881 956 2952 pendentes,
999 2889 1055 2936 et
1081 2880 1502 2950 propinquitatis
1544 2878 1796 2933 affectum
1847 2878 2092 2948 perfecte

495 2973 846 3037 deserentes,
907 2979 964 3026 et
1020 2971 1365 3026 dilectionem
1423 2970 1518 3025 Dei
1572 2978 1626 3023 et
1679 2969 1916 3040 proximi
1978 2977 2091 3024 tota

496 3071 679 3118 mente
705 3070 974 3128 tenentes,
1003 3070 1058 3117 et
1083 3062 1169 3118 die
1200 3071 1472 3132 noctuque
1496 3063 1550 3117 in
1594 3062 1709 3133 lege
1741 3062 1956 3117 Domini
1982 3077 2092 3117 me-

495 3153 734 3210 ditantes
783 3154 1180 3226 cognoscimus,
1213 3155 1302 3225 pia
1349 3156 1699 3212 miseratione
1739 3157 1882 3212 sicut
1910 3155 2088 3211 infan-

494 3243 638 3299 tulos
674 3243 870 3311 foveri,
902 3253 959 3300 et
987 3245 1126 3301 sicut
1153 3253 1338 3314 patres
1365 3247 1638 3303 honorare
1667 3248 2009 3304 mandamus.

1021 3356 1250 3413 CAPUT
1281 3358 1566 3415 XXXVIII.

887 3418 966 3482 De
1011 3428 1422 3484 hebdomadario
1477 3431 1684 3486 lectore.

566 3519 791 3575 Mensis
811 3520 1041 3592 fratrum
1076 3522 1340 3576 edentium
1362 3523 1514 3578 lectio
1551 3523 1727 3580 deesse
1759 3542 1864 3580 non
1911 3526 2079 3581 debet.

491 3613 621 3668 Ideo
649 3614 812 3669 lectio
857 3615 1266 3670 comedentibus
1306 3617 1487 3671 minus
1524 3631 1646 3673 esse
1672 3635 1782 3674 non
1811 3619 1993 3684 debet,
2025 3627 2086 3674 ut

493 3703 716 3758 lectioni
764 3719 935 3758 sacrae
992 3704 1337 3762 intendentes
1412 3709 1708 3763 secundum
1764 3709 2083 3779 Apostolum

494 3809 616 3849 cum
647 3794 865 3850 silentio
897 3810 1092 3866 panem
1117 3812 1273 3852 suum
1302 3800 1590 3854 comedant
1615 3800 1835 3856 fratres.
1859 3802 2084 3872 Oportet

493 3886 641 3939 enim
665 3892 747 3948 ,ιιι
777 3886 920 3941 sicut
969 3888 1238 3958 corporali
1290 3889 1410 3946 cibo
1446 3888 1690 3946 reficitur
1737 3907 1953 3963 corpus,
2009 3896 2084 3950 ita

495 3976 725 4047 spiritali
751 3976 1030 4060 reficiatur
1054 3979 1287 4036 animus.
1308 3979 1572 4038 Sedentes
1597 3998 1727 4054 ergo
1743 3984 1810 4038 ad
1836 4000 2081 4040 mensam

495 4077 729 4126 taceant.
763 4070 833 4126 Et
862 4071 1024 4128 lectio
1049 4073 1314 4142 quotidie,
1359 4081 1415 4129 et
1439 4076 1587 4130 omni
1632 4085 1872 4147 tempore
1896 4118 1910 4143 ,
1954 4078 2084 4133 dum

493 4166 646 4222 cibus
685 4167 935 4233 sumitur,
971 4167 1205 4238 legatur,
1234 4175 1294 4222 ut
1320 4176 1549 4239 uterque
1575 4171 1736 4224 homo
1764 4179 1820 4226 et
1842 4172 2085 4227 exterior

492 4257 641 4323 cibo,
676 4266 732 4314 et
773 4259 1001 4314 interior
1032 4258 1182 4314 verbi
1209 4258 1304 4314 Dei
1333 4260 1630 4327 reficiatur,
1666 4263 1791 4332 quia
1820 4263 2081 4334 scriptum

492 4356 578 4402 est
608 4366 619 4401 :
648 4347 772 4402 Non
799 4349 855 4402 in
884 4348 996 4402 solo
1022 4366 1156 4418 pane
1185 4350 1308 4403 vivit
1337 4349 1517 4416 homo,
1547 4351 1637 4405 sed
1671 4352 1729 4405 in
1763 4354 1903 4407 omni
1931 4354 2081 4408 verba

491 4435 589 4490 Dei
617 4436 808 4507 (Deut.
833 4453 964 4502 vm;
1006 4437 1199 4492 Matth.
1234 4439 1333 4509 tv).

570 4524 682 4580 Nec
732 4526 950 4595 fortuito
985 4545 1111 4582 casu
1156 4529 1246 4599 qui
1284 4530 1570 4602 arripuerit
1600 4533 1829 4588 codicem
1853 4575 1868 4600 ,
1911 4535 2079 4605 legere

492 4618 588 4674 ibi.
661 4616 996 4675 Subauditur
1040 4621 1226 4688 debet,
1282 4624 1370 4679 vel
1419 4625 1632 4682 audeat.
1677 4625 1922 4684 Fortuita
1953 4646 2080 4685 casu

500 4710 652 4776 dicit,
705 4711 882 4765 subito
924 4712 1011 4768 vel
1055 4713 1368 4784 improviso.
1427 4717 1728 4789 Diligenter
1751 4721 1895 4775 enim
1923 4721 2084 4779 debet

490 4800 652 4859 lectio
676 4804 990 4875 provideri,
1037 4821 1156 4877 qua:
1184 4808 1237 4863 in
1276 4810 1688 4867 aediﬁcationem
1723 4814 1889 4868 tantis
1922 4815 2080 4869 debet

492 4894 803 4950 hominibus
829 4894 960 4967 legi,
993 4912 1062 4953 ne
1088 4898 1380 4969 improvisa
1406 4901 1566 4956 lectio
1595 4903 1939 4960 audientibus
1967 4921 2077 4960 non

493 4988 661 5044 vitale
681 4989 936 5058 pabulum
958 5000 1200 5060 praestet,
1237 4993 1331 5048 sed
1353 4994 1603 5049 nocivum
1628 4996 1800 5066 magis
1831 5012 2075 5052 murmu-

486 5079 633 5134 rium
665 5089 906 5152 generet.
971 5081 1062 5137 Sic
1100 5083 1246 5138 enim
1284 5083 1444 5138 debet
1481 5099 1601 5139 esse
1628 5100 1781 5140 sacra
1810 5085 1972 5142 lectio
1998 5087 2075 5144 le-

489 5179 598 5236 cta,
629 5181 689 5227 ut
713 5173 852 5228 sicut
879 5174 1032 5229 cibus
1057 5174 1333 5229 edentium
1365 5191 1589 5245 corpora
1609 5217 1623 5242 ,
1663 5176 1740 5230 ita
1768 5184 1825 5231 et
1857 5176 1949 5232 illa
1976 5194 2074 5233 au-

488 5262 749 5319 dientium
774 5265 980 5335 repleat
1003 5265 1184 5321 corda.

559 5347 665 5408 Sed
700 5353 931 5410 lecturus
960 5364 1071 5410 tota
1100 5355 1431 5410 hebdomada
1451 5395 1466 5420 ,
1494 5353 1774 5412 Dominica
1799 5358 2069 5430 ingredia-

483 5449 594 5502 tur.
650 5444 755 5512 Qui
804 5447 1103 5516 ingrediens
1141 5457 1256 5518 post
1297 5449 1488 5502 missas
1537 5457 1587 5501 et
1628 5451 2070 5518 communionem,

482 5545 626 5608 petat
647 5538 712 5591 ab
735 5539 973 5594 omnibus
1003 5557 1098 5612 pro
1126 5557 1182 5595 se
1204 5542 1349 5595 arari
1365 5581 1379 5606 ,
1423 5551 1476 5593 ut
1503 5550 1702 5594 avertat
1733 5541 1798 5595 ab
1837 5559 1897 5596 eo
1923 5542 2067 5597 Deus

484 5630 728 5699 spiritum
772 5632 1034 5689 elationis.
1103 5633 1524 5691 Rationabiliter
1564 5635 1707 5688 enim
1737 5635 1914 5705 primo
1953 5652 2066 5691 om-

485 5720 635 5775 nium
673 5723 884 5779 dierum
927 5725 1088 5782 debet
1134 5727 1305 5783 lector
1342 5727 1550 5800 ingredi
1585 5727 1653 5782 ad
1679 5727 1983 5799 legendum,
2012 5737 2068 5786 et

488 5811 567 5866 sic
586 5811 919 5871 hebdomada
950 5824 1064 5873 tota
1089 5817 1335 5876 lectionis
1354 5833 1492 5890 opus
1514 5817 1779 5889 perlicere
1805 5830 2060 5893 emptum.

2193 1953 2402 2021 apertio
2427 1960 2482 2007 et
2499 1953 2680 2009 cordis
2691 1955 2980 2024 quaerenda
3007 1964 3092 2010 est
3109 1955 3426 2023 illustratio,
3449 1966 3520 2011 ut
3540 1974 3606 2013 os
3631 1958 3792 2015 lecto-

2193 2044 2270 2097 ris
2312 2044 2390 2098 illi
2438 2046 2722 2101 annuntiet
2769 2047 2946 2102 laudis
2971 2047 3237 2114 ofﬁcium,
3282 2065 3314 2104 a
3339 2065 3452 2119 quo
3483 2067 3549 2106 se
3585 2053 3792 2107 miseri-

2193 2136 2433 2190 corditer
2459 2151 2582 2192 esse
2605 2139 2883 2209 cognoscit
2905 2147 3174 2208 apertum.
3201 2140 3358 2206 Quod
3389 2151 3586 2196 autem
3619 2142 3747 2196 dicit
3772 2162 3784 2196 :

2191 2237 2240 2281 et
2269 2228 2345 2281 sic
2373 2237 2583 2299 accepta
2625 2229 2978 2284 benedictione
3012 2231 3344 2301 ingrediatur
3374 2233 3445 2286 ad
3492 2233 3787 2303 legendum,

2193 2317 2618 2390 subintelligitur
2646 2335 2677 2374 a
2701 2319 2960 2378 fratribus
2981 2324 3229 2378 oratione
3265 2334 3500 2394 accepta
3519 2367 3535 2390 ,
3569 2335 3626 2381 et
3651 2343 3680 2379 a
3710 2341 3787 2380 sa-

2193 2409 2411 2465 cerdote
2437 2411 2832 2468 benedictionis
2865 2414 3090 2469 collecta
3109 2456 3123 2480 ,
3150 2416 3495 2487 ingrediatur
3523 2419 3592 2472 ad
3619 2418 3773 2472 lectio

2191 2515 2318 2555 nem
2342 2502 2750 2571 perficiendam.
2793 2505 2922 2573 Qua:
2969 2507 3191 2563 collecta
3237 2510 3340 2564 hoc
3372 2510 3563 2576 modo,
3597 2511 3644 2564 si
3675 2510 3788 2580 pla-

2193 2608 2299 2662 cet,
2328 2596 2519 2652 lectori
2549 2613 2578 2652 a
2602 2600 2896 2658 ‘sacerdote
2925 2612 3054 2658 ante
3078 2603 3250 2658 altare
3267 2605 3436 2660 datur
3462 2606 3636 2661 missa
3663 2622 3786 2677 per-

2194 2696 2351 2755 acta,
2401 2691 2721 2762 dicaturque
2760 2712 2772 2747 :
2819 2696 3026 2763 Averte,
3063 2715 3400 2768 quaesumus,
3437 2699 3685 2764 Domine,
3723 2702 3787 2755 ab

2192 2783 2288 2836 hoc
2319 2783 2517 2851 famulo
2561 2794 2650 2839 tuo
2697 2788 2940 2856 spiritum
2983 2789 3260 2858 elationis,
3312 2803 3374 2846 ut
3411 2792 3676 2847 humiliter
3706 2794 3787 2846 le-

2191 2888 2336 2942 gens,
2359 2889 2568 2929 sensum
2591 2883 2640 2930 et
2661 2877 2981 2933 intellectum
3011 2882 3184 2952 capiat
3215 2881 3474 2938 lectionis.
3511 2883 3619 2939 Per
3639 2883 3770 2938 Chri

2191 2973 2351 3032 stum,
2377 2977 2480 3022 etc.

2262 3055 2640 3131 Summumque
2670 3062 2767 3131 ﬁat
2804 3062 3070 3120 silentium
3105 3066 3174 3121 ad
3202 3084 3461 3133 mensam,
3501 3079 3564 3123 ut
3599 3071 3785 3124 nullius

2189 3152 2488 3206 mussitatio
2509 3193 2523 3217 ,
2561 3153 2640 3208 vel
2668 3172 2769 3210 vos:
2788 3197 2802 3220 ,
2845 3157 2948 3211 nisi
2975 3158 3140 3213 solius
3171 3159 3388 3231 legentis
3416 3162 3492 3215 ibi
3515 3163 3782 3216 audiatur.

2113 3234 2158 3297 C
2188 3243 2337 3300 Inter
2383 3246 2660 3302 silentium
2709 3257 2919 3304 tantum
2970 3260 3026 3307 et
3071 3269 3342 3309 summum
3384 3255 3679 3311 silentium
3715 3256 3783 3311 di-

2187 3340 2391 3394 stantia
2417 3349 2534 3408 est,
2579 3351 2639 3396 ut
2667 3343 2812 3398 nulla
2839 3359 2944 3398 vox
2984 3345 3235 3415 nullaque
3260 3350 3584 3404 mussitatio
3623 3359 3782 3404 sonet.

2187 3430 2475 3488 Silentium
2503 3442 2712 3490 tantum
2742 3445 2858 3503 est,
2898 3436 2992 3492 ubi
3024 3437 3336 3506 loquuntur,
3369 3441 3473 3495 sed
3516 3441 3719 3497 leniter
3739 3452 3782 3494 et

2185 3539 2310 3580 cum
2367 3525 2603 3582 silentio.
2673 3527 2829 3583 Unde
2883 3529 2936 3583 in
2987 3529 3280 3602 Evangelia
3310 3531 3533 3588 Martha
3583 3533 3784 3588 vocarit

2185 3614 2411 3670 Mariam
2442 3617 2678 3682 silentio,
2721 3619 2908 3675 dicens
2935 3639 2946 3672 :
2982 3619 3238 3691 Magister
3265 3623 3450 3687 adest,
3481 3633 3532 3678 et
3567 3637 3715 3679 mea:
3742 3635 3782 3678 te

2186 3705 2369 3777 (Joan.
2400 3706 2501 3780 x1).
2541 3708 2618 3764 De
2648 3709 2752 3764 hoc
2779 3710 2994 3765 silentio
3017 3711 3150 3766 dicit
3175 3711 3379 3784 Regula
3411 3729 3428 3766 :
3462 3713 3636 3769 Omni
3667 3725 3781 3771 tea»

2182 3812 2316 3867 pore
2343 3798 2559 3854 silentio
2591 3801 2850 3856 studeant
2876 3803 3152 3858 monachi.
3195 3801 3272 3859 De
3308 3805 3407 3860 illo
3439 3806 3515 3861 ad
3542 3820 3779 3861 mensam

2183 3901 2239 3945 et
2268 3892 2322 3946 in
2353 3901 2519 3947 nocte
2548 3908 2821 3948 summum
2854 3895 3134 3951 silentium
3158 3895 3270 3950 fiat.

2257 3983 2390 4050 Quw
2416 4001 2534 4039 vero
2563 3987 2861 4040 necessaria
2908 3998 3029 4041 sunt
3069 3988 3464 4043 comedentibus
3491 3999 3543 4043 et
3570 3991 3758 4044 bibenti
3767 4019 3781 4031 -

2184 4075 2301 4141 bus,
2333 4077 2407 4130 sic
2434 4076 2533 4131 sibi
2562 4078 2782 4131 invicem
2808 4078 3102 4134 ministrent
3133 4079 3357 4149 fratres,
3395 4091 3456 4133 ut
3491 4082 3679 4135 nullus
3708 4084 3780 4134 in-

2183 4166 2358 4236 digeat
2388 4177 2560 4238 petere
2588 4166 2811 4237 aliquid.
2855 4167 2912 4224 Si
2939 4171 3065 4241 quid
3094 4179 3265 4224 tamen
3295 4189 3433 4240 opus
3463 4173 3668 4241 fuerit,
3707 4192 3782 4226 so-

2183 4260 2298 4313 nitu
2343 4260 2701 4332 cujuscunque
2759 4263 2898 4333 signi
2953 4265 3127 4334 potius
3175 4274 3387 4334 petatur
3434 4284 3606 4336 quam
3648 4285 3777 4323 rore.

2183 4351 2320 4408 Hinc
2356 4354 2549 4409 beatus
2576 4354 2912 4412 Fructuosus
2940 4357 3014 4410 ait
3041 4375 3054 4411 :
3087 4356 3143 4411 Si
3181 4358 3309 4426 quid
3340 4357 3501 4413 deest
3541 4361 3598 4414 in
3633 4377 3778 4414 men—

2182 4463 2263 4510 sa,
2297 4446 2342 4500 is
2371 4448 2462 4516 qui
2495 4455 2692 4518 praeest
2726 4450 2878 4519 signo
2911 4450 3036 4504 dato
3068 4449 3152 4504 vel
3189 4451 3412 4505 nutibus
3441 4451 3668 4507 silentis
3697 4470 3780 4523 pe-

2185 4545 2284 4602 tat,
2314 4547 2371 4592 et
2396 4537 2600 4592 indicet
2633 4539 2961 4593 ministranti
3009 4540 3137 4609 quid
3176 4541 3369 4596 inferri
3397 4542 3489 4596 vel
3520 4544 3657 4612 quid
3687 4560 3780 4597 au—

2183 4630 2315 4685 ferri
2357 4630 2428 4684 sit
2472 4645 2500 4683 a
2551 4644 2741 4684 mensa
2792 4645 3034 4685 necesse.
3094 4631 3227 4686 Item
3262 4633 3436 4687 alibi:
3485 4634 3547 4688 Si
3574 4634 3780 4705 aliquid

2183 4723 2550 4778 necessarium
2598 4721 2762 4776 fuerit
2807 4723 2864 4777 in
2899 4737 3087 4778 mensa
3115 4765 3131 4791 ,
3180 4739 3341 4780 nemo
3369 4726 3579 4783 audeat
3610 4728 3774 4797 loqui,

2182 4820 2274 4874 sed
2305 4819 2740 4874 ministrantibus
2775 4819 2989 4890 signum
3019 4820 3198 4875 sonitu
3233 4821 3340 4876 det.

2254 4909 2366 4964 Nec
2416 4919 2698 4981 praesumat
2743 4910 2815 4964 ibi
2862 4911 3056 4982 aliquis
3101 4913 3165 4966 de
3223 4914 3337 4983 ipsa
3398 4911 3634 4969 lectione
3690 4925 3774 4967 aut

2179 5000 2394 5054 aliunde
2419 5001 2705 5072 quidquam
2751 5003 3046 5072 requirere,
3086 5019 3148 5056 ne
3183 5003 3336 5057 detur
3364 5007 3603 5058 occasio.
3641 5005 3774 5060 Sub-

2177 5092 2513 5162 intelligitur,
2544 5110 2613 5149 ne
2649 5095 3046 5151 deturoccasio
3080 5097 3163 5151 vel
3190 5097 3430 5168 maligno
3459 5098 3688 5153 diabolo
3709 5097 3772 5153 ad

2175 5185 2495 5240 tentandum
2520 5226 2534 5252 ,
2589 5186 2671 5240 vel
2717 5185 2979 5244 fratribus
3007 5189 3075 5243 ad
3102 5188 3370 5259 superﬂua
3410 5189 3767 5260 loquendum,

2177 5277 2320 5331 sicut
2364 5276 2557 5332 beatus
2605 5275 2896 5333 Cassianus
2941 5279 3055 5333 ait:
3090 5278 3511 5347 Reticientibus,
3571 5281 3766 5351 inquit,

2176 5367 2440 5422 fratribus
2477 5375 2679 5422 sancta:
2719 5367 2980 5425 lectiones
3017 5369 3265 5442 legantur
3304 5381 3536 5441 propter
3575 5388 3763 5441 super-

2175 5457 2314 5513 lluas
2346 5466 2400 5512 et
2425 5459 2627 5513 otiosas
2648 5457 2860 5514 fabulas
2885 5469 2941 5516 et
2972 5462 3206 5516 maxime
3234 5463 3616 5517 contentiones
3646 5477 3764 5532 qua:

2174 5551 2488 5621 frequenter
2516 5551 2692 5606 solent
2725 5553 2793 5607 ad
2819 5569 3062 5608 mensam
3087 5554 3362 5609 edentium
3394 5555 3670 5625 generari.

2247 5642 2369 5698 Nisi
2413 5644 2547 5714 forte
2580 5645 2728 5715 prior
2777 5645 2994 5700 voluerit
3036 5664 3130 5718 pro
3173 5647 3528 5716 aediﬁcatione
3558 5647 3761 5717 aliquid

2175 5733 2398 5788 breviter
2417 5735 2609 5788 dicere.
2651 5734 2789 5789 Hinc
2814 5735 3032 5805 quidam
3073 5737 3462 5792 monachorum
3502 5739 3759 5808 magister

2175 5825 2288 5880 ait:
2317 5823 2400 5882 Ad
2420 5840 2663 5883 mensam
2688 5825 2868 5884 nullus
2892 5827 3107 5898 penitus
3135 5835 3334 5898 praeter
3361 5827 3616 5884 abbatem
3637 5869 3655 5895 ,
3684 5841 3749 5882 re
