3994 6458
169 372 283 432 873

1236 361 1589 427 COMMENT.
1629 359 1697 419 IN
1731 358 1892 416 RBG.
1930 355 1988 414 S.
2026 355 2408 414 BENEDICTI.

3333 346 3438 408 874

170 487 266 547 cui
287 485 411 559 ipse
441 487 790 560 praceperit.
828 499 929 557 pro
955 480 1227 540 communi
1256 480 1582 537 necessitate
1604 477 1751 548 loqui
1781 477 1831 537 Α
1855 471 2022 527 Paulo
2085 485 2243 528 servo
2298 469 2396 525 Dei
2445 468 2688 542 quotidie
2751 467 3077 524 vescendum
3127 472 3436 536 paraverat.

172 585 496 654 praesumat.
537 577 645 634 Sed
692 593 882 633 omnes
923 577 1133 631 intento
1177 573 1360 629 animo
1397 571 1602 643 gratias
1642 569 1766 624 red-

174 675 371 730 dentes
391 670 640 728 creatori
668 671 722 726 in
750 668 1007 725 cordibus
1042 667 1156 724 suis
1173 707 1190 733 ,
1220 667 1328 722 cibi
1358 681 1423 721 ac
1449 673 1611 736 potus
1638 663 1766 718 soli-

176 775 544 823 taemensurae
572 764 858 835 largitione
902 761 1170 818 fruantur.
1225 760 1295 816 Et
1336 767 1600 830 quantum
1628 755 1766 810 alius

176 856 415 920 reﬁciat,
446 854 628 912 nullus
659 855 891 910 invicem
929 852 1254 925 vagantibus
1286 849 1460 906 oculis
1497 845 1768 904 curiosius

176 956 353 1013 notet,
388 949 484 1004 sed
512 947 888 1019 unusquisque
915 954 1040 1001 ante
1069 961 1128 1002 se
1165 943 1412 1014 aspiciat.

257 1046 453 1106 Frater
494 1055 670 1102 autem
709 1047 873 1102 lector
919 1043 1359 1100 hebdomadarius
1386 1040 1610 1111 accipiat
1638 1039 1797 1115 mia»,

178 1153 293 1196 tum
316 1141 624 1211 priusquam
654 1140 871 1210 incipiat
900 1136 1086 1208 legere,
1119 1147 1329 1207 propter
1352 1132 1770 1188 communionem
1828 1182 1834 1186 .

177 1242 445 1298 sanctam,
487 1241 537 1287 et
579 1248 643 1286 ne
672 1231 807 1302 forte
844 1247 998 1302 grave
1035 1231 1100 1285 sit
1131 1229 1178 1283 ei
1195 1228 1462 1299 jejunium
1491 1225 1768 1280 sustinere.

187 1323 380 1379 Postea
405 1333 578 1376 autem
605 1338 723 1390 cum
765 1321 1002 1392 coquinw
1029 1317 1452 1375 hebdomadariis
1483 1324 1532 1370 et
1562 1313 1772 1370 servito-

182 1413 331 1468 ribus
362 1413 587 1482 reﬁciat.
630 1410 786 1479 Quod
831 1401 996 1475 dicit‘,
1045 1408 1546 1479 accipiatmixtum,
1577 1418 1772 1476 panem

182 1506 512 1578 intelligitur
540 1505 701 1560 simul
731 1513 788 1560 et
822 1504 1028 1559 vinum.
1069 1501 1126 1558 ln
1169 1501 1352 1557 multis
1379 1501 1524 1555 enim
1552 1498 1774 1570 provin-

181 1599 289 1656 ciis
316 1599 476 1670 panis
509 1607 720 1653 tantum
747 1606 802 1653 et
825 1597 1009 1652 vinum
1043 1595 1187 1666 quod
1223 1609 1390 1664 super
1416 1594 1586 1649 altare
1613 1591 1776 1648 oﬂ'er-

182 1699 298 1756 tur,
343 1691 566 1745 mixtum
599 1697 845 1744 vocatur.
904 1687 1135 1758 Propter
1173 1686 1614 1744 communionem
1651 1699 1776 1739 san-

180 1793 330 1843 ctam
391 1784 560 1848 dicit,
614 1798 684 1839 ne
727 1781 933 1853 aliquid
979 1780 1102 1836 inde
1149 1788 1425 1851 sumptum
1475 1789 1774 1834 cxscreans

185 1876 440 1950 projiciat
465 1878 520 1932 in
545 1886 725 1948 sputo.

261 1969 478 2027 Fratres
507 1982 685 2026 autem
712 1987 818 2026 non
841 1986 936 2041 per
952 1970 1192 2026 ordinem
1220 1967 1396 2039 legant
1425 1975 1515 2021 aut
1541 1974 1773 2031 cantent,

187 2064 281 2122 sed
300 2066 391 2136 qui
425 2065 694 2134 aediﬁcant
730 2063 1022 2118 audientes.
1079 2062 1217 2117 llinc
1250 2060 1448 2116 iterum
1483 2058 1778 2113 monacho-

188 2169 316 2211 rum
365 2155 628 2227 magister
672 2155 788 2210 ait:
819 2153 990 2225 Legat
1033 2166 1272 2222 namque
1319 2150 1584 2221 disposite
1609 2148 1781 2204 lector

188 2261 299 2304 non
348 2247 625 2319 urgendo,
684 2253 746 2302 ut
805 2245 1046 2316 apertius
1092 2242 1339 2313 occupati
1386 2256 1450 2296 ea
1509 2239 1784 2311 auditores

190 2345 491 2410 agnoscant
520 2352 642 2407 qua:
668 2351 764 2393 eos
792 2335 951 2392 factis
977 2341 1228 2405 oporteat
1271 2331 1584 2402 adimplere.
1640 2330 1708 2385 Et
1736 2329 1784 2385 si

190 2447 298 2503 qua
326 2439 453 2487 sunt
490 2430 742 2503 ambigua
767 2438 864 2485 aut
897 2429 1128 2485 obscura
1148 2469 1164 2494 ,
1195 2425 1438 2500 apertius
1475 2424 1616 2482 lecta
1649 2421 1787 2479 faci-

191 2524 300 2582 lius
325 2524 714 2597 intelligantur.

725 2615 954 2675 CAPUT
1000 2614 1246 2672 XXXIX.

675 2708 757 2764 De
785 2725 1032 2764 mensura
1065 2708 1326 2763 ciborum.

257 2801 519 2872 'Sufjicere
539 2799 800 2855 credimus
824 2802 892 2853 ad
918 2797 1245 2867 refectionem
1271 2795 1660 2868 quotidianam,
1681 2802 1790 2849 tam

199 2905 359 2950 sextae
376 2907 534 2964 quam
568 2907 744 2956 nonce,
767 2890 1006 2945 omnibus
1028 2889 1221 2944 mensis
1251 2897 1398 2943 cocta
1423 2886 1530 2941 duo
1548 2884 1790 2957 pulmen-

201 2985 341 3038 taria
363 2991 574 3052 propter
595 2981 921 3036 diversorum
943 2979 1315 3050 infirmitates;
1340 2987 1394 3032 ut
1428 2977 1582 3047 forte,
1612 2977 1704 3047 qui
1727 2991 1793 3030 ea:

200 3091 306 3130 uno
331 3090 435 3128 non
459 3074 674 3144 poterit,
706 3089 772 3128 ea:
799 3072 905 3127 alio
935 3071 1226 3142 reﬁciatur.
1270 3069 1414 3140 Ergo
1434 3070 1540 3123 duo
1562 3067 1796 3139 pulmen-

201 3167 343 3222 taria
363 3175 511 3220 cocta
536 3163 793 3235 fratribus
821 3163 1116 3236 sufficiant,
1162 3173 1208 3217 et
1240 3163 1286 3217 si
1324 3160 1519 3229 fuerint
1557 3159 1680 3214 inde
1709 3175 1797 3228 po-

201 3273 326 3321 ma,
378 3264 472 3310 aut
512 3255 782 3310 nascentia
810 3253 1164 3326 leguminum,
1212 3250 1446 3306 addatur
1470 3258 1520 3304 et
1561 3250 1793 3303 tertium.

205 3348 345 3406 Hinc
371 3349 614 3405 Isidorus
653 3347 732 3403 ait
774 3366 788 3402 :
837 3346 896 3403 ln
931 3346 1182 3417 utrisque
1205 3342 1544 3416 temporibus
1571 3343 1797 3398 reiectio

207 3454 414 3496 mensae
442 3439 617 3495 tribus
649 3438 756 3494 erit
785 3437 1108 3509 pulmentis,
1158 3435 1370 3492 olerum
1398 3433 1607 3490 scilicet
1635 3441 1690 3490 et
1717 3433 1798 3489 le-

209 3531 515 3605 guminum,
543 3539 600 3587 et
628 3530 671 3586 si
701 3531 830 3600 quid
859 3529 1076 3586 tertium
1107 3526 1212 3601 fuit
1237 3540 1544 3598 pomorum.
1582 3523 1720 3580 llinc
1747 3531 1804 3579 et

209 3625 431 3697 quidam
458 3625 855 3680 monachorum
885 3620 1147 3692 magister
1190 3620 1268 3674 ait
1297 3638 1309 3673 :
1347 3616 1610 3674 Suﬁioere
1645 3631 1801 3670 nam-

211 3731 318 3788 que
370 3715 644 3771 credimus
701 3713 768 3770 ad
818 3711 1173 3770 refectionem
1219 3709 1596 3782 quotidianam
1623 3748 1638 3773 ,
1691 3715 1805 3762 tam

212 3817 380 3866 sextae
410 3823 570 3877 quam
601 3822 788 3870 nonae,
837 3803 1089 3873 omnibus
1134 3802 1342 3858 mensis
1371 3806 1527 3857 cocta
1557 3799 1663 3854 duo
1686 3797 1808 3869 pul.

212 3900 516 3964 mentaria,
543 3908 600 3954 et
631 3897 851 3954 tertium
887 3895 1247 3966 quodcunque
1284 3890 1448 3946 fuerit
1482 3889 1711 3946 crudum
1740 3888 1808 3943 de

211 3993 406 4065 pomis.
446 3991 682 4048 Festivis
726 4005 858 4046 vero
907 3989 1131 4052 diebus,
1174 4002 1276 4057 pro
1305 3984 1609 4041 reverentia
1637 3985 1809 4038 sacrze

214 4083 578 4141 solemnitatis
627 4081 873 4153 pluribus
912 4079 1081 4145 cibis,
1128 4077 1184 4132 id
1210 4086 1328 4143 est,
1367 4076 1538 4131 ternis
1572 4075 1656 4130 vel
1685 4089 1814 4143 qua-

219 4177 390 4248 ternis
441 4174 667 4232 ferculis
710 4181 837 4229 sunt
881 4185 1112 4242 corpora
1154 4169 1477 4234 reﬁcienda;
1523 4167 1604 4222 sic
1630 4175 1812 4222 tamen

218 4280 282 4326 ut
302 4271 458 4342 plura
489 4277 616 4324 sunt
645 4266 847 4324 cibaria
879 4279 1137 4330 numero,
1172 4264 1283 4320 sint
1323 4261 1568 4327 minora,
1604 4269 1665 4315 ut
1693 4273 1815 4315 cor-

216 4377 353 4434 pora
387 4359 696 4417 necessario
731 4358 853 4414 cibo
887 4356 1222 4420 reﬁciantur,
1263 4369 1372 4410 non
1411 4353 1581 4409 nimia
1619 4350 1816 4407 saturi-

219 4464 334 4512 tate
360 4457 702 4510 damnentur.
744 4450 971 4518 Quando
999 4450 1055 4504 in
1083 4463 1270 4504 mensa
1294 4446 1449 4503 cibus
1469 4444 1814 4502 administra-

219 4554 334 4610 tur,
365 4543 545 4600 nullus
587 4543 741 4614 prius
767 4542 949 4597 cibum
984 4539 1258 4602 comedat,
1302 4551 1467 4608 quam
1497 4536 1713 4608 signum
1745 4534 1814 4590 ad

216 4634 656 4693 benedicendum
708 4632 942 4687 insonet.
1001 4630 1069 4686 Et
1113 4645 1238 4684 cum
1277 4629 1487 4699 signum
1517 4625 1809 4692 audierint,

215 4743 331 4784 una
382 4739 517 4782 voce
564 4723 1001 4780 benedictionem
1043 4728 1256 4792 rogent.
1339 4719 1581 4788 Quorum
1625 4731 1817 4772 vocem

218 4817 395 4875 abbas
423 4815 792 4886 subsequitur,
825 4815 1013 4871 dicens
1038 4832 1050 4868 :
1085 4814 1348 4869 Dominus
1377 4811 1630 4883 dignetur
1652 4811 1820 4866 bene-

221 4913 426 4970 dicere.
466 4911 604 4967 lllud
635 4910 908 4982 praecipue
951 4908 1296 4966 decernimus
1339 4916 1399 4961 ut
1439 4905 1616 4961 nullus
1661 4905 1820 4960 alteri

225 5005 356 5061 dare
385 5020 450 5059 ex
483 5017 734 5058 mensura
758 5017 856 5059 sua
874 5042 892 5069 ,
922 5000 1008 5055 vel
1035 5001 1282 5070 accipere
1313 4999 1383 5053 ab
1418 4997 1591 5054 altero
1616 5012 1821 5068 praesu-

225 5104 362 5161 mat,
392 5103 592 5168 prieter
618 5093 891 5160 abbatem,
919 5092 1001 5148 vel
1029 5091 1404 5164 praepositum,
1442 5089 1530 5145 cui
1559 5089 1628 5145 ab
1654 5089 1820 5144 abba-

228 5197 286 5246 te
319 5188 671 5244 commissum
700 5195 804 5243 est.
1375 5236 1377 5238 .

304 5279 470 5336 Panis
499 5280 636 5338 libra
658 5296 770 5334 una
810 5293 1070 5350 propensa
1099 5278 1322 5350 suﬁciat
1352 5278 1409 5332 in
1446 5275 1556 5343 die,
1583 5277 1691 5330 sive
1713 5291 1820 5329 una

230 5374 300 5430 sit
341 5373 573 5444 refectio,
615 5371 722 5426 sive
760 5371 974 5442 prandii
1011 5379 1061 5426 et
1093 5386 1271 5426 ciente.
1312 5368 1468 5436 Quod
1496 5368 1543 5424 si
1564 5367 1824 5424 cmnaturi

231 5476 375 5531 sunt,
401 5467 466 5521 de
503 5465 686 5521 eadem
725 5464 862 5519 libra
895 5465 1050 5519 tertia
1085 5480 1210 5536 pars
1235 5481 1269 5517 a
1298 5461 1573 5518 cellerario
1608 5475 1828 5516 reserue-

235 5571 326 5616 tur
354 5558 622 5616 reddenda
654 5557 960 5614 canaturis.
999 5557 1138 5614 Hinc
1163 5557 1292 5614 item
1321 5557 1466 5613 idem
1487 5555 1833 5628 supradictus

239 5654 498 5724 magister
525 5653 637 5708 ait:
688 5651 894 5706 Medius
920 5651 1078 5722 panis
1105 5665 1340 5721 pensans
1382 5648 1576 5705 libram
1607 5645 1838 5720 singulis

240 5745 503 5802 fratribus
533 5746 588 5801 in
633 5745 722 5800 die
749 5743 1004 5811 sufﬁciat,
1032 5745 1328 5801 secundum
1370 5744 1600 5800 fortnam
1640 5742 1836 5802 divina)

245 5839 684 5913 dispensationis.
725 5835 862 5894 Cum
897 5836 1138 5893 medium
1161 5836 1320 5911 panis
1363 5836 1603 5897 calestis
1638 5850 1838 5896 corvus

689 5932 980 6032 “1591':
1008 5927 1117 6031 911.

1866 561 2090 631 Quando
2119 575 2250 632 ergo
2285 560 2353 616 ad
2381 568 2589 617 sextam
2632 560 2823 615 horam
2855 565 3096 628 tempore
3132 556 3322 611 aestivo
3357 554 3446 611 vel

1865 654 1988 710 aliis
2021 653 2350 724 temporibus
2376 653 2626 707 reﬁciunt
2647 692 2663 717 ,
2704 651 2865 707 tertia
2896 650 3064 720 ipsius
3089 649 3310 720 quadra:
3337 648 3445 704 Do-

1866 746 2050 804 minici
2079 746 2234 816 panis
2257 785 2272 811 ,
2323 759 2355 800 a
2389 743 2670 800 cellerario
2699 758 2797 814 per
2835 740 3076 797 omnium
3107 753 3354 794 annonas
3389 737 3448 795 in

1868 838 2092 894 cellario
2123 837 2430 901 subtracta,
2463 849 2589 891 sero
2611 842 2738 889 ante
2764 833 2912 889 illum
2950 831 3178 887 crudum
3206 828 3455 900 pulmen-

1868 931 2071 986 tarium
2116 927 2460 985 inferendum
2506 925 2714 982 mensis
2761 933 3018 996 ponatur.
3082 921 3235 991 Quod
3270 929 3455 977 autem

1870 1025 2042 1081 dicit:
2080 1024 2232 1095 panis
2280 1021 2416 1076 libra
2461 1037 2569 1076 una
2595 1035 2852 1090 propensa
2876 1058 2892 1083 ,
2942 1026 3070 1072 ante
3106 1024 3332 1087 pensata
3368 1013 3455 1070 vel

1869 1117 2066 1173 librata
2095 1113 2435 1185 intelligitur.
2476 1110 2612 1167 Nam
2641 1118 2698 1167 et
2724 1109 3094 1182 supradictum
3118 1106 3456 1178 pulmentum

1871 1226 1903 1266 a
1931 1210 2078 1282 pulte
2106 1224 2304 1267 nomen
2338 1207 2455 1278 ejus
2503 1216 2587 1263 est
2633 1206 2958 1263 derivatum.
3010 1201 3137 1257 Sive
3165 1201 3308 1257 enim
3343 1199 3461 1258 sola

1875 1305 2064 1377 pultis,
2107 1304 2224 1360 sive
2252 1302 2398 1358 aliud
2428 1301 2558 1371 quid
2585 1297 2828 1369 ejusdem
2857 1294 3240 1368 permixtionis
3267 1293 3463 1349 ordine

1876 1399 2220 1470 componitur
2247 1405 2303 1453 et
2332 1395 2586 1458 sumitur,
2621 1391 2957 1464 pulmentum
2986 1386 3206 1460 proprie
3242 1385 3466 1441 dicitur.

1876 1491 2237 1564 Leguminum
2267 1496 2449 1544 autem
2475 1484 2752 1542 nascentia
2781 1481 3094 1540 eorumdem
3131 1477 3466 1551 leguminum

1877 1585 2254 1658 intelliguntur
2288 1583 2533 1655 gramina
2556 1622 2572 1648 ,
2601 1596 2723 1652 qua:
2747 1595 2869 1635 cum
2909 1583 3065 1634 aceto
3090 1574 3176 1631 vel
3200 1573 3324 1630 aliis
3351 1572 3465 1629 [τυ.

1875 1680 2055 1736 ctibus
2080 1679 2379 1750 composita
2407 1677 2474 1733 ad
2505 1674 2900 1732 comedendum
2927 1683 3054 1730 sunt
3081 1679 3223 1744 apta.

1952 1770 2106 1837 Quod
2156 1771 2203 1825 si
2253 1768 2403 1823 labor
2439 1766 2575 1837 forte
2615 1765 2787 1835 factus
2825 1764 2985 1836 fuerit
3023 1764 3229 1835 major,
3275 1763 3333 1818 in
3380 1778 3473 1816 ar-

1801 1852 1850 1914 Β
1879 1862 2030 1918 bitrio
2068 1869 2118 1915 et
2166 1867 2422 1930 potestate
2471 1855 2674 1911 abbatis
2733 1856 2832 1910 erit
2883 1856 2928 1910 si
2975 1853 3219 1927 expediat
3269 1849 3472 1923 aliquid

1877 1969 2087 2026 augere.
2159 1949 2299 2006 Hinc
2346 1948 2582 2005 Basilius
2624 1946 2701 2002 ait
2735 1965 2749 2001 :
2781 1947 2849 2002 lli
2879 1947 2970 2017 qui
3012 1952 3256 2017 praesunt
3279 1942 3472 1998 obser-

1877 2045 2085 2100 vabunt
2114 2041 2359 2112 regulam
2395 2040 2543 2095 illam
2568 2053 2690 2108 qua:
2720 2037 2852 2094 dicit
2879 2056 2893 2092 :
2931 2036 3278 2091 Dividebatur
3300 2035 3479 2105 singu-

1881 2133 1948 2188 lis
1973 2142 2127 2204 prout
2173 2133 2360 2204 cuique
2391 2147 2520 2211 opus
2554 2139 2689 2184 erat.
2750 2129 2922 2184 Debet
2945 2141 3077 2199 ergo
3117 2139 3480 2197 unumquem-

1883 2243 1990 2299 que
2017 2227 2342 2299 pnevenire,
2372 2231 2431 2278 ut
2461 2222 2760 2279 secundum
2807 2220 3048 2278 laborem
3092 2220 3258 2276 etiam
3283 2217 3478 2276 solatia

1885 2317 2200 2374 refectionis
2225 2315 2488 2372 inveniat.
2523 2313 2799 2382 Quantum
2819 2313 2964 2369 enim
2987 2319 3196 2383 spectat
3223 2311 3293 2366 ad
3321 2308 3477 2375 vitia,

1884 2409 2104 2484 penitus
2133 2408 2519 2466 abstinendum
2542 2415 2656 2474 est;
2709 2413 2972 2476 quantum
2993 2411 3179 2460 autem
3208 2403 3275 2459 ad
3304 2402 3480 2467 cibos,

1886 2511 2049 2576 prout
2075 2517 2208 2558 usus
2235 2483 2594 2572 deposcit'vel
2622 2508 2755 2554 aetas
2781 2538 2798 2564 ,
2844 2497 2931 2553 vel
2976 2494 3154 2559 labor,
3204 2494 3290 2550 vel
3317 2495 3485 2550 robur

1887 2597 2156 2668 corporis,
2187 2594 2270 2650 vel
2312 2591 2726 2649 incommoditas
2777 2590 2914 2663 ejus,
2964 2588 3041 2644 ita
3069 2586 3236 2644 etiam
3291 2587 3485 2644 modus

1887 2697 1946 2745 et
1970 2687 2204 2758 qualitas
2233 2683 2625 2756 temperabitur
2652 2681 2778 2738 cibi.

1962 2778 2185 2835 Remota
2215 2794 2326 2850 prie
2357 2776 2598 2832 omnibus
2627 2772 2881 2846 crapula,
2911 2780 2970 2827 ut
3005 2786 3275 2842 nunquam
3303 2768 3487 2826 subre-

1889 2881 1979 2945 pat
2007 2869 2266 2926 monacho
2297 2868 2616 2940 indigeries;
2651 2867 2777 2938 quia
2804 2864 2936 2920 nihil
2965 2865 3042 2919 sic
3066 2861 3392 2918 contrarium
3411 2867 3491 2918 est

1891 2965 2033 3020 omni
2057 2960 2364 3018 Christiano
2391 2959 2652 3031 quomodo
2682 2957 2934 3030 crapula,
2961 2958 3096 3013 sicut
3122 2957 3196 3011 ait
3232 2954 3491 3010 Dominus

1894 3064 2071 3110 noster
2094 3071 2112 3108 :
2147 3051 2330 3108 Videte
2354 3068 2418 3107 ne
2440 3062 2728 3124 graventur
2748 3048 2911 3103 corda
2933 3057 3105 3103 vestra
3125 3048 3180 3101 in
3201 3043 3420 3116 crapula
3441 3051 3492 3102 et
3598 3067 3607 3077 ·

1897 3145 2146 3200 ebrietate
2167 3143 2326 3215 (Luc.
2354 3141 2493 3214 ut).
2515 3139 2748 3212 Crapula
2773 3139 2974 3194 dicitur
3006 3137 3364 3193 immoderata
3393 3149 3491 3192 vo-

1823 3215 1869 3278 (ἶ
1902 3235 2123 3290 racitas.
2147 3231 2378 3304 Crapula
2402 3231 2548 3286 enim
2573 3230 2736 3294 dicta,
2758 3228 2915 3299 quasi
2942 3227 3109 3283 cruda
3135 3226 3315 3298 epula,
3339 3223 3498 3294 cujus

1902 3325 2168 3381 cruditate.
2191 3339 2286 3379 cor
2307 3330 2569 3394 gravatur
2590 3329 2649 3377 et
2673 3318 3300 3390 stomachusindigestus
3323 3315 3491 3373 cilici-

1904 3425 2009 3473 tur.
2039 3415 2191 3472 Unde
2212 3423 2269 3470 et
2292 3413 2578 3485 sequitur:
2611 3410 2680 3467 Et
2705 3417 2764 3466 ut
2786 3425 3065 3481 nunquam
3092 3410 3352 3482 subrepat
3372 3423 3497 3490 ,πηο-

1905 3511 2082 3566 nacho
2109 3509 2423 3581 indigeries,
2455 3506 2509 3564 id
2537 3515 2652 3571 est,
2684 3505 2999 3562 indeductio
3025 3506 3249 3561 ventris.
3279 3505 3356 3561 De
3382 3520 3504 3562 cra-

1905 3600 2030 3671 pula
2065 3599 2210 3656 enim
2262 3597 2524 3656 Dominus
2551 3597 2666 3653 sit:
2729 3595 2911 3653 Videte
2940 3613 3003 3652 ne
3029 3607 3314 3668 graventur
3337 3595 3504 3652 corda

1906 3702 2080 3748 uestra
2113 3693 2170 3746 in
2192 3690 2412 3763 crapula
2435 3701 2484 3747 et
2505 3690 2777 3755 ebrietate,
2809 3696 2919 3746 etc.
2958 3687 3178 3758 Repleri
3199 3688 3347 3743 enim
3375 3701 3505 3744 ven-

1908 3793 2048 3842 trem
2080 3793 2137 3841 et
2164 3783 2384 3856 gravari
2415 3798 2482 3839 ex
2510 3781 2649 3838 cibis
2678 3780 2833 3836 valde
2869 3779 3060 3836 inutile
3087 3786 3176 3836 est
3210 3778 3498 3846 monacho,

1907 3887 1964 3934 et
1991 3879 2060 3932 ad
2087 3891 2250 3933 omne
2299 3890 2436 3946 opus
2483 3873 2686 3930 bonum
2734 3871 3106 3936 contrarium,
3137 3870 3264 3940 quia
3290 3869 3381 3941 qui
3418 3869 3504 3926 ni-v

1908 3969 2079 4024 mium
2103 3967 2242 4024 cibis
2270 3967 2460 4030 utitur,
2475 3973 2679 4035 quanto
2704 3963 2878 4035 magis
2898 3949 3143 4018 ventrem
3161 3961 3357 4032 pascit,
3381 3968 3504 4017 tan-

1912 4067 1968 4114 to
1993 4058 2226 4128 amplius
2250 4071 2470 4112 sensum
2507 4055 2708 4111 mentis
2732 4055 3004 4108 obtundit.

1985 4148 2178 4204 Pueris
2206 4165 2323 4203 vero
2353 4147 2548 4202 minori
2577 4155 2733 4202 (etate
2757 4163 2860 4201 non
2886 4145 3069 4201 eadem
3087 4152 3504 4217 serreturquan-

1915 4241 2060 4306 titas,
2083 4240 2175 4295 sed
2208 4238 2380 4295 minor
2417 4221 2578 4311 quam
2615 4236 2935 4308 majoribus,
2957 4244 3160 4292 servata
3187 4236 3242 4290 in
3262 4233 3506 4291 omnibus

1917 4333 2192 4389 parcitate.
2218 4331 2359 4387 Hinc
2380 4330 2645 4402 magister
2679 4329 2756 4383 ait
2787 4346 2801 4384 :
2839 4327 3133 4400 Majoribus
3153 4341 3284 4382 vero
3312 4325 3511 4383 duode-

1918 4427 2026 4484 cim
2047 4426 2205 4482 annis
2238 4424 2421 4480 minus
2445 4438 2474 4478 a
2502 4422 2638 4479 Lbra
2663 4422 2825 4494 panis
2853 4422 2908 4477 in
2941 4421 3027 4477 die
3048 4417 3299 4476 snﬂlciat.
3323 4418 3511 4488 Quan-

1920 4519 2049 4574 titas
2069 4517 2216 4572 enim
2246 4515 2447 4572 dicitur
2469 4515 2779 4580 modicitas,
2795 4513 2886 4570 .vel
2909 4513 3208 4587 granditas.
3234 4511 3388 4568 Dicta
3413 4527 3509 4568 au-

1921 4621 2029 4667 tem
2053 4627 2085 4666 a
2111 4624 2390 4674 mensura,
2427 4623 2548 4679 qua:
2572 4615 2679 4672 est,
2706 4616 2970 4679 quantum
2993 4605 3083 4662 sit.
3109 4605 3214 4662 Per
3225 4620 3346 4661 eam
3364 4605 3512 4661 enim

1919 4705 2003 4761 vel
2029 4704 2171 4777 plus,
2202 4703 2285 4758 vel
2317 4702 2497 4758 minus
2527 4699 2857 4757 ostenditur.
2913 4697 3158 4754 Parcitas
3195 4697 3343 4754 enim
3373 4705 3511 4754 tem-

1919 4797 2168 4871 perantia
2198 4804 2305 4861 est,
2336 4809 2457 4866 qua:
2478 4808 2510 4849 a
2539 4790 2814 4866 parcendo
2840 4805 3038 4846 nomen
3065 4789 3293 4860 accepit.

1995 4910 2253 4967 Carnium
2291 4923 2410 4964 uero
2449 4903 2851 4978 quadrupedum
2889 4903 3102 4958 omnino
3147 4899 3213 4954 ab
3270 4898 3514 4955 omnibus

1922 5005 2249 5060 abstineatur
2259 5000 2528 5066 comestio,
2550 5007 2742 5070 pra'ter
2758 4997 2970 5052 omnino
2985 4991 3177 5050 debiles
3197 5000 3248 5048 et
3267 5001 3515 5064 agrotos.

1928 5098 2070 5154 Hinc
2110 5095 2366 5151 Aurelius
2409 5093 2579 5149 dicit:
2619 5091 2828 5148 Carnes
2877 5091 2932 5146 in
2975 5087 3096 5146 cibo
3122 5101 3398 5158 nunquam
3423 5101 3517 5142 su-

1930 5195 2172 5244 mantur.
2211 5186 2350 5242 Pulli
2381 5200 2512 5242 vero
2547 5183 2634 5241 vel
2682 5183 2854 5240 altilia
2903 5189 3100 5238 cuncta
3129 5180 3184 5236 in
3218 5191 3522 5250 congrega-

1930 5282 2078 5337 tione
2100 5293 2210 5334 non
2237 5277 2634 5334 ministrentur.
2676 5273 2910 5331 lnﬁrmis
2929 5288 3062 5328 vero
3093 5276 3303 5325 tantum
3335 5267 3519 5339 provi-

1933 5372 2148 5437 deatur,
2201 5375 2261 5426 et
2290 5367 2540 5438 accipere
2568 5367 2748 5423 liceat.
2789 5363 2928 5419 Hinc
2967 5361 3305 5417 Fructuosus
3340 5358 3515 5415 dicit:

1932 5463 2166 5520 Carnem
2189 5462 2438 5532 cuiquam
2465 5475 2568 5516 nec
2589 5455 2838 5515 sumendi
2868 5469 2969 5510 nec
2993 5451 3245 5526 gustandi
3279 5459 3365 5508 est
3389 5466 3523 5510 con-

1934 5572 2089 5614 cessa
2117 5555 2338 5613 licentia
2362 5597 2378 5620 ,
2429 5569 2540 5610 non
2578 5551 2724 5623 quod
2758 5556 3067 5604 creaturam
3095 5545 3190 5603 Dei
3213 5547 3522 5618 judicemus

1935 5648 2238 5720 indignam,
2263 5646 2358 5703 sed
2384 5644 2530 5717 quod
2563 5640 2748 5699 carnis
2776 5639 3106 5696 abstinentia
3135 5637 3286 5695 utilis
3309 5646 3366 5694 et
3395 5645 3520 5708 apta

1935 5742 2223 5799 monachis
2263 5739 2565 5796 mstimetur
2606 5752 2621 5789 :
2673 5741 2922 5790 servatur
2957 5741 3141 5788 tamen
3168 5730 3520 5787 moderamen

1936 5835 2160 5911 pietatis
2193 5847 2324 5906 erga
2356 5835 2682 5902 aegrotorum
2713 5823 3143 5884 necessitudines
3171 5864 3189 5894 ,
3235 5820 3322 5880 vel
3360 5820 3521 5897 longe
