3994 6470
543 374 647 432 875

1824 367 2179 430 SMARAGD!
2206 365 2504 432 "ABBATIS

3717 380 3833 441 8Ἱο

539 484 1000 563 proﬁciscentium
1020 498 1039 554 ;
1063 482 1298 556 qualiter
1321 488 1388 540 ut
1405 489 1466 540 et
1486 480 1790 540 solstitium
1823 484 2009 540 esibus
2035 485 2118 538 in—
2143 487 2197 550 Α
2220 479 2468 550 fratrum,
2501 493 2764 560 tanquam
2803 485 3012 544 Christi
3040 473 3217 546 laetior
3247 487 3416 547 fuerit
3443 491 3612 548 cinis
3636 497 3833 560 gratia

538 582 682 638 ﬁrmi
709 586 1100 644 sustententur,
1123 584 1179 633 et
1198 576 1493 646 longinquo
1524 576 1718 632 itinere
1745 575 2036 643 destinati,
2073 576 2121 633 si

541 681 639 731 aut
663 689 695 728 a
723 671 970 745 principe
1014 669 1099 724 vel
1141 669 1394 740 episcopo
1424 678 1730 740 sperantur,
1770 684 1871 740 pro
1899 669 2120 724 benedi-

537 767 720 827 ctione
753 773 809 822 et
855 763 1159 821 obedientia
1209 763 1496 835 degustare
1540 779 1649 819 non
1694 771 1960 830 metuant,
2006 777 2121 818 ser-

538 867 729 917 vantes
756 855 900 926 apud
941 869 999 912 se
1031 856 1096 910 de
1127 854 1336 924 reliquo
1364 854 1755 912 continentiam
1784 861 2116 910 consuetam.

538 951 692 1020 Quod
725 949 770 1004 si
793 948 916 1020 quis
941 947 1236 1003 monachus
1258 947 1559 1013 violaverit,
1588 956 1644 1004 et
1665 957 1852 1004 contra
1886 949 2122 1004 sanctio-

535 1057 661 1099 nem
675 1040 892 1118 Regula:
908 1055 1174 1112 usumque
1187 1049 1428 1097 veterum
1443 1041 1586 1098 vesci
1601 1041 1855 1098 carnibus
1866 1058 2122 1116 praesum-

441 1173 461 1185 .
533 1133 727 1206 pscrit,
757 1146 851 1187 sex
886 1131 1151 1187 mensium
1186 1132 1358 1201 spatio
1383 1131 1676 1186 retrusioni
1705 1140 1760 1188 et
1781 1133 2120 1202 poenitentiae

538 1223 860 1293 subiacebit.
901 1223 1054 1290 Quod
1083 1230 1262 1278 autem
1285 1223 1418 1278 dicit
1445 1241 1458 1277 :
1493 1222 1709 1290 debiles,
1740 1234 1983 1296 aegrotos,
2009 1240 2120 1280 non

536 1317 693 1382 duas,
721 1324 781 1372 ut
800 1315 1046 1386 plerique
1064 1324 1276 1386 putant,
1307 1318 1401 1371 sed
1423 1331 1585 1370 unam
1615 1324 1825 1371 tantum
1853 1315 2122 1389 signiﬁcat

537 1422 658 1464 esse
690 1393 1009 1479 personam.
1051 1407 1192 1479 Ergo
1239 1407 1431 1462 debilis
1476 1415 1710 1479 aegrotus
1752 1408 1974 1472 dicitur,
2023 1408 2117 1478 qui

533 1498 696 1568 longa
723 1497 810 1553 vel
853 1497 986 1552 dura
1027 1497 1348 1569 egritudine
1389 1512 1610 1567 pressus
1633 1505 1717 1554 est
1734 1538 1748 1564 ,
1776 1498 1846 1552 ad
1872 1497 2122 1553 debilita-

547 1598 660 1646 tem
701 1591 994 1661 perductus
1019 1631 1034 1658 ,
1081 1591 1168 1646 cui
1211 1589 1570 1660 reparationis
1621 1603 1788 1649 causa
1814 1588 1994 1646 victus
2037 1593 2122 1644 est

543 1695 774 1738 carneus
797 1681 1152 1740 adhibendus.

1136 1812 1362 1878 CAPUT
1395 1811 1506 1872 XL.

1046 1926 1126 1984 De
1159 1943 1403 1984 mensura
1428 1933 1602 1996 potus.

609 2039 976 2114 Unusquisque
998 2039 1268 2110 proprium
1296 2037 1449 2092 habet
1471 2036 1668 2091 danunt
1691 2050 1756 2091 ea:
1788 2034 1938 2100 Deo;
1969 2033 2113 2091 alius

535 2133 788 2202 cimolia
812 2146 930 2186 vero
947 2130 1023 2186 sic
1037 2128 1087 2201 (Ι
1106 2125 1230 2182 Cor.
1249 2126 1370 2200 vn).
1402 2126 1558 2193 Quod
1575 2135 1757 2181 autem
1784 2125 1916 2182 dicit
1940 2144 1954 2180 :
1979 2125 2115 2182 alius

538 2231 636 2294 sic,
669 2225 809 2281 alius
833 2239 952 2279 sero
986 2221 1084 2288 sic,
1108 2220 1427 2291 intelligitur
1453 2219 1600 2288 quod
1635 2218 1773 2274 alius
1796 2233 1863 2274 ex
1885 2218 1998 2272 Deo
2029 2218 2118 2274 ba-

534 2321 630 2376 bet
657 2315 999 2374 abstinentiae
1046 2313 1250 2369 donum
1291 2298 1544 2382 amplius,
1575 2310 1716 2366 alius
1744 2324 1876 2366 vero
1909 2311 2111 2366 minus.

537 2414 608 2469 Et
638 2414 759 2468 ideo
786 2425 909 2466 cum
938 2420 1134 2478 magna
1158 2404 1372 2462 cautela
1396 2418 1583 2460 eorum
1618 2404 1774 2460 cibus
1800 2409 1886 2458 est
1911 2410 2117 2490 templ.»

535 2506 771 2569 randus,
812 2501 898 2556 vel
944 2508 1136 2570 potus;
1169 2513 1270 2564 ne,
1304 2496 1434 2552 dum
1469 2495 1558 2551 ille
1581 2495 1674 2565 qui
1704 2495 1886 2550 minus
1912 2493 2117 2564 indiget

534 2604 888 2668 temperatur,
936 2591 1026 2647 ille
1069 2591 1162 2661 qui
1203 2590 1322 2660 plus
1363 2589 1570 2660 indiget
1607 2587 1802 2658 impne
1828 2587 2115 2659 penuriam

534 2690 793 2762 patiatur.
817 2685 1110 2754 Pr0pterea
1134 2682 1384 2752 sequitur

614 2779 684 2832 Et
713 2777 831 2832 ideo
858 2792 978 2830 cum
1001 2774 1180 2845 aliqua
1205 2771 1608 2844 scrupulositote
1633 2789 1668 2826 α
1691 2771 1838 2827 nobis
1867 2788 2116 2828 mensura

533 2873 702 2931 sistas
754 2870 985 2925 oliorum
1034 2867 1387 2922 constituitur.
1471 2863 1874 2934 Scrupulositas
1921 2864 2118 2919 dicitur

535 2965 801 3022 maestitia
824 3002 841 3030 ,
906 2970 962 3017 et
1009 2960 1296 3025 anxietas,
1347 2956 1684 3021 sollicitudo,
1736 2955 1821 3012 vel
1865 2955 2116 3012 rudestia

537 3070 726 3110 MIHI].

613 3147 808 3200 Tamen
847 3144 1178 3215 inﬁmorum
1213 3149 1513 3208 contuentes
1547 3137 1978 3204 imbecillitatem,
2005 3157 2116 3196 cre-

2223 577 2524 632 cbaritatis.

2295 668 2400 724 Sed
2425 669 2550 740 quia
2578 668 2769 723 nostris
2793 669 3111 740 temporibus
3139 669 3195 723 id
3216 672 3492 726 monachis
3518 678 3830 742 persuade-

2221 760 2271 814 ri
2293 778 2396 815 non
2417 769 2600 832 potest,
2626 760 2812 816 saltem
2836 762 2912 816 uel
2935 764 3033 817 hoc
3058 767 3468 831 consentiamus,
3498 776 3561 820 ut
3593 785 3706 823 non
3740 786 3827 823 trs-

2219 867 2322 924 que
2357 852 2426 905 ad
2455 854 2751 907 satietatem
2782 853 3040 919 bibamus,
3083 855 3175 909 sed
3208 857 3442 925 parcius,
3483 859 3623 929 quia
3653 859 3826 911 riam

2223 954 2520 1016 apostatare
2567 944 2694 1015 facit
2734 946 2872 1000 enim
2913 947 3177 1016 sapientes
3215 947 3394 1018 (Eccl.
3433 948 3530 1018 ι).
3591 949 3826 1018 Aposta-

2224 1044 2342 1092 tare
2383 1037 2582 1092 dicitur
2625 1053 2657 1092 a
2705 1037 2794 1091 via
2836 1038 3062 1108 justitize
3108 1039 3398 1105 recedere,
3438 1057 3472 1094 a
3512 1041 3630 1096 ﬁde
3664 1052 3825 1097 trans—

2219 1125 2416 1197 gredi,
2461 1127 2692 1182 retroire
2715 1166 2732 1192 ,
2782 1127 2866 1182 vel
2910 1143 2942 1181 a
2983 1129 3128 1185 bono
3172 1131 3549 1199 praevaricari.
3625 1133 3826 1189 Verum

2221 1218 2492 1289 quomodo
2524 1219 2708 1274 vinum
2754 1220 3028 1291 sapientes
3074 1220 3239 1276 faciat
3287 1234 3652 1294 apostatare,
3706 1227 3823 1280 dili-

2223 1320 2414 1382 genter
2439 1313 2676 1368 attende.
2717 1312 2829 1374 Noe
2860 1314 3004 1368 enim
3035 1316 3274 1385 sapiens,
3319 1327 3554 1373 sanctus
3591 1329 3654 1373 et
3692 1322 3822 1374 anti-

2219 1405 2518 1474 quissimus
2546 1406 2651 1470 vir,
2683 1421 2844 1475 quem
2873 1393 3038 1461 tantae
3066 1408 3238 1462 moles
3279 1425 3557 1479 aquarum
3605 1427 3722 1465 non
3750 1415 3819 1466 ri-

2223 1502 2430 1562 cerant,
2459 1511 2490 1549 α
2521 1497 2735 1552 odico
2758 1498 2885 1552 vino
2908 1499 3153 1553 devictus
3183 1508 3298 1565 est,
3343 1509 3399 1554 et
3445 1502 3522 1555 ab
3554 1503 3819 1559 ebrietate

2225 1587 2504 1642 dormiens
2548 1588 2802 1643 nudatus.
2842 1588 3218 1644 Patriarcbam
3258 1605 3388 1645 vero
3435 1591 3591 1646 Loth
3641 1595 3817 1649 vinum

2222 1687 2533 1759 apostaqire
2572 1679 2728 1747 fecit,
2773 1683 2990 1751 quando
3015 1691 3204 1737 contra
3234 1694 3490 1738 naturam
3521 1687 3579 1739 in
3612 1686 3818 1744 ﬁliabus

2221 1771 2338 1826 suis
2362 1771 2706 1843 impudenter
2728 1775 3090 1830 commiscuit.
3132 1775 3191 1831 Si
3218 1791 3349 1847 ergo
3371 1779 3593 1832 sanctis
3626 1791 3687 1833 et
3711 1795 3815 1835 ma-

2145 1854 2196 1918 Β
2222 1865 2434 1938 gniﬁcis
2455 1866 2590 1922 viris
2613 1868 2723 1922 vini
2756 1869 2992 1925 ebrietas
3021 1884 3128 1924 non
3167 1871 3440 1940 pepercit,
3473 1881 3696 1940 quanto
3722 1890 3814 1928 rna-

2221 1957 2308 2028 gis
2332 1959 2585 2029 exiguum
2609 1968 2774 2030 atque
2799 1961 3076 2016 inﬁmum
3117 1965 3441 2018 umnacbum
3490 1966 3807 2035 superabit!

2294 2047 2396 2104 Ubi
2423 2059 2600 2106 autem
2632 2051 2735 2106 loci
2763 2055 3044 2109 necessitas
3068 2058 3338 2126 exposcit,
3387 2066 3447 2110 ut
3488 2075 3590 2111 nec
3629 2076 3809 2128 supra-

2220 2140 2418 2209 scripta
2443 2155 2690 2195 mensura
2719 2142 2943 2196 inueniri
2967 2145 3152 2212 possit,
3177 2146 3268 2198 sed
3295 2145 3466 2200 multo
3503 2149 3703 2209 minus.
3728 2159 3808 2203 stu

2219 2247 2286 2285 ex
2312 2240 2420 2286 toto
2465 2231 2617 2299 nihil,
2650 2233 2958 2290 benedicant
2994 2235 3165 2292 Deum
3208 2238 3300 2306 qui
3337 2239 3416 2292 ibi
3449 2240 3734 2306 habitant,
3764 2253 3805 2294 tr

2219 2339 2324 2378 non
2350 2335 2696 2381 murmurant.
2747 2327 2884 2394 Quia
2927 2329 3073 2383 enim
3116 2330 3410 2400 Apostolus
3457 2333 3685 2389 inﬁmo
3732 2334 3804 2390 Ti-

2219 2416 2440 2472 motheo
2485 2417 2679 2474 scribit
2723 2418 2950 2474 dicens:
2994 2419 3204 2475 lodice
3249 2423 3369 2476 uina
3417 2435 3573 2478 utere
3609 2439 3804 2496 propter

2217 2510 2543 2562 stomachum
2589 2519 2735 2564 tuum
2803 2520 2849 2564 et
2895 2512 3187 2583 frequentes
3217 2525 3338 2570 tuos
3373 2518 3718 2586 inﬁrmitates
3760 2521 3806 2592 il

2221 2599 2356 2654 Tim.
2389 2601 2464 2671 v),
2495 2611 2757 2670 quantum
2790 2605 3070 2660 monachis
3107 2609 3410 2662 secundum
3450 2612 3599 2666 vires
3629 2631 3811 2668 mona-

2218 2694 2367 2748 sterii
2404 2710 2503 2764 per
2529 2695 2770 2766 singulos
2797 2695 2916 2753 dies
2940 2698 3096 2770 jussu
3115 2699 3201 2755 vel
3223 2702 3627 2771 dispensatione
3649 2707 3814 2760 abba.

2217 2783 2295 2839 tis
2311 2784 2423 2840 viui
2444 2785 2785 2843 ollertoriun
2811 2788 3106 2858 accipiant,
3129 2797 3186 2844 et
3204 2790 3440 2860 amplius
3455 2794 3672 2862 penitus
3693 2809 3813 2850 non

2218 2875 2520 2944 requirant.

2291 2965 2408 3022 Hoc
2435 2978 2556 3022 ante
2574 2968 2750 3028 omnia
2769 2969 3104 3029 admonentes
3127 2982 3184 3028 ut
3207 2975 3405 3046 absque
3431 2980 3810 3034 murmuratio-

2219 3059 2372 3114 nibus
2403 3061 2526 3115 sint.
2587 3062 2750 3118 Decet
2796 3065 2940 3119 enim
2989 3070 3285 3124 monachos
3331 3071 3454 3124 sine
3497 3089 3808 3128 murinus-a-

2220 3150 2368 3205 tione
2401 3167 2542 3216 esse,
2573 3169 2640 3208 ne
2668 3165 2891 3224 pereant
2917 3163 3338 3228 murmurari-rio,
3365 3163 3517 3219 sicut
3546 3176 3605 3219 et
3634 3167 3708 3220 illi
3733 3183 3813 3238 ps»

538 3241 712 3296 dinms
741 3240 1002 3292 heminam
1040 3237 1146 3290 vini
1171 3251 1263 3306 per
1299 3232 1532 3304 singulos
1574 3233 1805 3304 sufﬁcere
1839 3250 1932 3304 per
1957 3233 2114 3286 diem.
2145 3232 2192 3294 C
2225 3243 2435 3297 tierunt
2473 3244 2566 3312 qui
2608 3245 2664 3299 in
2708 3247 2926 3303 deserto
2954 3265 3466 3319 murmuraverunt,
3520 3269 3584 3311 et
3613 3232 3808 3327 perdita

542 3330 745 3398 Quibus
791 3340 966 3383 autem
1004 3327 1166 3381 donat
1203 3326 1344 3380 Deus
1387 3324 1724 3384 tolerantiam
1767 3325 2116 3392 abstinentia;

535 3425 804 3496 propriam
826 3439 880 3476 se
899 3421 1174 3476 habituros
1195 3417 1484 3473 mercedem
1505 3417 1696 3472 sciant.
1744 3415 1844 3474 llic
1877 3418 1968 3472 iuﬁ
1979 3433 2120 3472 rmo-

538 3533 658 3571 ruzu
686 3515 1110 3570 imbecillitatem
1132 3528 1238 3567 non
1261 3527 1357 3582 pro
1379 3511 1625 3580 corporis
1647 3512 1988 3583 aegritudine,
2024 3513 2120 3568 sed

535 3627 636 3682 pro
659 3610 825 3664 animi
855 3609 986 3663 dicit
1020 3605 1471 3676 impossibilitate.
1513 3603 1630 3659 Non
1663 3606 1809 3660 enim
1845 3607 2122 3662 abstinen-
2192 3653 2194 3655 .

535 3705 668 3758 tiain
697 3701 940 3755 exterius
969 3714 1167 3770 corpus
1200 3697 1344 3752 valet
1380 3696 1633 3766 implere,
1669 3699 1772 3760 nisi
1818 3699 1868 3753 ei
1893 3699 2120 3754 interius

537 3794 758 3848 animus
807 3789 1144 3845 abstinentiae
1194 3789 1550 3844 consenserit.
1592 3787 1733 3843 Sunt
1771 3791 1915 3846 enim
1963 3790 2120 3846 multi

541 3887 634 3956 qui
661 3884 934 3940 abstinere
963 3888 1216 3952 poterant
1245 3890 1468 3949 propter
1507 3894 1823 3935 concessam
1852 3879 2080 3936 salutem
2099 3921 2117 3949 ,

537 3979 631 4034 sed
653 3991 760 4031 non
785 3974 966 4028 valent
985 3981 1204 4043 propter
1223 3973 1390 4026 animi
1418 3970 1866 4030 imbecillitatem.
1891 3971 2120 4028 Hemina

534 4072 680 4128 enim
709 4070 820 4124 viui
849 4068 1103 4140 appendit
1129 4067 1323 4122 libram
1345 4081 1530 4132 suam,
1558 4081 1679 4137 qua:
1701 4068 1973 4138 geminata
1995 4083 2120 4123 sex-

535 4163 735 4218 tarium
765 4161 914 4216 facit.
1489 4235 1494 4238 _

608 4253 760 4320 Quod
801 4254 848 4309 si
877 4260 970 4307 aut
1013 4251 1116 4307 loci
1151 4251 1464 4318 necessitas,
1509 4250 1584 4307 vel
1634 4250 1802 4318 labor,
1835 4260 1928 4307 aut
1957 4252 2120 4307 ardor

535 4347 733 4402 testatis
772 4344 998 4415 amplius
1032 4345 1343 4416 poposcerit,
1386 4345 1442 4398 in
1480 4343 1700 4400 arbitrio
1740 4346 1936 4417 prioris
1953 4347 2120 4401 consi-

535 4446 664 4500 stat,
700 4435 1038 4489 considerans
1075 4436 1131 4489 in
1161 4436 1400 4491 omnibus
1425 4451 1487 4490 ne
1520 4437 1766 4508 subrepat
1785 4439 2000 4494 satietas
2026 4448 2118 4494 aut

535 4525 779 4579 ebrietas.
829 4524 964 4578 Hinc
996 4523 1282 4579 Ferreolus
1309 4525 1424 4579 ait:
1451 4526 1526 4580 De
1559 4528 1826 4584 ebrietate
1868 4545 1999 4585 vero
2027 4545 2118 4585 su-

532 4613 740 4685 perﬂuo
762 4620 890 4684 puto
913 4615 1236 4669 monachum
1256 4618 1625 4684 commoneri,
1648 4635 1772 4674 cum
1803 4619 1888 4674 vel
1902 4662 1916 4687 ,
1939 4622 1986 4677 si
2023 4639 2120 4694 pa-

534 4723 658 4762 rum
679 4706 790 4761 vini
816 4707 1078 4776 accipiat,
1126 4723 1158 4761 a
1199 4710 1489 4780 praeposita
1515 4712 1761 4785 eor-poris
1790 4716 2117 4772 contritione

535 4798 789 4854 declinat.
817 4796 884 4851 Et
901 4796 1025 4851 ideo
1043 4799 1372 4854 monachum
1395 4801 1444 4858 si
1467 4800 1700 4869 ebrium,
1727 4805 1872 4874 quod
1894 4805 2001 4862 dici
2022 4823 2118 4863 ne-

531 4891 622 4952 fas
637 4899 740 4959 est,
763 4891 938 4948 videri
958 4889 1251 4961 aliquando
1267 4894 1574 4966 contigerit,
1604 4896 1790 4954 zelans
1820 4899 1898 4955 illi
1925 4900 2117 4970 pimus

479 5041 482 5044 ,
533 4987 615 5044 ira
644 4984 901 5060 prmeipio
922 4992 984 5040 ut
1014 4983 1235 5055 triginta
1277 4985 1470 5050 diebus
1515 5003 1550 5050 a
1573 4989 1682 5046 vini
1715 4991 1967 5061 portione
1996 5008 2115 5050 sus-

532 5078 824 5147 pendatur,
863 5084 1133 5146 quatenus
1167 5078 1348 5134 omnia
1388 5077 1678 5150 inlusione,
1727 5097 1988 5142 concessa
2032 5087 2114 5146 di-

535 5169 797 5250 gestione,
835 5169 940 5228 hoc
962 5170 1136 5240 spatio
1158 5181 1473 5230 vacuentur.

607 5263 752 5322 Licet
772 5263 1006 5336 legamus
1027 5264 1205 5320 vinum
1225 5266 1439 5324 omnino
1458 5268 1834 5326 monachon
1851 5288 1958 5329 non
1979 5290 2109 5332 esse.

536 5351 640 5411 Ubi
679 5353 786 5411 hoc
824 5354 1088 5426 scriptum
1131 5355 1326 5413 beatus
1358 5356 1684 5418 Benedictus
1720 5361 1932 5434 legerit,
1964 5368 2110 5423 audi.

533 5445 624 5500 Ait
650 5444 798 5501 enim
822 5445 1047 5515 quitiam
1073 5447 1332 5518 antiquus
1356 5447 1578 5506 Patrum
1614 5471 1628 5507 :
1658 5452 1797 5511 Caro
1823 5465 1878 5512 et
1904 5458 2108 5527 vinum,

523 5536 651 5598 sive
684 5545 846 5606 potus
872 5538 928 5592 in
951 5553 1060 5607 quo
1087 5539 1160 5595 sit
1185 5541 1438 5605 ebrietas,
1474 5543 1758 5602 refutanda
1786 5558 1912 5606 sunt
1938 5564 1970 5605 a
2001 5567 2116 5607 mo-

532 5631 744 5694 nachis,
776 5647 875 5686 nec
906 5633 1282 5702 suscipienda,
1328 5637 1528 5706 quibus
1554 5653 1654 5708 pro
1683 5639 1904 5697 Christo
1934 5645 2113 5701 cruci-

532 5718 676 5776 ﬁxus
705 5732 790 5777 est
815 5723 1061 5788 mundus,
1095 5735 1151 5782 et
1179 5727 1284 5795 ipsi
1307 5731 1525 5796 mundo,
1561 5740 1618 5787 et
1647 5731 1810 5788 ferias
1846 5739 2113 5794 monacho

485 5870 490 5875 ,
527 5826 644 5886 ,που
682 5829 804 5872 esse
847 5831 1008 5886 super
1056 5827 1259 5876 terram
1281 5861 1296 5888 ,
1344 5823 1450 5878 nisi
1492 5825 1764 5884 modicum
1789 5827 1850 5884 in
1876 5830 2112 5889 adventu

2223 3333 2460 3388 ﬁliorum
2488 3337 2729 3405 nurnine,
2770 3340 2912 3396 aliud
2951 3345 3249 3400 secundum
3294 3348 3636 3418 Apostolum
3675 3355 3806 3406 acci-

2220 3426 2370 3495 piant
2402 3443 2622 3498 nomen,
2653 3431 2708 3486 id
2732 3443 2835 3500 est,
2867 3450 3320 3507 murmuratores,
3350 3446 3678 3514 quemlosi,
3714 3449 3808 3503 Deo

2221 3518 2472 3576 odibiles.

2807 3635 3040 3694 CAPUT
3075 3640 3209 3697 XLI.

2448 3761 2650 3828 Quibus
2685 3764 2829 3850 ltoris
2859 3779 3092 3850 oporteat
3121 3775 3333 3844 reﬁcere
3362 3779 3591 3849 fratres.

2290 3894 2335 3950 Α
2359 3905 2544 3952 sancto
2568 3895 2779 3954 Pascha
2805 3919 2968 3974 usque
3009 3907 3082 3961 ad
3112 3905 3479 3980 Pentecosten,
3514 3917 3590 3970 ad
3623 3929 3812 3975 suis:

2220 3986 2459 4056 reﬁciant
2503 3988 2732 4058 fratres,
2783 4004 2832 4048 st
2871 3996 2940 4049 ad
2981 4014 3154 4054 seram
3189 4015 3405 4058 omnem.
3453 4007 3606 4063 Hinc
3631 4011 3812 4069 beatos

2219 4078 2460 4135 Isidorus
2484 4082 2599 4136 ait:
2630 4083 2727 4140 tlte
2775 4096 2901 4142 sunt
2948 4087 3096 4145 ferite
3145 4097 3574 4166 monachorum,
3621 4105 3676 4158 in
3702 4105 3813 4175 qui-

2218 4173 2322 4227 bus
2340 4173 2553 4244 jcjunia
2580 4180 3011 4249 conquiescunt:
3041 4184 3100 4240 in
3125 4189 3314 4257 primis
3339 4197 3685 4252 venerabilis

2216 4260 2535 4321 Dominicus
2560 4269 2766 4325 nomini
2788 4270 2992 4329 Christi
3016 4276 3258 4345 dicatus,
3293 4283 3386 4351 qui
3411 4284 3559 4339 sicut
3585 4299 3812 4359 pmpter

2217 4359 2539 4426 mysterium
2583 4366 3001 4426 resurrectionis
3039 4369 3157 4440 eius
3192 4375 3450 4434 solemnis
3501 4391 3627 4446 est,
3665 4386 3737 4440 ita
3765 4396 3814 4440 et

2213 4450 2357 4520 apud
2383 4467 2574 4509 omnes
2618 4470 2810 4514 servos
2850 4460 2967 4530 ejus
2994 4463 3305 4522 celebritate
3357 4473 3603 4527 convivii
3637 4479 3812 4531 votivo

2221 4543 2417 4615 gaudio
2461 4547 2734 4605 retinebit.
2775 4550 2909 4608 Item
2960 4570 2989 4608 a
3035 4558 3208 4625 prima
3253 4560 3340 4615 die
3374 4559 3612 4619 Pascha:
3645 4584 3810 4636 tri-ique

2224 4639 2291 4695 ad
2315 4638 2708 4711 Pentecosten,
2756 4645 2831 4702 ita
2873 4649 3082 4704 scilicet
3129 4653 3402 4708 continuis
3449 4657 3654 4712 diebus
3681 4660 3810 4732 jeju-

2222 4731 2371 4786 nium
2399 4747 2430 4786 a
2459 4736 2662 4791 sanctis
2688 4736 2942 4795 Patribus
2973 4742 3295 4799 dissolutum
3327 4755 3432 4813 est,
3472 4762 3710 4821 propter
3735 4767 3810 4807 ne»

2222 4825 2617 4882 surrectionem
2647 4829 2895 4886 videlicet
2919 4831 3121 4890 Christi
3159 4844 3215 4891 et
3238 4837 3537 4893 adventum
3575 4841 3809 4912 Spiritus

2222 4917 2416 4984 sancti,
2442 4926 2503 4972 ut
2529 4921 2586 4974 hi
2627 4921 2744 4977 dies
2790 4939 2898 4980 non
2935 4927 2989 4980 in
3023 4929 3192 5000 ﬁgura
3220 4929 3446 4999 laboris,
3490 4938 3644 5003 quod
3673 4939 3809 5005 Qua-

2221 5007 2540 5077 dragesimas
2566 5017 2780 5081 tempus
2824 5016 3116 5084 signiﬁcat,
3167 5021 3265 5076 sed
3289 5021 3343 5075 in
3365 5023 3556 5090 quiete
3587 5026 3806 5088 notitiae.

2220 5100 2415 5158 laxatis
2451 5101 2675 5174 jejuniis
2711 5109 3072 5168 celebrentur.
3114 5113 3253 5172 Hinc
3273 5115 3575 5176 Cassianus
3618 5125 3700 5178 ait
3729 5144 3742 5176 :
3769 5125 3804 5177 Δ

2223 5207 2444 5263 vespere
2514 5198 2727 5255 sabbati
2786 5217 2905 5272 qua:
2963 5203 3186 5262 lucescit
3239 5208 3293 5263 in
3357 5209 3447 5266 die
3499 5212 3804 5274 Dominico.

2220 5300 2392 5356 usque
2421 5287 2496 5342 ad
2515 5303 2804 5360 vesperam
2827 5294 3000 5364 ipsius
3033 5295 3330 5356 Dominicis
3348 5340 3364 5366 ,
3396 5305 3620 5360 et~totis
3649 5305 3809 5373 Quin-

2221 5377 2552 5448 quagesizu
2585 5380 2796 5450 diebus,
2829 5399 2931 5442 nec
2957 5401 3128 5458 genua
3155 5391 3402 5459 curvari,
3440 5409 3544 5450 nec
3575 5395 3809 5469 jejunio-

2219 5482 2342 5523 rum
2364 5469 2604 5541 regulam
2631 5475 2900 5531 custodiri
2923 5475 3146 5533 Patrum
3161 5482 3460 5539 constituta
3481 5498 3804 5543 sanxerunt.

2217 5557 2368 5627 Quod
2390 5561 2590 5616 ﬁxerit
2616 5581 2630 5618 :
2667 5579 2785 5619 sera
2823 5577 3192 5641 corneut,‘pro
3223 5576 3373 5628 tarde
3394 5617 3411 5641 ,
3449 5580 3638 5647 posuit
3662 5596 3802 5645 sera,

2215 5652 2362 5706 sicut
2381 5668 2607 5722 vespera
2639 5657 2844 5712 dicitur
2881 5675 2981 5730 pro
3023 5677 3265 5731 vespere.
3304 5664 3471 5721 Coma
3517 5681 3749 5726 vocatr
3775 5685 3806 5724 a

2216 5744 2596 5800 communione
2621 5749 2977 5803 vescentium.
3034 5751 3239 5808 Coenon
3277 5758 3477 5826 quippe
3510 5772 3804 5813 commune

2214 5833 2404 5892 dicunt
2436 5835 2632 5897 Cruci.
2675 5839 2829 5900 Unde
2859 5851 2922 5900 et
2954 5847 3295 5905 cmnaculum
3335 5864 3366 5904 a
3404 5854 3799 5908 aunmuuitate
