3994 6460
215 448 320 510 O77

1240 428 1596 491 COMMENT.
1638 426 1708 485 IN
1742 423 1905 484 BEG.
1944 423 2004 480 S.
2041 419 2425 481 BENEDICTI.

3360 415 3465 475 878

218 555 554 621 vescentium
574 594 593 623 ,
616 563 673 612 et
698 549 1019 610 coenobium
1063 563 1097 604 a
1146 545 1533 605 communitate
1561 549 1788 599 vocatur
1812 545 1867 605 Α
1889 553 2017 594 nam
2058 538 2249 592 horam
2288 533 2560 592 uniVersis
2594 532 2783 589 diebus
2825 529 3122 589 constituta
3161 538 3289 586 sunt
3327 530 3464 587 solvi

220 649 518 707 viventium

290 742 334 796 Α
362 736 665 793 Pentecoste
689 742 863 789 autem
888 740 996 786 tota
1028 737 1208 785 a‘state
1234 728 1301 802 (si
1325 726 1525 782 labores
1547 741 1796 797 agrorum

222 850 326 891 non
375 829 561 885 habent
611 824 890 887 monachi,
922 831 1011 876 aut
1042 822 1283 874 nimietas
1327 817 1524 872 a'statis
1553 832 1655 869 non
1681 830 1799 886 per-

222 920 427 995 turbat).
451 928 639 992 quarta
681 925 728 972 et
755 924 903 970 sexta
951 913 1086 982 [cria
1127 910 1369 980 jejunent
1414 923 1578 979 usque
1612 906 1680 960 ad
1714 921 1801 959 no-

224 1032 366 1073 nam.
394 994 533 1066 Iliae
560 1010 757 1064 iterum
780 1005 1019 1061 Isidorus
1038 1001 1115 1056 ait
1141 1021 1154 1054 :
1192 998 1501 1054 Secundum
1531 994 1801 1066 jejunium

223 1100 585 1163 interdianum
633 1102 757 1168 post
798 1094 1154 1149 Pentecosten
1205 1087 1309 1143 alia
1360 1087 1448 1142 die
1492 1086 1802 1141 inchoatum

224 1209 398 1265 usque
426 1192 493 1247 ad
519 1188 903 1260 aequinoctium
925 1182 1235 1241 autumnale
1263 1180 1620 1251 protenditur,
1649 1176 1804 1232 trinis

224 1286 431 1345 scilicet
451 1283 638 1337 diebus
660 1295 756 1355 per
774 1278 1013 1349 singulas
1038 1274 1403 1331 hebdomadas
1423 1279 1641 1342 propter
1662 1270 1807 1325 aesti-

224 1392 351 1433 vum
373 1373 501 1429 solis
523 1372 792 1425 ardorem.
832 1367 973 1422 Hinc
1006 1366 1336 1420 Fructuosus
1369 1364 1483 1416 ait:
1526 1361 1572 1414 A
1598 1360 1806 1415 Pascha

224 1475 396 1536 usque
417 1465 486 1519 ad
509 1462 867 1517 Pentecosten
890 1456 1240 1512 reﬁciendum
1276 1462 1360 1507 est
1396 1454 1463 1507 ad
1490 1460 1718 1507 sextam.
1760 1446 1809 1503 Α

223 1556 549 1614 Pentecoste
572 1566 742 1622 usque
774 1565 909 1604 mu
949 1545 1175 1603 Kalend.
1225 1543 1474 1601 Octobris
1502 1536 1807 1597 interdiana

217 1648 428 1721 jejunis
448 1642 732 1701 retinenda
762 1649 914 1697 sunt.

305 1737 527 1809 Reliquis
560 1734 744 1788 diebus
776 1732 845 1786 ad
868 1738 1071 1786 sextam
1095 1728 1410 1801 prandeant.
1442 1724 1574 1790 ραω
1600 1723 1811 1794 prandii

227 1844 398 1900 sexta,
422 1833 468 1888 si
493 1848 650 1904 opera
690 1831 747 1884 in
789 1829 930 1899 agris
958 1826 1257 1889 habuerint,
1291 1832 1385 1879 aut
1418 1820 1615 1876 astatis
1642 1818 1813 1888 {error

1890 627 2132 700 jejunia’,
2178 636 2240 683 ut
2288 626 2361 684 sit
2390 625 2591 699 aliquid
2624 624 2888 697 prolixius
2929 624 3075 693 quod
3103 622 3463 694 quadraginta

1886 722 2088 797 ‘diebus
2114 721 2364 788 addatur,
2391 720 2446 775 id
2463 727 2564 787 est,
2596 733 2767 791 usque
2795 717 2864 774 ad
2884 731 3186 788 vesperam.

1890 872 1895 875 _
1970 812 2099 883 Ipsa
2131 822 2306 867 tamen
2333 828 2540 882 vespera
2579 810 2655 865 sic
2694 819 2883 880 agatur
2922 821 2975 863 ut
3016 809 3214 864 lumine
3241 808 3469 867 lucerna

1899 924 2005 963 non
2033 907 2299 977 indigeant
2330 904 2639 974 reﬁcientes,
2674 903 2764 957 sed
2793 902 2907 957 luce
2945 902 3116 957 adhuc
3154 902 3259 957 diei
3296 903 3472 958 omnia

1902 1003 2346 1050 consummentur.
2382 991 2489 1048 Sed
2511 1001 2560 1046 et
2588 992 2728 1046 omni
2766 998 3011 1061 tempore,
3036 993 3144 1047 sive
3171 1008 3349 1058 ciente,
3370 993 3476 1066 sive

1904 1085 2369 1157 refectionis,hora
2396 1084 2471 1139 sic
2497 1090 2903 1154 temperetur,'ut
2932 1099 3048 1135 cum
3080 1083 3193 1139 luce
3213 1083 3345 1153 ﬁant
3365 1100 3478 1140 om—

1905 1180 2016 1233 nia.
2032 1176 2156 1231 Ideo
2177 1176 2298 1232 luce
2318 1175 2422 1230 diei
2438 1174 2882 1238 consummanda,
2899 1175 3224 1243 perficienda
3238 1176 3300 1231 'et
3318 1190 3478 1246 pera-

1905 1268 2081 1340 genda
2112 1274 2240 1322 sunt
2276 1267 2477 1330 omnia,
2518 1275 2579 1320 ut
2606 1280 2707 1320 nec
2743 1264 2945 1319 lumine
2978 1266 3279 1336 indigeatur
3304 1266 3482 1322 lucer-

1907 1375 2013 1424 nte,
2043 1367 2098 1413 et
2124 1358 2274 1414 horis
2302 1358 2734 1426 competentibus
2756 1356 2936 1411 omnia
2968 1355 3191 1424 proinde
3219 1371 3484 1430 peragan-

1907 1456 1998 1504 tur
2027 1457 2083 1505 et
2114 1455 2432 1519 temperate,
2458 1457 2511 1502 et
2537 1456 2598 1502 ut
2624 1447 2787 1502 citius
2812 1453 2867 1501 et
2893 1445 3128 1500 alacrius
3151 1447 3205 1500 in
3234 1449 3486 1504 noctibus

1908 1548 2296 1608 consurgentes
2334 1538 2619 1608 impleatur
2647 1539 2714 1593 ab
2742 1538 2851 1592 illis
2890 1539 3032 1607 quod
3062 1538 3327 1608 propheta
3351 1540 3483 1595 hor-

1909 1639 2056 1687 tatur
2080 1633 2267 1703 dieens
2303 1650 2315 1685 :
2351 1631 2420 1686 In
2445 1633 2679 1686 noctibus
2709 1630 2941 1687 extollite
2983 1647 3176 1685 manus
3206 1639 3405 1687 uestras
3434 1632 3492 1688 in

1908 1738 2116 1793 sancta,
2164 1736 2213 1782 et
2255 1727 2536 1782 benedicite
2566 1726 2790 1780 Domino
2832 1723 3006 1794 (Psal.
3062 1726 3312 1799 cxxﬂll).
3336 1725 3492 1793 Quod

1911 1826 2093 1872 autem
2127 1817 2283 1883 dicit,
2318 1819 2425 1871 sive
2452 1834 2635 1881 orente,
2680 1816 2996 1887 intelligitur
3033 1830 3190 1870 cinna
3220 1831 3340 1887 quae
3368 1824 3493 1888 post

228 1930 423 1984 nimius
442 1925 622 1995 fuerit,
646 1921 1003 1977 continuando
1027 1920 1127 1974 erit
1157 1935 1176 1973 :
1202 1927 1250 1972 et
1277 1917 1332 1970 in
1366 1912 1570 1995 abbatis
1596 1912 1663 1964 sit
1682 1925 1808 1979 pro-
1834 1908 1886 1973 Β
1910 1908 2201 1978 prandium
2244 1908 2322 1972 lit,
2356 1908 2573 1978 quando
2615 1906 2827 1963 duabus
2853 1906 3064 1962 vicibus
3084 1906 3348 1963 reﬁciunt
3385 1906 3495 1964 frat-

227 1994 478 2074 oidentia.
520 2014 815 2069 Prandium
850 2020 1032 2067 autem
1079 2012 1145 2065 ab
1186 1994 1450 2079 apparatu
1498 2000 1809 2058 refectionis

1911 2006 2044 2054 tres.
2076 1997 2405 2053 Refectiouis
2434 2006 2617 2053 autem
2635 1996 2769 2051 hora
2794 1997 2885 2052 hic
2908 1996 3248 2067 intelligitur,
3276 1996 3495 2067 quando

228 2117 317 2165 est
335 2108 557 2163 dictum.
583 2104 973 2159 Prandiicnim
997 2109 1149 2157 sexta
1168 2100 1302 2154 dicit
1330 2112 1453 2152 esse
1485 2095 1810 2150 continuan-
1906 2085 2115 2157 jejunio
2160 2098 2383 2159 peracto
2429 2102 2535 2143 una
2576 2095 2788 2142 tantum
2836 2086 2956 2142 vice
3003 2088 3059 2142 in
3100 2100 3330 2159 vespere
3369 2087 3497 2144 reli-

231 2203 325 2268 da,
371 2200 426 2255 id
455 2207 563 2265 est,
600 2196 808 2269 jugiter
836 2204 893 2251 et
931 2193 1175 2265 quotidie
1216 2189 1543 2263 peragenda.
1584 2187 1814 2257 Propter

227 2290 604 2364 fatigationem
626 2288 768 2343 enim
799 2286 981 2357 operis
1009 2291 1065 2338 et
1093 2282 1367 2338 fervorem
1396 2276 1817 2347 calorisjugiter

227 2384 491 2441 solvenda
530 2387 656 2436 sunt
686 2378 892 2450 jejunia
925 2386 1168 2446 tempore
1215 2374 1440 2431 uastatis.
1485 2370 1816 2428 Continuare

228 2476 378 2531 extim
403 2472 569 2537 dicit,
598 2470 843 2541 quotidie
880 2483 1064 2540 agere,
1111 2466 1532 2539 congeminare,
1565 2462 1654 2519 vel
1699 2461 1817 2517 sine

229 2563 634 2622 intermissione
656 2559 853 2616 facere.

307 2653 375 2706 Et
406 2654 481 2707 sic
509 2652 687 2705 omnia
719 2655 970 2719 temperet
1000 2654 1157 2717 atque
1186 2646 1468 2717 disponat,
1504 2643 1730 2716 qualiter
1770 2651 1820 2701 et

232 2746 429 2801 animat
480 2742 766 2803 solventur,
799 2749 847 2795 et
880 2740 1020 2810 quod
1069 2738 1269 2802 faciunt
1301 2737 1495 2806 fratres
1522 2737 1714 2808 absqne
1727 2737 1822 2807 ju-

232 2844 319 2892 sta
348 2832 762 2888 murmuratione
788 2828 1014 2899 faciant.
1052 2827 1242 2882 Omnia
1276 2827 1547 2896 sagacitas
1581 2839 1822 2894 curaque

250 2927 485 2999 pastoris
529 2924 597 2979 ad
650 2922 756 2978 hoc
794 2922 953 2976 debet
980 2919 1222 2990 quotidie
1265 2918 1508 2983 tendere,
1552 2926 1613 2972 ut
1639 2917 1823 2972 ovium

235 3034 457 3077 suarum
488 3016 682 3073 animae
699 3014 1002 3077 salventur,
1035 3014 1390 3067 etvirtutibus
1403 3012 1826 3083 sacrispascuis-

243 3125 351 3181 que
380 3110 699 3180 saginantur
735 3106 970 3160 aeternis.
1014 3103 1243 3174 thuod
1285 3102 1674 3168 faciuntoves,
1701 3105 1826 3159 abs-

244 3219 351 3275 que
374 3201 521 3270 jusla
542 3198 975 3256 murmuratione
995 3195 1217 3251 faciant.
1243 3193 1394 3249 Iusta
1416 3196 1560 3251 enim
1585 3210 1829 3250 murmu-

1915 2179 2156 2237 ciuntur.

2478 2244 2710 2307 CAPUT
2775 2242 2933 2304 XLII.

2134 2336 2200 2395 Ut
2241 2346 2358 2412 post
2389 2339 2785 2411 complctorium
2832 2357 2980 2395 nemo
3020 2340 3285 2412 loquatur.

1990 2451 2153 2509 Omni
2204 2459 2431 2524 tempore
2477 2450 2685 2506 silentio
2735 2451 2921 2506 debent
2972 2452 3181 2507 studere
3233 2455 3501 2522 monachi,

1918 2548 2150 2603 maxime
2174 2554 2347 2599 tamen
2376 2544 2643 2599 nocturnis
2678 2544 2843 2598 horis.
2868 2544 3005 2599 Hinc
3033 2554 3090 2600 et
3115 2545 3246 2600 alibi
3270 2547 3467 2619 legitur
3480 2563 3505 2603 .:

1920 2637 2183 2709 Regulam
2213 2636 2411 2692 silentii
2440 2634 2590 2690 omni
2622 2641 2867 2705 tempore
2904 2636 3251 2703 servandam,
3292 2645 3511 2693 sancta-

1922 2746 2048 2787 rum
2077 2729 2480 2801 Scripturarum
2506 2729 2681 2783 series
2704 2729 2969 2792 declarat,
2996 2730 3122 2785 dum
3152 2745 3249 2800 per
3280 2733 3513 2803 prophe-

1923 2827 2038 2875 tam
2072 2820 2242 2897 dieit:
2272 2815 2458 2873 Cultus
2481 2817 2710 2887 justitiw
2744 2817 3016 2872 silentium
3055 2820 3191 2891 (lsa.
3219 2822 3416 2895 xxx").
3443 2822 3514 2880 Et

1924 2914 2055 2970 illud
2084 2931 2098 2967 :
2140 2911 2309 2978 Pone,
2353 2913 2598 2978 Domine,
2626 2913 2917 2967 custodiam
2947 2915 3028 2968 ori
3057 2930 3191 2978 meo,
3239 2926 3288 2971 et
3318 2918 3513 2973 ostium

1926 3006 2336 3062 circumstantia:
2378 3003 2532 3059 labiis
2573 3005 2704 3059 meis
2743 3001 2917 3078 (Psal.
2959 3004 3108 3073 cur).
3161 3004 3304 3078 Ergo
3345 3005 3509 3065 factis

1929 3098 2300 3169 completoriis
2320 3112 2445 3157 mox
2469 3097 2614 3153 inter
2636 3095 2837 3152 fratres
2857 3096 3194 3168 ingrediatur
3215 3098 3511 3169 silentium,

1930 3197 1987 3245 et
2010 3189 2091 3244 sic
2116 3205 2173 3244 se
2208 3189 2321 3244 suis
2349 3187 2617 3244 collucent
2638 3187 2813 3251 lectis,
2846 3196 2906 3242 ut
2930 3203 3091 3245 nemo
3129 3190 3284 3245 alteri
3317 3190 3512 3261 loqua-

241 3295 384 3350 ratio
436 3294 525 3348 illa
575 3292 772 3346 dicitur
817 3304 979 3358 quam
1033 3303 1142 3342 non
1198 3287 1505 3341 voluntarie
1557 3295 1654 3341 aut
1708 3287 1827 3341 sine
1853 3276 1899 3342 Β
1931 3288 2039 3335 tur.
2079 3280 2205 3335 Ideo
2233 3281 2381 3337 enim
2407 3286 2530 3350 post
2569 3280 2984 3351 completorium
3025 3289 3205 3336 tacere
3233 3281 3514 3352 debemus,

243 3399 437 3449 causa,
455 3383 548 3439 sed
577 3382 760 3436 invicti
786 3388 843 3434 et
858 3380 1035 3435 coacti
1061 3379 1314 3435 monachi
1336 3377 1575 3433 faciunt:
1604 3378 1830 3436 alterius

240 3473 395 3531 enim
420 3472 562 3527 malo
593 3480 869 3528 commota
890 3472 1067 3542 surgit
1093 3470 1318 3525 alterius
1346 3470 1703 3525 murmuratio
1736 3469 1829 3538 ju-

246 3572 352 3623 διδ.
381 3562 538 3620 Iusta
564 3564 709 3619 enim
732 3563 1094 3617 marmoratio
1115 3561 1511 3616 monachorum
1532 3562 1603 3616 ab
1622 3562 1832 3633 injusta

246 3656 600 3729 oppressione
646 3656 784 3711 solet
838 3668 1168 3724 consurgere
1222 3652 1604 3723 magistrorum
1626 3691 1643 3719 ,
1689 3654 1833 3709 sicut

247 3752 442 3808 beatus
479 3749 771 3821 Gregorius
820 3749 991 3804 dicit:
1022 3747 1192 3804 Terra
1232 3744 1435 3802 etenim
1476 3754 1668 3801 contra
1706 3760 1834 3816 pos-

253 3859 522 3902 sessorem
550 3842 768 3907 clamat,
798 3841 1015 3911 quando
1050 3846 1240 3897 contra
1266 3844 1539 3910 pastorem
1565 3852 1723 3893 suum
1737 3834 1831 3907 ju-

255 3947 337 3994 ste
359 3934 602 3992 Ecclesia
630 3940 953 3988 murmurat.

326 4029 403 4084 Ab
440 4026 623 4083 Idibus
664 4034 838 4080 autem
879 4021 1199 4093 Septembris
1224 4036 1386 4091 usque
1415 4018 1486 4074 ad
1513 4024 1670 4088 caput
1694 4014 1836 4083 Quap

257 4116 591 4190 dragesimte,
623 4113 692 4169 ad
714 4128 907 4168 nonam
929 4126 1129 4181 semper
1157 4108 1397 4178 reﬁciant
1432 4108 1642 4177 fratres.
1671 4106 1835 4173 Qua:-

257 4210 366 4266 stio
387 4209 561 4264 oritur
586 4202 856 4276 quomodo
885 4203 973 4258 hic
1006 4202 1075 4256 ab
1095 4200 1277 4255 Idibus
1312 4197 1649 4269 Septembris
1685 4194 1833 4266 jeju-

146 4354 161 4358 _
261 4300 500 4356 nandum
526 4295 765 4366 quotidie
803 4294 981 4360 dicat,
1012 4307 1136 4349 cum
1175 4292 1229 4346 in
1263 4290 1498 4361 capitulo
1533 4288 1839 4361 quadrage—

259 4392 400 4449 simo
428 4399 619 4447 octavo
666 4388 909 4443 dicturus
952 4385 1023 4441 sit
1047 4403 1060 4438 :
1085 4383 1129 4438 A
1164 4382 1375 4439 Pascha
1405 4395 1576 4451 usque
1622 4380 1689 4435 ad
1726 4379 1836 4434 Ka-

256 4480 406 4538 lend.
418 4480 667 4537 Octobris
676 4486 798 4548 post
813 4485 1021 4531 sextam
1038 4485 1322 4546 surgentes
1334 4488 1365 4527 a
1385 4488 1571 4527 mensa
1588 4480 1837 4543 pausent.

1934 3379 1997 3427 ut
2044 3371 2240 3426 merito
2292 3372 2347 3426 in
2391 3370 2674 3426 nocturnis
2727 3371 2903 3439 primo
2950 3371 3237 3426 dicamus:
3268 3371 3515 3443 Domine,

1932 3461 2076 3518 labia
2114 3479 2230 3517 mea
2269 3462 2493 3533 aperies,
2536 3470 2585 3516 et
2626 3477 2685 3516 os
2713 3479 2883 3516 meum
2927 3463 3258 3518 annuntiabit
3303 3462 3518 3523 laudem

1934 3563 2081 3610 tuam
2112 3551 2288 3626 (Psal.
2317 3551 2537 3626 1.).lloc
2562 3560 2668 3618 est,
2691 3560 2942 3625 petamus
2966 3554 3137 3610 Deum
3160 3554 3217 3610 in
3238 3557 3520 3616 nocturnis

1936 3646 2153 3716 aperire
2178 3645 2321 3706 labia
2354 3652 2559 3711 nostra,
2590 3659 2712 3717 quae
2740 3661 2839 3702 sua
2863 3644 3111 3704 custodia
3136 3645 3195 3702 in
3215 3646 3516 3720 completo-

1937 3738 2035 3795 riis
2071 3738 2344 3795 clauserat

2010 3829 2077 3886 Et
2105 3830 2221 3886 ideo
2256 3830 2397 3885 omni
2421 3837 2674 3903 tempore,
2699 3831 2803 3886 sive
2822 3830 3042 3902 jejunii,
3065 3833 3177 3889 sive
3198 3829 3437 3903 prandii,
3460 3831 3510 3887 si
3611 3859 3618 3867 -

1936 3933 2139 3998 tentpus
2164 3922 2323 3995 fuerit
2345 3924 2556 3996 prandii
2574 3963 2591 3991 ,
2617 3941 2741 3981 mox
2770 3934 2827 3979 ut
2852 3927 3177 3982 surrexerint
3195 3945 3231 3983 α
3248 3944 3415 3994 cana,
3439 3943 3524 3994 se-

1938 4017 2098 4072 deant
2146 4032 2324 4071 omnes
2359 4016 2419 4070 in
2456 4032 2645 4083 unum,
2672 4025 2725 4071 et
2750 4017 2887 4087 legat
2926 4034 3063 4073 unus
3103 4017 3422 4076 Collationes
3442 4017 3522 4076 σοι

1953 4105 2097 4161 Vitas
2136 4103 2381 4172 Patrum,
2423 4114 2517 4159 aut
2556 4116 2693 4162 certe
2728 4105 2930 4176 aliquid
2966 4106 3108 4177 quod
3153 4108 3377 4179 aediﬁcet
3424 4124 3522 4163 au-

1939 4199 2161 4254 dientes.
2197 4194 2321 4252 Non
2343 4206 2517 4251 autem
2547 4192 2988 4270 Heptateuchum,
3020 4208 3114 4254 aut
3138 4199 3368 4272 Regum,
3394 4200 3522 4274 quia

1939 4291 2166 4361 inﬁrmis
2186 4288 2533 4345 intellectibus
2556 4306 2659 4344 non
2674 4291 2775 4343 erit
2798 4288 2926 4343 utile
2947 4291 3040 4343 illa
3061 4290 3193 4345 hora
3217 4293 3354 4345 hanc
3383 4288 3526 4347 Scri-

1940 4394 2153 4456 pturam
2181 4382 2401 4449 audire;
2427 4381 2551 4436 aliis
2567 4397 2684 4437 uero
2708 4382 2852 4437 horis
2874 4381 3135 4452 legatum.
3161 4381 3317 4451 Quod
3333 4391 3519 4441 autem

1941 4479 2075 4535 dicit
2104 4496 2118 4533 :
2154 4487 2246 4533 aut
2281 4488 2419 4533 certe
2457 4478 2660 4551 aliquid
2690 4477 2830 4551 quod
2866 4480 3091 4547 aediﬁcet
3115 4478 3420 4549 audientes,
3451 4483 3521 4540 de

259 4571 392 4641 Quae
420 4572 492 4626 ita
523 4570 749 4625 solvitur
793 4587 805 4621 :
851 4566 909 4621 Si
939 4566 1229 4621 habuerint
1255 4580 1422 4635 opera
1458 4564 1513 4619 in
1556 4565 1723 4636 agris,
1754 4562 1838 4618 vel
1943 4569 2183 4626 hominis
2202 4569 2517 4642 intelligitur
2537 4570 2743 4626 dixisse
2767 4568 3012 4633 Patrum,
3046 4572 3098 4626 in
3124 4570 3320 4642 qum
3343 4573 3519 4630 aditi-

256 4664 592 4720 vindemiam
624 4663 676 4716 in
701 4661 875 4716 vineis
892 4701 908 4727 ,
950 4660 1042 4715 ubi
1073 4674 1172 4729 per
1195 4673 1256 4715 se
1279 4669 1636 4730 occupentur,
1668 4676 1840 4731 usque
1866 4642 1921 4707 θ
1946 4662 2190 4719 eationes
2225 4661 2459 4731 pleniter
2487 4661 2701 4730 scripta
2726 4668 2854 4717 sunt
2879 4662 3234 4718 audientium.
3254 4662 3358 4721 'Vel
3377 4672 3525 4723 certe

262 4758 333 4813 ad
372 4754 595 4811 Kalend.
627 4752 876 4809 Octobris
909 4753 976 4808 ad
1009 4759 1216 4808 sextam
1244 4752 1521 4819 reﬁciant;
1550 4752 1632 4809 sin
1659 4764 1844 4810 autem
1945 4753 2015 4808 de
2047 4752 2476 4821 expositionibus
2516 4752 2779 4809 librorum
2824 4751 3243 4821 catlwlicorum,
3290 4768 3418 4825 quas
3456 4755 3528 4813 ab

263 4861 374 4901 non
418 4844 732 4911 habuerint,
761 4844 831 4900 ab
858 4843 1041 4900 Idibus
1068 4842 1406 4917 Septembris
1422 4844 1683 4915 generale
1702 4843 1844 4914 jeju-

266 4934 415 4991 nium
438 4934 743 4990 inehoetur.

341 5025 411 5082 In
450 5025 867 5097 Quadragesima
894 5041 1012 5081 vero
1036 5041 1199 5097 usque
1238 5024 1308 5079 ad
1336 5022 1547 5081 Pascha
1576 5025 1647 5081 ad
1674 5042 1847 5097 uespe-

269 5134 386 5172 ram
408 5117 663 5187 reﬁciant.
696 5116 833 5172 lIinc
857 5117 1057 5171 iterum
1083 5116 1321 5173 Isidorus
1347 5116 1426 5172 ait
1448 5137 1462 5172 :
1489 5116 1734 5172 Primum
1755 5117 1844 5189 je-

264 5208 480 5281 junium
527 5208 960 5279 Quadragesimat
999 5209 1379 5279 quotidianum
1405 5248 1422 5274 ,
1453 5208 1509 5263 in
1538 5223 1646 5279 qua
1672 5208 1847 5278 major

274 5301 966 5368 abstinentiaefobservantia
989 5284 1229 5358 manebit
1250 5302 1304 5357 in
1318 5302 1616 5368 monachis,
1633 5304 1849 5372 quando

275 5406 386 5448 non
424 5391 598 5448 solum
628 5406 662 5445 a
690 5391 960 5461 prandiis,
1005 5392 1101 5448 sed
1126 5393 1293 5448 etiam
1319 5406 1351 5445 a
1378 5392 1507 5447 vino
1546 5398 1603 5446 et
1635 5392 1704 5447 ab
1728 5391 1850 5448 oleo

275 5484 600 5543 abstinetur.
641 5482 801 5550 Quod
834 5499 1058 5553 vespera
1082 5484 1336 5540 monaCbi
1372 5482 1645 5548 reﬁciant,
1679 5483 1851 5554 ipsius

277 5575 494 5634 Domini
542 5582 769 5631 utuntur
792 5575 1063 5645 exemplo,
1111 5576 1202 5645 qui
1254 5592 1359 5631 non
1411 5576 1711 5646 prandisse,
1757 5574 1853 5631 sed

281 5683 529 5727 ctcnasse
552 5667 769 5740 legitur,
790 5683 913 5723 cum
932 5668 1064 5725 dicit
1084 5667 1403 5739 Scriptura:
1433 5667 1651 5737 Vespere
1679 5675 1854 5722 autem

283 5763 422 5833 facto
459 5760 691 5816 recubuit
724 5758 880 5815 Iesus
921 5777 1036 5815 cum
1075 5760 1351 5815 duodecim
1374 5757 1639 5831 apostolis,
1672 5768 1723 5813 et
1750 5774 1855 5815 cta-

1944 4846 2264 4903 orthodoxis
2305 4844 2461 4901 factae
2486 4853 2615 4901 sunt
2639 4846 2805 4915 viris,
2840 4848 2897 4905 in
2925 4851 3124 4919 quibus
3159 4857 3348 4911 saneta
3372 4847 3523 4907 sum-

1947 4938 2161 4994 cienter
2204 4937 2410 4994 sanctis
2455 4937 2699 4995 doctrina
2743 4938 3009 4996 redundat
3051 4941 3356 4998 monachis.
3386 4940 3554 4999 Cum.

1945 5046 2079 5087 vero
2123 5030 2257 5086 dicit
2285 5048 2300 5085 :
2333 5046 2438 5086 non
2468 5039 2644 5087 autem
2687 5030 3126 5104 Heptateuchum,
3162 5042 3259 5088 aut
3296 5033 3524 5106 Regum,

1949 5120 2239 5191 diligenter
2270 5122 2656 5178 attendendum
2692 5130 2780 5178 est
2800 5124 2944 5193 quod
2983 5122 3257 5193 sequitur,
3286 5122 3413 5193 quia
3437 5123 3525 5179 its-

1948 5211 2143 5281 ﬁrmis,
2189 5211 2399 5283 inquit,
2454 5211 2799 5269 intellectibus
2834 5226 2942 5269 non
2975 5213 3075 5267 erit
3115 5212 3244 5268 utile
3269 5212 3364 5269 illa
3393 5213 3528 5273 liora

1949 5302 2088 5358 hanc
2133 5301 2469 5373 Scriptura»
2506 5302 2710 5360 audire.
2752 5302 2991 5361 Sinceris
3034 5309 3238 5369 autem,
3281 5304 3433 5365 sanis
3474 5313 3532 5363 ct

1950 5396 2129 5452 acutis
2164 5395 2524 5453 intellectibus
2551 5396 2701 5452 nullo
2721 5404 2962 5464 tempore
2988 5400 3207 5451 vetatur
3227 5395 3527 5468 Heptateu-

1953 5502 2101 5554 cum,
2130 5496 2227 5543 aut
2251 5488 2481 5561 Regum,
2502 5490 2589 5545 vel
2610 5503 2988 5560 quamcunque
3018 5487 3303 5545 historiam
3324 5490 3533 5546 divina-

1956 5596 2078 5637 rum
2107 5580 2286 5653 legere
2331 5580 2758 5652 Scripturarum,
2796 5579 2923 5649 quia
2955 5587 3184 5651 possunt
3210 5582 3271 5637 in
3290 5581 3372 5641 eis
3394 5581 3533 5652 ﬁgu—
3565 5574 3578 5599 ³

1959 5687 2052 5730 ras
2082 5681 2140 5729 et
2175 5689 2365 5730 sensus
2389 5675 2731 5743 dignoscere,
2764 5672 3071 5741 exemplum
3098 5672 3293 5733 saliuis
3317 5674 3387 5729 ab
3423 5673 3530 5733 illis

1959 5764 2186 5837 legendo
2215 5766 2479 5836 recipere.
2499 5763 2610 5819 Illis
2632 5776 2764 5820 vero
2789 5764 2887 5835 qui
2904 5773 3180 5835 nequeunt
3197 5766 3264 5822 ab
3285 5765 3393 5827 illis
3416 5766 3530 5838 spi-

283 5852 526 5931 nantibus
562 5850 674 5908 illis
695 5851 831 5908 dicit
873 5851 1085 5919 (Matth.
1125 5849 1297 5925 ηπ).
1344 5849 1479 5906 Nam
1518 5849 1640 5907 ideo
1670 5852 1738 5907 ad
1761 5868 1860 5909 no-
1958 5856 2174 5914 ritalem
2194 5868 2391 5926 capere
2409 5853 2839 5933 intelligentiam,
2874 5854 3264 5928 Heptateucum
3292 5865 3387 5917 aut
3414 5857 3526 5917 Bo-
