3994 6482
672 413 783 478 879

1982 430 2330 491 mansum
2366 433 2655 494 sanans
3693 479 3752 535 8,,

662 547 796 658 funi
832 531 887 658 in
932 532 1022 589 illa
1063 537 1196 591 hora
1230 533 1387 638 ejuste
1431 540 2036 658 porohibetllﬁgendum.
2087 548 2258 604 Debet
2281 550 2334 610 Α
2358 560 2599 658 exercet,
2631 553 2683 607 in
2709 554 2897 654 eodem
2932 565 3250 658 puncto‘quo
3278 579 3421 624 aures
3444 571 3538 640 ejus
3559 531 3750 658 sonus

667 624 812 679 enim
846 633 974 680 tunc
1015 629 1386 698 unusquisque
1429 631 1611 688 divino
1638 635 1934 692 aedificatus
1973 653 2246 706 sermone,

2351 653 2476 694 sans
2518 641 2826 708 advenerit,
2870 657 3103 716 coeptam
3133 648 3353 708 litteram
3393 673 3482 714 non
3517 641 3750 734 audeat

665 723 724 774 et
767 717 834 771 ad
875 717 1208 828 cqmpletorfii
1252 720 1484 777 cilicium
1510 765 1525 789 ,
1568 734 1622 780 et
1655 726 1722 780 ad
1755 743 1909 782 suum
1947 728 2249 786 aedificatus
2349 747 2639 789 summare.
2671 735 2806 791 Hinc
2831 747 2888 793 et
2911 738 3045 795 alius
3071 744 3316 814 magister
3345 749 3450 804 ait:
3478 717 3749 828 Cum—inici:

663 821 891 880 pergere
927 807 1122 864 locum.
1155 809 1422 867 Craterum
1461 813 1583 869 aliis
1616 816 1765 871 horis
1799 825 1892 872 aut
1920 833 2104 874 coram
2130 834 2247 875 om-
2347 823 2586 877 oratorio
2612 838 2903 893 percussus
2942 827 3123 895 fuerit,
3153 807 3269 889 mox
3304 852 3470 897 omnes
3488 807 3748 916 artifici-iisiis;

662 899 822 1007 pibus
846 908 1087 1007 tempore
1107 916 1206 956 suo
1237 903 1288 957 in
1319 901 1580 970 Ecclesia,
1606 917 1698 960 aut
1723 909 2095 979 unusquisque
2126 925 2247 980 per-
2344 921 2557 982 tequam
2586 925 2827 982 currant,
2873 917 3074 976 faciant
3104 924 3202 980 sibi
3228 942 3425 986 crucem
3456 934 3500 989 in
3525 899 3746 1007 fitnisi:

660 988 872 1061 legendi
898 992 1142 1048 doctrina
1180 994 1340 1050 debet
1367 1011 1461 1052 eos
1492 997 1669 1070 legere
1700 999 1753 1054 in
1783 1000 1990 1057 schola.

2341 1003 2669 1108 spondentes
2689 1006 2797 1108 Deo
2817 1010 3038 1108 gratias,
3067 1021 3120 1069 et
3147 1024 3269 1072 tunc
3293 1018 3557 1083 laborantes
3579 1003 3747 1108 opus'pra

731 1080 790 1136 Si
829 1092 1003 1138 autem
1035 1085 1233 1155 jejunii
1257 1085 1368 1142 dies
1405 1088 1623 1159 fuerint,
1653 1091 1794 1146 dicta
1821 1110 2050 1164 vespera,
2077 1111 2239 1165 parvo
2333 1092 2560 1162 jiciant,
2605 1097 2839 1154 artifices
2884 1099 3210 1161 ferramenta
3256 1080 3746 1194 dimittamfs'c'nﬁ;

654 1170 928 1229 intervallo
964 1191 1088 1229 mox
1107 1177 1356 1232 accedant
1377 1178 1446 1233 ad
1475 1178 1749 1236 lectionem
1775 1181 2151 1251 Collatianum,
2181 1194 2238 1238 ut
2336 1180 2569 1239 litteram
2597 1201 2702 1240 non
2734 1187 3019 1259 integrent.
3058 1191 3240 1252 Omnis
3267 1197 3473 1259 fratrum

652 1261 906 1331 diximus,
926 1277 972 1320 et
996 1265 1142 1322 lectis
1167 1279 1394 1337 quatuor
1407 1280 1500 1324 aut
1517 1271 1744 1344 quinque
1777 1273 1940 1342 foliis,
1969 1275 2046 1330 vel
2069 1293 2237 1347 quan-
2336 1283 2421 1329 rat
2449 1277 2592 1345 (ιιιοά
2619 1279 2832 1348 agebat,
2864 1281 3081 1340 festinet
3103 1289 3300 1354 statim,
3331 1309 3444 1349 mox
3467 1261 3744 1370 cung—raiilwaie

651 1361 761 1406 tum
788 1355 918 1409 hora
945 1356 1216 1426 permittit,
1246 1359 1486 1415 omnibus
1512 1362 1566 1416 in
1591 1379 1754 1416 unum
1778 1367 2229 1434 concurrentibus,

647 1459 741 1512 per
765 1444 901 1499 hanc
930 1463 1132 1501 moram
1161 1447 1428 1517 lectionis,
1459 1453 1506 1506 si
1534 1454 1651 1524 quis
1694 1453 1828 1524 forte
1870 1457 1924 1511 in
1962 1458 2230 1528 assignato

2333 1379 2428 1435 pes
2456 1367 2522 1422 ad
2549 1371 2845 1425 oratorium
2863 1413 2878 1439 ,
2914 1389 3106 1432 sensus
3133 1379 3198 1434 ad
3225 1381 3399 1450 Deum,
3428 1396 3479 1442 ut
3509 1367 3604 1446 moi
3623 1397 3666 1450 ad
3688 1401 3743 1465 pri-

2332 1472 2473 1511 mam
2501 1459 2800 1516 orationcm
2827 1477 3145 1534 occurrant,
3187 1479 3241 1525 et
3265 1481 3493 1544 tanquam
3515 1495 3611 1549 apes
3632 1459 3741 1541 adad

647 1535 748 1590 sibi
789 1539 1062 1594 commisso
1094 1541 1254 1610 fuerit
1297 1553 1615 1615 occcupatus
1643 1586 1658 1611 ,
1683 1558 1956 1604 occurrat.
2001 1548 2228 1605 Collatio
2329 1548 2641 1605 intrantium
2684 1552 2736 1606 in
2766 1557 3063 1613 oratorium
3111 1559 3332 1617 fratrum
3367 1535 3562 1623 examen
3589 1535 3739 1636 ebulliit;

644 1626 848 1683 dicitur
872 1628 1162 1699 confessio,
1207 1634 1496 1692 collocutio
1519 1676 1534 1699 .
1577 1636 1660 1690 vel
1689 1638 2079 1705 confabulatio,
2128 1641 2221 1697 ubr

2327 1648 2386 1694 ut
2409 1641 2501 1710 qui
2535 1643 2728 1698 tacitus
2751 1655 2870 1700 erat
2896 1650 3069 1704 sancti
3100 1654 3316 1710 oratorii
3343 1656 3490 1723 locus,
3503 1661 3637 1715 statim
3655 1679 3740 1732 pres-

642 1715 712 1772 de
758 1716 1054 1791 Scripturis
1082 1724 1278 1780 divinis
1316 1727 1439 1782 aliis
1477 1727 1885 1786 conferentibus
1923 1733 2224 1803 interroga-
2323 1730 2632 1802 byterorum
2663 1735 2986 1796 clamoribus
3013 1742 3312 1812 impleatur.

643 1805 841 1874 tiones,
881 1810 1166 1868 conferunt
1205 1816 1295 1870 alii
1339 1832 1607 1889 congruas
1657 1822 2053 1892 responsiones,
2091 1837 2144 1880 et
2174 1825 2218 1880 si

2395 1821 2548 1913 Quod
2593 1827 2640 1880 si
2679 1829 2795 1899 quis
2833 1829 2902 1883 ad
2941 1843 3222 1891 nocturnas
3261 1839 3443 1909 vigilias
3481 1854 3571 1913 post
3596 1846 3734 1902 Gloriae

639 1914 761 1968 quae
801 1900 892 1956 diu
937 1903 1207 1960 latuerant
1251 1909 1459 1964 occulta
1509 1910 1808 1967 conferenti
1853 1929 1915 1968 us
1955 1905 2220 1986 patefiunt
2247 1903 2294 1964 Β
2319 1912 2507 1982 psalmi
2546 1919 2867 1988 nonagesimi
2903 1925 3080 1991 quarti
3121 1924 3287 1997 (quem
3307 1900 3496 2000 proptei
3521 1900 3734 1992 noceamus

633 1996 940 2066 perspicua.
973 1997 1124 2066 Quod
1153 2009 1332 2057 autem
1380 2003 1511 2059 dicit
1539 2023 1552 2059 :
1583 2003 1646 2061 Si
1671 2007 1786 2070 quis
1818 2006 1951 2074 forte
1983 2007 2038 2062 in
2085 2010 2220 2064 assi-

633 2095 822 2155 gnato,
853 2087 1174 2145 subauditur
1197 2091 1517 2149 obedientize
1545 2093 1723 2150 cilicio
1746 2095 1850 2150 sibi
1877 2098 2212 2165 commisso;

2316 2007 2664 2075 protrahenda
2703 2020 2751 2064 et
2790 2027 2993 2068 morose
3027 2017 3265 2074 volumus
3298 2021 3413 2093 dici)
3440 2031 3733 2087 occurrentes

2314 2104 2411 2150 stet
2451 2098 2507 2151 in
2539 2099 2720 2155 ordine
2749 2120 2844 2157 suo
2879 2105 2935 2159 in
2965 2106 3146 2174 choro,
3170 2111 3257 2164 sed
3277 2110 3470 2168 ultimus
3490 2119 3730 2182 omniumuu,

632 2176 790 2246 fuerit
830 2189 1132 2248 occupatus,
1186 2181 1609 2254 subintelligitur
1652 2184 1904 2240 omnibus
1947 2186 2000 2240 in
2045 2203 2214 2243 unum
2314 2196 2405 2240 aut
2444 2187 2497 2240 in
2535 2189 2647 2243 loco
2675 2209 2827 2263 quem
2861 2195 3056 2253 talibus
3087 2200 3441 2273 negligentibus
3474 2224 3642 2263 seorsum
3666 2176 3731 2262 mg

629 2274 1078 2331 concurrentibus
1127 2285 1402 2332 occurrat.
1447 2276 1808 2334 Commissum
1835 2279 1979 2334 enim
2011 2279 2214 2337 dicitur
2310 2278 2538 2333 stituerit
2579 2282 2757 2348 abbas,
2799 2296 2856 2340 ut
2879 2289 3124 2345 videatur
3155 2293 3218 2347 ab
3253 2296 3378 2364 ipso,
3408 2297 3473 2351 vel
3493 2299 3543 2352 ab
3568 2302 3729 2369 omnia;

627 2370 917 2436 creditum,
946 2370 1030 2427 vel
1061 2374 1517 2429 commendatum.
1555 2373 1708 2432 Unde
1728 2383 1783 2430 et
1809 2376 2057 2446 sequitur
2085 2393 2100 2431 :

701 2458 895 2518 Omnes
930 2480 1051 2534 ergo
1080 2465 1136 2518 in
1174 2481 1340 2519 unum
1379 2465 1554 2536 positi,
1599 2465 1910 2537 compleant.
1955 2465 2070 2522 Non
2119 2466 2208 2523 hic

624 2553 825 2624 excipit
851 2554 1127 2617 abbatem,
1155 2571 1262 2611 non
1287 2557 1658 2627 prmpositum,
1688 2573 1794 2612 non
1819 2558 2074 2624 decanos,
2105 2558 2200 2628 qui

617 2641 907 2713 aliquoties
949 2643 1071 2700 aliis
1107 2645 1453 2702 cantantibus
1493 2646 1545 2700 in
1575 2646 1828 2710 ecclesia,
1861 2647 2079 2718 potibns
2109 2655 2205 2704 aut

617 2729 814 2789 fabulis
851 2741 945 2788 aut
969 2735 1210 2791 consiliis
1244 2744 1438 2791 vacant
1466 2737 1520 2791 in
1555 2736 1659 2792 bac
1700 2737 1856 2801 hora,
1888 2739 1982 2794 sed
2010 2753 2201 2796 omnes

613 2824 836 2879 omnino
878 2825 931 2880 in
961 2826 1064 2881 hac
1093 2825 1395 2881 collationis
1417 2826 1550 2880 hora
1575 2841 1879 2892 occurrere,
1919 2843 2108 2884 omnes
2141 2830 2198 2885 in

611 2926 776 2969 utrum
808 2915 1217 2986 completorium
1251 2915 1403 2986 jubet
1429 2925 1671 2972 cantare.

682 3001 750 3057 Et
775 3015 1019 3059 exeuntes
1053 3023 1086 3058 a
1121 3004 1454 3074 completorio
1488 3005 1635 3062 nulla
1671 3008 1739 3062 sit
1778 3008 1994 3065 licentia
2021 3011 2193 3068 denuo

609 3095 854 3167 cuiquam
896 3095 1038 3168 loqui
1071 3097 1291 3168 aliquid.
1328 3096 1483 3164 Quod
1511 3101 1558 3153 si
1586 3101 1825 3156 inventus
1857 3103 2014 3168 fuerit
2051 3105 2194 3175 quis-

604 3207 763 3262 quam
796 3190 1134 3260 prtevaricari
1173 3190 1310 3246 hanc
1343 3191 1726 3246 taciturnitatis
1758 3192 2017 3263 regulam,
2068 3213 2191 3266 gra-

2309 2385 2471 2440 usque
2503 2371 2628 2426 dum
2669 2377 2919 2448 completo
2957 2398 3113 2451 opere
3152 2383 3246 2438 Dei
3271 2387 3460 2455 publica
3497 2391 3730 2459 satisfactione

2305 2461 2568 2528 praeniteat.
2596 2463 2725 2520 Ideo
2764 2479 2941 2525 autem
2973 2489 3066 2528 eos
3087 2475 3143 2529 in
3167 2475 3346 2532 ultimo
3365 2489 3444 2532 aut
3466 2497 3632 2534 seorsum
3641 2482 3728 2552 judi-

2305 2551 2535 2640 cauimus
2576 2554 2759 2611 debere
2806 2569 2970 2626 stare,
3021 2573 3080 2618 ut
3134 2567 3229 2620 visi
3273 2566 3335 2620 ab
3370 2551 3662 2634 omnibus,rd
3675 2588 3727 2640 pro

2303 2638 2416 2710 ipsa
2467 2646 2778 2701 verecundia
2823 2666 2921 2705 sua
2973 2655 3331 2711 emendentur.
3396 2657 3506 2714 llinc
3549 2638 3728 2715 Cassianus

2301 2729 2378 2784 ait
2415 2751 2427 2786 :
2465 2732 2522 2788 In
2573 2740 2858 2795 nocturnis
2903 2751 3086 2800 autem
3130 2747 3442 2804 orationibus
3475 2765 3586 2820 nisime
3609 2750 3654 2803 ad
3673 2765 3727 2803 sc-

2299 2824 2533 2879 cundum
2576 2827 2841 2898 psalmum
2889 2833 3051 2890 datur
3097 2837 3336 2893 tardandi
3370 2839 3533 2895 dilatio.
3565 2841 3724 2893 Attamen

2297 2921 2585 2986 antequam
2636 2917 2787 2975 finito
2813 2923 3002 2979 eodem
3052 2927 3259 2996 psalmo
3292 2928 3468 2987 fratres
3499 2932 3538 2985 in
3555 2931 3724 2985 orationes

2294 3012 2674 3078 procumbant,
2697 3020 3106 3090 congregationi
3138 3039 3195 3079 se
3240 3022 3460 3098 ingerere
3486 3036 3602 3097 atque
3622 3024 3724 3078 immi-

2295 3109 2450 3154 scere
2489 3098 2726 3157 festinet.
2777 3103 2928 3172 Quod
2983 3111 3031 3164 si
3079 3113 3304 3183 amplius
3347 3115 3420 3170 vel
3459 3116 3652 3170 modicum
3678 3125 3724 3164 re

2297 3187 2608 3256 tardaverit,
2627 3193 2792 3249 (initis
2822 3194 3055 3268 Vigiliis,
3083 3217 3208 3257 vera
3232 3203 3500 3261 humilitate
3518 3205 3722 3262 submissus

605 3261 744 3337 piari
785 3283 1027 3337 vindictw
1057 3283 1331 3354 subjaceat
1360 3296 1380 3336 :
1406 3294 1617 3352 excepto
1639 3285 1684 3338 si
1708 3261 1988 3340 necessitas
2008 3261 2182 3358 hospi-

2145 3289 2187 3342 ε-
2216 3261 2262 3325 C
2293 3277 2506 3333 veniam
2553 3281 2926 3353 negligentiae,
2969 3289 3117 3346 sicut
3168 3295 3402 3365 superius
3449 3295 3646 3356 diximus,
3675 3305 3722 3345 ex-

601 3386 712 3432 tum
732 3379 1100 3448 supervenerit,
1131 3365 1382 3448 aut'forte
1402 3377 1563 3433 abbas
1603 3377 1764 3432 alicui
1787 3378 1989 3450 aliquid
2014 3380 2187 3451 jusse-

599 3467 688 3522 rit.
726 3467 878 3534 Quod
921 3477 1098 3522 tamen
1131 3477 1179 3522 et
1226 3469 1398 3538 ipsum
1445 3485 1564 3523 cum
1601 3485 1806 3524 summa
1849 3473 2108 3540 gravitate
2135 3481 2185 3527 et

597 3559 955 3613 moderatione
981 3560 1340 3614 honestissime
1363 3560 1476 3629 ﬁat.
1511 3559 1646 3616 Hinc
1684 3570 1738 3617 et
1764 3562 1891 3617 alibi
1921 3565 2183 3636 scriptum

596 3648 828 3720 legimus
860 3666 874 3702 :
905 3649 989 3704 Ab
1013 3650 1149 3706 hora
1172 3666 1302 3706 vero
1325 3651 1698 3721 completimiis
1723 3693 1739 3716 ,
1763 3669 1884 3707 cum
1909 3655 2088 3709 oratio
2113 3655 2184 3710 ad

598 3753 848 3795 somnum
873 3739 1192 3810 capiendum
1221 3740 1397 3803 datur,
1423 3740 1599 3796 nullus
1621 3744 1843 3797 omnino
1865 3744 2010 3814 loqui
2040 3761 2180 3816 prte-

597 3840 803 3895 sumat,
838 3830 943 3886 nisi
980 3846 1114 3901 gran
1139 3831 1202 3887 iis
1245 3831 1539 3888 necessitas
1567 3835 1879 3889 monasterii
1921 3850 2179 3906 poposce-

592 3923 688 3979 rit.
726 3922 826 3978 Cui
855 3924 923 3979 ab
953 3923 1148 3979 abbate
1195 3922 1356 3979 fuerit
1393 3924 1702 3979 ordinatum
1757 3925 1900 3995 loqui
1934 3927 2174 3994 studeat,

591 4013 676 4071 vel
706 4014 870 4070 etiam
900 4031 930 4070 a
958 4015 1267 4086 praeposito,
1304 4015 1396 4085 qui
1425 4030 1614 4070 curam
1644 4015 1873 4070 aliorum
1902 4025 2100 4086 portat.

1160 4125 1388 4183 CAPUT
1417 4125 1576 4181 XLIII

587 4217 668 4276 De
689 4219 770 4275 his
809 4219 900 4290 qui
932 4218 1001 4274 ad
1029 4233 1158 4283 opus
1180 4216 1278 4272 Dei
1314 4216 1392 4272 vel
1410 4215 1500 4341 ted
1541 4231 1775 4270 mensam
1800 4205 1959 4270 tardi?
1990 4232 2174 4271 occur-

1308 4305 1406 4341 run
1436 4328 1449 4341 .

1308 4305 1449 4343 runt.

658 4381 736 4434 Ad
781 4381 966 4436 horum
1011 4380 1172 4434 divini
1199 4379 1351 4448 ofﬁcii
1381 4394 1504 4432 mox
1533 4386 1590 4432 ut
1629 4377 1874 4431 auditum
1905 4376 2066 4447 fuerit
2091 4377 2168 4431 si-

583 4485 776 4538 gnum,
808 4470 998 4524 relictis
1031 4468 1269 4523 omnibus
1296 4467 1540 4540 quaelibet
1572 4467 1769 4539 fuerint
1813 4469 1867 4521 in
1900 4467 2167 4532 manibus,

582 4574 791 4613 summa
811 4576 930 4612 cum
959 4559 1292 4628 festinatione
1321 4568 1600 4623 curratur;
1641 4575 1760 4612 cum
1794 4559 2048 4629 gravitate
2082 4569 2167 4613 ta-

582 4667 723 4716 men,
752 4659 808 4706 ut
833 4667 934 4706 non
963 4651 1255 4707 scurrilitas
1287 4652 1514 4706 inveniat
1555 4650 1807 4722 fomitem.
1844 4651 1987 4722 Ergo
2035 4652 2168 4707 nihil

581 4743 729 4815 operi
772 4741 872 4797 Dei
914 4757 1270 4815 prwponatur.
1320 4741 1458 4799 Hinc
1506 4742 1725 4813 quidam
1773 4743 2163 4798 monachorum

579 4834 840 4906 magister
899 4822 1027 4890 ait':
1067 4834 1510 4905 Quandocunque
1549 4834 1634 4888 vel
1687 4833 1894 4889 diurnis
1928 4834 2011 4888 vel
2068 4850 2164 4890 no-

581 4924 790 4979 cturnis
820 4925 967 4980 horis
1005 4925 1072 4980 ad
1100 4939 1237 4994 opus
1277 4925 1518 4980 divinum
1568 4925 1781 4996 signum
1833 4925 2159 4992 resonuerit,

578 5029 705 5071 mox
730 5032 853 5072 cum
892 5032 1104 5072 summa
1130 5015 1476 5073 festinatione
1518 5017 1846 5087 surgendum
1878 5025 1991 5081 est,
2024 5032 2089 5073 ac
2113 5019 2160 5074 si

577 5121 756 5178 preco
791 5107 936 5180 regis
966 5108 1211 5174 insonet,
1243 5109 1390 5164 omni
1433 5124 1618 5178 opere,
1653 5107 1796 5178 quod
1827 5108 1879 5162 in
1910 5108 2157 5166 manibus

577 5198 901 5265 habebatur,
948 5200 1270 5272 postposito,
1307 5208 1370 5253 ut
1397 5199 1531 5255 nihil
1567 5199 1719 5270 operi
1763 5199 1858 5255 Dei
1889 5217 2147 5270 propona—

577 5297 689 5354 tur,
725 5290 820 5346 sed
844 5305 997 5346 mens
1018 5291 1085 5345 ad
1113 5290 1348 5345 sonitum
1382 5289 1648 5361 praeconis
1678 5290 1904 5354 intenta,
1929 5300 1984 5346 et
2007 5293 2157 5362 operi

576 5379 675 5436 Dei
705 5381 889 5438 innixa
906 5422 923 5449 ,
953 5399 1074 5438 cum
1112 5381 1260 5440 omni
1284 5380 1552 5454 gravitate
1576 5389 1633 5436 et
1655 5383 2069 5438 mansuetudine
2088 5385 2159 5440 ad

577 5471 929 5530 intonandum
958 5475 1183 5546 gloriam
1218 5472 1518 5543 maiestatis
1553 5472 1673 5544 ejus
1703 5481 1758 5529 et
1787 5474 2006 5544 pietatis
2040 5475 2157 5545 ejus

574 5567 779 5639 gratias
819 5567 1128 5626 referendas
1175 5569 1370 5627 festina
1415 5579 1624 5626 currat.
1675 5569 1812 5626 Hinc
1865 5570 2159 5630 Cassianus

575 5659 692 5714 ait:
725 5659 808 5716 Ad
836 5659 932 5715 bas
957 5676 1086 5733 ergo
1127 5663 1402 5722 orationes
1445 5679 1568 5720 cum
1619 5663 1720 5720 fuit
1763 5665 1901 5738 signi
1947 5665 2157 5722 sonitus

577 5749 813 5816 auditus,
839 5758 987 5806 tanta
1013 5752 1292 5811 celeritate
1313 5755 1476 5812 debet
1499 5756 1799 5812 monachus
1823 5756 2069 5822 exsilire,
2096 5764 2157 5814 ut

579 5853 686 5895 non
710 5840 888 5898 dicam
921 5841 1058 5900 alios
1083 5841 1338 5909 artiﬁces,
1376 5846 1470 5901 sed
1502 5845 1547 5900 is
1571 5845 1665 5918 qui
1691 5860 1826 5920 opus
1860 5844 2156 5917 Scriptura:

2291 3377 2472 3457 petere
2502 3387 2606 3424 non
2637 3384 2879 3443 omittat;
2914 3379 2966 3434 id
2992 3391 3104 3449 est,
3143 3385 3194 3439 in
3234 3385 3346 3442 loco
3377 3386 3544 3449 ultimo,
3579 3386 3640 3457 qui
3659 3385 3724 3437 tali-

2290 3456 2389 3513 bus
2415 3461 2809 3532 negligentibus
2839 3467 3001 3525 fuerit
3043 3475 3345 3545 deputatus,
3375 3475 3581 3546 jubeatur
3605 3482 3721 3532 astare.

2288 3557 2344 3603 ct
2382 3550 2455 3606 ibi
2483 3567 2606 3608 cum
2632 3560 2973 3615 verecundia:
3003 3574 3155 3621 metu
3176 3577 3488 3638 exspectare,
3510 3577 3553 3623 et
3573 3564 3723 3638 postill-

2283 3641 2486 3710 pletum
2526 3661 2742 3701 cursum
2789 3649 2995 3720 prolixa
3034 3657 3192 3712 venia
3231 3667 3350 3713 ante
3389 3666 3553 3713 curtum
3583 3654 3720 3708 iram

2283 3734 2671 3803 egredientium
2717 3741 3056 3801 satisfacere.

2355 3844 2496 3900 Nam
2523 3849 2568 3901 si
2595 3849 2724 3919 foris
2764 3858 3057 3912 oratorium
3099 3872 3407 3927 remaneant,
3440 3863 3521 3917 erit
3547 3854 3720 3929 {ortetrlit

2280 3936 2369 4005 qui
2407 3953 2461 3990 se
2485 3949 2576 3991 aut
2601 3941 2872 3997 recollocet
2903 3955 2950 4000 et
2976 3948 3231 4018 dormiat,
3260 3964 3345 4007 aut
3373 3964 3489 4007 certe
3505 3952 3631 4005 sedeat
3649 3946 3721 4015 Ῑοήι

2279 4023 2356 4078 rel
2379 4026 2574 4096 fabulis
2605 4041 2744 4085 vacet
2765 4073 2780 4097 ,
2811 4043 2859 4087 et
2883 4035 3040 4090 detur
3063 4043 3264 4096 occasio
3285 4042 3523 4113 maligno;
3544 4038 3719 4102 κόμψ’

2274 4116 2454 4171 diatur
2473 4120 2630 4186 intro,
2655 4134 2710 4175 ut
2750 4141 2843 4179 nec
2878 4137 3050 4183 totum
3073 4135 3278 4202 perdat,
3302 4146 3346 4189 et
3365 4136 3422 4189 de
3449 4135 3602 4202 reliquo
3621 4144 3722 4181 τηιηο

2275 4206 2448 4262 detur.
2492 4209 2626 4266 Hinc
2669 4224 2725 4268 et
2771 4216 2898 4272 alibi
2930 4222 3198 4292 scriptum
3236 4225 3445 4296 legimus
3481 4243 3493 4279 :
3531 4216 3720 4277 Namioris

2276 4302 2493 4357 omnino
2544 4320 2646 4360 non
2689 4323 3068 4381 segregentur,
3113 4333 3180 4371 ne
3211 4335 3238 4372 a
3276 4334 3448 4374 somno
3485 4310 3720 4371 detealidor-

2271 4393 2472 4460 miant,
2529 4405 2620 4450 aut
2665 4397 2716 4451 in
2764 4400 2947 4472 aliquo
2982 4407 3219 4477 maligno
3245 4411 3378 4466 hosti
3419 4405 3600 4464 adeundi
3628 4402 3720 4455 detur

2272 4488 2507 4542 occasio.
2547 4489 2698 4544 Intus
2733 4494 2876 4547 enim
2907 4498 3118 4564 positus
3150 4517 3251 4558 nec
3291 4511 3446 4556 totum
3471 4497 3606 4569 perdil
3635 4485 3719 4561 quod

2273 4587 2532 4648 coeperat,
2580 4589 2636 4634 et
2670 4586 2995 4641 verecundia
3037 4604 3104 4644 ac
3148 4601 3288 4646 metu
3319 4593 3562 4661 frangitur,
3582 4587 3665 4640 dum
3682 4580 3719 4632 ab

2225 4670 2522 4726 Tomnibus
2567 4672 2797 4728 videtur.
2844 4675 2911 4730 Et
2955 4681 3172 4748 quando
3203 4685 3374 4739 caeteri
3413 4681 3585 4752 eXpleto
3615 4670 3720 4731 om

2269 4760 2413 4816 foras
2438 4761 2810 4832 egrediuntur,
2849 4766 2936 4822 ille
2963 4768 3015 4823 in
3049 4773 3278 4830 ecclesia
3314 4791 3405 4846 pro
3430 4775 3525 4843 ipsa
3557 4765 3718 4823 tarditate

2266 4852 2507 4920 positus,
2569 4855 2851 4912 duodecim
2903 4860 3142 4930 psalmos
3192 4882 3346 4937 supra
3390 4877 3554 4921 cursus
3597 4854 3718 4912 Mi?“

2261 4949 2461 4998 cantet.
2488 4942 2544 4998 Si
2567 4959 2694 5000 vero
2723 4963 2788 5002 ex
2812 4959 2926 5005 toto
2946 4967 3164 5009 cursum
3191 4971 3340 5011 suum
3356 4955 3490 5026 perdi
3511 4951 3616 5012 terit,
3634 4955 3716 5014 Ρη·

2263 5033 2419 5106 cipue
2456 5039 2737 5095 nocturnis
2770 5043 2934 5109 boris,
2966 5045 3020 5100 in
3055 5049 3249 5118 quibus
3285 5049 3471 5104 nullum
3503 5042 3613 5100 aliud
3638 5046 3718 5107 ⁰Ρ⁰⁵

2265 5123 2540 5194 impendit,
2572 5134 2999 5201 superpositione
3020 5135 3323 5194 damnetur.

2336 5214 2554 5273 Diurnis
2581 5232 2753 5276 autem
2782 5224 2945 5287 horis,
2974 5230 3064 5298 qui
3087 5229 3158 5282 ad
3197 5247 3319 5302 opus
3348 5229 3435 5283 Dei
3468 5232 3562 5298 post
3586 5227 3716 5275 rerum

2263 5315 2312 5360 et
2335 5303 2568 5362 Gloriam
2587 5313 2744 5381 primi
2775 5316 2984 5384 psalmi,
3017 5320 3106 5390 qui
3126 5332 3240 5390 post
3267 5338 3452 5376 versum
3483 5316 3644 5372 dicitur,
3663 5321 3716 5358 οεο

2265 5400 2485 5452 currerit
2513 5399 2643 5472 [Al.,
2671 5419 2773 5457 non
2797 5409 3126 5482 occurrerit],
3154 5410 3261 5482 lege
3281 5429 3377 5482 qua
3405 5423 3540 5478 supra
3563 5399 3714 5456 dirimi

2261 5488 2318 5541 in
2343 5488 2526 5544 ultimo
2551 5501 2669 5556 stet,
2699 5509 2790 5548 nec
2807 5509 3088 5565 presumat
3108 5503 3300 5556 sociari
3318 5502 3460 5556 choro
3479 5489 3714 5568 psallentium

2261 5595 2423 5650 usque
2434 5579 2504 5634 ad
2517 5581 2950 5652 satisfactionem,
2969 5588 3068 5643 nisi
3080 5589 3215 5661 forte
3232 5590 3381 5644 abbas
3392 5571 3713 5642 licentiamdtdi'

2261 5669 2326 5723 rit
2349 5687 2410 5741 pe
2417 5671 2686 5726 rmissione
2697 5689 2818 5740 sua,
2839 5676 2913 5731 ita
2933 5688 3104 5733 tamen
3117 5689 3173 5735 ut
3184 5680 3457 5749 satisfaciat
3479 5690 3572 5729 rm
3585 5665 3709 5724 ιτῙιοί·

2258 5759 2397 5816 Ilinc
2429 5770 2646 5816 sanctus
2675 5761 3002 5824 Fructuosus
3024 5769 3101 5824 ait
3128 5787 3144 5824 :
3178 5770 3258 5825 Ad
3281 5769 3524 5825 orationes
3543 5761 3710 5816 diurnas.

2257 5854 2347 5924 qui
2375 5854 2441 5910 ad
2477 5854 2710 5927 primum
2734 5859 2999 5928 psalmum
3026 5877 3136 5920 non
3159 5862 3460 5928 occurrerit,
3491 5853 3659 5915 introire
3676 5845 3708 5896 ίη
