3994 6460
235 336 330 395 881

1253 335 1610 396 COMMENT.
1650 335 1721 394 IN
1755 334 1918 394 REG.
1959 333 2020 394 S.
2059 332 2440 395 BENEDICTI.

232 449 662 506 oratorium'cum
675 449 885 506 caeteris
901 463 1007 506 non
1021 450 1237 515 audeat,
1252 451 1344 508 sed
1365 452 1696 522 paenitentia:
1712 451 1803 508 de-
1827 453 1880 514 Α
1901 449 2121 507 boribus
2159 449 2362 520 jacent,
2403 463 2509 506 non
2553 455 2762 505 tantum
2815 447 3123 520 degustare,
3169 448 3264 505 sed
3305 449 3470 508 etiam

233 541 518 614 legabitur.
541 542 679 599 Hinc
705 541 996 599 Cassianus
1019 543 1185 600 dicit:
1210 543 1268 600 Si
1289 545 1411 616 quis
1434 553 1637 608 autem,
1656 553 1807 600 ante-

233 649 395 704 quam
419 632 605 698 finitur
623 634 860 706 psalmus
888 635 1155 706 incmptus
1177 652 1280 692 non
1303 637 1562 698 occurrit,
1578 635 1805 691 ulterius

234 727 286 781 in
336 726 630 782 oratorium
677 727 814 781 inter
850 727 1144 798 psallentes
1185 727 1380 783 fratres
1433 728 1658 783 introire
1697 743 1802 782 non

232 817 458 880 audeat,
489 816 582 872 sed
621 824 772 872 stans
800 815 932 872 foris
960 818 1027 872 ad
1053 816 1273 885 jannam
1307 818 1604 881 sustineat,
1633 817 1806 873 donec

233 908 399 964 finitis
444 908 664 978 psalmis
697 910 1038 980 congregatio
1070 909 1359 973 relaxetur,
1405 919 1463 965 et
1503 917 1632 966 tunc
1677 910 1805 964 sub-

230 1002 394 1058 missa
437 1001 490 1056 in
527 1011 684 1056 terra
699 1000 1013 1071 paenitentia
1059 1001 1396 1072 negligentiae
1431 1017 1544 1057 sum
1576 999 1660 1056 vel
1699 1010 1806 1056 tar-

231 1093 413 1149 ditatis
452 1106 632 1147 coram
663 1092 911 1147 omnibus
951 1093 1020 1146 ab
1047 1092 1241 1148 abbate
1273 1093 1527 1162 impetret
1567 1091 1801 1148 veniam.

231 1183 379 1252 Quod
423 1183 466 1238 si
498 1183 880 1254 contempserit
910 1181 1249 1247 satisfacere,
1295 1183 1444 1237 nullo
1476 1183 1634 1238 modo
1664 1183 1807 1238 inter

231 1275 427 1330 fratres
442 1274 751 1330 societatem
773 1272 961 1328 orandi
991 1273 1228 1328 habebit.
1249 1271 1399 1339 Quod
1425 1281 1605 1329 autem
1633 1272 1762 1327 dicit
1787 1290 1800 1325 :

229 1365 313 1420 Ita
343 1375 518 1420 tamen
547 1375 600 1419 ut
629 1364 923 1434 satisfaciat
954 1380 1072 1418 reus
1102 1379 1167 1418 ea;
1193 1364 1310 1426 hoc,
1346 1363 1684 1434 intelligitur,
1724 1363 1804 1419 sic

226 1473 346 1514 eum
387 1473 486 1527 per
515 1457 786 1514 licentiam
817 1455 1028 1511 abbatis
1059 1455 1113 1509 in
1145 1455 1311 1510 choro
1354 1455 1558 1526 recipi,
1594 1464 1653 1508 nt
1683 1462 1807 1525 post

225 1561 502 1621 peractum
548 1564 765 1606 cursum
810 1546 1105 1604 satisfaciat
1151 1547 1328 1603 adhuc
1358 1562 1482 1601 reus
1506 1561 1604 1616 pro
1634 1546 1807 1618 negli-

227 1642 405 1712 gentia
439 1657 469 1695 a
499 1655 558 1697 se
593 1640 878 1697 commissa
897 1679 913 1703 ,
942 1639 1114 1694 donec
1155 1638 1223 1692 ab
1248 1639 1444 1693 abbate
1467 1636 1696 1706 recipiat
1717 1651 1808 1691 ve-

227 1735 393 1798 niam,
425 1740 482 1796 et_
503 1748 627 1788 eum
664 1732 912 1787 remissio
947 1729 1104 1800 plena
1130 1727 1494 1798 subsequatur
1517 1736 1678 1798 atque
1707 1743 1804 1800 pa-

225 1825 397 1881 cillca.

294 1917 376 1973 Ad
401 1932 627 1972 mensam
639 1923 810 1970 autem
823 1914 912 1985 qui
930 1921 1052 1968 ante
1073 1929 1274 1968 versum
1296 1929 1400 1967 non
1415 1909 1796 1975 occurrerit,'ut

226 2008 380 2065 simul
408 2025 580 2064 omnes
607 2007 785 2062 dicant
814 2022 1014 2060 uersum
1045 2015 1092 2060 et
1119 2015 1283 2067 orent,
1315 2013 1362 2058 et
1391 2004 1485 2058 sub
1508 2020 1614 2057 uno
1641 2002 1798 2057 simul

227 2117 401 2156 omnes
429 2101 673 2155 accedant
694 2098 763 2153 ad
786 2114 1036 2160 mensam,
1061 2098 1254 2168 quiper
1273 2095 1635 2167 negligentiam
1647 2111 1799 2148 suam

226 2200 316 2245 aut
344 2191 523 2245 citium
555 2205 658 2244 non
684 2190 998 2250 occurrerit,
1037 2204 1196 2259 usque
1231 2186 1299 2240 ad
1325 2185 1606 2240 secundum
1642 2186 1799 2239 vicem

226 2297 318 2351 pro
349 2280 445 2334 hoc
483 2280 831 2350 corripiatur:
871 2279 916 2332 si
945 2278 1114 2332 denuo
1144 2293 1245 2331 non
1292 2276 1658 2338 emendaverit,
1695 2292 1798 2330 non

222 2380 558 2442 permittatur
581 2371 650 2425 ad
679 2386 870 2424 mensi:
890 2371 1177 2424 communis
1203 2370 1678 2440 participationem,
1707 2369 1797 2423 sed

222 2472 572 2524 sequestratus
603 2480 635 2515 a
665 2461 928 2514 consortio
959 2461 1214 2522 omnium,
1248 2458 1446 2526 reﬁciat
1485 2457 1648 2519 solus,
1675 2459 1798 2511 sub-

223 2552 330 2605 lata
374 2553 422 2606 ei
462 2552 695 2622 portione
737 2567 834 2604 sua
882 2549 986 2604 vini
1012 2590 1026 2614 ,
1065 2565 1225 2620 usque
1269 2547 1339 2601 ad
1387 2547 1798 2617 satisfactionem

225 2651 274 2693 et
315 2641 746 2696 emendationem.
789 2640 1048 2696 Similiter
1085 2649 1258 2693 autem
1299 2640 1564 2709 patiatur,
1598 2641 1687 2710 qui
1727 2638 1797 2692 ad

222 2729 369 2783 illum
419 2746 618 2784 versum
666 2746 770 2784 non
814 2730 970 2800 fuerit
1021 2745 1282 2798 prtesens,
1331 2729 1421 2799 qui
1459 2739 1575 2799 post
1625 2729 1798 2783 cibum

223 2819 431 2874 dicitur.
485 2820 621 2875 llinc
663 2820 882 2890 quidam
923 2819 1310 2876 monachorum
1358 2821 1617 2890 magister
1649 2821 1739 2874 ‘ait
1776 2837 1789 2872 :

220 2914 303 2968 Ad
341 2927 539 2968 mensae
588 2927 716 2967 vero
759 2913 1109 2983 antiphonam
1156 2911 1241 2966 vel
1281 2926 1496 2966 versum
1550 2913 1789 2982 priorem

222 3003 310 3072 qui
361 3017 469 3056 non
527 3000 822 3066 adfuerint,
870 3010 1074 3056 semote
1127 3011 1184 3056 et
1231 3017 1337 3057 non
1385 3002 1694 3072 signatum,
1742 3009 1799 3057 et

222 3093 337 3146 sine
388 3093 513 3148 data
569 3101 624 3148 et
679 3101 899 3164 accepta
958 3093 1328 3148 benedictione
1374 3094 1702 3149 manducent
1741 3101 1797 3148 et

1907 551 2146 614 tangere,
2175 542 2377 611 absque
2401 541 2486 596 his
2531 557 2653 612 qum
2679 542 2734 598 in
2770 554 3056 598 commune
3097 541 3476 604 comeduntnr,

1904 633 2245 706 sacrilegium
2270 634 2361 688 sit.

1976 723 2078 779 Sed
2113 735 2160 778 et
2191 725 2236 778 si
2265 723 2350 777 cui
2381 722 2604 792 offertur
2641 722 2844 794 aliquid
2876 741 2909 778 a
2954 715 3128 794 priore
3156 731 3206 778 et
3247 723 3483 792 accipere

1905 817 2152 880 renuerit,
2183 817 2312 871 liora
2341 833 2445 888 qua
2471 816 2838 871 desideraverit
2861 817 2957 870 hoc
2985 815 3124 888 quod
3154 817 3300 888 prius
3337 832 3484 870 recup

1903 909 2056 971 sarit,
2079 920 2169 962 aut
2198 908 2345 962 aliud
2374 909 2583 963 omnino
2616 925 2720 962 non
2741 908 2992 979 percipiat
3023 925 3186 980 usque
3210 909 3281 962 ad
3304 925 3482 964 emen-

1903 998 2166 1053 dationem
2199 1015 2503 1070 congruam.
2533 998 2873 1070 Hyperbaton
2899 1007 2984 1054 est
3004 1000 3126 1063 hoc,
3157 999 3299 1070 quod
3325 1000 3486 1056 aliter
3579 1001 3582 1004 ’

1904 1092 2212 1148 ordinatum
2254 1091 2568 1163 intelligitur
2612 1091 2729 1146 ita:
2763 1089 2821 1146 Si
2861 1091 2946 1145 cui
2979 1091 3181 1161 aliquid
3224 1106 3254 1146 a
3300 1092 3485 1162 priore

1904 1179 2151 1247 offertur,
2179 1191 2234 1236 et
2264 1183 2510 1240 renuerit
2538 1182 2806 1252 accipere,
2843 1181 2978 1236 hora
3008 1197 3112 1251 qua
3139 1181 3483 1237 desideraveo

1906 1269 1997 1334 rit,
2034 1273 2352 1327 subauditur
2399 1273 2684 1342 accipere;
2735 1262 2829 1326 aut
2875 1271 2982 1327 hoc
3028 1273 3293 1343 percipiat
3340 1272 3487 1343 quod

1904 1362 2056 1430 prius
2084 1363 2370 1425 recusavit,
2401 1372 2494 1416 aut
2523 1363 2666 1418 aliud
2693 1363 2913 1420 omnino
2939 1364 3094 1419 nihil.
3136 1364 3272 1421 Hinc
3295 1367 3487 1423 beatus

1905 1447 2172 1505 Basilius:
2207 1450 2319 1506 Hoc
2355 1452 2498 1506 enim
2535 1452 2675 1523 quod
2723 1452 2813 1508 hic
2857 1453 2923 1510 de
2959 1469 3082 1508 esca
3126 1455 3328 1508 dictum
3379 1463 3485 1519 est.

1905 1542 2072 1597 etiam
2120 1542 2187 1596 de
2222 1543 2369 1598 omni
2407 1558 2463 1598 re
2499 1559 2618 1613 quae
2660 1543 2726 1598 ad
2781 1559 2913 1600 usus
2962 1546 3208 1616 corporis
3250 1546 3488 1615 pertinet

1906 1633 2092 1688 eadem
2116 1631 2286 1688 forma
2311 1634 2514 1689 servari
2533 1641 2728 1705 potest.
2750 1633 2894 1706 Ergo
2920 1635 3022 1690 iste
3043 1636 3168 1690 talis
3188 1635 3281 1706 qui
3305 1634 3486 1692 oblata

1907 1725 2148 1796 recipere
2184 1727 2380 1790 renuit,
2427 1727 2624 1796 dignus
2668 1736 2753 1782 est
2800 1736 2862 1782 ut
2901 1729 3114 1783 etiamsi
3143 1739 3352 1799 qureret
3378 1743 3488 1784 non

1828 1805 1876 1868 Β
1901 1816 2149 1887 accipiat,
2165 1831 2444 1887 usquequo
2465 1819 2656 1888 probet
2682 1818 2728 1872 is
2753 1819 2846 1888 qui
2873 1829 3087 1888 praeest,
3112 1827 3310 1875 etcum
3337 1819 3484 1875 vide-

1901 1909 1971 1962 rit
1993 1908 2185 1964 vitium
2213 1909 2378 1964 animi
2409 1919 2676 1971 curatum.
2714 1918 2840 1966 tunc
2875 1913 3040 1968 etiam
3070 1911 3213 1982 quod
3239 1912 3486 1983 corporis

1897 1998 2085 2055 usibus
2113 2001 2476 2055 necessarium
2502 1999 2664 2055 fuerit
2691 2001 2974 2070 praebebit.

2459 2091 2687 2147 CAPUT
2719 2091 2900 2147 XLIV.

1932 2178 2012 2236 De
2039 2181 2105 2235 iis
2128 2182 2216 2253 qui
2238 2181 2780 2247 excommunicantur,
2808 2183 3068 2255 quomodo
3089 2185 3447 2248 satisfaciant.

1971 2269 2074 2338 Qui
2094 2288 2189 2342 pro
2217 2272 2444 2342 graviori
2474 2271 2628 2342 culpa
2663 2271 2728 2326 ab
2759 2275 2991 2329 oratorio
3029 2284 3078 2330 et
3116 2292 3148 2330 a
3174 2293 3352 2332 mensa
3390 2292 3486 2334 eat—

1897 2361 2332 2433 communicatur,
2345 2363 2475 2416 hora
2501 2381 2605 2435 qua
2635 2381 2764 2434 opus
2780 2363 2874 2419 Dei
2903 2368 2958 2420 in
2991 2370 3224 2422 oratorio
3253 2368 3487 2425 celebra-

1896 2463 2004 2518 tur,
2033 2463 2152 2508 ante
2178 2454 2314 2523 fores
2337 2455 2556 2509 oratorii
2591 2466 2885 2526 prostratus
2903 2459 3106 2528 jaceat,
3130 2459 3260 2514 nihil
3283 2462 3487 2528 dicens,

1897 2545 2000 2599 nisi
2034 2552 2238 2599 tantum
2260 2544 2426 2615 posito
2453 2544 2508 2599 in
2529 2555 2721 2600 terram
2743 2548 2912 2616 capite
2935 2559 2982 2603 et
3005 2558 3321 2620 prostratus,
3363 2566 3488 2620 pro-

1897 2652 1995 2690 nus
2023 2636 2254 2689 omnium
2284 2635 2348 2690 de
2379 2639 2614 2692 oratorio
2644 2641 2944 2694 exeuntium
2986 2642 3202 2707 pedibus
3233 2659 3287 2696 se
3314 2643 3484 2713 proji-

1897 2725 2020 2780 ciat.
2038 2723 2106 2778 Et
2128 2726 2226 2780 hoc
2247 2726 2433 2781 tandiu
2458 2727 2620 2798 faciat
2647 2746 2808 2800 usque
2831 2729 2958 2783 dum
2984 2731 3145 2785 abbas
3159 2731 3484 2802 iudicaverit

1895 2817 2224 2887 satisfactum
2252 2835 2381 2874 esse.
2413 2819 2542 2886 Quae
2570 2821 2846 2892 graviores
2876 2831 3001 2878 sunt
3035 2824 3227 2896 culpze,
3253 2826 3367 2896 jam
3393 2843 3486 2883 su-

1895 2911 2078 2982 perius
2104 2911 2306 2968 dictum
2337 2923 2441 2968 est.
2471 2912 2609 2970 Hinc
2638 2929 2768 2970 vero
2795 2915 2860 2972 de
2888 2931 3125 2988 cnngrua
3147 2919 3488 2990 culpatorum

1896 3003 2264 3061 satisfactione
2287 3005 2575 3062 dicendum
2606 3015 2710 3062 est.
2756 3005 3016 3074 Quorum,
3043 3017 3103 3063 ut
3124 3008 3363 3066 Isidorus
3388 3011 3487 3077 ait,

1900 3096 2012 3151 Sola
2041 3097 2195 3166 panis
2222 3104 2276 3150 et
2306 3112 2457 3166 aqum
2487 3097 2541 3152 in
2565 3098 2929 3168 vespertinum
2951 3099 3060 3154 erit
3080 3099 3383 3155 adhibenda
3410 3115 3494 3156 re-

221 3184 424 3250 bibant,
448 3193 504 3241 et
522 3186 638 3240 sine
666 3161 892 3254 alicujus
919 3184 1151 3256 eloquio.
1185 3184 1251 3239 Et
1273 3185 1466 3240 merito
1488 3187 1602 3240 sine
1626 3185 1801 3240 homi-
1825 3161 1871 3226 (ἶ
1906 3161 2088 3252 fectio,
2113 3161 2575 3251 amictus-eorum,
2611 3161 2705 3242 aut
2731 3189 2962 3260 tegimen
2993 3204 3198 3256 rasum,
3227 3200 3321 3246 aut
3347 3189 3490 3246 forte

220 3277 304 3332 nis
335 3276 548 3347 eloquio
578 3277 738 3332 debet
764 3275 987 3332 reficere
1014 3276 1103 3346 qui
1136 3285 1262 3330 ante
1291 3275 1643 3330 refectionem
1674 3291 1800 3332 cum

220 3367 330 3424 Deo
359 3383 464 3424 non
498 3377 582 3425 est
605 3369 832 3425 locutus.
859 3367 962 3438 Qui
985 3384 1114 3425 vero
1131 3369 1423 3440 posteriori
1454 3385 1655 3426 mensae
1675 3386 1801 3426 vcr-

221 3459 302 3514 sui
334 3475 438 3514 non
461 3459 714 3527 adfuerit,
737 3462 896 3518 talem
923 3477 1138 3534 poenam
1163 3463 1444 3533 suscipiat,
1468 3463 1683 3533 qualem
1707 3464 1797 3521 ille

221 3564 313 3620 qui
342 3561 467 3606 ante
498 3551 847 3608 refectionem
878 3569 984 3608 non
1019 3563 1104 3609 est
1134 3553 1348 3608 locutus
1390 3569 1514 3610 cum
1548 3555 1674 3610 Deo.
1699 3554 1798 3610 liae

222 3655 351 3697 vero
397 3643 764 3714 correptiones
809 3646 892 3701 vel
931 3646 1516 3702 excommunicationes
1551 3647 1636 3703 bis
1661 3647 1798 3703 dun-

224 3739 372 3786 taxat
401 3735 705 3790 constitutae
733 3745 889 3801 sunt,
926 3737 1018 3807 qui
1065 3745 1188 3792 sunt
1218 3736 1493 3793 voluntate
1535 3747 1591 3794 et
1635 3739 1799 3810 negli-

221 3823 398 3893 gentia
425 3825 604 3890 tardi,
642 3835 696 3881 et
726 3825 884 3882 nullis
910 3827 1326 3883 necessitatibus
1359 3829 1626 3900 occupati.
1660 3827 1797 3884 Nam

220 3926 320 3984 pro
350 3913 579 3970 utilitate
628 3917 938 3972 monasterii
982 3919 1228 3990 occupati
1277 3919 1438 3990 digne
1474 3921 1726 3975 absentes
1765 3934 1797 3974 a

221 4008 576 4073 praesentibus
617 4007 670 4061 in
698 4009 935 4063 oratorio
963 4018 1346 4064 memorentur.
1391 4009 1527 4064 Hinc
1558 4009 1797 4065 Isidorus

220 4095 397 4152 dicit.
426 4097 528 4163 Qui
573 4096 639 4152 ad
681 4113 921 4152 mensam
960 4099 1166 4154 tardius
1199 4100 1441 4166 venerit,
1484 4109 1576 4163 aut
1620 4102 1796 4172 ι)ωηί-

221 4189 448 4243 tentiam
472 4196 624 4259 agat,
663 4196 756 4244 aut
783 4187 1002 4260 jejnniis
1029 4191 1095 4244 ad
1133 4205 1287 4245 suum
1328 4206 1464 4260 opus
1498 4191 1582 4245 vel
1621 4189 1797 4245 cubile

223 4288 486 4335 recurrat.
522 4279 656 4337 Hinc
687 4281 916 4337 Basilius
942 4281 1018 4337 ait
1047 4301 1060 4337 :
1096 4281 1153 4338 Si
1180 4298 1302 4336 cum
1323 4283 1492 4353 possit
1521 4297 1628 4337 non
1655 4292 1796 4338 sate-

222 4373 382 4444 gerit,
425 4371 658 4427 fateatur
685 4373 909 4451 culpam
956 4374 1291 4445 negligentiae
1319 4391 1449 4441 suae,
1494 4384 1548 4431 et
1581 4384 1798 4432 maneat

221 4463 340 4517 sine
378 4460 498 4516 cibo
524 4475 692 4529 usque
724 4463 790 4516 ad
833 4462 976 4518 illam
1004 4464 1195 4520 horam
1230 4481 1336 4536 qua
1377 4467 1697 4522 convenitur
1727 4469 1796 4525 ad

220 4553 402 4610 cibum
426 4553 479 4607 in
512 4560 787 4622 posterum
815 4554 976 4609 diem.

296 4657 408 4712 Nec
431 4656 703 4729 quisquam
745 4667 1026 4729 praesumat
1065 4669 1188 4714 ante
1211 4669 1459 4716 statutam
1497 4663 1680 4717 horam
1716 4663 1793 4718 vel

218 4759 397 4822 postea
411 4749 694 4820 quidquam
709 4751 810 4804 cibi
835 4750 912 4806 uel
921 4761 1069 4822 potus
1081 4754 1359 4824 percipere.
1379 4753 1512 4810 Hinc
1533 4753 1796 4812 Fructuo-

221 4856 315 4896 sus
340 4841 416 4895 ait
441 4825 713 4908 {Quilibet
752 4855 816 4896 es
847 4843 1126 4897 monachis
1151 4841 1411 4912 jejunium
1446 4844 1655 4902 solvere
1683 4861 1791 4900 non

221 4940 530 5003 prmsumat,
554 4946 654 4986 nec
683 4932 994 5003 priusquam
1022 4933 1075 4986 in
1097 4949 1380 4990 commune
1406 4936 1651 4991 reficiant
1669 4952 1792 4990 cum

222 5023 448 5082 caeteris,
488 5021 569 5078 vel
609 5033 892 5094 postquam
946 5022 1250 5089 refecerint,
1303 5027 1592 5096 quidquam
1649 5027 1793 5096 quod

224 5113 293 5166 ad
319 5111 608 5182 potandum
648 5113 732 5166 vel
765 5113 1028 5168 edendum
1057 5114 1287 5183 pertinet
1325 5123 1540 5185 gustare
1562 5114 1644 5170 vel
1667 5131 1796 5170 con-

221 5203 432 5272 tingere
471 5203 686 5267 audeat,
739 5202 822 5256 vel
871 5204 1080 5258 occulte
1123 5204 1400 5274 quodlibet
1449 5205 1797 5275 peculiariter

222 5293 516 5348 recondere
564 5292 648 5347 vel
706 5292 906 5347 habere
956 5304 1264 5363 prasumat.
1321 5295 1456 5350 Hinc
1503 5295 1792 5362 Cassianus

223 5383 355 5439 dicit
379 5401 392 5436 :
419 5383 754 5439 Omnimodis
779 5393 957 5438 autem
986 5399 1049 5438 ex
1077 5387 1178 5441 hoc
1197 5388 1372 5441 caveri
1393 5387 1553 5442 debet
1572 5401 1639 5441 ne
1667 5396 1790 5442 ante

222 5476 369 5531 illam
399 5474 481 5528 vel
525 5483 644 5544 post
697 5474 841 5528 illam
892 5475 1080 5529 horam
1123 5493 1224 5546 qua
1271 5491 1460 5532 omnes
1496 5476 1690 5531 fratres
1738 5477 1793 5532 in

221 5579 506 5620 commune
539 5564 884 5629 reficiuntur,
914 5575 1070 5620 extra
1111 5581 1350 5622 mensam
1393 5569 1794 5636 quomodocun-

221 5673 330 5730 que
375 5658 730 5728 quodcunque
778 5657 864 5712 vel
914 5659 1181 5715 modicum
1220 5658 1416 5728 aliquis
1465 5658 1792 5715 manducare

223 5757 540 5825 praesumat,
575 5757 635 5804 ut
669 5750 832 5806 etiam
860 5763 1016 5821 poma
1043 5765 1162 5821 quae
1194 5758 1434 5820 tempore
1457 5763 1556 5807 suo
1581 5750 1683 5806 sub
1703 5764 1794 5808 ar-

939 5898 1051 5963 ...ἶ

1906 3278 2164 3344 cil’cium,
2198 3277 2425 3334 lectulus
2447 3294 2656 3343 eorum,
2697 3287 2790 3334 aut
2816 3279 2958 3334 nuda
2987 3280 3206 3348 humus,
3232 3291 3321 3336 aut
3348 3281 3491 3341 forte

1903 3370 2092 3436 storia,
2148 3370 2199 3424 id
2241 3378 2344 3435 est,
2397 3377 2560 3424 malta
2608 3385 2770 3440 super
2799 3371 3042 3427 humum.
3090 3370 3226 3428 Hinc
3270 3373 3488 3444 quidam

1904 3462 2288 3516 monachorum
2317 3461 2578 3532 magister
2611 3462 2722 3516 ait:
2762 3461 2864 3530 Qui
2898 3476 3029 3517 vero
3075 3461 3244 3518 frater
3268 3480 3488 3534 gravem

1903 3557 2115 3628 culpam
2140 3557 2438 3621 admiserit,
2471 3557 2586 3628 ipse
2613 3558 2681 3612 ab
2709 3567 2940 3629 utroque
2966 3561 3483 3626 excommunicctur,

1900 3649 1954 3705 id
1990 3658 2096 3713 est,
2133 3650 2202 3706 ab
2228 3651 2486 3716 oratorio,
2525 3661 2580 3708 et
2607 3667 2637 3706 a
2667 3667 2877 3717 mensa,
2926 3659 2981 3707 et
3009 3667 3114 3708 non
3158 3653 3276 3723 ipse
3303 3654 3371 3708 ad
3398 3655 3486 3710 in-

1900 3739 2226 3812 dulgentiam
2267 3742 2487 3815 majoris
2514 3744 2814 3816 perveniat,
2857 3743 2962 3798 nisi
3003 3753 3130 3800 ante
3169 3744 3331 3801 limen
3361 3763 3488 3803 ora-

1900 3833 2022 3888 torii
2050 3843 2357 3904 prostratus
2403 3832 2735 3906 lacrymabili
2781 3848 2913 3890 voce
2948 3833 3235 3889 intervallo
3261 3851 3483 3891 cessan-

1900 3927 2035 3981 tinm
2069 3928 2120 3981 in
2145 3926 2369 3997 psalmis
2409 3927 2665 3981 horarum
2704 3925 2814 3980 Deo
2852 3933 2907 3979 et
2950 3925 3203 3982 omnibus
3227 3926 3484 3983 emenda-

1899 4015 2047 4071 tione
2081 4014 2407 4071 satisfecerit
2433 4015 2774 4084 repromissa.

1971 4103 2073 4169 Qui
2107 4103 2232 4157 dum
2256 4104 2441 4173 jussus
2487 4104 2552 4157 ab
2583 4103 2766 4158 abbate
2788 4105 3003 4169 venerit,
3036 4105 3201 4160 volvat
3239 4124 3293 4162 se
3321 4108 3485 4178 ipsius

1899 4195 2101 4249 abbatis
2128 4195 2363 4266 pedibus,
2410 4194 2596 4249 deinde
2635 4197 2866 4250 omnium
2892 4196 3118 4267 fratrum
3147 4200 3393 4269 vestigiis,
3425 4211 3485 4256 ut

1899 4296 2043 4340 orent
2067 4303 2160 4358 pro
2188 4303 2268 4341 eo.
2322 4285 2390 4340 Et
2415 4295 2537 4340 tunc
2566 4286 2611 4341 si
2631 4286 2850 4356 jusserit
2878 4288 3062 4355 abbas,
3096 4293 3382 4362 recipiatur
3427 4293 3483 4348 in

1898 4382 2076 4446 choro,
2101 4378 2177 4434 uel
2197 4380 2253 4435 in
2283 4378 2485 4445 ordine,
2507 4396 2609 4450 quo
2635 4379 2794 4434 abbas
2821 4380 3100 4437 decreverit
3119 4423 3134 4448 ,
3167 4384 3242 4438 ita
3274 4401 3402 4439 sane
3425 4394 3484 4439 stt

1898 4469 2156 4543 psalmum
2180 4479 2272 4526 aut
2308 4469 2598 4536 lectionem,
2643 4470 2720 4524 vel
2746 4470 2892 4525 aliud
2913 4472 3040 4543 quid
3069 4489 3172 4529 non
3199 4485 3483 4545 pra'sumat

1895 4571 1949 4623 in
1976 4568 2205 4622 oratorio
2250 4568 2531 4641 imponere,
2585 4569 2687 4624 nisi
2732 4568 2922 4623 iterum
2965 4566 3126 4622 abbas
3157 4567 3362 4638 jubeat.
3409 4566 3481 4622 Et

1897 4658 2132 4713 omnibus
2161 4659 2302 4713 horis
2325 4659 2451 4713 dum
2477 4659 2763 4729 completur
2783 4674 2913 4728 opus
2936 4655 3054 4722 Dei,
3076 4657 3324 4728 projiciat
3345 4674 3400 4712 se
3419 4658 3484 4717 its

1894 4763 2088 4804 terram
2129 4749 2184 4803 in
2208 4749 2319 4804 loco
2353 4749 2408 4802 in
2432 4765 2534 4820 quo
2573 4758 2696 4811 stat,
2742 4759 2790 4803 et
2826 4749 2901 4804 sic
2932 4747 3226 4819 satisfaciat
3253 4789 3268 4812 ,
3292 4765 3480 4820 usque-

1896 4839 2020 4893 dum
2046 4839 2090 4892 ei
2116 4838 2302 4908 jubeat
2332 4839 2491 4893 abbas
2532 4848 2589 4893 ut
2632 4841 2862 4910 quiescat
2895 4839 3014 4911 jam
3045 4839 3110 4893 ab
3132 4839 3232 4892 hac
3253 4839 3472 4908 satisfa-

1895 4928 2082 4982 ctione.
2133 4925 2270 4982 Hinc
2298 4928 2535 4983 Isidorus
2563 4930 2638 4984 ait
2666 4948 2677 4982 :
2721 4928 3028 4985 Satisfaclio
3050 4927 3480 4997 delinquentium

1900 5018 2017 5074 haec
2035 5026 2146 5072 est:
2174 5017 2400 5073 Peracto
2422 5019 2754 5089 paenitentia:
2773 5029 3014 5091 tempore
3030 5027 3252 5073 vocatus
3273 5018 3475 5084 veniat,

1898 5109 2064 5164 humo
2085 5119 2392 5180 prostratus
2411 5108 2609 5178 jaceat,
2655 5111 2836 5182 jussus
2877 5111 2945 5166 ab
2989 5111 3181 5166 abbate
3216 5109 3282 5164 de
3331 5117 3475 5165 terra

1897 5210 2204 5273 consurgat,
2250 5217 2475 5274 surgens
2515 5202 2583 5258 ab
2609 5205 2860 5260 omnibus
2900 5219 2999 5274 pro
3034 5201 3358 5273 negligentia
3383 5217 3475 5260 ve-

1899 5295 2042 5349 niam
2102 5302 2326 5366 poscat,
2381 5295 2672 5366 adepturus
2720 5295 3107 5367 indulgentiam
3149 5301 3271 5364 post
3315 5291 3474 5363 huius

1898 5383 2280 5441 emendatoria:
2317 5386 2521 5442 satisfat
2539 5387 2703 5442 tionis
2730 5399 3056 5442 mensuram.

1970 5477 2073 5543 Qui
2111 5492 2230 5531 vero
2255 5493 2349 5547 pro
2374 5477 2564 5532 levibus
2614 5478 2778 5547 culpis
2807 5474 3326 5530 excommunicantur
3353 5484 3473 5529 tan-

1897 5576 2008 5621 tum
2034 5583 2067 5621 a
2087 5584 2287 5632 mensa,
2315 5569 2369 5621 in
2407 5570 2639 5622 oratorio
2665 5567 3017 5636 satisfaciant,
3056 5582 3217 5638 usque
3261 5567 3330 5620 ad
3348 5566 3473 5637 jus-

1896 5657 2094 5710 sionem
2130 5657 2331 5712 abbatis
2351 5659 2448 5712 hoc
2472 5673 2672 5726 seraper
2709 5657 2929 5726 faciant,
2971 5672 3135 5727 usque
3161 5656 3286 5710 dum
3313 5657 3468 5714 bene.

1896 5748 2033 5804 dicat
2059 5758 2108 5802 et
2135 5748 2318 5806 dicat:
2346 5749 2566 5820 δαμεὶς.
2598 5746 2751 5814 Quod
2796 5748 2948 5818 dicit,
2986 5747 3273 5814 benedicat,
3305 5745 3473 5838 intel-‘
