3994 6460
1788 320 2147 383 MAGDI
2170 322 2460 383 λειω-ιβ

518 444 727 516 ﬂgitur,
770 439 1015 497 Dimittat
1052 439 1150 497 tibi
1193 437 1471 494 Domitius.
1503 436 1661 505 Quod
1682 436 1839 504 dicit,
1879 436 2081 507 sumsit,
2113 439 2168 501 Α
2188 435 2415 506 impigr:
2449 434 2633 501 fuerit,
2680 434 2750 490 ad
2792 433 2900 491 hoc
2924 448 3061 506 opus
3101 433 3331 491 idoneus
3371 434 3644 494 inventus
3667 477 3687 503 ,
3733 447 3803 493 ut

454 601 466 630 ¹
520 534 840 593 subauditur
854 549 958 608 pro
983 536 1089 590 hac
1105 533 1263 604 culpa
1289 531 1592 591 satisfactio
1615 539 1755 591 acta.

1085 646 1312 705 CAPUT
1350 647 1509 704 XLV.

849 740 928 795 De
946 738 1014 795 iis
1034 755 1124 811 qut
1149 738 1410 810 falluntur
1432 740 1490 794 in
1508 739 1756 795 oratorio.

590 827 653 886 Si
679 830 797 902 quis
833 830 959 885 dum
990 831 1294 900 pronuntiat
1338 828 1597 899 psalmum
1623 870 1638 894 ,
1683 829 2091 902 responsorium,

517 929 612 975 aut
631 919 992 993 antiphonam,
1029 918 1107 976 vel
1136 918 1439 986 lectionem,
1466 918 1696 991 fallitur,
1731 918 1833 973 nisi
1859 935 1975 973 cum
2008 935 2094 972 sa-
2172 964 2179 967 .

514 1011 812 1080 tisfactione
851 1010 925 1065 ibi
950 1027 1125 1065 coram
1156 1011 1393 1065 omnibus
1420 1009 1728 1065 humiliatus
1765 1008 1946 1080 fuerit,
1974 1026 2091 1063 ma-

506 1098 619 1170 jori
661 1098 903 1157 vindicta
957 1101 1274 1171 subjaceat;
1328 1101 1513 1171 quippe
1555 1101 1645 1170 qui
1700 1099 1867 1153 noluit
1922 1099 2095 1152 humi-

512 1188 660 1243 litate
701 1192 960 1260 corrigere
1002 1190 1142 1249 quod
1197 1190 1505 1261 negligentia
1557 1189 1794 1260 deliquit.
1853 1186 2094 1259 Infantes

512 1294 631 1335 vero
674 1298 771 1351 pro
816 1281 911 1335 tali
965 1283 1119 1354 culpa
1170 1281 1427 1352 rapulent.
1490 1281 1643 1349 Quod
1687 1280 1848 1345 dicit,
1900 1281 2094 1351 majori

512 1373 757 1429 vindictae
805 1375 1112 1445 subjaceat,
1169 1377 1520 1441 subauditur,
1587 1375 1740 1445 quasi
1792 1374 1861 1429 ibi
1909 1389 2092 1428 coram

512 1465 765 1521 omnibus
810 1467 1123 1523 humiliatus
1181 1469 1387 1524 fuisset.
1441 1468 1593 1535 Quod
1636 1482 1767 1523 vero
1810 1466 1965 1531 dicit,
2011 1466 2094 1518 in-

514 1555 685 1626 fantes
728 1574 823 1631 pro
867 1558 959 1612 tali
990 1558 1141 1630 culpa
1182 1559 1456 1630 vapulem,
1498 1557 1936 1629 subintelligitur,
1986 1556 2092 1610 nisi

510 1643 587 1700 ibi
619 1660 799 1702 coram
847 1647 1096 1703 omnibus
1133 1649 1399 1704 bumiliali
1445 1648 1663 1704 fuerint.
1718 1648 1845 1703 llaec
1887 1648 1951 1703 de
1987 1648 2093 1704 illis

512 1739 603 1809 qui
631 1756 751 1795 raro
774 1741 1050 1807 falluntur,
1081 1753 1133 1797 et
1163 1759 1303 1814 saepe.
1328 1745 1560 1815 correpti
1587 1760 1693 1799 non
1714 1746 2091 1809 emcndantur,

2194 542 2330 597 opus
2356 526 2450 582 Dei
2474 542 2584 583 non
2610 526 2892 594 tardetur;
2942 526 3034 596 qui
3065 540 3209 593 non,
3243 540 3350 596 qua
3375 525 3515 583 liora
3558 527 3649 583 illi
3676 527 3802 585 libi-

2199 624 2311 674 tum
2339 617 2746 683 fuerit,fratres
2790 619 2863 674 ad
2903 618 3116 691 vigilias
3149 619 3414 676 suscitare
3462 630 3797 690 praesumat,

2194 710 2287 765 sed
2314 710 2393 765 sic
2435 717 2603 765 totam
2641 710 3116 782 congregationem
3146 711 3213 766 ad
3255 709 3494 767 otiicium
3519 713 3801 769 orationis

2192 802 2417 867 invitet,
2462 819 2534 859 no
2565 803 2621 858 in
2667 811 2901 874 utroque
2929 805 3235 861 inveniatur
3264 806 3551 871 incautus,
3608 806 3671 861 id
3692 817 3800 873 est,

2192 907 2263 948 ne
2306 892 2393 949 vel
2442 908 2734 964 oppressus
2781 909 2972 951 somno
3014 903 3268 951 statutam
3311 896 3492 952 noctis
3538 904 3802 954 transeat

2191 982 2383 1041 horam
2399 1022 2416 1049 ,
2444 983 2529 1039 vel
2554 984 2798 1040 eamdem
2824 982 3055 1039 festinus
3079 985 3355 1053 anticipet.
3407 985 3469 1040 Si
3492 1002 3641 1042 vero
3664 1002 3801 1056 qua-

2192 1072 2324 1129 libet
2347 1066 2631 1130 occasione
2650 1090 2681 1129 a
2705 1073 2851 1143 iusto
2871 1074 3059 1130 ordine
3079 1074 3352 1129 deviatum
3375 1075 3575 1142 fuerit,
3607 1086 3672 1131 ut
3690 1094 3801 1135 non

2193 1167 2490 1222 secundum
2514 1166 2757 1221 ordinem
2785 1182 2941 1222 suum
2966 1167 3114 1223 horae
3137 1167 3547 1235 custodiantur,
3602 1184 3800 1240 super-

2190 1260 2459 1329 positione
2495 1260 2819 1314 damnentur

2263 1350 2504 1405 Psalmos
2535 1360 2707 1404 autent
2730 1349 2809 1404 vel
2830 1349 3141 1421 antipltonas
3163 1360 3281 1421 post
3305 1352 3555 1407 abbatem
3602 1354 3795 1408 ordine

2190 1459 2287 1498 suo
2311 1442 2498 1511 quibus
2519 1443 2725 1513 justum
2749 1443 2907 1512 fuerit
2926 1443 3215 1512 imponant.
3239 1444 3474 1501 Cantare
3494 1455 3689 1498 autem
3708 1456 3793 1501 nt

2192 1534 2358 1605 legere
2389 1553 2492 1591 non
2519 1545 2803 1605 prwsumat
2826 1576 2840 1599 ,
2881 1537 2982 1591 nisi
3020 1537 3112 1607 qui
3137 1549 3300 1607 potest
3342 1540 3524 1607 ipsum
3564 1538 3796 1607 θρόει

2189 1626 2423 1697 implere,
2466 1638 2522 1681 ut
2554 1629 2877 1697 a'diﬁcentur
2904 1628 3196 1683 audientes.
3235 1629 3390 1694 Quod
3419 1647 3547 1683 cum
3576 1630 3797 1684 humili-

2193 1728 2298 1772 tate
2323 1728 2371 1772 et
2395 1720 2671 1789 gravitate,
2698 1728 2746 1772 et
2791 1728 3013 1774 tremore
3042 1718 3227 1789 faciat,
3256 1730 3304 1774 et
3333 1720 3421 1774 cui
3443 1720 3683 1789 jusserit
3713 1722 3795 1775 et-

511 1795 726 1888 et'iamsi
756 1833 830 1889 ibi
870 1835 1137 1889 bumiliati
1172 1795 1406 1900 ΐυξι-ἰηῑ,
1439 1795 1797 1908 utrvapulcut,
1825 1846 1886 1891 ut
1906 1850 2092 1894 cmen—
2119 1795 2170 1857 Β
2197 1810 2308 1864 ba"
2365 1810 2518 1876 θυοδ
2575 1812 2743 1908 {ﬁcii}
2793 1821 2907 1882 Ρθδί
2955 1813 3195 1908 “immani
3240 1813 3425 1868 ordine
3473 1830 3580 1908 sfw
3626 1816 3795 1908 ‘3'?"

511 1921 727 1991 dentur,
754 1932 809 1981 et
844 1940 985 1997 smpe
1005 1926 1114 1995 jam
1144 1943 1249 1981 non
1274 1927 1545 1984 fallantur.

1033 2029 1037 2032 ’
1078 2039 1304 2098 CAPUT
1332 2042 1515 2098 XLVI.

605 2125 684 2181 De
708 2127 774 2183 iis
798 2131 891 2200 qui
924 2130 980 2185 in
1005 2128 1124 2185 aliis
1149 2131 1460 2202 quibuslibet
1492 2134 1641 2188 rebus
1669 2131 1997 2206 delinquunt.

580 2238 639 2296 Si
661 2241 778 2311 quis
800 2241 925 2295 dum
950 2242 1005 2297 in
1031 2241 1208 2298 labore
1246 2246 1448 2315 quovis,
1486 2247 1541 2302 in
1565 2248 1807 2318 coquimt,
1838 2249 1895 2302 in
1924 2248 2086 2304 cella-

478 2330 609 2397 ‘rio,
640 2332 697 2385 in
720 2332 1027 2399 ministerio,
1043 2334 1096 2389 in
1120 2335 1364 2404 pistrino,
1387 2339 1443 2392 in
1468 2338 1640 2403 horto,
1669 2340 1723 2393 in
1743 2350 1858 2395 arte
1884 2340 2087 2412 aliqua,

507 2420 636 2475 dum
663 2419 888 2488 laborat,
930 2422 1009 2479 uel
1044 2425 1098 2479 iu
1127 2442 1433 2499 quocunque
1456 2427 1570 2482 loco
1608 2427 1808 2500 aliquid
1857 2431 2091 2502 delique-

534 2512 600 2578 it,
624 2520 716 2567 aut
746 2512 957 2584 {regerit
983 2516 1285 2586 quidpiam,
1336 2519 1741 2589 autperdiderit
1766 2561 1782 2587 ,
1834 2521 1911 2576 vel
1936 2522 2087 2580 aliud

504 2600 633 2672 quid
665 2605 938 2659 excesserit
970 2605 1058 2658 ubi
1090 2616 1139 2661 et
1181 2608 1289 2673 ubi,
1337 2617 1385 2663 et
1436 2626 1542 2664 non
1590 2613 1796 2666 ueniens
1840 2613 2088 2669 continuo

505 2700 627 2749 ante
655 2692 913 2760 abbatem,
959 2697 1035 2750 vel
1073 2700 1525 2770 congregationem
1553 2740 1569 2766 ,
1613 2700 1722 2771 ipse
1752 2700 1889 2757 ultro
1925 2704 2089 2758 satis-

504 2781 711 2855 fecerit,
739 2794 787 2839 et
814 2786 1105 2857 prodiderit
1148 2789 1395 2845 delictum
1421 2808 1574 2846 suum
1599 2833 1613 2856 ,
1647 2794 1771 2848 dum
1800 2811 1893 2863 per
1919 2794 2087 2850 alium

504 2876 771 2946 cognitum
806 2879 986 2948 fuerit,
1015 2881 1206 2951 ηιαῙονὶ
1230 2883 1500 2952 subjaceat
1527 2885 1896 2940 erneudationi.
1948 2886 2088 2942 llinc

505 2963 796 3023 Cassianus
842 2969 955 3023 ait:
1010 2968 1069 3024 Si
1112 2971 1235 3039 quis
1285 2970 1483 3040 aliquid
1533 2972 1782 3044 fregerit,
1834 2984 1928 3031 aut
1969 2992 2088 3046 per-

504 3054 738 3122 diderit,
778 3073 885 3113 non
910 3060 1071 3117 aliter
1107 3062 1485 3134 negligentiam
1516 3081 1668 3119 suam
1708 3066 1935 3132 delebit,
1980 3069 2085 3124 nisi

504 3165 689 3208 coram
712 3155 962 3211 omnibus
984 3155 1239 3217 fratribus
1268 3161 1451 3215 taudiu
1473 3163 1855 3232 supplicavcrit
1888 3165 2001 3221 Deo
2030 3167 2085 3223 in
2111 3154 2163 3220 C

502 3250 649 3303 terra
678 3256 1011 3316 prostratus,
1062 3250 1237 3308 donec
1284 3254 1526 3310 oratione
1566 3255 1806 3313 solvatur
1852 3260 2082 3317 abbatis.

501 3332 677 3408 Supra
709 3339 853 3394 enim
887 3342 1173 3400 nominata
1200 3345 1539 3416 negliguntur.
1573 3350 1866 3404 secundum
1900 3353 2088 3407 modi.-

498 3424 612 3491 lum
638 3430 913 3500 proprium
941 3434 1051 3489 sint
1078 3438 1393 3503 pensanda},
1425 3446 1480 3493 et
1499 3439 1654 3508 juxta
1678 3449 1890 3497 artatcm
1919 3444 2085 3499 delirr-

500 3522 805 3592 quentium,
836 3524 889 3580 id
914 3537 1017 3589 est,
1049 3527 1132 3581 vel
1162 3537 1425 3595 teneram,
1457 3531 1538 3586 vel
1571 3533 1817 3597 senilem,
1847 3534 1931 3587 vel
1960 3535 2085 3590 viri-

501 3609 634 3678 lem,
667 3623 791 3669 sunt
816 3618 1140 3685 corrigendi.
1174 3619 1231 3675 Si
1260 3622 1439 3677 abbati
1468 3623 1553 3679 vel
1576 3626 1862 3693 praeposito
1891 3641 2083 3693 puram

500 3702 713 3763 dederit
747 3708 1139 3768 confessionem
1172 3723 1228 3771 et
1266 3727 1602 3784 compertum
1642 3717 1804 3777 fuerit
1835 3736 1938 3775 non
1966 3736 2080 3777 suae

498 3795 792 3863 voluntatis
839 3799 1043 3869 fuisse,
1086 3807 1231 3875 quod
1287 3820 1419 3864 casu
1472 3810 1701 3877 accidit,
1755 3813 1983 3868 sutliciat
2028 3814 2080 3870 ei

499 3893 789 3951 emendare
820 3910 945 3953 cum
975 3899 1144 3955 venia:
1172 3899 1543 3960 satisfactione
1567 3905 1711 3975 quod
1733 3905 1977 3976 deliquit.
2019 3906 2081 3965 Si

498 3998 629 4042 vero
672 4004 780 4044 non
807 4005 903 4047 sua
950 3996 1324 4065 confessione,
1374 3999 1470 4055 sed
1494 3999 1729 4059 alterius
1770 4004 2081 4073 proditione

497 4078 773 4149 cognitum
800 4079 980 4147 fuerit,
1008 4094 1169 4154 prout
1212 4087 1387 4161 culpae
1409 4092 1724 4164 magnitudo
1750 4098 2073 4168 poposcerit,

495 4171 826 4242 penitentiae
846 4175 1165 4246 subiacebit.
1655 4200 1660 4204 ‘

572 4264 635 4322 Si
670 4268 863 4325 anime
895 4287 1013 4326 vero
1040 4276 1243 4343 peccati
1280 4293 1443 4334 causa
1473 4279 1642 4337 latens
1666 4281 1845 4351 fuerit,
1875 4292 2077 4339 tantum

501 4355 715 4424 abbati,
769 4370 863 4415 aut
900 4363 1265 4434 spiritualibus
1291 4370 1584 4427 senioribus
1633 4372 1943 4445 patefaciet,
1986 4377 2079 4447 qui

495 4447 664 4504 sciam
692 4465 879 4506 curare
904 4468 1024 4519 sua,
1055 4465 1104 4509 et
1129 4457 1305 4514 aliena
1336 4460 1552 4517 vulnera
1576 4480 1679 4519 non
1706 4465 1958 4537 detegere,
1983 4477 2078 4521 aut

495 4536 781 4610 publicare.
804 4539 1096 4600 Hortamur
1118 4555 1319 4617 autem,
1337 4553 1481 4620 quod
1502 4554 1549 4608 si
1568 4569 1636 4609 ex
1655 4536 1952 4626 majoribus
1970 4558 2079 4613 cul-

496 4628 600 4699 pis,
624 4630 768 4699 quod
788 4632 855 4688 ad
873 4635 1065 4692 animo:
1088 4638 1346 4709 majorem
1364 4643 1634 4711 pertineat
1652 4648 2072 4718 damnationem,

497 4718 733 4792 mquam
752 4729 1025 4785 miser
1042 4733 1083 4785 it
1104 4731 1295 4801 frater,
1319 4738 1579 4797 secretius
1600 4754 1701 4810 per
1722 4755 1912 4811 puram
1943 4759 2075 4801 con-

494 4812 790 4873 fessionem
832 4833 933 4877 suo
964 4824 1268 4880 manifestet
1293 4827 1496 4894 abbati,
1541 4845 1633 4897 ne,
1677 4834 1801 4887 dum
1832 4842 2074 4905 tempore

495 4907 602 4965 bc
636 4911 803 4968 animi
833 4911 1046 4985 culpam
1089 4918 1341 4991 detegere
1362 4922 1713 4991 verécundat,
1766 4942 1890 4983 cum
1918 4937 2069 4983 reatu

491 4998 668 5072 culpa
688 5003 882 5061 faciem
907 5006 1108 5063 diaboli
1133 5009 1362 5069 interius
1390 5015 1665 5072 recondat.

1048 5119 1277 5180 CAPUT
1312 5124 1519 5181 XLVII.

793 5207 873 5265 De
905 5211 1252 5283 signiﬁcanda
1288 5217 1420 5272 liora
1456 5221 1624 5291 operis
1648 5220 1768 5277 Dei.

567 5295 883 5358 Nuntianda
915 5302 1045 5358 hora
1085 5308 1253 5377 operis
1276 5307 1405 5375 Dei,
1447 5310 1532 5365 die
1563 5322 1817 5384 noctuque
1844 5314 1913 5368 sit
1940 5330 2070 5370 cura

491 5388 714 5457 abbatis,
739 5402 798 5446 ut
824 5392 935 5465 ipse
964 5398 1181 5464 mm:iet,
1210 5409 1301 5453 aut
1331 5399 1426 5454 tali
1455 5401 1677 5457 sollicito
1704 5404 1862 5474 fratri
1888 5405 2070 5477 injun-

490 5490 581 5551 gat
606 5482 743 5537 lianc
769 5500 972 5551 curam,
1012 5499 1066 5541 ut
1107 5491 1282 5545 omnia
1309 5491 1451 5547 horis
1488 5498 1891 5566 competentibus
1931 5514 2070 5552 com-

487 5567 753 5643 pleantur.
775 5573 915 5635 Hinc
933 5582 1148 5650 quidam
1173 5581 1336 5639 Pater
1356 5585 1464 5639 ait:
1493 5585 1664 5642 Horas
1691 5602 1819 5643 vero
1850 5590 1914 5644 ad
1941 5605 2072 5644 cur-

491 5680 610 5722 sum
645 5671 1591 5749 procurarejuxta'diSpensationem
1633 5681 1845 5738 abbatis
1885 5682 2067 5751 debet,

493 5761 583 5816 cui
611 5763 921 5823 ordinatum
960 5763 1154 5836 fuerit,
1181 5767 1239 5825 id
1268 5775 1370 5839 est,
1413 5770 1509 5843 qui
1534 5778 1720 5831 mente
1757 5773 1988 5831 sollicita
2014 5783 2072 5835 et

2190 1908 2359 1964 nant,
2406 1916 2516 1953 non
2564 1902 2631 1955 de
2666 1901 2790 1965 illo,
2839 1917 2946 1970 quo
2972 1902 3199 1970 ingressi
3232 1912 3363 1957 sunt
3404 1904 3611 1961 ordine
3639 1905 3788 1969 dicit,

2190 1990 2285 2046 sed
2311 1991 2377 2045 de
2400 1991 2506 2046 illis
2548 1992 2745 2060 quibus
2768 1992 2837 2046 ab
2861 1993 3056 2048 abbate
3091 1992 3309 2061 iussum
3337 2004 3450 2059 est,
3475 2003 3540 2050 et
3566 1996 3663 2064 qui
3693 1995 3793 2052 hoc

2189 2094 2325 2150 Opus
2353 2082 2489 2136 bene
2518 2097 2677 2153 agere
2702 2093 2950 2152 possunt,
3000 2086 3067 2141 de
3107 2088 3306 2156 quibus
3337 2087 3511 2141 etiam
3540 2088 3788 2156 superius

2190 2170 2363 2227 dixit:
2400 2172 2618 2227 Fratres
2651 2188 2757 2228 non
2783 2188 2878 2243 per
2901 2176 3149 2230 ordinem
3180 2176 3357 2246 legant
3394 2185 3498 2231 aut
3542 2186 3785 2242 cantent,

2191 2263 2288 2318 sed
2326 2264 2417 2332 qui
2444 2263 2712 2319 aediﬁcent
2736 2265 3035 2319 audientes.
3084 2264 3239 2332 Quod
3266 2274 3322 2319 et
3349 2265 3426 2319 illi
3456 2266 3612 2320 sicut
3644 2266 3789 2321 ordi-

2190 2356 2379 2420 natim,
2410 2356 2482 2410 ita
2510 2365 2566 2411 et
2590 2364 2748 2411 caute
2780 2367 2836 2411 et
2867 2371 2991 2412 cum
3030 2358 3340 2412 humilitate
3363 2374 3539 2428 agere
3564 2359 3779 2413 debent.

2191 2446 2346 2502 Unde
2375 2456 2430 2502 et
2457 2447 2741 2517 sequitur:
2772 2446 3004 2504 Cantare
3031 2456 3087 2503 et
3114 2448 3295 2521 legere
3332 2465 3447 2506 non
3468 2459 3787 2520 ρτεωιωι.

2190 2538 2299 2595 nisi
2331 2538 2425 2610 qui
2459 2546 2659 2610 potest,
2687 2546 2794 2594 etc.

2350 2646 2353 2651 ‘
2737 2629 2964 2688 CAPUT
3004 2631 3234 2690 XLVHI.

2528 2724 2610 2779 De
2633 2742 2786 2795 opere
2810 2743 3064 2783 manuum
3084 2729 3422 2800 quotidiana.

2263 2823 2516 2878 Otiositas
2542 2825 2756 2880 inimica
2781 2837 2855 2882 est
2887 2829 3095 2883 animm.
3124 2828 3346 2884 Otiosus
3374 2831 3509 2884 enim
3540 2843 3788 2901 corpore

2188 2918 2509 2981 monachus,
2540 2927 2721 2974 mente
2742 2935 2771 2972 a
2803 2920 3037 2975 sordidis
3057 2921 3477 2991 cogitationibus
3504 2936 3787 2991 nunquam

2189 3008 2392 3076 poterit
2436 3024 2556 3063 esse
2598 3012 2823 3065 Otiosus.
2880 3011 2986 3067 Per
3027 3015 3199 3067 otium
3247 3014 3395 3068 enim
3437 3015 3691 3069 libidines
3732 3022 3787 3070 et

2191 3100 2478 3154 noxiarum
2520 3103 2903 3173 Cogitationum
2949 3106 3217 3161 desideria
3258 3117 3629 3162 concrescunt
3653 3149 3669 3173 ,
3710 3108 3787 3162 ὥ-

2188 3201 2348 3246 oentc
2395 3191 2718 3249 Salomone:
2766 3195 2835 3249 In
2864 3196 3138 3252 desideriis
3168 3209 3243 3252 est
3280 3200 3461 3254 omnis
3488 3202 3715 3263 otiosus,
3740 3208 3786 3253 et

2185 3286 2353 3342 multa
2391 3287 2532 3342 mala
2558 3292 2812 3360 excogitat
2843 3291 3097 3346 otiositas.
3145 3292 3442 3346 Hortamur
3472 3308 3613 3363 ergo
3636 3335 3651 3355 .
3681 3293 3784 3346 frs-

2186 3387 2297 3433 trcs
2322 3420 2336 3443 ,
2385 3389 2443 3433 ut
2471 3380 2640 3434 otium
2668 3397 2774 3435 non
2813 3384 3006 3438 ametis
3030 3425 3044 3447 ,
3099 3386 3192 3439 sed
3219 3399 3318 3453 per
3344 3385 3636 3439 sincerum
3665 3399 3786 3438 una-

2185 3473 2450 3528 nimitatis
2492 3490 2813 3529 consensum
2849 3477 3238 3546 unusquisque,
3288 3485 3349 3530 ut
3380 3478 3674 3546 praevalet,
3716 3479 3787 3531 sic

2183 3566 2417 3631 laboret,
2466 3566 2677 3636 abiecto
2706 3585 2733 3621 a
2767 3585 2846 3635 se,
2892 3570 2983 3637 qui
3018 3569 3124 3624 huc
3154 3583 3326 3637 usque
3355 3568 3487 3623 talis
3517 3568 3645 3634 fuit,
3694 3571 3785 3623 hoc

2181 3658 2315 3713 vitio
2338 3700 2351 3723 ,
2384 3668 2662 3729 promptus
2692 3660 2758 3713 ad
2799 3675 2958 3713 omne
2997 3674 3131 3728 opus
3160 3669 3442 3723 occurrat,
3498 3661 3633 3728 quia
3663 3660 3784 3713 scri-

2180 3760 2335 3822 ptum
2360 3760 2443 3806 est
2472 3771 2484 3805 :
2540 3752 2661 3807 Non
2696 3751 2867 3806 oderis
2896 3751 3161 3805 laboriosa
3189 3767 3364 3822 opera,
3400 3761 3453 3805 et
3482 3753 3785 3805 rustieatio-

2182 3863 2303 3902 nem
2331 3850 2397 3901 ab
2428 3847 2694 3903 Altissimo
2732 3858 2962 3902 creatam
2998 3846 3167 3915 (Eccl.
3209 3846 3329 3917 vn).
3387 3845 3449 3901 Si
3482 3847 3639 3901 enim
3666 3861 3783 3917 apo-

2183 3939 2311 3997 stoli
2354 3940 2633 4010 corpor..le
2660 3952 2794 4009 opus
2839 3938 3107 3993 faciebant
3130 3937 3275 3992 unde
3316 3937 3497 3991 vitam
3545 3937 3783 4007 corporis

2182 4033 2532 4097 sustinerent,
2583 4038 2786 4107 quanto
2811 4032 2983 4104 magis
3020 4030 3291 4095 monachi,
3336 4031 3547 4103 quibus
3573 4036 3783 4101 oportet

2180 4142 2291 4181 non
2317 4126 2491 4183 solum
2510 4126 2637 4181 vita;
2665 4141 2777 4181 suae
2804 4126 3108 4180 necessaria
3126 4123 3363 4196 propriis
3394 4125 3663 4179 manibus
3688 4137 3781 4178 ex-

2182 4217 2411 4283 hibere,
2456 4218 2551 4274 sed
2600 4218 2763 4272 etiam
2811 4217 3161 4287 indigentiam
3212 4214 3447 4270 aliorum
3501 4215 3781 4271 labonbus

2181 4311 2294 4367 suis
2324 4311 2566 4366 reficere.
2609 4310 2709 4377 Qui
2734 4310 2941 4365 viribus
2977 4310 3218 4380 corporis
3248 4316 3305 4364 et
3346 4309 3679 4381 integritate
3704 4326 3782 4366 sa.

2181 4405 2311 4461 lutis
2336 4406 2637 4461 consistunt
2661 4446 2676 4472 ,
2728 4406 2773 4460 si
2804 4405 2857 4460 in
2891 4420 3057 4477 opere
3084 4406 3239 4461 otiosi
3276 4414 3440 4473 sunt,
3489 4407 3781 4479 dupliciter

2100 4525 2159 4589 Β
2180 4512 2407 4567 peccare
2445 4503 2745 4553 noscuntur
2766 4537 2781 4563 ,
2829 4497 2955 4566 quia
3000 4512 3107 4552 non
3137 4496 3309 4554 solum
3344 4514 3456 4552 non
3504 4496 3776 4565 laborant,

2186 4589 2282 4645 sed
2301 4590 2463 4644 etiam
2488 4588 2621 4643 alios
2646 4587 2858 4654 vitiant,
2891 4597 2949 4643 et
2973 4590 3043 4644 ad
3066 4588 3426 4644 imitationem
3456 4605 3622 4646 suam
3653 4592 3780 4646 invi-

2184 4688 2320 4736 tant.
2366 4679 2658 4751 Propterea
2680 4679 2823 4734 enim
2859 4680 3090 4750 quisque
3115 4682 3181 4736 ad
3203 4678 3376 4736 Deum
3410 4684 3772 4748 convertitur,

2182 4783 2244 4829 ut
2278 4774 2325 4828 ei
2353 4774 2663 4829 deserviens
2704 4772 2906 4829 laboris
2945 4774 3144 4829 habeat
3182 4789 3369 4830 curam
3390 4816 3406 4839 ,
3436 4790 3554 4831 non
3586 4782 3649 4829 ut
3670 4776 3775 4829 otio

2183 4864 2395 4920 deditus
2424 4864 2617 4918 inertia
2639 4906 2653 4931 ,
2679 4865 3007 4935 pigritiaque
3034 4874 3310 4935 pascatur.
3344 4865 3451 4932 Qui
3478 4868 3569 4921 sic
3590 4867 3775 4921 volunt

2178 4966 2375 5012 sacare
2403 4956 2643 5023 lectioni,
2690 4965 2753 5012 ut
2777 4973 2885 5013 non
2913 4966 3207 5029 operentur
3231 5000 3247 5023 ,
3285 4959 3385 5030 ipsi
3416 4968 3772 5016 contumaces

2175 5046 2436 5112 existunt,
2476 5047 2602 5117 quia
2629 5063 2737 5103 non
2764 5046 2969 5103 faciunt
2995 5051 3138 5120 quod
3162 5050 3233 5104 ibi
3260 5048 3467 5119 legunt.
3518 5040 3601 5106 Ibi
3625 5053 3771 5106 enim

2175 5138 2436 5208 scriptum
2495 5145 2621 5193 est:
2684 5136 2970 5210 Operantes
3020 5156 3173 5194 suum
3217 5156 3403 5211 panem
3449 5142 3771 5196 manducent

2179 5228 2360 5304 (Prov.
2389 5230 2604 5301 xxvm).
2637 5229 2775 5287 Hinc
2803 5247 2900 5303 per
2922 5232 3238 5303 prophetam
3268 5232 3334 5286 de
3378 5232 3567 5287 anima
3596 5233 3767 5287 otiosa

2177 5322 2413 5377 dicitur:
2452 5322 2709 5378 Viderunt
2739 5338 2855 5377 eam
2883 5323 3054 5377 hostes
3078 5364 3094 5389 ,
3135 5331 3187 5377 et
3222 5322 3523 5376 deriserunt
3547 5323 3767 5377 sabbata

2175 5413 2290 5483 ejus
2316 5410 2530 5484 (Thren.
2568 5412 2629 5485 ι).
2675 5411 2869 5468 Hostes
2904 5412 3049 5467 enim
3094 5411 3317 5468 sabbata
3344 5410 3598 5467 videntes
3642 5413 3769 5467 irri-

2176 5486 2324 5567 dent,
2374 5518 2496 5558 cum
2539 5502 2761 5573 maligni
2809 5504 3029 5574 spiritus
3067 5504 3186 5574 ipsa
3224 5506 3531 5560 vacationis
3559 5505 3670 5561 otia
3700 5503 3769 5560 ad

2174 5591 2532 5661 cogitationes
2561 5591 2770 5647 illicitas
2799 5592 3135 5662 pertrahunt.

2246 5683 2315 5738 Et
2344 5682 2461 5739 ideo
2492 5685 2646 5740 certis
2691 5683 3006 5757 temporibus
3050 5686 3299 5756 occupari
3343 5683 3529 5739 debent
3569 5685 3763 5755 fratrm

2171 5775 2229 5833 in
2263 5774 2443 5835 labore
2478 5791 2763 5847 manuum,
2815 5777 2970 5833 certis
3008 5776 3199 5833 iterum
3241 5776 3388 5832 horis
3427 5776 3485 5831 in
3538 5774 3763 5833 lectione
