3994 6478
180 399 288 459 885

1210 396 1564 457 COMMENT.
1607 395 1677 453 IN
1713 394 1875 466 REG.
1918 396 1976 453 S.
2018 395 2395 454 BENEDICTI.

3329 398 3433 455 886

172 511 373 569 divina.
427 510 654 583 Ideoque
704 513 802 566 hac
850 511 1184 583 dispositione
1232 514 1490 569 credimus
1530 520 1752 582 utraque
1778 496 1832 574 Α
1856 500 2098 565 Monacbi
2130 506 2312 565 autem
2356 517 2643 580 operantes
2690 510 2938 568 meditari
2964 520 3019 566 et
3066 511 3296 582 psallere
3339 513 3440 570 de-

174 610 409 675 tentpora
436 602 693 668 ordinari,
726 602 781 658 id
817 608 910 670 est,
950 611 1011 657 ut
1038 618 1071 658 a
1112 598 1321 660 Pascha
1346 614 1509 677 usque
1551 602 1623 658 ad
1645 598 1758 659 Ka-

174 694 359 751 lendas
392 692 654 759 Octobris,
692 711 845 749 mane
891 704 1135 752 exeuntes
1158 737 1173 762 ,
1206 708 1238 751 α
1278 697 1451 768 prima
1486 706 1649 767 usque
1687 688 1757 749 ad

174 790 360 845 horam
389 804 517 859 pene
561 794 802 859 quartam
828 784 1064 843 laborent
1104 787 1242 859 quod
1270 788 1616 842 necessarium
1645 783 1763 855 [πει

176 881 264 933 rit.
318 877 394 932 Ab
443 880 571 933 hora
612 887 785 932 autem
832 888 1021 949 quarta
1060 892 1224 949 usque
1264 878 1332 932 ad
1376 876 1560 932 noram
1607 874 1761 949 quasi

174 978 377 1024 sextam
409 969 616 1022 lectioni
640 977 841 1023 uacent.
873 968 1047 1041 Agent
1069 970 1228 1035 dicit,
1256 968 1531 1030 festinent,
1567 967 1653 1023 Vel
1672 978 1760 1023 sa-

176 1063 245 1116 tis
277 1066 436 1133 agant
462 1080 475 1116 :
510 1060 613 1117 hoc
642 1060 783 1116 enim
808 1062 1124 1134 intelligitur
1148 1072 1319 1133 agent.
1366 1060 1505 1117 Hinc
1524 1058 1760 1117 isldorus

176 1156 251 1210 ait
278 1172 291 1209 :
330 1154 569 1226 Propriis
600 1163 780 1210 autem
811 1157 1144 1226 temporibus
1167 1164 1378 1227 oportet
1404 1155 1614 1227 operari
1644 1168 1761 1210 mo—

176 1250 432 1315 naehum,
483 1257 536 1303 et
582 1265 611 1303 a
652 1250 885 1321 propriis
930 1249 1161 1303 orationi
1199 1248 1525 1316 lectionique
1554 1246 1760 1300 incum-

177 1342 324 1395 bere.
359 1339 528 1395 lloras
552 1340 695 1394 enim
724 1339 881 1394 debet
911 1339 1107 1394 habere
1143 1339 1441 1394 monachus
1469 1352 1757 1407 congruas,

175 1435 229 1485 et
258 1429 325 1483 ad
354 1430 560 1500 singula
585 1431 755 1485 ollieia
784 1418 1084 1499 deputatas.
1122 1428 1313 1484 Partes
1341 1437 1521 1484 autem
1552 1437 1762 1498 tempty

175 1537 295 1575 rum
354 1521 466 1577 suis
524 1522 825 1591 quibusque
870 1521 1124 1591 operibus
1180 1521 1362 1575 taliter
1412 1521 1756 1588 deputantur.

177 1610 391 1668 Aistate
421 1613 563 1667 enim
590 1628 618 1666 ιι
649 1627 807 1667 mane
834 1626 1005 1682 usque
1035 1611 1087 1665 in
1122 1608 1313 1665 horam
1357 1610 1573 1663 tertiam
1614 1608 1763 1662 lubt»

178 1719 301 1759 rare
332 1711 563 1774 oportet,
596 1719 625 1757 a
669 1703 828 1757 tertia
856 1716 985 1757 vero
1009 1716 1179 1771 usque
1212 1700 1281 1754 ad
1307 1707 1514 1755 sextam
1545 1697 1762 1753 lectioni

175 1802 373 1851 vacare
396 1829 420 1860 ,~
448 1791 643 1848 dehinc
678 1808 847 1862 usque
877 1794 943 1848 ad
990 1804 1188 1845 nonam
1230 1791 1591 1860 requiescere.
1630 1784 1763 1842 Post

1860 598 2009 667 bent,
2058 608 2122 656 ut
2152 612 2373 659 carmen
2418 600 2573 656 verbi
2616 601 2707 657 Dei
2750 600 3110 658 delectatione
3133 602 3443 659 consilietur

1859 691 2037 764 ipsum
2072 691 2330 748 laborem.
2371 689 2604 749 Maxime
2630 699 2809 748 autem
2835 692 3271 765 Quadragesimte
3298 702 3437 749 lum-'-

1858 792 1993 855 pore
2014 782 2370 841 laborandum
2396 786 2481 840 est
2517 792 2763 854 corpore,
2784 784 2891 841 ﬁsa
2928 787 2983 841 in
3018 787 3131 843 Deo
3156 786 3319 841 animi
3348 786 3438 840 ιιι-ι

1861 875 2123 932 tentione.
2187 875 2385 945 Sicque
2432 891 2626 931 manus
2675 876 2998 945 implicanda
3046 886 3129 934 est
3174 879 3234 933 in
3277 886 3491 951 opere“

1860 969 2194 1042 quotidiaoo,
2224 974 2285 1023 ut
2311 972 2464 1024 metis
2486 976 2597 1024 non
2623 974 2899 1025 avertatur
2931 980 2961 1025 a
2987 969 3113 1025 Deo.

1933 1061 2001 1116 In
2025 1059 2210 1131 quibus
2256 1058 2438 1114 diebus
2486 1059 2914 1129 Quadrngesima:
2959 1062 3219 1132 accipiant
3264 1070 3445 1117 omnes

1863 1151 2095 1223 singulos
2127 1150 2328 1206 codices
2357 1151 2421 1206 de
2453 1148 2783 1217 bibliotheca,
2831 1164 2959 1221 quos
2983 1164 3078 1221 per
3108 1153 3340 1207 ordinem
3380 1164 3447 1208 es

1862 1245 2063 1314 integro
2109 1242 2301 1314 legant.
2357 1243 2462 1309 Qui
2491 1243 2690 1298 codices
2727 1242 2785 1296 in
2814 1242 2981 1312 capite
3010 1242 3294 1314 Quadrnge
3325 1245 3446 1297 intra

1862 1337 2025 1390 nandi
2060 1344 2201 1391 sunt.
2248 1334 2324 1391 De
2363 1335 2691 1391 bibliotheca
2717 1333 2864 1397 dicit,
2904 1332 3108 1397 idest,
3140 1334 3206 1388 de
3256 1334 3448 1389 cellula

1861 1426 1955 1481 ubi
1979 1426 2101 1481 libri
2128 1422 2510 1481 reconduntur.
2564 1424 2699 1480 Nam
2727 1424 2865 1493 quod
2891 1423 3079 1479 Grutce
3100 1422 3448 1491 bibliotheca,

1864 1515 2060 1572 Latine
2084 1517 2344 1587 repositio
2373 1512 2634 1570 librorum
2654 1516 2876 1570 'diclmr.

1934 1606 2069 1661 Ante
2097 1608 2272 1661 omnia
2319 1622 2445 1662 sane
2468 1607 2782 1677 deputentur
2829 1614 2964 1660 unus
3000 1614 3093 1659 aut
3124 1605 3233 1659 duo
3279 1605 3456 1660 senio-

1863 1712 1968 1765 res,
1997 1699 2087 1771 qui
2114 1700 2432 1753 circumeant
2460 1699 2837 1753 monasterium
2878 1697 3021 1751 horis
3047 1696 3233 1767 quibus
3262 1704 3451 1750 vacant

1864 1784 2057 1859 fratres
2102 1788 2332 1854 lectioni,
2381 1797 2431 1842 et
2477 1787 2686 1843 videant
2727 1798 2791 1843 ne
2817 1787 2951 1858 forte
2996 1788 3293 1843 inueniatur
3338 1787 3450 1857 [ναι

177 1902 375 1941 nonam
407 1894 584 1940 autem
618 1896 788 1955 usque
819 1883 885 1939 ad
927 1890 1138 1953 tempus
1163 1882 1529 1953 vespertinum
1556 1881 1759 1937 iterum
1784 1874 1836 1941 B
1864 1887 1946 1936 ter
1969 1880 2265 1948 acediosas,
2297 1881 2389 1953 qui
2415 1889 2566 1935 cacat
2594 1881 2699 1936 otio
2730 1890 2823 1935 aut
2847 1879 3042 1951 fabulis
3066 1886 3114 1935 et
3140 1892 3245 1936 non
3272 1890 3348 1936 est
3372 1880 3458 1936 in-

179 1993 412 2033 ODPi'al'l.

311 1993 412 2032 an.

216 1993 379 2122 pPProst
423 2073 623 2121 sextam
653 2074 826 2119 autem
861 2070 1130 2135 surgentes
1164 2079 1196 2118 α
1236 2077 1421 2118 mensa
1458 2070 1679 2135 pausent
1705 2063 1764 2118 in

181 2156 325 2213 lectis
352 2159 462 2211 suis
492 2172 608 2211 cum
644 2156 785 2210 omni
832 2154 1037 2209 silentio
1062 2197 1077 2220 ,
1122 2163 1215 2210 aut
1244 2155 1378 2225 forte
1412 2155 1503 2226 qui
1546 2153 1766 2209 voluerit

182 2248 367 2321 legere,
425 2250 523 2305 sibi
567 2250 641 2303 sic
687 2247 856 2319 legat,
910 2255 965 2301 ut
1013 2246 1177 2301 alium
1225 2260 1327 2301 non
1374 2246 1640 2317 inquieta.
1697 2242 1767 2298 Et

184 2349 416 2410 agantur
449 2354 586 2394 nona
635 2335 912 2408 temperius
940 2378 955 2402 ,
998 2334 1261 2391 mediante
1300 2346 1481 2392 octava
1528 2335 1677 2398 hora,
1718 2342 1768 2391 et

179 2435 372 2486 iterum
395 2430 533 2504 quod
565 2427 861 2499 faciendum
894 2436 967 2481 est
994 2435 1272 2497 operentur
1304 2440 1468 2498 usque
1492 2426 1567 2481 ad
1588 2441 1768 2496 vespa-

181 2540 321 2577 rum.
354 2521 412 2577 Si
444 2530 616 2575 autem
648 2520 927 2574 necessitas
955 2516 1076 2582 loci,
1108 2522 1198 2572 aut
1238 2528 1519 2590 paupertas
1542 2519 1769 2589 exegerit

183 2623 242 2668 ut
288 2614 355 2667 ad
382 2612 555 2685 fruges
584 2611 900 2682 colligendas
921 2626 1015 2679 per
1045 2627 1099 2665 se
1144 2620 1480 2684 occupentur,
1514 2626 1621 2665 non
1646 2625 1772 2664 coru-

184 2706 478 2769 tristentur,
530 2705 653 2777 quia
699 2712 822 2759 tunc
874 2712 991 2758 cere
1028 2705 1271 2760 monachi
1316 2714 1458 2771 sunt,
1499 2706 1548 2761 si
1594 2705 1772 2761 labore

186 2814 437 2853 manuum
466 2814 681 2851 suarum
713 2801 908 2869 vivunt,
934 2803 1066 2857 sicut
1091 2810 1139 2855 et
1160 2808 1334 2871 patres
1359 2796 1527 2854 nostri
1562 2805 1613 2853 et
1640 2814 1772 2871 apo-

187 2891 325 2947 stoli.
375 2888 647 2962 Scriptum
676 2904 759 2949 est
787 2892 932 2950 enim
960 2913 973 2949 :
1007 2891 1234 2949 Labores
1261 2898 1517 2947 manuum
1558 2898 1774 2946 tuarum

188 2981 311 3055 quia
340 2983 685 3039 manducabis
712 3027 726 3050 ,
777 2984 958 3041 beatus
985 3004 1060 3051 es,
1091 2992 1139 3041 et
1182 2989 1307 3041 bene
1337 2980 1430 3040 tibi
1456 2984 1552 3040 erit
1595 2978 1769 3056 (Psal.

188 3074 412 3146 Cxxvu).
447 3076 586 3150 Ergo
601 3079 947 3145 monachum,
965 3084 1022 3135 ut
1041 3080 1236 3135 beatus
1248 3074 1521 3133 Ferriolus
1537 3079 1633 3144 ait,
1650 3076 1776 3133 abs-

188 3183 292 3239 que
318 3168 482 3223 ccrtis
518 3168 950 3227 solemnitatibus
990 3170 1077 3227 vel
1109 3168 1391 3227 manifesta
1431 3168 1773 3238 aegritudine,

1864 1981 2036 2027 tentus
2056 1970 2285 2037 lectioni,
2309 1980 2357 2026 et
2388 1984 2492 2026 non
2520 1970 2691 2026 solum
2710 1971 2808 2026 sibi
2831 1970 3034 2027 inutilis
3054 1979 3149 2038 est,
3183 1970 3273 2027 sed
3297 1974 3459 2028 etiam

1864 2063 2000 2119 alios
2026 2062 2249 2117 extollit.
2290 2060 2395 2119 Hic
2416 2064 2539 2118 talis
2560 2063 2606 2118 si
2631 2063 2793 2135 (quod
2815 2064 2973 2136 absit)
3014 2074 3247 2136 repertus
3274 2065 3456 2135 fuerit,

1867 2154 2187 2225 corripiatur
2206 2152 2364 2209 semel
2389 2164 2438 2208 et
2461 2154 2689 2213 secundo
2706 2172 2726 2222 ,°
2746 2156 2792 2210 si
2813 2172 2919 2211 non
2939 2156 3309 2222 emendauerit,
3340 2170 3464 2211 cor-

1869 2246 2089 2317 reptiani
2119 2245 2348 2317 regulari
2366 2244 2633 2320 sub'jaceat
2654 2244 2851 2313 taliter,
2880 2255 2939 2303 ut
2952 2247 3127 2303 centeri
3145 2256 3344 2302 metum
3366 2248 3461 2301 ha-

1870 2340 2042 2395 beant.
2074 2339 2369 2396 Acediosus
2383 2338 2582 2396 dicitur
2600 2336 2873 2405 taediosus,
2891 2340 3104 2405 anxius,
3129 2354 3284 2394 vana:
3306 2353 3458 2394 men-

1870 2432 1963 2499 tis,
1993 2432 2081 2487 vel
2103 2432 2286 2488 animo
2307 2432 2470 2500 levis,
2505 2432 2600 2505 qui
2622 2431 2782 2488 audio
2806 2432 3005 2487 mentis
3029 2434 3353 2495 commotus,
3375 2431 3466 2488 vel

1870 2523 2093 2579 levitate
2107 2523 2277 2580 animi
2293 2522 2625 2589 sublevatus,
2640 2532 2743 2581 nec
2761 2538 2823 2581 se
2841 2523 2974 2581 sinit
2986 2522 3189 2596 legere,
3211 2536 3313 2578 nec
3323 2520 3463 2577 alios

1871 2614 2090 2672 lectioni
2118 2612 2251 2673 sinit
2276 2620 2492 2673 vacare.
2541 2615 2645 2685 Qui
2668 2622 2726 2673 et
2750 2612 2855 2673 sibi
2881 2616 3126 2686 vagando
3144 2613 3375 2679 inutilis,
3404 2618 3464 2668 et

1872 2706 1996 2765 aliis
2044 2706 2348 2781 legentibus
2390 2706 2665 2767 invenitur
2710 2716 2832 2768 esse
2878 2710 3208 2767 contrarius.
3271 2707 3461 2766 Otium

1874 2800 2021 2854 enim
2042 2798 2098 2855 et
2127 2798 2338 2857 fabulas
2369 2798 2545 2873 diligit
2570 2820 2586 2869 ;
2623 2810 2681 2859 et
2708 2802 2830 2858 ideo
2854 2810 2911 2859 ct
2934 2806 3069 2859 sect
3098 2801 3233 2858 alios
3254 2814 3285 2856 a
3309 2808 3468 2857 sacra

1873 2888 2106 2949 lectione
2138 2892 2383 2960 diStollit,
2419 2892 2474 2949 id
2499 2902 2603 2961 est,
2634 2902 2905 2967 εδει-θεαί,
2927 2893 3015 2950 vel
3040 2890 3327 2950 disturbat.
3360 2890 3466 2961 Qui

1874 2983 2063 3042 taliter
2104 2984 2480 3063 corripiendus
2527 2990 2613 3044 est
2635 3029 2651 3054 ,
2709 2990 2773 3043 ut
2822 2988 3008 3044 caeteri
3054 2986 3176 3058 ejus
3221 2984 3468 3042 videntes

1879 3077 2207 3133 acerrimam
2256 3076 2684 3149 correptieuem,
2743 3078 2909 3133 talem
2958 3082 3021 3135 ut
3078 3077 3309 3135 ulterius
3359 3086 3470 3132 non

1880 3169 2118 3225 audeant
2165 3169 2502 3225 committere
2545 3169 2996 3225 disturbationem
3021 3208 3038 3236 ,
3081 3184 3151 3225 ne
3191 3168 3273 3224 ad;
3302 3167 3469 3222 talem

188 3230 333 3316 diem
360 3260 477 3317 sine
499 3263 812 3333 operatione
837 3271 1225 3328 transeuntem,
1261 3278 1292 3319 a
1319 3230 1567 3320 conviiio
1586 3263 1776 3319 decer—
1804 3230 1852 3296 δ
1883 3258 2079 3316 audeat
2105 3257 2277 3314 frater
2303 3257 2495 3315 ﬁatris
2524 3254 2689 3316 boris
2719 3248 3212 3331 inconrpeten‘tiims
3241 3258 3470 3331 iungere

188 3352 367 3410 nimus
391 3354 799 3423 excltuiendum,
837 3355 1060 3427 jubente’
1092 3354 1349 3427 Apostolo
1375 3373 1387 3411 :
1425 3353 1530 3423 Qui
1560 3362 1667 3410 no‘n
1694 3350 1777 3409 la-

189 3440 395 3512 borant,
426 3463 525 3500 non
561 3447 874 3503 manducent
901 3442 990 3518 (ΙΙ
1016 3446 1194 3504 Thess.
1223 3448 1328 3523 ιιι).

262 3530 454 3589 Omnia
500 3548 672 3593 tamen
720 3549 1019 3595 mensurate
1065 3540 1199 3611 ﬁant
1247 3548 1459 3615 propter"
1498 3538 1779 3613 pusillani-

187 3642 318 3681 mes.
350 3625 732 3685 Pusillanimus
760 3630 958 3687 dicitur
992 3630 1247 3703 pusillum
1277 3632 1520 3688 animum
1545 3630 1774 3700 habens,

229 3718 472 3775 arvulum
506 3720 591 3776 vel
620 3722 917 3791 modicum,
941 3732 1036 3779 aut
1059 3732 1209 3780 certe
1230 3724 1597 3798 desperatum.
1641 3716 1781 3780 Hinc

187 3733 472 3871 ﬁrvulum
506 3733 591 3776 vel
620 3733 917 3791 momcum,
941 3733 1036 3779 aut
1059 3733 1209 3780 certe
1230 3733 1597 3798 desperatum.
1642 3733 1777 3780 Hinc

264 3821 383 3865 atus
411 3808 731 3869 Pachumius
757 3813 869 3869 ait:
922 3812 1001 3869 Ne
1026 3812 1146 3888 plus
1173 3813 1354 3889 operis
1382 3812 1583 3872 fratres
1622 3827 1777 3872 com-

189 3903 461 3979 pellantur
488 3903 690 3973 facere,
740 3890 842 3961 sed
865 3908 1176 3964 moderatus
1214 3906 1372 3965 labor
1395 3924 1585 3966 omnes
1609 3909 1679 3965 ad
1702 3906 1783 3964 ia-

190 3993 492 4050 horandum
518 4004 794 4065 provocet.
830 3996 1019 4068 Sitque
1043 3997 1184 4053 inter
1219 4012 1314 4054 eos
1339 4015 1445 4071 pax
1464 4009 1627 4072 atque
1651 4006 1783 4056 con»

191 4082 401 4148 cordia,
443 4094 498 4141 et
530 4085 761 4142 libenter
787 4085 1083 4158 majoribus
1125 4088 1501 4161 subiiciantur,
1529 4090 1782 4148 sedentes

192 4183 253 4233 et
276 4176 609 4234 ambulantes
647 4192 713 4234 ac
742 4187 949 4236 stantes
977 4176 1032 4236 in
1059 4179 1250 4237 ordine
1292 4197 1426 4251 suo,
1470 4188 1524 4238 et
1550 4180 1784 4241 invicem

194 4264 266 4322 de
282 4262 597 4325 humilitate
619 4268 912 4327 certantes.

267 4359 311 4413 A
336 4358 591 4417 Kalendis
618 4372 792 4418 autem
816 4361 1071 4429 Octobris,
1097 4376 1259 4436 usque
1278 4363 1347 4421 ad
1367 4346 1522 4438 caput
1551 4362 1786 4439 quadra-

194 4451 428 4524 gesimw,
462 4470 622 4524 usque
663 4454 733 4508 ad
761 4454 947 4510 horam
976 4456 1261 4512 secundam
1289 4456 1495 4530 plenam
1514 4499 1530 4525 ,
1575 4457 1787 4515 lectioni

198 4552 379 4596 vacent
403 4559 421 4608 ;
466 4543 598 4596 hora
628 4545 858 4599 secunda
889 4555 1079 4616 agatur
1114 4547 1290 4612 tertia,
1334 4555 1383 4601 et
1410 4560 1574 4619 usque
1601 4544 1671 4620 ad
1692 4562 1788 4602 no-

199 4650 324 4691 nam
371 4651 545 4688 omnes
573 4634 629 4689 in
663 4652 791 4705 opus
818 4653 972 4692 suum
1000 4635 1239 4691 laborent
1280 4636 1423 4711 quod
1452 4639 1526 4693 eis
1555 4638 1790 4710 injungi-

200 4734 309 4780 tur.
366 4721 533 4779 Facto
580 4736 755 4779 autem
802 4724 969 4799 primo
1017 4726 1165 4795 signo
1211 4728 1355 4782 liora:
1396 4738 1547 4784 name
1579 4728 1791 4799 disjun-

202 4823 330 4887 gunt
368 4832 423 4885 se
467 4814 530 4869 ab
580 4832 731 4888 opere
767 4834 863 4871 suo
910 4816 1136 4889 singuli,
1185 4826 1233 4873 et
1279 4818 1384 4873 sint
1437 4818 1613 4890 parati
1663 4819 1792 4874 dum

202 4906 492 4959 secundum
534 4907 740 4978 signum
764 4908 1066 4979 pulsaverit.
1101 4906 1235 4964 Post
1260 4908 1592 4981 refectionem
1615 4920 1789 4967 autem

204 5008 386 5053 uacent
431 4997 737 5055 lectionibus
782 5002 922 5067 suis,
962 5011 1053 5057 aut
1089 5002 1321 5075 psalmis.
1361 5002 1550 5076 Operis
1575 5002 1671 5060 Dei
1704 5018 1792 5060 re-

208 5087 452 5143 cordatio
476 5098 742 5157 teneatur,
772 5090 825 5146 id
853 5102 957 5159 est,
1005 5101 1064 5147 ut
1094 5090 1220 5149 dum
1266 5097 1506 5151 exterius
1532 5106 1633 5167 per
1660 5104 1791 5151 tem-

207 5178 448 5247 poralem
469 5182 928 5250 opportunitatem
950 5197 1145 5237 manus
1161 5184 1415 5254 operibus
1434 5195 1790 5254 occupantur,

209 5267 441 5322 interius
489 5283 643 5323 mens
685 5283 807 5324 cum
837 5269 1032 5340 lingua:
1073 5272 1427 5327 meditatione
1448 5272 1792 5351 psalmorum

209 5365 267 5413 et
295 5357 697 5426 Scripturarum
724 5357 1096 5414 recordatione
1126 5360 1418 5416 dulcescat.
1449 5361 1584 5415 Nam
1608 5361 1651 5416 si
1680 5362 1794 5417 vio-

208 5438 354 5504 lator
402 5448 562 5519 hujus
616 5448 814 5521 regulze
860 5448 1188 5506 tubulatione
1216 5451 1544 5519 delectetur,
1591 5451 1794 5509 silentii

210 5555 373 5613 poena
412 5544 724 5613 castigetur.

288 5632 353 5688 In
402 5633 831 5705 Quadragesimae
870 5650 990 5691 vero
1033 5633 1215 5691 diebus
1260 5649 1297 5691 α
1341 5652 1495 5693 mane
1528 5648 1691 5710 usque
1725 5639 1794 5694 ad

215 5728 424 5780 tertiam
449 5727 656 5799 plenam
683 5738 860 5784 uacent
888 5727 1191 5786 lectionibus
1212 5732 1343 5797 suis,
1367 5742 1414 5785 et
1435 5749 1597 5805 usque
1617 5734 1687 5788 ad
1706 5734 1797 5790 de-

217 5816 409 5877 cimam
436 5817 618 5877 horam
644 5818 856 5894 plenam
888 5829 1169 5894 aperiantur
1206 5822 1349 5900 quod
1377 5823 1450 5883 eis
1478 5826 1793 5900 injungitur.

1810 4588 1867 4650 D

1876 3349 2394 3411 contabulationem.
2427 3346 2584 3409 Unde
2600 3360 2656 3408 et
2680 3351 3040 3409 subauditur:

1954 3441 2139 3519 Neque
2167 3442 2330 3517 frater
2367 3442 2441 3502 ad
2468 3446 2685 3519 fratrem
2713 3444 2979 3520 jungatur
3019 3444 3164 3503 ltoris
3199 3445 3471 3519 incompe-

1882 3536 2128 3594 tentibns.
2172 3533 2285 3593 ιιιω
2321 3532 2468 3593 enim
2494 3537 2649 3593 bone
2666 3546 2795 3594 sunt
2822 3537 3253 3610 ineompetentes
3273 3535 3472 3595 fabulis

1836 3632 1841 3637 ’
1876 3629 2069 3697 vanis,
2114 3640 2236 3701 ante
2280 3618 2409 3686 sunt
2460 3630 2831 3702 competentes
2892 3628 3216 3686 lectionibus
3273 3629 3468 3685 sacris.

1879 3717 2041 3792 Quod
2064 3728 2246 3779 autem
2272 3721 2425 3787 dicit,
2456 3732 2618 3796 neque
2663 3722 2831 3794 frater
2856 3722 2930 3777 ad
2954 3718 3173 3793 fratrem
3208 3719 3474 3794 jungatur

1882 3810 2031 3869 horis
2053 3812 2539 3887 incompetentibus,
2564 3828 2672 3871 non
2693 3810 2993 3885 proﬁcuum
3019 3811 3104 3870 vel
3131 3819 3377 3869 sanctam
3396 3813 3476 3869 in-

1882 3914 1971 3965 ter
1998 3915 2215 3963 sanctos
2262 3907 2517 3977 prohibet
2547 3902 2989 3980 coniunctionem
3011 3947 3027 3973 ,
3078 3904 3175 3963 sed
3202 3904 3470 3974 nocivam,

1880 3998 2203 4068 nocivisque
2268 3992 2466 4054 fabulis
2534 3997 2753 4068 plenam
2826 3995 3263 4068 coniunctionem
3324 3998 3471 4055 inter

1885 4089 2092 4149 otiosos
2123 4084 2511 4162 acediososqne
2542 4094 2712 4147 vetat.

1955 4174 2237 4235 Dominico
2277 4179 2365 4235 die
2398 4177 2609 4234 lectioni
2652 4184 2833 4235 vacent
2879 4184 3085 4246 omnes,
3125 4178 3353 4253 exceptis
3387 4178 3472 4238 his

1885 4269 1981 4343 qui
2010 4267 2168 4325 rariis
2200 4268 2383 4341 officiis
2405 4266 2642 4342 deputati
2665 4277 2808 4336 sunt.
2850 4266 2990 4326 Hinc
3021 4268 3216 4327 Patres
3262 4271 3477 4343 antiqui

1882 4352 2183 4417 dixerunt:
2219 4358 2317 4417 Die
2338 4369 2519 4417 autem
2559 4359 2841 4436 Dominiea
2862 4363 2937 4419 nil
2967 4362 3115 4420 aliud
3138 4369 3334 4434 agant,
3368 4363 3475 4420 nisi

1882 4446 2005 4507 ﬂeo
2039 4450 2254 4518 vacent,
2304 4465 2376 4507 ne
2397 4462 2499 4521 pro
2533 4450 2713 4522 aliqua
2734 4454 3027 4511 occasione
3052 4460 3111 4511 Sc
3148 4454 3336 4522 velint,
3382 4461 3479 4511 aut

1886 4539 2025 4611 alios
2057 4554 2337 4599 excusare.
2380 4541 2585 4599 Tamen
2611 4552 2908 4618 contestor,
2932 4545 3151 4614 fratres,
3177 4546 3321 4604 nulla
3348 4562 3478 4620 ope-

1895 4634 2041 4692 ratio
2092 4636 2151 4691 in
2194 4630 2283 4691 die
2324 4633 2419 4690 illa
2469 4645 2658 4693 sancta
2702 4628 3085 4711 comperiatur,
3130 4636 3234 4696 nisi
3264 4648 3475 4697 tantum

1896 4725 2136 4798 hymnis,
2167 4734 2223 4781 et
2253 4725 2497 4801 psalmis,
2522 4732 2581 4783 et
2605 4727 2834 4797 canticis
2862 4722 3201 4800 spiritalibus
3232 4724 3350 4787 dies
3382 4727 3473 4786 illa

1892 4820 2223 4872 transeatur.

1968 4906 2037 4962 Si
2049 4906 2164 4979 quis
2186 4916 2306 4961 vero
2329 4904 2407 4961 ita
2431 4908 2697 4981 negligens
2718 4912 2773 4966 et
2781 4906 3075 4969 desidiosas
3087 4908 3268 4983 fuerit,
3292 4919 3352 4966 ut
3369 4924 3473 4967 non

1895 4995 2037 5064 uelit,
2076 5007 2166 5051 aut
2198 5014 2300 5052 non
2336 4998 2501 5069 possit
2527 4998 2793 5069 meditari,
2825 5012 2917 5057 aut
2945 5000 3132 5075 legere,
3163 5002 3475 5075 injungatur

1892 5089 1943 5142 ei
1966 5102 2094 5159 opus
2117 5088 2255 5160 quod
2276 5083 2440 5160 faciat
2457 5100 2517 5144 at
2538 5104 2641 5146 non
2660 5100 2825 5148 vacet.
2845 5090 3158 5150 Desidiosits
3175 5092 3389 5159 dicitur,
3420 5093 3475 5150 id

1891 5186 1999 5249 est,
2027 5176 2255 5247 desidia,
2284 5180 2372 5238 Vel
2406 5182 2729 5257 negligentia
2755 5185 2965 5258 plenus.
2992 5185 3303 5243 Desidiosus'
3326 5186 3473 5242 enim

1893 5284 1927 5328 a
1957 5270 2252 5329 desidendo
2271 5314 2286 5340 ,
2324 5272 2379 5329 id
2402 5284 2522 5343 est,
2545 5276 2704 5334 Valde
2743 5277 3000 5345 sedendo,
3048 5279 3327 5350 otiumque
3350 5274 3473 5334 diii-

1893 5366 2071 5438 gendo
2100 5375 2344 5421 vocatur.
2376 5369 2452 5423 De
2481 5368 2570 5423 tali
2592 5371 2736 5425 enim
2763 5369 3017 5425 Salomon
3046 5363 3161 5425 ait:
3191 5370 3474 5427 Abscondit

1892 5455 2040 5531 piger
2086 5472 2300 5513 manum
2346 5461 2440 5515 sub
2480 5461 2709 5528 ascella,
2750 5478 2844 5517 nec
2880 5461 2953 5517 ad
2999 5476 3056 5518 os
3102 5478 3259 5519 suum
3304 5463 3474 5536 appli-

1898 5560 1981 5608 cat
2024 5562 2162 5607 eam.
2218 5548 2297 5608 De
2343 5554 2550 5610 duabus
2596 5554 2740 5609 enin:
2788 5555 2879 5611 hic
2920 5555 3161 5627 loquitur
3200 5557 3470 5628 personis.

1892 5638 2017 5698 Una
2041 5654 2161 5715 quae
2198 5656 2322 5699 cum
2360 5645 2532 5716 possit
2555 5644 2735 5714 legere
2763 5653 2859 5699 aut
2904 5647 3174 5715 meditari,
3208 5664 3307 5721 per
3332 5648 3475 5705 desi-

1894 5732 2040 5791 diam
2065 5733 2244 5791 cordis
2269 5744 2522 5791 neutrum
2550 5735 2663 5790 vult
2689 5749 2869 5807 agere,
2911 5741 3007 5795 sed
3047 5740 3220 5813 magis
3242 5739 3354 5796 otio
3390 5741 3473 5798 vel

1888 5828 2048 5888 Vanis
2088 5827 2208 5886 vult
2249 5826 2448 5887 fabulis
2490 5840 2710 5913 vacare.
2752 5826 2876 5915 Alia
2915 5829 3060 5917 enim
3103 5848 3333 5908 persona
3368 5841 3471 5901 est,
