3994 6492
582 440 686 498 887

1873 437 2226 500 SMARAGDI
2259 440 2550 500 ABBATIS

585 575 726 631 quae,
755 558 1003 631 quamvis
1031 557 1182 624 velit,
1203 573 1302 631 per
1328 560 1694 632 ignorantiam
1734 575 1837 617 nec
1864 559 2045 632 legere
2071 574 2167 616 va-
2192 563 2244 624 Α
2269 558 2436 615 ducit.
2476 556 2831 631 Compunctio
2855 552 3038 616 cordis
3059 569 3144 617 est
3173 559 3453 620 humilitas
3491 565 3710 623 mentis
3738 584 3847 627 cum

577 651 671 719 let.
706 666 807 708 nec
835 650 1097 716 meditari,
1130 661 1185 707 et
1208 652 1347 717 ideo,
1394 668 1462 709 ne
1489 665 1602 709 ono
1627 662 1822 718 vacet,
1870 663 2157 724 utrumque

577 759 713 818 opus
763 743 1146 818 iniungendum
1192 753 1278 801 est
1323 745 1429 802 illis
1451 787 1468 813 ,
1516 745 1570 803 in
1599 761 1708 817 quo
1732 745 1979 802 laborent
2022 745 2157 801 utri-

579 854 703 911 que.

646 926 925 983 Fratribus
954 929 1180 997 inﬁrmis
1206 927 1284 984 uel
1310 919 1697 986 delicatis‘talis
1725 947 1882 1001 opera
1899 969 1916 993 .
1949 936 2040 983 aut
2065 945 2154 983 ars

572 1018 906 1089 injungatur,
939 1031 995 1074 ut
1022 1036 1115 1074 nec
1142 1019 1296 1074 otiosi
1315 1021 1439 1086 sint,
1471 1037 1563 1075 nec
1585 1021 1827 1076 violentia
1847 1019 2041 1074 labaris
2064 1036 2155 1087 op-

569 1109 882 1179 primantur.
903 1107 1139 1174 Quorum
1152 1109 1474 1164 imbecillitas
1495 1109 1559 1164 ab
1574 1109 1757 1164 abbate
1771 1107 2153 1163 consideranda

569 1208 664 1252 est.
685 1199 956 1256 Delicatus
974 1200 1192 1263 dicitur,
1214 1199 1420 1256 deliciis
1435 1209 1639 1270 pastus,
1661 1209 1714 1255 et
1736 1199 1965 1255 diversis
1980 1197 2152 1267 epulis

569 1290 859 1346 enutritus.
903 1290 969 1344 Et
996 1290 1118 1344 ideo
1138 1290 1450 1346 fortioribus
1486 1290 1761 1346 laboribus
1786 1289 2013 1354 inscius,
2057 1287 2148 1357 qui

569 1391 792 1450 propter
832 1381 1074 1450 corporis
1103 1382 1563 1448 teneritudinem,"
1610 1390 1702 1436 aut
1728 1381 2150 1437 imbecillitatem

565 1473 654 1543 pie
679 1487 803 1529 cum
846 1473 1075 1530 inﬁmis
1102 1485 1186 1530 est
1211 1474 1544 1538 tolerandus,
1583 1483 1638 1529 et
1681 1475 1990 1539 humanius,
2035 1470 2148 1526 cle-

565 1564 908 1634 mentiusque
932 1565 1266 1620 tractandus.
1318 1563 1429 1621 Nec
1452 1572 1642 1620 contra
1681 1579 1775 1620 eos
1806 1579 2150 1620 murmuran—

565 1651 692 1707 dum
715 1663 797 1708 est
821 1653 920 1718 eis,
951 1655 1042 1724 qui
1068 1654 1210 1710 vires
1233 1654 1510 1710 laborandi
1537 1655 1757 1719 habent,
1785 1656 1878 1710 sed
1905 1656 2078 1726 magis
2095 1663 2152 1710 et

563 1744 652 1800 isti
681 1754 737 1799 et
761 1743 956 1800 inﬁrmi
985 1762 1015 1800 a
1044 1746 1192 1802 sanis
1215 1756 1341 1801 sunt
1366 1746 1712 1811 consulendi,
1755 1753 1828 1809 et,
1862 1753 1921 1798 ut
1943 1746 2147 1800 dictum

561 1841 668 1898 est,
683 1834 975 1890 humanius
997 1835 1427 1907 clementiusque
1458 1836 1744 1892 tractandi.
1777 1836 2016 1904 Quorum
2046 1837 2148 1891 im-

2258 651 2530 724 lacrymis,
2556 653 2809 708 exoriens
2830 653 2898 709 de
2919 654 3292 710 recordatione
3316 658 3555 726 peccati,
3583 667 3647 712 et
3666 660 3847 717 timore

2248 741 2457 812 iudicii.
2509 742 2603 798 Illa
2645 751 2729 799 est
2776 743 3054 799 conversis
3109 744 3349 815 perfecta
3403 752 3847 820 compunctionis

2255 833 2492 900 affectio,
2540 851 2662 905 quae
2715 849 2905 891 omnes
2935 851 2965 889 a
2993 851 3055 891 se
3099 837 3398 893 carnalium
3445 840 3844 899 desideriorum

2253 927 2478 984 affectus
2521 927 2750 998 repellit,
2803 935 2859 983 et
2904 929 3256 984 intentionem
3305 945 3459 986 suam
3486 938 3620 986 toto
3657 937 3843 991 mentis

2252 1020 2432 1076 studio
2460 1020 2513 1074 in
2536 1019 2627 1074 Dei
2649 1019 3160 1090 contemplationem
3181 1017 3385 1090 deﬁgit.
3409 1019 3506 1077 Ille
3533 1022 3703 1076 enim
3725 1024 3842 1079 bene

2252 1116 2490 1171 abstinet
2517 1131 2547 1170 a
2569 1114 2729 1180 cibis,
2767 1114 2859 1186 qui
2884 1122 2940 1169 et
2967 1129 2996 1169 a
3019 1113 3237 1169 malitia:
3261 1115 3496 1179 actibus,
3520 1123 3592 1170 et
3614 1129 3653 1170 a
3678 1118 3840 1173 mund

2252 1203 2489 1265 abstinet
2519 1206 2928 1262 ambitionibus.

2321 1299 2464 1371 Ergo
2491 1301 2573 1354 his
2603 1299 2784 1354 diebus
2819 1313 3104 1369 augeamus
3125 1297 3271 1352 nobis
3293 1296 3497 1369 aliquid
3530 1297 3622 1350 ad
3646 1297 3841 1352 solitus

2247 1407 2466 1462 pensum
2513 1389 2776 1444 servitutis
2824 1398 3072 1442 nostrw.‘
3105 1383 3334 1441 Solitum
3391 1399 3645 1456 pensum
3707 1386 3837 1450 dicit,

2248 1488 2568 1537 consuetum
2622 1478 2704 1533 vel
2751 1478 3010 1534 usitatum
3059 1476 3400 1532 abstinentia
3451 1487 3678 1530 nostra!
3722 1477 3837 1546 jeju-

2247 1572 2420 1637 nium,
2469 1571 2557 1626 cui
2586 1569 2766 1625 adhuc
2803 1569 2994 1624 diebus
3029 1567 3464 1638 quadragesimae
3490 1566 3721 1636 aliquid
3745 1583 3835 1621 am-

2247 1664 2390 1735 plius
2411 1670 2496 1718 est
2523 1661 2846 1733 augendum.
2881 1659 3034 1716 Unde
3059 1668 3116 1714 et
3145 1659 3436 1714 subditur:

2318 1751 2596 1806 Orationes
2619 1749 2907 1822 peculiares
2931 1748 3164 1802 ciborum
3187 1757 3235 1802 et
3261 1757 3414 1818 potus
3436 1746 3832 1810 abstinentiam,

2247 1855 2304 1898 ut
2327 1844 2682 1914 unusquisque
2721 1858 2878 1912 super
2902 1857 3200 1896 mensuram
3228 1841 3328 1894 sibi
3346 1839 3622 1894 indictum
3653 1839 3831 1909 aliquid

560 1923 848 1992 heeillitas,
882 1927 934 1984 id
961 1936 1046 1984 est
1065 1969 1081 1994 ,
1113 1928 1376 1999 fragilitas
1404 1928 1487 1985 vel
1526 1929 1932 1998 impossif:ilitas
1957 1931 2026 1986 ab
2045 1931 2144 1986 ab-
2174 1911 2222 1972 Β
2249 1935 2314 1990 de
2336 1911 2553 2006 propria
2581 1911 2846 1988 uoluntate
2869 1949 2987 1986 cum
3018 1932 3212 2003 gaudio
3241 1931 3414 1985 sancti
3443 1930 3703 2001 Spiritus
3727 1932 3829 1999 oft-

558 2014 686 2073 bate
708 2019 862 2089 quasi
887 2033 920 2073 a
942 2019 1033 2091 pio
1057 2027 1142 2074 est
1164 2019 1553 2076 consideranda
1579 2028 1736 2090 patre
1760 2021 1965 2092 pariter
1983 2030 2147 2092 atque

560 2118 793 2167 rectore.

1126 2181 1355 2239 CAPUT
1390 2180 1560 2238 XLIX

872 2273 952 2330 De
975 2273 1404 2346 Quadragesima:
1432 2276 1787 2333 observatione

631 2387 773 2443 Licet
823 2391 964 2444 omni
1018 2399 1245 2461 tempore
1287 2391 1390 2446 vita
1434 2392 1677 2447 monachi
1713 2391 2144 2464 Quadragesimw

555 2476 738 2532 debeat
765 2478 1174 2536 observationem
1213 2482 1422 2538 habere.
1465 2482 1639 2549 Licet,
1684 2484 1774 2540 hic
1813 2499 1912 2556 pro
1955 2502 2143 2557 quam-

556 2569 634 2624 vis
674 2571 910 2641 positum
964 2581 1067 2628 est.
1118 2572 1345 2645 Oportet
1393 2576 1536 2630 enim
1586 2577 1855 2632 monacho
1884 2578 2002 2634 sine
2043 2578 2144 2633 du-

550 2660 644 2716 bio
670 2677 791 2717 cum
825 2665 1057 2720 mundus
1098 2664 1173 2720 illi
1213 2665 1507 2722 cruciﬁxus
1533 2674 1637 2732 est,
1687 2676 1743 2723 et
1783 2667 1872 2724 ille
1911 2669 2138 2735 mundo,

549 2761 612 2808 ut
637 2756 866 2826 castiget
889 2771 1086 2826 corpus
1115 2771 1293 2823 suum,
1348 2766 1406 2812 et
1445 2757 1499 2812 in
1546 2759 1862 2814 servitutem
1906 2759 2135 2830 redigat,

548 2853 606 2900 et
651 2848 797 2902 omni
853 2856 1094 2920 tempore
1144 2850 1400 2905 exhibeat
1451 2849 1800 2921 semetipsum
1849 2851 1991 2905 sicut
2041 2850 2138 2906 Dei

549 2937 861 2993 ministrum
888 2980 904 3005 ,
953 2939 1011 2994 in
1054 2939 1222 2995 variis
1259 2941 1694 3005 necess'tatibus,
1743 2941 1796 2995 in
1839 2940 2135 3009 laboribus,

548 3032 606 3088 in
627 3034 846 3106 vigiliis,
875 3033 1165 3106 etjejuniis
1183 3077 1198 3105 ,
1225 3037 1544 3107 ueterisque
1568 3036 1860 3093 virtutibus
1890 3052 1948 3093 se
1979 3053 2136 3093 exer-

547 3127 738 3181 cendo.

619 3213 814 3272 Tamen
838 3220 965 3290 quia
991 3236 1281 3290 paucorum
1310 3228 1389 3275 est
1415 3227 1518 3276 ista
1549 3221 1736 3287 virtus,
1773 3237 1954 3276 eorum
1989 3220 2131 3276 vide-

2247 2035 2331 2080 rat
2356 2025 2486 2079 Deo.
2516 2023 2650 2078 Cum
2694 2022 2893 2095 gaudio
2939 2023 3083 2077 enim
3127 2023 3302 2076 sancti
3350 2020 3607 2091 Spiritus
3656 2022 3828 2076 oﬁen-e

2247 2117 2408 2173 debet
2446 2116 2744 2171 monachus
2786 2129 2943 2170 suum
2990 2112 3219 2168 Domino
3245 2111 3357 2168 Deo
3392 2121 3622 2177 votum,
3663 2115 3749 2182 qui
3773 2113 3827 2166 ab

2245 2207 2340 2264 illo
2371 2218 2556 2278 sperat
2577 2207 2824 2278 accipere
2845 2219 3069 2278 regnum
3097 2204 3382 2260 caelorum.
3406 2205 3519 2272 Qui
3540 2205 3700 2260 enim
3726 2219 3824 2259 cum

2243 2297 2517 2355 hilaritate
2565 2305 2619 2352 et
2649 2297 2845 2368 gaudio
2889 2295 3116 2351 Domino
3157 2295 3347 2360 servit,
3396 2294 3488 2348 vel
3534 2295 3713 2350 donat
3748 2295 3826 2348 ali-

2243 2391 2395 2461 quid,
2427 2391 2738 2461 centuplum
2787 2388 2856 2444 ab
2901 2388 2993 2444 illo
3029 2386 3278 2458 accipiet,
3313 2387 3550 2457 insuper
3584 2396 3648 2442 et
3676 2388 3824 2441 vitam

2243 2491 2502 2538 aeternam
2538 2479 2854 2552 possidebit.
2881 2477 3086 2536 Oﬁ‘erat
3106 2477 3157 2532 ei
3180 2492 3306 2533 cum
3331 2478 3562 2549 gaudio,
3589 2488 3655 2532 et
3677 2477 3822 2531 faciat

2242 2572 2386 2643 quod
2409 2571 2656 2642 sequitur
2681 2589 2694 2624 :

2313 2665 2382 2720 Id
2405 2675 2502 2730 est,
2535 2663 2809 2720 subtrahat
2839 2661 3046 2734 corpori
3079 2677 3175 2715 suo
3208 2660 3275 2716 de
3312 2659 3449 2724 cibo,
3493 2659 3563 2715 de
3585 2670 3742 2730 potu,
3768 2659 3823 2711 de

2240 2774 2446 2823 somno,
2476 2757 2540 2811 de
2567 2755 2902 2828 loquacitate,
2937 2753 3002 2807 de
3041 2750 3388 2816 scurrilitate,
3429 2761 3478 2804 et
3515 2767 3632 2804 aut
3661 2750 3824 2819 spiri-

2239 2847 2396 2902 tualis
2440 2845 2687 2901 desiderii
2725 2843 2920 2916 gaudio
2976 2852 3216 2897 sanctum
3275 2839 3479 2894 Pascha
3531 2847 3822 2905 exspectet.

2239 2938 2431 2994 Merito
2460 2940 2603 2994 enim
2634 2938 2700 2993 de
2739 2935 3137 2991 resurrectione
3179 2933 3396 2989 Domini
3443 2931 3582 2986 tales
3619 2931 3821 2986 debent

2237 3044 2360 3084 cum
2395 3027 2612 3084 Christo
2641 3027 2693 3082 in
2716 3027 2924 3083 Pascha
2957 3025 3151 3090 laetari,
3180 3025 3272 3096 qui
3302 3039 3507 3094 corpus
3539 3039 3700 3078 suum
3732 3037 3821 3092 per

2235 3125 2621 3181 abstinentiam
2669 3139 2768 3194 pro
2822 3139 2889 3178 eo
2940 3130 3333 3179 consenserunt
3379 3121 3659 3191 cruciﬁgi.
3723 3119 3816 3185 Qui

2234 3219 2378 3272 enim
2408 3218 2460 3272 in
2489 3215 2742 3287 praesenti
2770 3214 2881 3269 vita
2904 3213 3107 3285 aliquid
3139 3212 3426 3268 desideriis
3451 3211 3546 3266 vel
3573 3209 3819 3266 substan-

543 3305 664 3362 licet
715 3308 782 3362 de
835 3310 1020 3382 quibus
1063 3311 1314 3382 scriptum
1361 3321 1483 3367 est:
1521 3310 1679 3367 Multi
1721 3323 1896 3367 autem
1939 3313 2127 3378 vocati,
2157 3297 2202 3361 C
2236 3311 2326 3365 tiis
2373 3309 2522 3364 carni
2568 3306 2955 3372 subduxerint,
3016 3305 3218 3361 debent
3257 3303 3454 3358 merito
3506 3302 3579 3357 de
3628 3300 3813 3356 divinis

541 3400 699 3468 pauci
735 3418 852 3456 vero
889 3402 1038 3458 electi
1087 3403 1303 3476 (Matth.
1343 3403 1436 3478 xx)
1473 3424 1487 3460 :
1527 3405 1646 3460 ideo
1687 3404 1970 3460 suademus
2013 3405 2129 3460 istis

541 3490 724 3546 diebus
752 3492 1200 3567 Quadragesimtr,
1243 3495 1383 3551 omni
1409 3497 1640 3568 puritate
1677 3497 1838 3551 vitam
1863 3513 2016 3551 suam
2042 3513 2128 3552 cu-

541 3582 759 3636 stodire.
830 3583 986 3638 Omni
1025 3586 1262 3656 puritate
1303 3586 1471 3652 dicit,
1509 3588 1657 3642 omni
1708 3588 2041 3654 sinceritate,
2073 3596 2130 3646 et

541 3669 891 3739 simplicitate
931 3675 1136 3743 cordis,
1180 3675 1314 3731 nihil
1363 3675 1623 3732 facientes
1650 3693 1751 3748 pro
1779 3693 1918 3734 vana
1953 3678 2126 3748 gloria

541 3757 622 3814 vel
648 3758 804 3816 laude
826 3761 1100 3818 humana:
1137 3765 1231 3821 sed
1261 3765 1491 3836 simplici
1518 3766 1682 3822 corde
1705 3775 1762 3822 et
1791 3781 1926 3836 pura
1944 3777 2127 3827 mente

539 3853 683 3920 quod
709 3853 955 3923 sequitur
973 3869 1152 3930 agere,
1184 3854 1238 3910 id
1268 3864 1388 3912 est:

615 3945 808 4004 Omnes
849 3950 1050 4020 pariter
1074 3951 1414 4022 negligentia:
1461 3950 1689 4007 aliorum
1725 3959 2014 4024 temporum
2042 3955 2123 4010 his

537 4037 720 4094 diebus
738 4041 935 4095 sanctis
955 4041 1175 4097 diluere.
1206 4042 1282 4098 De
1312 4043 1416 4099 hoc
1440 4043 1587 4099 enim
1616 4052 1858 4114 tempore
1890 4046 2124 4115 quadra-

535 4131 754 4200 gesima
796 4133 1059 4204 scriptum
1107 4140 1195 4189 est
1227 4152 1240 4187 :
1281 4132 1418 4190 Ecce
1463 4151 1600 4191 nunc
1637 4147 1839 4208 tempus
1885 4148 2124 4210 accepta-

534 4219 634 4275 bile
655 4261 670 4286 ,
719 4238 834 4277 ecce
874 4239 1014 4277 nunc
1039 4223 1150 4278 dies
1176 4222 1382 4280 salutis.
1425 4224 1484 4280 ln
1511 4225 1707 4296 quibus
1740 4226 1930 4283 diebus
1956 4243 2122 4284 unus-

531 4313 764 4384 quisque
787 4323 1055 4381 nostrum,
1101 4317 1154 4372 in
1193 4327 1450 4388 quantum
1491 4318 1569 4374 illi
1617 4319 1761 4376 vires
1803 4329 2118 4393 suppetunt,

535 4416 756 4459 carnem
797 4414 1069 4472 maceret,
1111 4407 1339 4480 ejusque
1362 4410 1630 4466 desideria
1669 4409 1891 4482 allligat,
1920 4428 2120 4468 concu-

529 4491 826 4561 piscentias
851 4504 1035 4565 turpes
1063 4499 1129 4552 de
1149 4501 1312 4555 corde
1345 4514 1444 4554 suo
1475 4501 1723 4570 repellat,
1753 4511 1807 4558 ct
1828 4503 1932 4558 hoc
1958 4504 2118 4559 modo

531 4581 761 4638 aliorum
808 4592 1108 4658 temporum
1159 4588 1508 4659 negligentias
1555 4590 1640 4647 bis
1675 4592 1866 4649 diebus
1908 4594 2114 4651 sanctis

526 4674 842 4744 paenitendo
869 4677 1083 4733 debeat.
1119 4677 1270 4734 Unde
1299 4687 1354 4733 et
1381 4679 1661 4750 sequitur:

603 4763 759 4832 Quod
788 4775 912 4821 tunc
936 4768 1091 4838 digne
1127 4769 1206 4839 ﬁt,
1233 4771 1278 4825 si
1306 4770 1371 4824 ab
1417 4772 1658 4827 omnibus
1684 4773 1820 4828 uitiis
1853 4782 2112 4847 tempera-

430 4887 432 4889 »
529 4873 666 4911 mus.
723 4854 1115 4929 Temperamus
1159 4861 1309 4928 dicit,
1363 4862 1416 4917 id
1459 4874 1566 4930 est,
1614 4865 1968 4934 abstinemus,
2022 4868 2108 4926 vel

529 4966 882 5008 coerceamus
903 4967 1004 5008 nos
1029 4969 1060 5008 a
1090 4954 1236 5010 vitiis
1256 4955 1528 5012 omnibus.

606 5040 850 5098 Orationi
893 5059 1012 5100 cum
1052 5045 1278 5116 ﬂetibus.
1309 5044 1582 5118 Scriptum
1621 5054 1707 5103 est
1740 5049 1883 5104 enim
1913 5068 1926 5104 :
1957 5047 2109 5107 Beati

523 5137 616 5210 qui
646 5136 844 5208 lugent,
875 5138 1124 5211 quoniam
1167 5138 1268 5208 ipsi
1314 5139 1726 5196 consolabuntur
1765 5141 1980 5213 (Matth.
2025 5141 2105 5212 v).

525 5228 636 5295 Et,
689 5228 796 5297 Qui
848 5231 1109 5287 seminant
1154 5230 1212 5285 in
1251 5229 1518 5302 lacrumis,
1573 5233 1630 5288 in
1674 5231 1868 5304 gaudio
1895 5242 2108 5304 .metent

524 5322 702 5388 (Psal.
736 5325 922 5392 cur).

597 5414 830 5472 Lectioni
871 5425 921 5471 et
949 5417 1336 5488 compunctioni
1374 5415 1547 5472 cordis
1587 5426 1743 5490 atque
1772 5418 2102 5476 abstinentia

525 5523 737 5578 operam
766 5507 974 5564 damus.
1011 5509 1146 5565 Hinc
1187 5509 1424 5566 Isidorus
1459 5508 1536 5564 ait
1563 5526 1576 5561 :
1600 5509 1790 5566 Omnis
1827 5510 2104 5581 profectus

521 5614 592 5655 ex
622 5599 853 5655 lectione
884 5609 939 5655 et
960 5602 1309 5658 meditatione
1332 5603 1599 5673 procedit.
1649 5602 1935 5660 Geminum
1957 5603 2103 5658 enim

526 5692 727 5747 donum
775 5692 986 5746 confert
1015 5692 1176 5747 lectio
1199 5703 1509 5749 sanctarum
1534 5693 1964 5763 Scripturarum,
1989 5695 2102 5750 sive

525 5785 652 5853 quia
696 5784 1024 5840 intellectum
1069 5787 1267 5840 mentis
1297 5787 1496 5852 erudit,
1528 5801 1620 5843 seu
1646 5786 1771 5856 quia
1797 5787 1980 5842 mundi
2006 5801 2102 5842 va-

525 5875 791 5935 nitatibus
824 5875 1158 5934 abstractum
1194 5877 1466 5933 hominem
1496 5879 1564 5934 ad
1592 5892 1834 5935 amorem
1863 5877 1959 5936 Dei
1979 5893 2104 5951 per.

2232 3401 2430 3456 animm
2471 3398 2681 3455 deliciis
2735 3395 3075 3452 abundanter
3125 3395 3181 3449 in
3239 3403 3509 3465 perpetuo
3562 3391 3810 3463 saginari.

2230 3491 2368 3560 Quia
2393 3492 2448 3547 in
2469 3490 2574 3546 hoc
2597 3503 2766 3561 parvo
2788 3495 3030 3558 tempore
3059 3500 3156 3558 pro
3184 3483 3415 3540 Domino
3439 3483 3737 3538 voluerunt
3755 3479 3811 3535 ad

2228 3583 2503 3641 modicum
2549 3581 2884 3646 contristari,
2929 3576 3072 3650 iuste
3113 3591 3237 3633 cum
3266 3591 3332 3633 eo
3366 3576 3735 3632 merebuntur
3760 3573 3805 3626 in

2225 3677 2410 3734 futuro
2439 3675 2631 3731 lmtari.

2299 3764 2417 3820 Hoc
2445 3765 2617 3837 ipsum
2652 3771 2828 3818 tamen
2864 3760 3006 3834 quod
3041 3758 3397 3830 unusquisque
3434 3754 3616 3824 oﬂ‘ert,
3645 3751 3810 3806 abbati

2225 3873 2321 3912 suo
2349 3866 2617 3929 suggerat,
2663 3863 2711 3910 et
2743 3871 2864 3909 cum
2890 3853 3008 3924 ejus
3033 3852 3127 3922 ﬁat
3153 3852 3390 3906 oratione
3418 3859 3466 3902 et
3508 3847 3773 3902 voluntate
3790 3856 3810 3896 :

2221 3947 2349 4019 quia
2379 3945 2517 4018 quod
2541 3946 2653 4000 sine
2681 3943 3021 4016 permissione
3042 3941 3208 4012 patris
3227 3937 3529 4012 spiritualis
3562 3937 3643 4006 ﬁt,
3682 3950 3807 4004 pra!b

2222 4040 2508 4112 sumptioni
2539 4036 2898 4109 deputabitur,
2936 4045 2986 4089 et
3015 4049 3164 4088 oante
3187 4030 3394 4104 gloria,
3425 4047 3534 4084 non
3567 4028 3802 4083 mercedi.

2221 4133 2368 4204 Ergo
2393 4147 2511 4186 cum
2531 4129 2799 4186 voluntate
2821 4127 3025 4183 abbatis
3052 4125 3229 4180 omnia
3256 4123 3461 4195 agenda
3483 4132 3633 4177 sunt.
3678 4120 3805 4175 Hinc

2221 4226 2439 4298 quidam
2503 4222 2890 4280 monachorum
2937 4218 3196 4290 magister
3245 4216 3322 4270 ait
3366 4234 3380 4269 :
3435 4214 3599 4270 Dicat
3644 4212 3802 4267 abbas

2219 4318 2471 4374 omnibus
2513 4315 2816 4371 fratribus:
2848 4311 2951 4381 Qui
2999 4310 3118 4366 vult
3142 4323 3240 4380 pro
3280 4306 3459 4362 anima
3509 4321 3611 4360 sua
3665 4304 3801 4358 labo-

2221 4424 2367 4476 rare,
2406 4417 2464 4464 et
2498 4408 2702 4478 aliquid
2749 4405 3048 4468 abstinere,
3096 4401 3323 4456 liberam
3369 4399 3422 4454 ei
3467 4397 3799 4452 voluntatem

2217 4503 2586 4560 concedimus.
2645 4499 2749 4568 Qui
2811 4511 2941 4553 vero
2997 4494 3272 4559 noluerit,
3328 4489 3532 4563 regulae
3589 4492 3658 4545 de
3706 4489 3798 4543 hoc

2218 4592 2373 4649 titulo
2413 4591 2707 4648 constituta
2751 4587 3003 4658 accipiet,
3032 4595 3085 4640 et
3117 4581 3556 4655 quadragesimae
3579 4589 3796 4634 conten-

2218 4695 2304 4741 tus
2349 4684 2452 4740 erit
2496 4696 2771 4738 mensura.
2803 4679 2921 4734 Jam
2971 4678 3064 4748 qni
3109 4676 3176 4731 de
3220 4673 3480 4730 fratribus
3525 4671 3792 4726 voluerint

2213 4776 2416 4848 aliquid
2462 4775 2758 4841 abstinere,
2803 4771 3088 4828 humilicnt
3133 4783 3192 4825 se
3236 4767 3302 4822 ad
3332 4779 3509 4837 genua
3559 4764 3788 4824 abbatis,

2214 4875 2438 4940 agentes
2482 4866 2688 4938 gratias
2714 4865 2783 4919 de
2823 4862 2947 4918 boni
2983 4869 3136 4916 actus
3179 4857 3461 4914 voluntate
3509 4869 3790 4916 concessa,

2211 4968 2268 5013 et
2313 4965 2439 5029 post
2479 4957 2777 5026 impensam
2826 4953 3188 5010 humilitatem
3243 4948 3407 5006 simul
3451 4957 3508 5004 et
3557 4964 3658 5005 ore
3701 4961 3790 5004 suo

2213 5049 2398 5106 abbati
2424 5045 2683 5112 indicent,
2714 5045 2837 5116 quis
2864 5045 2996 5116 quid
3023 5041 3256 5098 voluerit
3278 5041 3584 5096 abstinere.

2829 5154 3059 5213 CAPUT
3096 5153 3160 5209 L.

2207 5256 2288 5312 De
2323 5252 2581 5327 fratribus
2615 5251 2705 5325 qui
2741 5249 2999 5332 longe_ab
3029 5248 3262 5373 0:010?“
3303 5245 3579 5311 laborant,
3622 5255 3711 5302 aut
3738 5248 3787 5299 is

2867 5336 2951 5373 ina
2973 5335 3073 5373 sun
3104 5357 3117 5371 .

2867 5336 2951 5374 vta
2973 5335 3117 5374 “fm-

2281 5417 2502 5474 Fratres
2548 5416 2638 5489 qui
2679 5413 2890 5469 omnino
2933 5411 3085 5483 longe
3121 5419 3243 5465 sunt
3271 5411 3326 5465 in
3357 5409 3564 5475 labore,
3605 5421 3656 5464 et
3693 5425 3785 5464 ποι

2204 5521 2422 5586 possunt
2465 5523 2735 5566 occurrere
2763 5506 2893 5561 hora
2925 5503 3230 5573 competenti
3275 5503 3346 5557 ad
3386 5503 3705 5564 oratorium,
3743 5508 3785 5551 et

2206 5603 2367 5658 abbas
2397 5601 2493 5655 hoc
2527 5599 2824 5670 perpendit,
2864 5597 2988 5667 quia
3017 5595 3094 5648 ita
3126 5604 3224 5660 est,
3253 5604 3411 5665 agant
3441 5593 3641 5647 ibidem
3666 5605 3785 5662 opus

2207 5691 2328 5757 Dei,
2364 5691 2452 5744 ubi
2477 5698 2782 5760 operantur,
2815 5701 2934 5740 cum
2960 5694 3182 5739 tremore
3208 5684 3383 5738 divino
3410 5685 3681 5754 ﬂectentes
3701 5697 3784 5753 gs-

2207 5799 2334 5838 nua.
2377 5781 2636 5838 Similiter
2673 5779 2761 5852 qui
2803 5779 2860 5832 in
2907 5777 3090 5831 itinere
3141 5777 3325 5830 directi
3363 5786 3509 5841 sunt,
3549 5794 3659 5829 non
3703 5788 3784 5828 eos

2203 5884 2518 5951 prwtereant
2565 5875 2710 5930 hora:
2739 5873 3054 5956 constituta,
3104 5872 3195 5928 sed
3232 5883 3291 5928 ut
3330 5881 3572 5945 possunt,
3627 5876 3780 5944 agat
