3994 6504
203 415 326 472 889

1248 414 1602 475 COMMENT.
1641 415 1712 475 IN
1747 418 1907 478 REG.
1947 420 2005 478 S.
2048 413 2426 477 BENEDICTI.

3369 415 3476 476 890

207 533 346 598 sibi,
375 541 424 586 et
448 529 708 586 seruitutis
734 547 946 602 pensum
976 548 1079 586 non
1106 531 1368 604 negligant
1395 535 1630 590 reddere.
1657 535 1795 590 Hinc
1822 537 1874 597 Α
1898 537 2060 590 etiam
2092 536 2253 604 aliqui
2284 543 2480 606 praeter
2505 535 2668 591 horas
2695 533 3019 592 constitutas
3053 575 3070 602 ,
3098 533 3140 589 si
3169 535 3250 591 eis
3279 546 3461 603 vacat,

208 628 423 683 beatus
473 623 798 679 Pachomius
839 625 954 678 ait:
985 624 1052 678 Et
1081 625 1124 679 si
1157 625 1209 678 in
1239 627 1363 680 navi
1405 625 1627 692 fuerint,
1657 634 1711 680 et
1750 627 1804 680 in

210 717 585 783 monasterio,
616 726 671 771 et
712 718 766 772 in
793 733 946 788 agro,
971 727 1026 772 et
1056 719 1108 773 in
1157 720 1371 784 itinere,
1401 729 1454 776 et
1484 721 1536 775 in
1567 721 1806 791 quolibet

209 811 540 867 ministerio
566 811 756 866 orandi
795 811 1135 880 etupsallendi
1172 823 1413 882 tempora
1445 829 1550 868 non
1580 822 1806 883 praeter-

212 902 474 958 tnittant.
532 899 671 955 Hinc
719 909 774 956 et
826 901 1056 957 Basilius
1097 902 1226 957 dicit
1265 918 1280 956 :
1328 903 1705 974 Unusquisque
1752 902 1806 958 in

213 1008 393 1062 opere
419 1007 516 1046 suo
553 976 846 1048 observare
881 993 1040 1048 debet
1068 994 1340 1065 propriam
1373 995 1630 1066 regulam,
1664 995 1806 1050 sicut

220 1085 539 1140 membrum
567 1085 621 1139 in
652 1100 913 1156 corpore;
939 1088 1065 1157 quia
1095 1087 1347 1142 damnum
1376 1088 1616 1151 habebit,
1649 1088 1692 1142 si
1721 1101 1808 1142 ne-

217 1177 462 1248 glexerit
496 1177 725 1246 implere
760 1179 902 1248 quod
932 1179 978 1233 ei
1023 1178 1321 1249 injunctum
1347 1189 1451 1244 est,
1487 1188 1544 1233 et
1565 1180 1630 1234 de
1660 1195 1808 1234 com-

219 1269 386 1324 muni
431 1266 660 1322 fratrum
691 1269 922 1324 utilitate
962 1269 1235 1341 negligens
1268 1271 1501 1340 amplius
1529 1271 1806 1341 periclita-

193 1360 397 1439 .bitur.
435 1358 502 1414 Et
531 1360 651 1414 ideo
679 1370 856 1416 mente
884 1369 938 1415 et
961 1362 1245 1416 devotione
1271 1361 1542 1430 complere
1571 1363 1729 1417 debet
1752 1362 1805 1416 id

219 1449 374 1520 quod
397 1449 658 1518 scriptum
684 1458 805 1504 est:
835 1448 1118 1505 Cantantes
1158 1461 1206 1504 et
1241 1451 1518 1522 psallentes
1556 1452 1609 1504 in
1637 1451 1806 1505 cordi-

223 1541 324 1595 bus
356 1541 537 1597 vestris
572 1541 793 1596 Domino
837 1541 996 1612 (Eph.
1030 1542 1106 1614 v).
1160 1541 1217 1598 Si
1259 1542 1402 1597 enim
1454 1543 1807 1612 corporaliter

221 1647 338 1687 non
369 1631 609 1687 occurrit
631 1633 820 1688 adesse
842 1649 962 1688 cum
987 1635 1200 1689 cteteris
1223 1634 1289 1688 ad
1310 1634 1574 1688 orationis
1605 1632 1800 1698 locum,

223 1725 282 1779 in
306 1738 633 1794 quocunque
679 1723 798 1779 loco
843 1725 1094 1779 iuventus
1124 1723 1301 1784 fuerit,
1336 1725 1480 1793 quod
1505 1724 1804 1779 dc-votionis

221 1827 310 1873 est
338 1816 569 1886 expleat.
601 1815 825 1887 Oportet
854 1825 1035 1872 tamen
1063 1817 1375 1882 observare,
1419 1832 1487 1871 ne
1515 1815 1655 1871 forte
1682 1817 1803 1886 quis

1905 636 1960 681 et
1983 642 2141 681 orare
2165 626 2451 691 voluerint,
2481 642 2586 680 non
2614 627 2693 680 eis
2721 627 2828 682 sint
2851 625 3251 696 impedimento,
3281 627 3372 696 qui
3397 627 3474 682 ibi

1905 719 2104 790 aliquid
2153 721 2418 791 agendum
2463 729 2790 790 putaverunt
2849 720 2980 774 Item
3010 718 3132 773 alibi
3162 735 3176 770 τ
3209 719 3262 773 in
3293 726 3476 775 orato-

1905 809 1989 862 rio
2037 818 2232 880 praeter
2275 809 2466 864 orandi
2501 819 2556 864 et
2588 808 2846 880 psallendi
2887 809 2981 864 Dei
3023 808 3225 863 cultum
3262 808 3476 879 penitus

1904 901 2036 955 nihil
2057 911 2266 973 agatur,
2296 910 2355 956 ut
2379 903 2577 958 nomini
2603 904 2727 958 huic
2751 913 2807 957 et
2829 919 2991 972 opera
3011 900 3213 975 iugiter
3234 904 3475 975 impensa

1905 991 2254 1046 concordent.
2297 991 2367 1047 Ut
2411 992 2455 1047 si
2496 992 2691 1062 aliquis
2728 1001 2927 1062 prteter
2959 992 3284 1047 constitutas
3314 994 3479 1049 horas

1904 1083 2133 1138 Domino
2179 1083 2578 1155 supplicaturus
2623 1084 2945 1155 ingreditur,
2979 1093 3341 1157 votumsuum
3381 1098 3478 1140 oc-

1904 1174 2121 1244 cupatio
2147 1173 2320 1230 aliena
2344 1191 2451 1230 non
2481 1176 2675 1230 tardet.

2483 1266 2711 1323 CAPUT
2761 1264 2890 1321 LIII.

2293 1359 2367 1415 De
2399 1361 2686 1430 hospitibus
2729 1357 3071 1428 suscipiendis

1977 1452 2168 1507 Omnes
2182 1451 2594 1522 supervenientes
2615 1451 2838 1520 hospites
2861 1458 3107 1520 tanquam
3121 1449 3355 1504 Christus
3369 1468 3482 1506 sus-

1905 1545 2199 1614 cipiantur:
2219 1545 2344 1613 quia
2369 1544 2478 1612 ipse
2502 1543 2740 1596 dicturus
2765 1551 2861 1604 est,
2887 1539 3088 1610 Hospes
3109 1541 3206 1611 fui,
3232 1550 3281 1594 et
3307 1559 3481 1596 susce-

1902 1635 2052 1704 pislis
2080 1652 2161 1689 me
2191 1634 2408 1706 (Matth.
2437 1632 2588 1705 xxv).
2614 1632 2750 1688 Hinc
2777 1641 2832 1688 et
2863 1631 3148 1702 Aposzolus
3195 1647 3294 1686 nos
3343 1633 3484 1687 inter

1904 1738 2097 1783 caetera
2163 1729 2412 1782 hortatur
2458 1727 2644 1782 dicens
2685 1741 2700 1779 :
2745 1724 3173 1795 Hospitalitatem
3224 1733 3481 1778 sectantes

1907 1821 2083 1894 (Rom.
2110 1821 2230 1892 xu).
2263 1820 2459 1876 Dicens
2486 1821 2629 1875 enim
2659 1817 2970 1874 sectandam
2998 1833 3117 1874 esse
3142 1817 3485 1887 hospitalita-

222 1909 402 1977 possit
435 1908 706 1977 complere
735 1908 790 1962 in
824 1915 1065 1977 tempore
1094 1922 1212 1971 suo,
1257 1907 1397 1976 quod
1425 1881 1801 1975 complendum
1829 1881 1878 1940 B
1907 1881 2036 1975 tem,
2089 1881 2202 1965 non,
2242 1909 2372 1964 illud
2425 1909 2601 1964 solum
2649 1909 2912 1973 ostendit,
2957 1916 3019 1962 ut
3052 1881 3392 1962 venientem'
3412 1907 3482 1962 ad

222 2008 334 2065 est,
378 2007 434 2055 et
475 2014 781 2064 occurrere,
828 1999 922 2054 sed
969 2000 1097 2054 dum
1144 1997 1289 2068 loqui
1339 1999 1455 2052 vult
1492 1991 1805 2052 occasio'ues

226 2093 418 2155 nectit,
453 2100 708 2161 tanquam
759 2091 1043 2145 ministerii
1095 2103 1259 2158 opere
1306 2098 1619 2159 occupatus.
1650 2087 1804 2154 Quod

226 2184 319 2253 qui
362 2183 512 2247 facit,
541 2191 596 2237 et
627 2180 1009 2237 offendiculum
1053 2180 1264 2234 caeteris
1308 2187 1560 2249 praestat,
1601 2187 1658 2233 et
1689 2179 1804 2247 ipse

225 2274 551 2345 negligentis
600 2273 808 2328 crimen
857 2272 1107 2326 incurrit.
1158 2271 1292 2325 Hinc
1336 2271 1472 2325 alius
1510 2271 1804 2324 monacho-

225 2382 349 2422 rum
378 2368 634 2436 magister
671 2366 786 2420 ait:
817 2363 950 2420 Cum
986 2363 1181 2418 fratres
1213 2363 1486 2432 spiritales
1515 2363 1632 2416 sine
1666 2361 1804 2415 laico

226 2457 526 2522 ambulant,
549 2455 723 2525 juncti
760 2457 826 2511 ad
859 2471 934 2520 se,
967 2466 1022 2511 et
1043 2465 1350 2516 cantantes,
1379 2455 1591 2510 modice
1621 2454 1686 2509 de
1716 2453 1805 2507 via

228 2548 450 2605 ﬂectant
497 2565 691 2621 genua,
733 2557 789 2604 et
832 2557 956 2618 post
997 2549 1299 2604 orationem
1345 2548 1570 2602 redeant
1607 2546 1660 2600 in
1694 2545 1799 2610 via,

228 2655 355 2694 mox
401 2642 470 2695 ab
513 2641 660 2695 omni
711 2640 879 2694 verbo
931 2638 1106 2694 alieno
1143 2639 1276 2693 adeo
1315 2645 1555 2692 tacentes
1584 2644 1806 2707 propter

230 2730 585 2785 reverentiam
638 2729 818 2798 operis
864 2728 983 2794 Dei,
1032 2736 1089 2782 et
1137 2729 1217 2782 sic
1266 2727 1590 2784 ambulando
1635 2727 1801 2796 petita

228 2820 602 2879 benedictione
630 2821 938 2891 impositum
977 2828 1332 2890 prorumpant
1358 2819 1646 2890 psalmum.

745 3022 752 3032 δ
838 2953 1064 3010 CAPUT
1103 2953 1187 3009 LI.

411 3045 492 3102 De
520 3047 773 3118 fratribus
805 3048 894 3117 qui
921 3062 1024 3100 non
1053 3045 1202 3116 longe
1221 3045 1642 3116 proﬁciscuntur.

305 3159 519 3216 Fratres
541 3161 630 3232 qui
653 3177 747 3232 pro
768 3159 946 3230 quouis
970 3175 1212 3230 responso
1235 3158 1656 3230 proﬁciscuntur,
1675 3165 1722 3211 et
1741 3173 1804 3210 ea

235 3256 545 3325 dicosperant
579 3254 761 3307 reverti
789 3252 857 3306 ad
901 3251 1299 3314 monasterium,
1350 3266 1453 3303 non
1481 3258 1800 3320 prtesumant
1829 3248 1874 3310 C

237 3347 363 3418 foris
387 3346 724 3404 manducare,
755 3343 959 3398 etiamsi
981 3361 1011 3396 a
1037 3342 1215 3413 quovis
1243 3352 1509 3411 rogentur,
1545 3339 1646 3393 nisi
1670 3339 1805 3408 forte

236 3440 307 3493 eis
333 3438 396 3492 ab
424 3436 608 3491 abbate
627 3452 722 3490 suo
755 3434 1112 3506 praecipiatur.
1140 3431 1292 3497 Quod
1315 3431 1360 3484 si
1389 3429 1544 3484 aliter
1563 3428 1800 3498 fecerint,

237 3528 766 3585 excommunicentur.
821 3524 959 3580 Hinc
1008 3523 1212 3592 antiqui
1272 3521 1462 3576 Patres
1511 3519 1800 3573 dixerunt:

240 3619 403 3675 Nemo
429 3629 607 3674 tamen
636 3625 792 3673 extra
839 3615 1226 3671 monasterium
1275 3613 1565 3667 manducet
1597 3619 1690 3664 aut
1717 3607 1802 3663 bi-

238 3711 346 3768 bat.
395 3709 509 3767 Iloc
541 3709 684 3765 enim
714 3707 911 3779 regulae
938 3722 1044 3761 non
1077 3705 1276 3776 recipit,
1295 3703 1597 3772 disciplina,
1631 3709 1692 3754 ut
1722 3699 1804 3754 vel

237 3815 391 3872 poma
423 3800 551 3853 vilia
586 3800 958 3863 desumantur,
988 3810 1181 3866 aquam
1208 3795 1377 3865 ipsam
1402 3801 1527 3848 ante
1554 3792 1804 3848 refectio-

239 3904 358 3946 nem
387 3889 682 3959 legitimam
713 3888 900 3943 bibere
926 3901 1034 3940 non
1061 3891 1406 3955 praesumant.
1441 3881 1499 3937 Si
1530 3882 1652 3952 quis
1674 3896 1806 3936 vero

240 3990 390 4038 extra
413 3979 802 4037 conscientiam
826 3977 1036 4032 abbatis
1056 3975 1140 4030 vel
1162 3975 1434 4046 pnnpositi
1460 3974 1808 4044 qualemcun-

243 4086 344 4142 que
388 4069 564 4126 locum
605 4083 871 4140 egressus,
902 4067 1038 4136 gula:
1074 4065 1160 4119 vel
1198 4064 1447 4119 ebrietati
1479 4080 1538 4118 se
1567 4064 1808 4118 sociave-

243 4163 334 4228 rit,
361 4170 455 4217 aut
477 4161 522 4216 si
551 4161 604 4216 in
640 4159 888 4229 proximo
915 4156 1288 4219 transmissus,
1332 4170 1431 4225 pro
1465 4154 1547 4208 sui
1588 4154 1810 4207 levitate

242 4254 323 4310 vel
347 4253 482 4326 gula:
508 4268 613 4308 non
641 4252 822 4307 statim
849 4250 1096 4319 expedita
1123 4248 1445 4303 necessitate
1469 4247 1534 4302 ad
1560 4247 1808 4302 cellulam

244 4347 480 4410 redierit,
508 4353 604 4399 aut
632 4357 752 4398 cum
797 4341 850 4394 in
902 4341 954 4395 id
993 4339 1202 4394 facinus
1236 4337 1398 4392 fuerit
1432 4335 1703 4400 detentus,
1749 4344 1809 4391 ut

244 4452 472 4494 canones
509 4437 725 4498 docent,
766 4442 859 4489 aut
888 4432 1107 4501 triginta
1144 4431 1334 4487 diebus
1368 4447 1398 4484 a
1429 4430 1811 4486 communione

243 4536 541 4601 separetur,
568 4535 661 4582 aut
688 4526 855 4596 virgis
885 4525 1039 4578 caesis
1064 4523 1402 4578 emendetur.

838 4655 1064 4712 CAPUT
1105 4655 1210 4710 LII.

665 4751 742 4806 De
781 4752 1012 4805 oratorio
1059 4750 1382 4804 monasterii.

313 4844 614 4901 Oratorium
643 4843 738 4898 hoc
765 4845 851 4904 sit,
880 4842 1017 4914 quod
1047 4842 1274 4907 dicitur;
1306 4860 1397 4897 nec
1421 4843 1492 4897 ibi
1519 4843 1810 4916 quidquam

246 4936 386 4992 aliud
408 4948 640 5008 geratur,
685 4945 777 4989 aut
812 4934 1087 4989 condatur.
1138 4933 1361 5005 Expleta
1390 4953 1541 5006 opere
1574 4935 1668 4991 Dei
1693 4954 1809 4990 om-

246 5045 330 5084 nes
351 5045 468 5083 cum
488 5045 582 5082 suo
605 5027 813 5082 silentio
840 5037 1047 5092 exeant,
1071 5037 1120 5082 et
1143 5039 1335 5098 agatur
1361 5031 1645 5083 reverentia
1676 5030 1807 5097 Deo,

246 5127 301 5173 ut
343 5118 506 5189 frater
532 5121 621 5191 qui
660 5119 794 5189 forte
827 5119 926 5173 sibi
967 5118 1304 5188 peculiariter
1345 5119 1448 5173 uult
1491 5137 1663 5185 orare,
1709 5137 1813 5174 non

247 5211 557 5282 impediatur
583 5211 798 5266 alterius
836 5212 1183 5282 improbitate.
1224 5211 1330 5268 Sed
1357 5213 1403 5266 si
1429 5211 1562 5266 alter
1585 5211 1690 5267 vult
1712 5213 1813 5267 sibi

251 5305 374 5376 forte
399 5305 644 5360 secretius
675 5320 843 5366 orare,
873 5303 1177 5375 simpliciter
1198 5306 1374 5370 intret,
1397 5316 1444 5358 et
1473 5315 1603 5369 oret,
1634 5323 1737 5360 non
1757 5307 1812 5360 in

251 5394 473 5451 clamosa
509 5412 650 5460 uoce,
687 5394 775 5449 sed
808 5394 862 5448 in
902 5393 1148 5464 lacrymis
1191 5404 1240 5448 et
1277 5396 1561 5450 intentione
1614 5397 1809 5451 cordis.

250 5483 384 5556 Ergo
412 5485 500 5557 qui
520 5483 688 5539 simile
707 5500 835 5554 opus
862 5499 962 5537 non
989 5484 1115 5552 facit
1138 5500 1240 5538 non
1261 5485 1592 5554 permittatur
1613 5485 1811 5555 expleto

251 5591 392 5647 opere
430 5575 526 5630 Dei
562 5577 817 5630 remorari
841 5576 894 5628 in
925 5575 1177 5639 oratorio,
1217 5575 1352 5630 sicut
1384 5576 1576 5630 dictum
1615 5585 1713 5641 est,
1749 5593 1813 5632 ne

252 5663 380 5718 alius
409 5663 833 5735 impedimentum
874 5663 1123 5734 patiatur.
1167 5660 1301 5717 Iliae
1339 5663 1528 5718 beatus
1555 5663 1811 5734 Augusti-

251 5770 347 5811 nus
374 5758 484 5813 ait:
513 5757 573 5812 In
602 5756 840 5811 oratorio
864 5770 1023 5810 nemo
1048 5755 1249 5824 aliquid
1282 5763 1429 5826 agat,
1459 5756 1560 5811 nisi
1589 5757 1653 5811 ad
1683 5754 1812 5826 quid

255 5845 448 5904 factum
479 5855 584 5918 est,
626 5846 769 5904 unde
811 5855 868 5904 et
911 5860 1108 5904 nomen
1147 5847 1373 5920 accepit.
1421 5846 1532 5904 Aut
1575 5846 1624 5902 si
1671 5843 1813 5906 forte

1340 5997 1462 6016 .-.η’

1906 2018 2006 2056 nos
2049 2002 2316 2071 hospitem
2365 2001 2744 2069 suscipiamus,
2793 2001 2886 2055 sed
2932 2008 2988 2055 et
3043 2000 3384 2068 requiramus
3429 2005 3486 2052 et

1909 2092 2128 2147 solliciti
2161 2092 2348 2156 simus,
2380 2100 2433 2145 et
2461 2099 2753 2156 sectemur,
2790 2106 2854 2146 ac
2879 2089 3256 2160 perquiramus
3285 2090 3484 2158 ubique

1907 2183 2168 2254 hospites,
2195 2198 2262 2237 ne
2281 2183 2371 2236 ubi
2394 2181 2533 2236 forte
2559 2183 2613 2236 in
2637 2181 2829 2250 plateis
2857 2183 3100 2242 sedeant,
3127 2194 3194 2235 ne
3221 2187 3374 2235 extra
3405 2189 3482 2234 te-

1907 2283 2051 2330 ctum
2091 2274 2330 2345 jaceant.
2385 2273 2692 2330 Recordare
2754 2273 2914 2340 Loth,
2956 2282 3011 2328 et
3057 2273 3301 2329 invenies
3341 2271 3484 2341 quod

1905 2384 2012 2424 non
2070 2369 2218 2423 illum
2282 2369 2554 2437 hospites,
2600 2368 2694 2422 sed
2737 2368 2852 2437 ipse
2892 2367 3165 2438 quaesierit
3205 2365 3478 2436 hospites,

1906 2468 1961 2515 et
1997 2460 2099 2514 hoc
2141 2467 2259 2513 erat
2302 2457 2725 2528 hospitalitatem
2769 2458 2987 2513 sectari.
3037 2456 3173 2511 Hinc
3211 2464 3267 2510 et
3295 2457 3486 2512 beatus

1907 2549 2212 2604 Macharius
2240 2550 2316 2603 ait
2343 2567 2354 2601 :
2390 2543 2819 2617 Hospitalitatem
2843 2555 3111 2602 sectantes
3152 2559 3252 2614 per
3277 2544 3482 2610 omnia,

1905 2654 1960 2699 et
1987 2659 2055 2698 ne
2092 2653 2308 2698 avertas
2334 2641 2576 2705 oculum,
2625 2649 2720 2694 aut
2764 2640 2982 2694 inanem
3011 2639 3252 2694 dimittas
3278 2650 3480 2707 paupe-

1902 2750 2037 2797 rem,
2085 2749 2152 2788 ne
2204 2733 2341 2788 forte
2392 2732 2648 2787 Dominus
2676 2732 2729 2786 in
2761 2733 2972 2799 hospite
3014 2738 3106 2784 aut
3146 2729 3201 2782 in
3231 2741 3471 2798 paupere

1904 2827 1970 2882 ad
1999 2835 2050 2880 te
2075 2825 2274 2890 veniat,
2305 2834 2360 2880 et
2383 2825 2564 2879 videat
2596 2833 2647 2878 te
2686 2824 3046 2884 haesitantem,
3081 2829 3140 2877 et
3169 2829 3482 2876 contemne-

1905 2921 2015 2986 ris;
2061 2920 2152 2974 sed
2194 2920 2444 2976 omnibus
2485 2919 2713 2974 hilarem
2756 2926 2808 2972 te
2849 2917 3094 2979 ostende,
3149 2924 3204 2969 et
3250 2913 3482 2968 fideliter

1905 3027 2021 3083 age.
2055 3011 2480 3066 Advenientibus
2501 3025 2630 3080 ergo
2656 3009 2961 3079 hospitibus
2989 3007 3186 3062 alacris
3213 3006 3483 3075 susceptio

1903 3101 2207 3155 adhibenda
2232 3108 2337 3164 est,
2366 3101 2602 3155 scientes
2629 3100 2698 3154 ob
2721 3101 2825 3154 hoc
2849 3097 3199 3154 novissimam
3224 3094 3482 3165 consequi

1906 3191 2337 3254 retributionem,
2383 3191 2599 3260 quando
2643 3189 2696 3242 in
2732 3187 2939 3258 judicio
2980 3187 3066 3242 his
3105 3187 3196 3256 qui
3223 3185 3484 3252 adextris

1905 3292 2066 3337 erunt
2091 3283 2334 3336 dicturus
2373 3290 2455 3336 est
2482 3281 2742 3334 Dominus
2767 3298 2780 3332 :
2809 3278 3010 3348 Hospes
3033 3278 3112 3347 fui
3135 3287 3183 3331 et
3205 3276 3483 3347 collegistis

1901 3389 1983 3426 me
2003 3384 2025 3424 :
2048 3373 2173 3442 quia
2202 3372 2340 3442 quod
2372 3371 2463 3424 uni
2493 3385 2557 3424 em
2583 3368 2814 3422 minimis
2842 3368 2971 3421 meis
3001 3366 3214 3436 fecistis,
3245 3367 3373 3419 mihi
3408 3365 3502 3434 fc-'

1906 3465 2051 3518 cistis
2079 3463 2292 3535 (Matth.
2321 3461 2469 3533 xxv).

1976 3554 2044 3608 Et
2067 3555 2304 3609 omnibus
2336 3570 2596 3625 congruas
2630 3553 2798 3607 honor
2832 3551 3158 3606 exhibentur.
3199 3549 3483 3622 Congruus

1905 3647 2105 3702 dicitur
2134 3646 2486 3711 conveniens,
2544 3652 2878 3715 competens,
2921 3643 3006 3696 vel
3033 3640 3351 3709 condignus,
3392 3639 3483 3710 qui

1906 3736 1985 3802 fit,
2033 3737 2248 3807 quando
2275 3736 2566 3805 unicuique
2589 3735 2734 3804 quod
2761 3734 2980 3803 expedit
3005 3741 3061 3787 et
3087 3733 3360 3802 quomodo
3386 3745 3485 3784 ex-

1903 3830 2054 3898 perlit
2077 3828 2426 3897 impenditur.
2459 3826 2594 3882 Nam
2626 3828 2875 3896 quamvis
2903 3842 3009 3879 una
3041 3825 3280 3880 charitas
3301 3836 3488 3878 omnes

1907 3921 2264 3991 amplectatur
2296 3921 2547 3985 interius,
2585 3919 2746 3974 aliter
2783 3918 3131 3988 pauperibus,
3175 3915 3332 3970 aliter
3356 3928 3486 3968 vero

1905 4011 2148 4066 exterius
2217 4011 2467 4081 congruit
2519 4011 2832 4064 ministrare
2899 4007 3228 4077 potentibus.
3297 4003 3483 4073 Neque

1907 4105 2050 4158 enim
2078 4104 2300 4172 aequalis
2325 4104 2578 4158 omnibus
2605 4101 2955 4172 praeparanda
2986 4108 3069 4153 est
3095 4098 3285 4159 sessio,
3311 4109 3484 4164 neque

1908 4195 2132 4263 aequalis
2166 4195 2418 4250 omnibus
2446 4193 2690 4248 ciborum
2715 4192 2966 4247 convenit
3004 4189 3350 4260 praparatio,
3391 4185 3486 4242 sed

1909 4285 2202 4354 unicuique
2253 4300 2473 4340 necesse
2519 4293 2603 4338 est
2649 4300 2772 4339 cum
2824 4282 3106 4339 charitatis
3161 4281 3489 4336 discretione

1910 4392 2180 4448 congruus
2230 4377 2398 4442 locus,
2451 4393 2721 4448 congruas
2766 4377 2941 4442 cibus,
2989 4389 3260 4446 congrnus
3291 4375 3485 4440 lectus,

1912 4484 2181 4542 congruus
2209 4469 2463 4525 omnibus
2502 4471 2827 4525 exhibeatur
2853 4478 2909 4524 et
2943 4470 3135 4533 honor,
3161 4478 3221 4522 ut
3250 4480 3490 4537 congrue

1836 4600 1891 4661 Β
1915 4575 1946 4612 a
1976 4561 2129 4615 nobis
2160 4562 2360 4630 recepti
2387 4561 2507 4616 sine
2537 4562 2836 4616 murmurio
2862 4557 2930 4613 ad
2961 4558 3180 4629 propria
3209 4566 3488 4612 revertan-

1917 4661 2007 4706 tur
2031 4653 2188 4708 amici

1988 4743 2222 4799 Maxime
2264 4745 2559 4799 domesticis
2593 4743 2718 4812 ﬁdei
2746 4752 2794 4797 et
2820 4741 3123 4812 peregrinis.
3151 4739 3490 4795 Domesticus

1918 4839 2117 4893 dicitur
2146 4839 2352 4892 amicus
2384 4837 2683 4901 familiaris,
2726 4836 2808 4889 vel
2838 4835 3067 4900 sodalis;
3107 4849 3242 4903 quos
3280 4830 3490 4885 duobus

1917 4931 2090 4985 modis
2134 4931 2432 5001 intelligere
2473 4929 2753 4992 debemus,
2802 4927 2913 4981 sive
2941 4939 3129 4980 omnes
3164 4920 3487 4992 generaliter

1917 5021 2255 5077 Christianos
2285 5036 2445 5075 unam
2474 5019 2752 5074 nobiscum
2798 5017 2977 5082 fidem,
3024 5028 3186 5068 unum
3228 5013 3489 5066 habentes

1914 5113 2212 5182 baptisma;
2252 5114 2364 5168 sive
2393 5111 2699 5180 specialiter
2723 5110 3038 5170 monachos,
3069 5105 3158 5174 qui
3187 5103 3342 5159 nobis
3363 5116 3486 5156 cum

1916 5210 2028 5264 Deo
2070 5208 2393 5279 peculiarem
2440 5206 2534 5260 Dei
2582 5206 2808 5271 cultum,
2857 5213 2913 5259 et
2942 5201 3212 5271 religionis
3234 5197 3490 5253 exhibent

1917 5299 2257 5354 famulatum.
2297 5297 2621 5367 Peregrinus
2647 5296 2844 5352 dicitur
2867 5295 2922 5348 in
2951 5293 3122 5361 longa:
3147 5290 3335 5360 patriae
3358 5302 3489 5358 agro

1917 5392 2145 5462 positus.

1991 5481 2058 5538 Ut
2081 5500 2202 5554 ergo
2247 5486 2517 5538 nuntiatus
2564 5482 2722 5552 fuerit
2761 5480 2965 5548 hospes,
3016 5485 3325 5531 occurratur
3372 5476 3422 5528 ei
3453 5491 3486 5528 a

1918 5573 2088 5646 priore
2110 5573 2189 5628 vel
2216 5592 2247 5627 a
2274 5574 2528 5644 fratribus
2549 5589 2667 5626 cum
2691 5569 2832 5623 omni
2851 5568 3012 5638 oﬁicio
3033 5567 3322 5620 charitatis.
3349 5564 3486 5632 Quia

1919 5664 2064 5718 enim
2108 5663 2226 5718 duae
2273 5665 2338 5720 ad
2387 5660 2773 5718 monasterium
2801 5672 3043 5727 persona:
3068 5657 3241 5712 solent
3266 5656 3482 5721 venire,

1920 5755 2052 5811 duas
2076 5764 2132 5809 et
2157 5755 2262 5811 illis
2286 5751 2675 5809 rationabiliter
2695 5748 2847 5818 jubet
2871 5762 3174 5803 occurrere.
3202 5745 3485 5801 Prioribus

1915 5847 2062 5906 enim
2097 5861 2316 5904 necesse
2347 5855 2431 5902 est
2458 5851 2711 5902 occurrat
2736 5843 2906 5918 prior,
2937 5840 3200 5896 fratribus
3226 5843 3478 5899 occurrat
