3994 6502
523 335 733 401 ’891

1914 326 2271 387 SMARAGDI
2304 328 2593 387 ABBATIS
3684 353 3747 411 ω,

629 456 818 511 frater.
866 450 928 513 Si
952 452 1099 513 enini
1130 450 1279 512 venit
1314 465 1432 519 rex,
1461 450 1765 523 episcopus,
1793 458 1887 506 aut
1914 449 2115 524 aliquis
2136 447 2204 504 de
2229 447 2284 512 Α
2309 447 2433 504 tatis
2468 455 2525 505 et
2571 446 2984 504 ministrationis
3007 449 3267 522 obsequia
3306 461 3423 510 sunt
3452 461 3691 533 praebenda,
3714 482 3747 526 ei

631 563 843 607 summo
867 546 1019 618 apice
1045 552 1434 619 potens,exeat
1457 544 1534 600 illi
1559 546 1771 601 obviam
1798 544 1982 601 abbas.
2018 542 2077 601 Si
2106 559 2203 599 au-

629 644 741 695 tem
761 636 976 696 “inerit
1003 636 1158 702 alter,
1189 635 1403 693 obviam
1432 633 1508 691 illi
1535 645 1693 691 exeat
1717 635 1874 690 alter.

699 728 773 788 Et
798 730 1039 808 primitus
1070 737 1217 785 orent
1241 727 1457 799 pariter,
1502 735 1551 783 et
1594 729 1669 782 sic
1713 725 1812 782 sibi
1854 727 2121 783 sociantur
2143 728 2201 782 in

629 839 777 894 pace.
828 820 888 877 ln
915 835 1047 893 pace
1076 819 1230 886 dicit,
1274 819 1331 874 id
1357 826 1460 886 est,
1507 818 1561 874 in
1599 818 1784 875 osculo
1807 819 1977 890 pacis.
2008 816 2203 875 Paciﬁ-

632 927 726 969 cos
752 912 897 969 enim
936 915 1150 982 oportet
1181 926 1321 977 esse,
1351 918 1408 967 et
1431 910 1643 967 sibimet
1670 911 1900 967 invicem
1932 910 1986 966 in
2017 909 2202 966 osculo

630 1011 820 1062 sancto
841 1005 1039 1061 sociari
1061 1011 1275 1077 oportet
1302 1000 1438 1060 ﬁlios
1463 1005 1632 1075 pacis.
1666 1000 1819 1060 Unde
1840 1011 1896 1059 et
1920 1005 2199 1079 sequitur:

701 1093 857 1163 Quod
866 1098 1013 1167 pacis
1035 1094 1269 1150 osculum
1291 1113 1395 1150 non
1413 1097 1559 1166 prius
1574 1096 1829 1167 oﬂ'eratur
1845 1096 1944 1151 nisi
1966 1097 2203 1176 oratione

628 1188 916 1259 prwmissa,
943 1197 1154 1259 prapter
1180 1187 1448 1244 illusiones
1479 1186 1785 1243 diabolicas.
1818 1186 1877 1243 Si
1903 1173 2047 1243 enim
2077 1204 2202 1243 cum

631 1279 703 1335 sit
729 1279 972 1335 diabolus
999 1280 1335 1347 tenebrosus,
1374 1278 1745 1350 transﬁgurari
1782 1279 1926 1335 valet
1957 1281 2009 1334 in
2040 1294 2204 1349 ange-

629 1366 741 1424 lum
770 1369 926 1436 lucis,
956 1368 1100 1424 valet
1127 1370 1311 1440 utique
1342 1370 1717 1427 transformari
1748 1377 1803 1425 et
1828 1371 1881 1425 in
1908 1387 2202 1441 personam

631 1458 884 1530 hospitis,
929 1462 1071 1533 quod
1112 1461 1313 1517 factum
1336 1463 1449 1534 jam
1491 1462 1658 1519 fuisse
1688 1470 1741 1519 et
1782 1462 1837 1518 in
1879 1461 2104 1533 dialogis
2148 1468 2203 1517 et

631 1550 689 1608 in
722 1552 1083 1627 Vitis'legitur
1122 1554 1367 1613 Patrum.
1403 1555 1533 1624 Quae
1583 1558 1978 1629 phantasmatis
2024 1557 2201 1613 illusio

629 1651 776 1701 stare
822 1661 1125 1723 nocercque
1172 1665 1278 1704 non
1324 1649 1487 1716 valet,
1531 1650 1579 1706 si
1622 1651 1798 1706 oratio
1841 1658 2089 1723 prompta
2134 1666 2203 1706 ex

630 1734 794 1791 corde
816 1737 986 1795 sancti
1025 1740 1276 1795 monachi
1304 1740 1567 1811 procedit.

2312 539 2380 593 ad
2427 553 2710 611 vesperum
2754 539 2963 596 lavandi
3005 542 3195 613 pedes,
3229 545 3351 601 etsi
3387 562 3448 602 ex
3489 549 3639 609 itinere
3674 569 3747 619 sunt

2299 628 2554 697 confecti,
2585 631 2706 686 oleo
2754 635 3087 706 perungendi
3125 644 3270 703 sunt,
3297 637 3516 708 lectaria,
3540 643 3744 709 lucernaet

2299 730 2540 779 extrema
2568 722 2749 778 mollia
2775 724 3101 793 exhibenda,
3132 742 3196 782 ac
3221 730 3742 809 proﬁciscentibusjuxta

2299 828 2520 886 pensam
2546 815 2777 871 cmnobii
2805 816 3064 873 viaticum
3091 819 3478 890 imponendum.

2372 906 2574 971 Quibus
2641 905 2762 962 lotis
2809 908 2945 963 hunc
2995 927 3206 964 versum
3254 912 3424 967 dicunt
3454 915 3744 991 :Sinaepimn1

2299 996 2463 1064 Deus,
2496 1000 2912 1055 miscricordiam
2941 1011 3089 1056 tuam
3119 1002 3173 1056 in
3201 1005 3363 1058 medio
3386 1009 3539 1076 templi
3559 1014 3617 1063 tui
3640 1011 3743 1081 (Psal.

2299 1089 2487 1160 nvn).
2524 1089 2604 1145 Ac
2643 1091 2687 1146 si
2720 1091 2902 1146 dicat:
2943 1090 3297 1163 Suscepimus
3324 1096 3373 1149 in
3402 1097 3493 1151 isto
3515 1099 3671 1168 hospite
3691 1108 3747 1159 mi-

2301 1182 2611 1238 sericnrdire
2649 1190 2753 1237 tua:
2799 1183 3165 1237 visitationem
3204 1185 3255 1238 in
3286 1200 3364 1238 me
3387 1187 3447 1241 lio
3467 1192 3613 1260 templi
3635 1195 3696 1249 tri.
3714 1198 3742 1250 in

2299 1274 2478 1328 medio
2522 1274 2722 1344 templo
2768 1276 3087 1329 monasterii
3125 1277 3222 1330 tui.
3273 1276 3465 1332 Aliter:
3493 1280 3744 1349 Suseepimus.

2298 1362 2459 1428 Deus,
2514 1365 2942 1421 misericordiam
2986 1374 3138 1420 tuam
3178 1367 3231 1420 in
3274 1368 3440 1421 Inetlio
3466 1372 3611 1441 templi
3637 1374 3698 1436 tui,
3715 1378 3744 1429 id

2300 1464 2404 1521 est,
2437 1458 2491 1511 in
2518 1459 2695 1513 medio
2732 1460 2912 1515 cordis
2955 1460 3151 1522 nostri,
3204 1466 3342 1530 quod
3381 1471 3527 1518 totum
3555 1467 3746 1537 (TieitApo-

2302 1548 2472 1604 stolus
2499 1562 2618 1603 esse
2640 1548 2931 1618 templum;
2963 1551 3302 1619 suscepimus
3327 1550 3473 1607 istius
3490 1553 3660 1626 hospitis
3676 1574 3744 1613 cum

2300 1640 2584 1697 charitatis
2616 1641 2899 1696 dilectione
2931 1643 3248 1696 adventum.

2372 1728 2675 1801 Paupcrum
2714 1741 2761 1786 et
2789 1735 3190 1803 peregrinorum
3216 1736 3429 1789 maxime
3450 1741 3647 1815 susceptio
3666 1744 3744 1797 omni

699 1827 768 1883 In
789 1828 904 1903 ipsa
941 1841 1115 1886 autem
1164 1832 1478 1887 salutatione
1503 1835 1670 1888 omnis
1700 1832 2008 1889 exhibentur
2032 1833 2205 1888 humi-
2228 1802 2276 1865 Β

2163 1834 2205 1888 ί-
2228 1802 2278 1865 Β
2307 1839 2435 1879 σανα
2459 1824 2682 1879 sollicite
2715 1827 3042 1891 exhibentur,
3070 1829 3195 1899 quia
3223 1830 3277 1882 in
3299 1830 3415 1898 ipsis
3439 1806 3574 1902 magis
3600 1831 3740 1887 Christi:

629 1921 772 1977 (itas.
820 1919 1009 1978 Omnis
1035 1923 1313 1980 humilitas
1341 1925 1539 1980 dicitur
1563 1933 1698 1993 tota,
1724 1925 1881 1997 plena
1904 1935 2064 1996 atque
2090 1942 2209 1995 per-

627 2010 792 2078 fecta,
822 2028 932 2069 non
962 2012 1110 2081 ﬁcta,
1158 2016 1251 2069 sed
1284 2015 1353 2071 de
1376 2016 1539 2071 corde
1585 2032 1723 2087 puro
1768 2033 2028 2086 manans,
2075 2035 2206 2074 vera

627 2109 790 2172 atque
824 2101 1054 2160 sincera.
1108 2102 1238 2176 Quae
1269 2108 1536 2178 quomodo
1579 2108 1899 2167 exhibeatur
1944 2109 2070 2165 audi
2122 2124 2207 2164 se-

627 2194 850 2266 quentia
866 2213 885 2252 :

698 2281 954 2343 Omnibus
991 2288 1310 2345 venientibus
1336 2290 1440 2347 sive
1469 2290 1854 2347 discedentibus
1896 2291 2202 2363 hospitibus,

626 2376 881 2435 inclinato
930 2383 1116 2454 capite,
1145 2384 1219 2439 vel
1246 2395 1508 2457 prostrato
1537 2388 1679 2442 omni
1705 2403 1921 2458 corpore
1954 2386 2011 2440 in
2038 2396 2202 2452 terra,

627 2466 867 2526 Christus
895 2472 951 2528 in
986 2473 1061 2527 eis
1100 2475 1369 2543 adoretur,
1408 2477 1499 2547 qui
1545 2486 1592 2531 et
1640 2478 1941 2542 suscipitur.
1985 2460 2051 2530 Et
2095 2474 2204 2541 hic,

625 2558 766 2616 sicut
788 2568 843 2616 et
868 2562 1134 2634 superius,
1166 2564 1301 2619 duas
1343 2564 1744 2621 advenientium
1786 2563 1991 2619 inducit
2019 2578 2208 2635 perso-

628 2665 729 2705 nas
748 2691 764 2717 ,
794 2664 959 2709 unam
988 2654 1337 2723 mediocrem,
1367 2656 1451 2711 cui
1488 2664 1693 2712 tantum
1722 2663 1885 2728 caput
1914 2655 2208 2711 inclinatur

630 2754 662 2794 a
703 2737 902 2808 fratre;
948 2743 1109 2798 aliam
1138 2760 1269 2799 vero
1308 2761 1595 2814 summam,
1627 2763 1745 2817 quae.
1775 2748 1829 2801 in
1862 2755 2062 2802 terram
2095 2755 2206 2802 toto

628 2839 902 2904 prostrato
944 2833 1200 2890 adoratur
1226 2844 1280 2891 et
1311 2852 1560 2908 corpore.
1602 2838 1711 2893 Sed
1741 2845 1921 2893 tamen
1954 2837 2007 2891 in
2036 2837 2205 2893 utris-

628 2941 732 2997 que
776 2925 1036 2985 Dominus
1065 2926 1222 2985 Jesus
1253 2930 1501 2988 Christus
1528 2933 1808 2998 adoratur,
1840 2933 1932 3003 qui
1955 2939 2011 2987 et
2033 2931 2207 2987 susci-

626 3017 795 3087 pitur.

699 3106 944 3181 Suscepti
963 3118 1135 3166 autem
1171 3113 1394 3176 hospites
1424 3112 1685 3169 ducantur
1710 3113 1782 3167 ad
1804 3114 2112 3179 orationem,
2154 3119 2204 3166 et

627 3207 806 3272 postea
832 3202 1008 3257 sedeat
1031 3220 1145 3257 cum
1183 3203 1256 3259 eis
1288 3205 1451 3277 prior,
1478 3217 1569 3260 aut
1599 3207 1684 3261 cui
1701 3207 1921 3277 jusserit
1948 3206 2073 3276 ipse.
2112 3203 2205 3258 Le-

626 3300 784 3363 gatur
809 3311 988 3350 coram
1014 3294 1214 3367 hospite
1248 3296 1331 3353 (ea:
1366 3298 1560 3365 divina,
1590 3308 1644 3352 ut
1674 3299 1982 3368 a’diﬁcetur,
2014 3305 2064 3352 et
2091 3304 2208 3369 post

627 3387 738 3443 hac
767 3388 933 3444 omnis
966 3390 1014 3443 ei
1046 3390 1354 3445 exhibentur
1385 3392 1704 3446 humanitas.
1743 3391 1933 3447 Omnis
1960 3389 2209 3446 humani-

627 3485 712 3535 tas
738 3480 937 3537 dicitur
962 3484 1140 3538 omnis
1172 3485 1480 3541 miserantis
1520 3484 1767 3551 allectus,
1802 3494 1855 3540 et
1883 3485 2206 3556 obsequium

626 3567 865 3639 plenum,
908 3577 965 3625 et
1005 3570 1305 3641 perfectum
1346 3575 1567 3643 amoris,
1611 3576 1755 3645 quod
1781 3575 2085 3645 hospitibus
2113 3591 2207 3631 ex-

628 3656 807 3715 hiberi
840 3670 1053 3732 oportet
1074 3663 1130 3717 in
1163 3664 1269 3720 cibi
1296 3672 1351 3719 et
1378 3674 1556 3736 potus,
1588 3672 1644 3723 et
1664 3667 1907 3722 omnium
1928 3666 2035 3724 illis
2061 3682 2207 3722 com-

628 3749 933 3821 petentiam
963 3752 1450 3811 administratione.

698 3838 972 3911 Jejunium
991 3861 1025 3898 a
1050 3842 1222 3915 priore
1247 3844 1528 3918 frangatur
1550 3842 1762 3919 propter
1784 3846 2037 3921 hospitem
2061 3869 2079 3907 :
2104 3852 2207 3908 nisi

629 3929 767 4005 forte
789 3934 1083 4004 prwcipuus
1110 3935 1175 3991 sit
1206 3936 1315 3992 dies
1327 3938 1549 4009 jejunii,
1571 3936 1661 4012 qui
1690 3958 1791 3996 non
1815 3943 1974 4013 possit
1997 3943 2201 3998 violari.

629 4018 850 4077 Fratres
887 4033 1062 4078 autem
1103 4027 1501 4083 consuetudines
1528 4029 1859 4102 jejuniorum
1882 4048 2207 4104 prosequan-

628 4122 735 4170 tur.
768 4112 894 4169 Dies
917 4111 1128 4186 jejunii,
1154 4118 1245 4188 qui
1267 4117 1459 4174 violari
1497 4135 1605 4175 non
1632 4128 1876 4193 possunt,
1905 4122 2208 4196 intelligun-

629 4210 720 4260 tur
756 4204 870 4260 dies
897 4214 1099 4264 sancta!
1132 4207 1430 4278 Paschalis,
1474 4210 1930 4285 Quadragesimaa,
1965 4214 2206 4270 Litania-

628 4312 771 4364 rum,
819 4303 875 4351 et
924 4308 1155 4371 quatuor
1205 4302 1332 4357 anni
1379 4310 1703 4375 temporum,
1757 4312 1850 4359 aut
1887 4305 1932 4361 si
1978 4304 2205 4376 alicujus

629 4383 737 4451 diei
769 4386 890 4442 festi
915 4386 1077 4445 fuerit
1097 4393 1302 4463 agenda
1341 4393 1548 4465 vigilia,
1587 4396 1807 4466 quando
1837 4412 1945 4452 non
1973 4397 2146 4453 solum
2174 4414 2205 4453 a

629 4477 926 4545 canonicis,
969 4478 1200 4549 clericis,
1228 4499 1417 4539 verum
1444 4486 1608 4540 etiam
1658 4503 1689 4543 a
1726 4484 1879 4543 laieis
1921 4490 2204 4546 catholicis

623 4558 920 4638 jejunatur.
950 4564 1172 4626 Fratres
1213 4580 1392 4630 autem
1436 4577 1852 4634 consuetudines
1871 4577 2200 4648 ieiuniorum

628 4667 1045 4731 prosequantur,
1083 4677 1152 4721 ne
1188 4678 1287 4734 pro
1333 4682 1439 4722 uno
1479 4667 1691 4738 hospite
1716 4684 1746 4723 a
1772 4676 1885 4725 toto
1930 4681 2202 4727 monaste-

629 4750 713 4807 rio
737 4746 929 4822 jejunii
957 4752 1268 4811 solemnitas
1298 4757 1598 4816 auferatur.
1631 4757 1762 4816 Nam
1786 4768 1847 4817 ut
1863 4762 2197 4821 charitatem

629 4850 967 4899 monstretur
1004 4844 1206 4904 habere
1250 4849 1304 4904 in
1350 4850 1639 4923 hospitem,
1687 4852 2022 4912 solummodo
2060 4854 2201 4926 jeju-

629 4933 780 4989 nium
820 4937 1040 4992 mandat
1083 4936 1259 5012 frangi
1288 4957 1320 5009 a
1356 4944 1560 5017 priore,
1601 4955 1657 5002 et
1696 4950 1931 5003 maxime
1980 4958 2203 5020 propter

629 5024 799 5097 ipsius
826 5026 1055 5101 hospitis
1091 5032 1351 5090 honorem
1397 5037 1531 5094 solvi
1576 5041 1798 5097 mandat
1830 5040 2099 5111 jejunium
2138 5043 2206 5099 ab

630 5114 749 5188 ipso
784 5122 1111 5179 monasterio
1145 5124 1379 5183 seniore.
1417 5126 1524 5185 Sed
1550 5138 1605 5186 et
1631 5130 1737 5188 hoc
1763 5148 1869 5188 non
1899 5148 1998 5205 pro
2028 5134 2205 5191 omni-

629 5210 733 5267 bus
757 5210 1060 5302 hospitibus
1080 5223 1165 5273 est
1186 5220 1475 5291 agendum,
1499 5218 1594 5279 sed
1619 5233 1823 5282 tantum
1845 5242 1945 5297 pro
1965 5228 2208 5302 peregri-

632 5305 720 5359 nis
776 5301 1036 5365 fratribus
1063 5318 1157 5366 aut
1194 5311 1302 5369 illis
1343 5315 1570 5373 summis
1615 5319 1865 5388 personis
1899 5336 2021 5392 quae
2050 5301 2204 5381 tarde

624 5398 854 5475 visitant
886 5405 1295 5461 monasterium.

700 5491 905 5562 Aquam
948 5494 1007 5549 in
1030 5497 1270 5553 manibus
1289 5496 1451 5556 abbas
1476 5500 1763 5574 hospitibus
1789 5503 1872 5560 det
1893 5498 1920 5558 ἰ
1933 5505 2089 5578 pedes
2112 5525 2209 5563 au-

631 5588 732 5635 tem
760 5581 1048 5654 hospitibus
1088 5589 1327 5646 omnibus
1362 5603 1471 5648 tam
1506 5593 1664 5651 abbas
1688 5614 1846 5670 quam
1868 5609 2052 5654 cuncta
2080 5616 2205 5656 con-

623 5670 864 5745 gregatio
904 5675 1059 5733 lavet.
1092 5678 1232 5739 llinc
1262 5681 1596 5746 Fructuosus
1632 5690 1744 5746 ait:
1778 5690 2094 5761 Hospitibus
2120 5690 2207 5748 vei

639 5765 941 5841 μενοετίιιίι
973 5765 1235 5835 fratribus
1274 5788 1400 5837 (ann
1435 5794 1647 5839 summa
1683 5782 1990 5843 reverentia
2026 5783 2207 5843 chari-

2227 4538 2282 4600 D

2304 1918 2606 1985 suscipitur.
2645 1915 2784 1971 Hinc
2809 1917 3141 1975 Pachomius
3189 1920 3263 1974 ait
3299 1939 3310 1973 :
3344 1920 3539 1988 Quando
3560 1924 3609 1976 ad
3626 1924 3740 1977 ostium

2305 2008 2619 2063 monasterii
2669 2009 2833 2078 aliqui
2876 2010 3152 2076 venerint,
3203 2011 3247 2066 si
3295 2011 3462 2067 clerici
3502 2012 3659 2074 fuerint,
3688 2022 3738 2067 aut

2305 2100 2582 2164 monachi,
2612 2101 2716 2172 maj
2742 2101 2802 2154 )l‘l
2832 2103 3039 2156 honore
3072 2102 3441 2173 suscipiantur.
3482 2103 3737 2173 Larabuntque

2304 2190 2468 2261 pedes
2497 2205 2706 2257 eorum,
2746 2190 2901 2260 juxta
2941 2192 3219 2265 Evangelii
3253 2204 3561 2265 prazceptum,
3583 2195 3735 2249 etdetu-

2305 2291 2429 2339 cent
2455 2285 2519 2338 ad
2539 2284 2714 2339 locum
2746 2285 3092 2351 xcuodochii,
3121 2288 3510 2357 przubebuntque
3530 2286 3654 2339 omnia
3670 2299 3735 2354 qua

2306 2384 2429 2447 apta
2459 2386 2586 2433 sunt
2624 2378 2745 2433 usui
2792 2380 3209 2434 monachorum.
3249 2379 3377 2434 Hinc
3403 2375 3734 2434 lsidorusaitzit

2305 2466 2433 2522 licet
2494 2469 2746 2525 omnibus
2805 2471 3197 2540 hospitalitatis
3250 2474 3438 2527 bonum
3490 2488 3582 2526 cum
3627 2469 3728 2541 grati:

2305 2565 2553 2628 Oportcat
2594 2558 2957 2628 referendum,
3004 2562 3228 2617 uberior
3267 2569 3431 2618 tamen
3480 2561 3673 2616 monachis
3699 2563 3728 2611 et

2306 2650 2519 2708 clericis
2565 2652 2854 2709 deferenqla
2886 2665 2967 2710 est
3016 2657 3417 2712 honoriﬁcentia
3456 2651 3728 2724 hospitalitatis.

2306 2739 2655 2800 Praebeantur
2684 2747 2765 2801 eis
2794 2747 3159 2817 hospitacula,
3195 2749 3427 2805 laventur
3449 2762 3577 2802 eorum
3603 2742 3723 2814 pedes.

2307 2837 2562 2907 congruis
2588 2839 2752 2894 etiam
2776 2843 3085 2913 sumptibus
3113 2832 3347 2914 ejusdem
3377 2836 3636 2897 humanitatis
3652 2849 3731 2905 gra-

2308 2925 2384 2980 tia
2415 2930 2741 2996 praiheatur.

2380 3016 2523 3072 Nam
2558 3021 2778 3076 diuitum
2803 3032 2973 3079 terror
2997 3025 3112 3097 ipse
3131 3025 3231 3079 sibi
3255 3024 3403 3095 exigit
3423 3023 3622 3076 honorent.
3647 3013 3725 3081 Quit

2307 3109 2453 3164 enim
2491 3112 2742 3170 omnibus
2770 3130 3047 3184 congruos
3077 3119 3250 3173 honor
3275 3124 3353 3173 est
3379 3111 3646 3173 exhibendas,
3666 3120 3724 3160 Ion

2310 3204 2488 3255 tamen
2518 3209 2665 3257 metu
2708 3205 2953 3271 terroris,
2986 3214 3252 3275 quantum
3280 3206 3429 3261 etiam
3452 3196 3727 3273 prapamdul

2306 3296 2391 3344 est
2412 3290 2669 3346 divitibus
2692 3294 3013 3363 obsequium
3041 3312 3207 3352 causa
3234 3292 3545 3351 discretionis.
3564 3286 3726 3343 Debent!

2307 3380 2471 3445 θρίω,
2491 3383 2789 3438 secundum
2816 3384 3157 3454 Apostolum,
3183 3387 3395 3442 reddere
3415 3382 3488 3440 cui
3509 3370 3725 3437 tinorumi-

2306 3486 2536 3537 morem,
2564 3484 2620 3529 et
2652 3476 2736 3530 cui
2769 3477 3033 3532 honorem
3065 3480 3338 3534 honorem.

2378 3562 2615 3635 Coqut'na
2645 3567 2849 3621 abbatis
2876 3578 2924 3623 et
2950 3569 3219 3640 hospitum
3244 3581 3331 3640 per
3372 3584 3420 3623 se
3448 3565 3521 3627 sit,
3542 3569 3583 3615 ut
3601 3552 3723 3612 intorti

2304 3653 2450 3708 horis
2492 3658 2906 3726 supervenientes
2953 3651 3210 3732 h'ospites,
3255 3661 3341 3731 qui
3381 3668 3591 3727 nunquam
3619 3648 3725 3741 deus

2303 3746 2649 3812 monasterio,
2690 3764 2797 3802 non
2838 3750 3126 3820 inquietent
3158 3753 3364 3825 fratres.
3401 3747 3459 3803 In
3484 3758 3602 3816 lpum
3624 3749 3724 3805 σοον

2306 3850 2432 3890 nam
2454 3836 2523 3890 ad
2549 3852 2744 3893 anisum
2795 3841 3166 3912 ingrediantur
3205 3844 3303 3899 duo
3342 3842 3524 3913 [mimi
3545 3833 3609 3905 συί

2306 3925 2535 3999 oﬂicium
2582 3927 2707 3984 bene
2753 3931 3027 4004 impleant.
3071 3935 3285 4002 Quibus,
3311 3943 3360 3988 ut
3385 3930 3585 3999 indigi”,

2305 4019 2694 4089 ministrentur,
2741 4033 2811 4079 ut
2826 4002 3017 4098 absque
3066 4027 3454 4084 ηυηηαηιιίυκε
3491 4002 3725 4075 ,πείσεαι

2303 4108 2492 4165 iterum
2513 4114 2724 4184 quando
2750 4119 3145 4188 occupationem
3184 4115 3416 4178 asinorum
3437 4112 3599 4170 habent.

2304 4202 2397 4258 ubi
2433 4207 2509 4260 eis
2543 4207 2851 4278 imperatur,
2886 4212 2943 4265 in
2978 4231 3159 4284 opera.
3203 4213 3270 4268 Et
3307 4228 3400 4268 non
3434 4193 3724 4294 δολυηίλίφ

2304 4295 2396 4350 sed
2423 4306 2470 4352 et
2495 4299 2552 4353 in
2586 4302 2824 4358 omnibus
2860 4280 3041 4375 ofﬁciis
3073 4304 3363 4379 monasterii
3395 4303 3484 4357 ista
3511 4295 3563 4349 ’δ’

2306 4390 2463 4455 ratio,
2489 4402 2546 4446 ut
2565 4396 2778 4463 quando
2803 4397 3036 4469 indigent
3066 4399 3272 4463 solatia,
3300 4385 3723 4477 σεσοηυηοάεξίξδβ

2306 4480 2497 4536 iterum
2527 4486 2743 4555 quando
2773 4499 2981 4556 vacant,
3011 4490 3253 4546 obediant
3284 4478 3538 4557 imperanti.
3566 4469 3724 4527 Μίαν

2305 4581 2397 4628 tur
2427 4576 2571 4632 enim
2614 4594 2645 4632 a
2685 4581 2887 4648 multis,
2934 4584 3062 4652 quia
3108 4584 3245 4640 sicut
3290 4574 3491 4645 coquina
3528 4565 3603 4620 alia
3626 4564 3720 4627 tim

2302 4663 2558 4735 fratrum,
2589 4677 2643 4724 et
2672 4670 2727 4724 in
2754 4671 2861 4727 alio
2887 4682 3003 4728 erat
3028 4673 3312 4730 constituta
3332 4669 3454 4728 loco,
3475 4662 3534 4715 ita
3553 4662 3594 4708 et
3607 4654 3716 4703 luetisa

2304 4757 2514 4821 abbatis
2559 4775 2667 4815 non
2707 4771 2835 4820 tunc
2863 4763 2916 4819 in
2944 4765 3213 4822 communi
3258 4755 3505 4819 refertorio
3535 4749 3621 4803 eral
3646 4744 3717 4792 Cum

2305 4848 2519 4904 caneris
2550 4853 2752 4908 mensis
2800 4855 2999 4925 posita,
3049 4856 3143 4912 sed
3168 4856 3218 4911 in
3262 4851 3357 4907 alia
3396 4849 3495 4901 erat
3526 4828 3723 4925 cellulas:

2304 4948 2546 5012 gregata,
2585 4958 2747 5013 quam
2776 4923 2971 5005 crebro
3000 4950 3273 5005 venientes
3299 4939 3506 5026 hospi“?
3524 4923 3723 5026 nam}?

2307 5034 2444 5091 cibis
2479 5035 2783 5094 invenirent
2820 5051 3088 5111 paratam.
3136 5040 3241 5097 Sed
3284 5032 3425 5092 modo
3462 5023 3518 5082 ab
3547 5018 3722 5111 cpi“?

2305 5138 2461 5192 rum,
2511 5102 2900 5198 abbamm,-et
2941 5140 3253 5188 cancrorum
3294 5120 3573 5180 Francorum
3605 5102 3719 5198 "1"”?

2305 5191 2536 5273 concilio
2565 5191 2796 5277 salubre
2818 5222 3097 5278 inventum
3126 5229 3205 5277 est
3232 5210 3500 5274 concilium,
3523 5209 3566 5254 ιη
3586 5191 3718 5278 ΡΝ⁵¹Ῐ²

2304 5315 2361 5361 et
2402 5306 2633 5364 fratrum
2673 5313 2919 5367 custodia
2961 5312 3155 5370 habeat
3185 5311 3233 5366 in
3263 5293 3499 5363 omnm“ni
3536 5278 3718 5383 “iii”?

2308 5403 2586 5465 mensam,’
2626 5401 2717 5456 ubi
2773 5406 2990 5473 quando
3067 5400 3322 5462 adfuerint
3365 5404 3468 5501 cuin

2307 5491 2524 5559 quando
2547 5506 2679 5548 vero
2705 5457 2997 5565 defuerint,
3027 5514 3147 5555 cum
3168 5492 3346 5566 quibus
3364 5473 3566 5540 voluerit.
3588 5457 3703 5519 rem

2308 5598 2489 5639 coram
2515 5582 2790 5644 fratribus.

2380 5686 2512 5743 Item
2534 5698 2583 5744 et
2610 5688 2794 5744 cellam
2824 5691 3085 5764 hospitum
3119 5689 3293 5745 habeat
3315 5652 3712 5764 assigna‘fm‘l'ﬂ’,

2307 5740 3296 5862 si...‘.,;:.;.;;;n.;'5;;;..;a...,
3326 5768 3403 5831 ubi
3419 5764 3502 5824 είιιι
3517 5747 3605 5811 lecti
3619 5740 3712 5798 una
