3994 6460
153 398 269 459 893

1188 397 1540 457 GOMMENT.
1579 399 1650 457 ΙΝ
1686 398 1847 460 RBG.
1888 398 1947 459 Β.
1985 400 2366 461 BENEDICTI.

148 509 491 580 sufﬁcienter,
532 516 581 564 et
607 510 793 565 domus
819 507 918 564 Dei
944 523 977 563 a
1002 508 1317 581 sapientibus
1340 512 1604 584 sapienter
1625 509 1726 565 ad-
1754 511 1811 574 Α
1828 510 2643 583 necessitudine‘pertinentibus
2666 509 2867 584 aliquid
2892 507 3187 567 contulerit
3206 508 3263 565 in
3286 522 3403 568 rem

147 602 505 656 ministretur.
545 602 592 657 A
630 604 920 658 sternendo
948 603 1093 659 enim
1121 604 1246 660 lecti
1273 606 1434 661 strati
1459 607 1729 662 dicuntur.

152 692 338 750 Strati
364 694 520 765 quasi
554 696 791 752 scoriati.
822 694 1011 751 Scoria
1041 697 1187 752 enim
1212 697 1432 765 dicitur,
1458 698 1600 768 quod
1634 713 1734 755 nos

149 797 415 856 mattam,
444 788 530 844 vel
560 796 764 843 nattam
793 789 1043 844 dicimus.
1075 788 1135 846 ln
1163 791 1248 847 his
1281 800 1463 846 autem
1488 791 1617 846 solis
1638 808 1733 848 an-

149 880 299 952 tiqui
328 880 578 954 monachi
605 879 842 936 dormire
866 881 1131 946 solebant,
1170 889 1226 936 et
1250 887 1333 936 his
1357 882 1484 939 solis
1510 882 1734 938 lectulos

150 988 290 1031 suos
335 974 670 1031 sternebant.
706 976 873 1046 Cujus
900 977 1044 1031 enim
1067 977 1302 1032 animum
1338 978 1501 1033 timor
1520 978 1735 1033 Domini

150 1066 423 1136 possidet,
462 1065 582 1122 sine
616 1066 778 1123 dubio
813 1066 927 1135 jam
968 1068 1108 1123 inter
1151 1069 1423 1138 sapientes
1453 1070 1612 1125 debet
1638 1071 1736 1125 ha-

151 1155 298 1212 beri.
352 1156 626 1227 Scriptum
679 1167 765 1214 est
804 1160 946 1214 enim
979 1158 1233 1215 :Initium
1270 1162 1542 1232 sapientia:
1581 1162 1736 1216 timor

154 1245 404 1313 Domini,
442 1248 734 1307 intellectus
779 1250 940 1305 bonus
980 1252 1221 1305 omnibus
1270 1250 1577 1320 facientibus
1616 1269 1736 1306 eum

157 1339 332 1410 (Eccl.
375 1341 460 1412 η).
496 1340 542 1401 Δ
574 1342 770 1399 talibus
812 1345 955 1399 enim
1009 1344 1348 1412 sapientibus
1398 1344 1592 1399 domus
1629 1344 1735 1399 Do-

157 1431 317 1495 mini,
351 1431 403 1484 id
431 1440 534 1496 est,
562 1433 754 1488 domus
779 1450 898 1504 quae
925 1434 977 1489 in
1006 1436 1336 1490 monasterio
1363 1452 1462 1505 pro
1487 1436 1735 1505 pauperi-

155 1515 263 1575 bus
294 1519 505 1577 Domini
539 1524 854 1589 mdilicatur,
893 1534 987 1580 aut
1014 1541 1113 1596 pro
1137 1523 1256 1593 ejus
1284 1527 1553 1595 implendo
1583 1542 1737 1582 man-

159 1614 292 1669 dato
318 1616 691 1681 constituitur,
726 1633 953 1674 necesse
981 1630 1061 1675 est
1091 1620 1365 1690 sapienter
1389 1622 1733 1677 administre-

158 1712 270 1758 tur.
320 1705 458 1761 llinc
508 1715 563 1761 et
607 1709 828 1776 quidam
875 1712 1261 1766 monachorum
1314 1713 1569 1782 magister
1616 1714 1730 1767 ait:

159 1791 307 1850 Cella
335 1798 743 1867 peregrinorum
769 1812 976 1856 semoto
1010 1805 1341 1859 mnasterio
1376 1805 1737 1860 constituatur

1831 616 2174 658 communem
2217 602 2528 669 redactum,
2562 603 2652 658 cui
2709 600 3077 658 necessarium
3117 597 3282 656 fuerit
3306 600 3407 655 tri-

1828 690 2044 747 buatur.
2088 691 2146 747 Si
2172 708 2301 750 vero
2335 693 2423 749 cui
2453 693 2832 750 transmissum
2882 700 2968 750 est
3009 690 3178 748 abbas
3205 689 3400 762 praci-

1827 784 1910 854 pit
1937 785 2098 851 dare,
2132 793 2415 861 tauquam.
2443 783 2649 854 reliqua
2697 783 2937 839 ﬁdelium
2985 797 3213 839 munera
3233 821 3249 849 ,
3274 795 3401 836 cum

1832 876 2127 947 gratiarum
2157 876 2370 932 actione
2401 877 2655 946 accipiet.
2691 875 2843 944 Quod
2884 882 3066 930 autem
3115 874 3267 940 dicit,
3300 888 3405 927 non

1832 973 2189 1037 contristetur,
2233 986 2302 1026 ne
2334 969 2473 1025 forte
2504 969 2662 1025 detur
2695 968 2910 1024 occasio
2947 966 3184 1033 diabolo,
3215 963 3404 1020 subin-

1830 1063 2112 1133 telligitur,
2151 1071 2243 1116 aut
2270 1078 2367 1131 per
2390 1062 2691 1127 tristitiam,
2721 1068 2813 1115 aut
2856 1074 2954 1131 per
3000 1059 3284 1123 invidiam,
3311 1062 3406 1112 aut

1831 1170 1927 1225 per
1974 1154 2348 1208 murmurium.
2400 1153 2503 1208 Per
2531 1153 2809 1208 tristitiam
2837 1153 2981 1207 enim
3010 1169 3172 1223 quam
3208 1152 3263 1206 in
3306 1165 3405 1206 suo

1830 1253 2050 1317 pectore
2066 1253 2234 1309 tenet,
2250 1260 2421 1299 nor-cu
2430 1245 2477 1299 di
2493 1244 2756 1299 monacho
2771 1242 2984 1298 diabolo
2998 1242 3155 1296 datur
3170 1240 3404 1306 occasio,

1833 1338 1983 1406 quia,
2006 1337 2297 1392 secundum
2312 1336 2644 1406 Apostolnm,
2694 1342 2777 1391 est
2802 1334 3023 1391 tristitia
3058 1349 3181 1404 qua,
3235 1333 3403 1401 impe-

1835 1430 2013 1485 diente
2026 1428 2256 1491 diabolo,
2273 1429 2429 1483 datur
2450 1428 2686 1491 occasio,
2703 1427 2755 1482 in
2781 1427 2977 1480 anima.
3006 1423 3140 1479 Nam
3160 1431 3216 1477 et
3241 1424 3287 1477 si
3304 1422 3407 1487 illi,

1833 1522 1921 1577 cui
1936 1523 2118 1575 datum
2137 1528 2240 1585 est,
2263 1519 2550 1582 invidetur,
2572 1518 2937 1589 perinvidiam
2969 1514 3198 1571 nocendi
3221 1529 3408 1569 mona-

1834 1612 1937 1666 cho
1963 1611 2173 1665 diabolo
2195 1610 2354 1665 datur
2370 1610 2605 1675 occasio,
2621 1609 2745 1678 quia
2763 1608 3023 1677 scriptum
3049 1612 3134 1660 est
3155 1622 3167 1657 :
3194 1602 3404 1657 Invidia

1834 1698 2029 1755 diaboli
2074 1716 2212 1753 mors
2251 1700 2463 1753 intravit
2499 1701 2555 1752 in
2596 1698 2769 1753 orbem
2801 1708 3080 1751 terrarum.
3126 1692 3412 1748 Imitantur

1835 1793 1977 1845 enim
1994 1792 2141 1847 illum
2166 1794 2256 1863 qui
2284 1803 2404 1847 sunt
2428 1809 2492 1846 ea:
2515 1802 2662 1862 parte
2684 1791 2848 1844 illius.
2879 1790 2985 1844 Aut
3021 1790 3065 1845 si
3102 1788 3242 1842 forte
3266 1801 3412 1841 mur-

161 1898 287 1938 cum
309 1886 466 1942 lectis
484 1890 690 1954 stratis,
707 1892 797 1947 ubi
820 1894 1264 1963 supervenientes
1283 1896 1481 1953 frag-es
1502 1898 1737 1953 maxime
1763 1870 1817 1934 Β
1838 1885 2156 1950 muraverit,
2171 1885 2295 1954 quia
2313 1884 2455 1954 quod
2469 1883 2571 1939 sibi
2587 1884 2850 1937 directum
2877 1888 2963 1935 est
2982 1879 3084 1935 sibi
3102 1894 3207 1934 non
3231 1878 3411 1941 datur,

162 1975 333 2045 ignoti
357 1979 649 2046 dormiant,
677 1992 732 2037 et
755 1985 981 2041 visatias
1007 2001 1132 2044 suas
1154 1996 1377 2055 ponant.

239 2066 539 2138 Hospitibus
578 2084 775 2138 autem,
825 2077 909 2128 cui
952 2086 1056 2131 non
1104 2078 1405 2147 pra’cipitur
1440 2076 1739 2133 nullatenus

161 2158 407 2224 societur,
441 2177 605 2232 neque
634 2163 983 2234 colloquatur,
1016 2166 1106 2220 sed
1148 2167 1193 2221 si
1234 2168 1516 2222 obviaverit
1545 2178 1635 2221 aut
1668 2170 1742 2223 ui-

163 2249 324 2316 derit,
344 2252 587 2309 salutatis
616 2256 906 2322 humiliter,
938 2268 993 2311 ut
1023 2259 1221 2313 dictum
1249 2269 1351 2324 est,
1381 2271 1428 2315 et
1462 2262 1621 2330 petita
1660 2262 1743 2315 be-

164 2345 478 2412 nedictione,
507 2359 855 2418 pertranseat,
883 2352 1060 2406 dicens
1088 2370 1190 2408 non
1217 2353 1370 2408 licere
1391 2354 1490 2408 sibi
1516 2353 1743 2425 colloqui

164 2446 284 2493 eum
335 2442 557 2509 hospite.
595 2442 911 2513 Hospitibus
947 2460 1052 2499 non
1081 2446 1319 2500 societur
1344 2446 1497 2510 dicit,
1536 2447 1608 2501 “ul
1636 2454 1739 2510 est,

164 2527 236 2582 ad
266 2528 475 2586 fabulas
504 2529 778 2590 faciendas
809 2549 915 2588 non
942 2536 1021 2589 eis
1038 2534 1315 2605 jungatur.
1348 2536 1455 2591 Sed
1482 2538 1526 2592 si
1555 2537 1745 2593 obvia-

163 2622 308 2675 verit
333 2622 435 2686 eis,
474 2634 566 2679 aut
605 2639 771 2695 prope
805 2641 863 2681 se
901 2634 1045 2682 stare
1068 2628 1283 2690 viderit,
1322 2630 1489 2698 petita
1519 2627 1743 2683 benedi-

167 2712 346 2767 ctione
391 2725 649 2769 transeat.
697 2717 849 2782 Quod
878 2718 925 2771 si
965 2727 1185 2789 rogatus
1211 2719 1411 2787 aliquid
1438 2721 1508 2773 ab
1532 2720 1747 2787 hospite

167 2799 352 2863 fuerit,
381 2805 703 2873 respondeat
732 2806 780 2860 ei
810 2807 1017 2872 dicens,
1043 2824 1147 2861 non
1178 2809 1309 2863 mihi
1345 2809 1468 2864 licet
1495 2824 1615 2863 cum
1649 2810 1745 2879 ho-

169 2892 308 2962 spite
341 2892 509 2963 loqui.
546 2894 684 2951 llinc
720 2905 775 2952 et
812 2898 1000 2953 beatus
1043 2899 1347 2955 Macharius
1388 2901 1505 2955 ait:
1534 2899 1739 2964 Nullus,

168 2982 273 3037 nisi
301 2984 387 3038 cui
412 3000 542 3040 cura
568 2986 711 3041 circa
745 2989 1008 3059 hospitale
1036 2990 1198 3045 fuerit
1228 2992 1487 3061 injuncta,
1522 3005 1744 3059 repon-

170 3087 289 3129 sum
346 3075 437 3131 dct
490 3077 864 3142 venientibus,
924 3094 1099 3150 neque
1167 3082 1518 3137 sermocinari
1583 3081 1743 3136 alicui

170 3161 323 3218 fratri
361 3164 571 3235 licebit,
622 3168 727 3224 nisi
772 3169 870 3226 soli
907 3172 999 3241 qui
1035 3180 1250 3242 praeest,
1309 3181 1403 3229 aut
1444 3187 1581 3245 quos
1626 3173 1743 3243 ipse

164 3252 409 3324 jusserit.

755 3351 981 3407 CAPUT
1018 3352 1150 3410 LIV.

175 3434 328 3507 Quod
346 3452 451 3494 non
471 3438 651 3495 debeat
683 3445 970 3517 monachus
1014 3444 1217 3517 litteras
1244 3444 1323 3517 uel
1351 3444 1563 3517 eulogia
1600 3446 1745 3502 acci-

609 3528 730 3582 pere
762 3515 874 3569 siue
891 3515 1047 3585 jussu
1076 3516 1277 3570 abbatis

247 3620 302 3676 N
305 3620 565 3678 ullatenus
581 3622 732 3679 liceat
754 3627 1007 3681 monacho
1025 3644 1115 3682 nec
1131 3646 1164 3683 a
1180 3629 1481 3699 parentibus
1495 3631 1629 3696 suis,
1653 3644 1748 3687 nec

174 3731 484 3787 coaequant
514 3715 818 3785 hominum,
844 3736 956 3773 nec
973 3719 1072 3774 sibi
1128 3721 1344 3775 inuicem
1395 3722 1619 3788 litteras,
1655 3731 1749 3777 aut

173 3807 399 3879 eulogia,
448 3808 525 3864 uel
563 3809 803 3881 qualibet
853 3812 1167 3867 munuscula
1215 3814 1452 3883 accipere
1490 3822 1581 3869 aut
1620 3814 1751 3869 dare

173 3900 286 3959 sine
305 3910 562 3972 pracepto
588 3901 789 3959 abbatis
828 3904 932 3958 sui.
1008 3903 1161 3971 Quod
1205 3906 1251 3960 si
1299 3906 1459 3960 etiam
1500 3922 1533 3960 a
1562 3922 1753 3977 paren-

176 3991 311 4047 tibus
338 3992 447 4048 suis
484 3993 531 4049 ei
550 3992 832 4063 quidquam
862 3994 1115 4048 directum
1154 3994 1313 4064 fuerit
1340 4035 1357 4062 ,
1408 4013 1514 4051 non
1551 4011 1753 4066 prasa-

175 4090 284 4141 ιωι
309 4082 569 4153 suscipere
588 4081 744 4148 illud,
762 4084 863 4138 nisi
888 4085 1035 4155 prius
1058 4084 1347 4140 indicatum
1371 4086 1531 4154 fuerit
1552 4087 1750 4143 abbati.

178 4172 333 4240 Quod
352 4174 620 4248 θεάμασι-ἂι
646 4176 860 4247 suscipi,
874 4176 931 4230 in
947 4177 1149 4232 abbatis
1170 4179 1236 4232 sit
1250 4187 1500 4249 potestate
1521 4179 1607 4233 cui
1618 4178 1752 4234 illud

170 4262 353 4334 iubeat
379 4264 519 4321 dari.
554 4263 624 4320 Et
651 4282 754 4319 non
784 4268 1119 4321 contristetur
1146 4268 1332 4337 frater,
1355 4268 1440 4324 cui
1461 4270 1594 4340 forte
1615 4269 1755 4325 dira.

175 4365 317 4417 “aut
330 4357 525 4426 fuerat,
536 4367 592 4413 ut
608 4374 711 4415 non
723 4358 875 4415 detur
886 4362 1091 4415 occasio
1103 4360 1332 4416 diabolo.
1348 4361 1459 4428 Qui
1468 4374 1640 4418 autem
1654 4363 1755 4418 ali-

176 4457 258 4502 ter
274 4450 681 4521 prazsumpserit,
705 4450 995 4523 disciplima
1027 4453 1257 4523 regulari
1275 4454 1565 4526 subjaeeat.
1614 4456 1754 4513 Hinc

1769 3234 1819 3300 C

1841 1985 1897 2031 et
1920 1977 1993 2030 ita
2007 1990 2103 2046 per
2132 1978 2618 2031 murmurationem
2647 1975 2879 2030 nocendi
2911 1973 3174 2027 monacho
3200 1966 3413 2024 diabolo

1842 2068 2000 2123 datur
2022 2067 2255 2121 occasio.
2287 2066 2422 2132 Quia
2470 2075 2525 2120 et
2552 2066 2646 2135 qui
2686 2066 2743 2118 in
2789 2064 3005 2119 deserto
3042 2072 3416 2123 murmurave-

1842 2167 1988 2224 runt,
2030 2172 2069 2213 a‘
2092 2158 2435 2228 serpentibus
2471 2157 2770 2229 perierunt.
2814 2154 3003 2211 Omnis
3046 2154 3188 2210 enim
3226 2167 3415 2207 mona-

1841 2250 1977 2309 chus
2012 2251 2102 2329 qui
2144 2265 2311 2304 unum
2348 2265 2415 2303 ex
2455 2249 2576 2303 istis
2615 2247 2827 2313 fecerit,
2854 2246 2982 2316 quia
3021 2244 3095 2299 illi
3129 2259 3234 2298 non
3252 2243 3415 2298 datur

1842 2341 2102 2415 quod‘illi
2150 2340 2440 2410 dirigitur,
2492 2339 2725 2410 regulari
2763 2338 3062 2408 disciplina:
3114 2334 3414 2404 subjaceat,

1841 2448 1912 2489 ne
1940 2432 2370 2504 indisciplinatus
2399 2432 2455 2487 in
2477 2442 2738 2486 retentum
2776 2446 2876 2502 pro
2911 2430 2999 2487 his
3036 2429 3182 2486 vitiis
3200 2434 3413 2499 pereat.

2440 2540 2670 2597 CAPUT
2702 2540 2817 2595 LV.

2042 2637 2116 2693 De
2153 2636 2468 2692 aestimatis
2501 2642 2550 2705 et
2577 2631 2940 2686 calceamentis
2973 2630 3218 2699 fratrum.
3269 2678 3283 2683 _

1920 2727 2237 2790 [mimanta
2270 2724 2525 2795 fratribus
2544 2721 2830 2777 secundum
2856 2720 3089 2774 locarunt
3106 2716 3413 2788 qualitatem

1841 2819 1930 2873 ubi
1956 2818 2191 2873 habitant
2229 2815 2304 2870 uel
2330 2829 2512 2868 aerum
2525 2813 2821 2882 temperiem
2834 2810 3042 2874 dentur,
3061 2809 3184 2878 quis
3203 2808 3258 2861 in
3271 2804 3421 2875 frigi-

1843 2910 1926 2963 dis
1955 2905 2253 2977 regionibus
2272 2904 2495 2973 asuplius
2509 2903 2792 2971 indigetur,
2815 2901 2871 2953 in
2891 2898 3076 2952 calidis
3090 2913 3208 2952 vero
3223 2895 3414 2948 ntinus.

1844 2998 1975 3053 Hazc
1996 3013 2116 3065 ergo
2140 2995 2489 3053 consideratio
2510 3006 2663 3062 penes
2682 2990 2921 3044 abbatem
2937 2990 3026 3042 sit.
3070 2986 3221 3053 Quod
3235 2993 3419 3038 autem

1844 3090 1995 3153 dicit,
2039 3088 2324 3141 secundum
2351 3085 2584 3145 locorum
2608 3081 2913 3154 qualitatem
2940 3080 3260 3135 vestimenta
3280 3076 3420 3142 dari,

1845 3180 2204 3234 mihividetur
2233 3178 2629 3246 deoperoso,et
2657 3189 2765 3229 non
2787 3172 2855 3227 de
2872 3181 2979 3226 tam
3001 3185 3230 3240 operoso
3242 3169 3423 3224 dicere

1846 3272 1982 3326 loco.
2035 3269 2173 3324 Sunt
2220 3269 2367 3323 enim
2412 3266 2737 3322 monasteria
2782 3262 2895 3333 jam
2945 3261 3220 3331 perlecta,
3257 3267 3314 3314 et
3363 3258 3421 3311 in

1844 3377 2062 3418 ammno
2099 3361 2218 3416 loco
2255 3360 2448 3429 posita,
2498 3359 2587 3412 ubi
2622 3356 2800 3411 minus
2818 3361 3100 3424 operatur,
3140 3358 3200 3404 et
3239 3348 3423 3411 minus

1844 3452 2189 3510 vestimentis
2217 3459 2272 3506 et
2312 3448 2697 3505 calceamentis
2748 3446 3038 3516 indigetur.
3089 3440 3245 3509 Quod
3292 3454 3425 3495 vero

1846 3548 1979 3603 dicit
2006 3564 2019 3600 :
2052 3545 2130 3600 vel
2157 3560 2339 3598 aerum
2363 3542 2685 3609 temperiem,
2711 3540 2825 3609 ipse
2852 3535 3073 3606 exponit
3097 3547 3223 3589 cum
3251 3531 3383 3587 dicit
3407 3547 3422 3585 :

1846 3640 1973 3711 quia
1996 3639 2052 3692 in
2078 3636 2287 3706 frigidis
2315 3633 2610 3705 regionibus
2640 3630 2867 3701 amplius
2899 3628 3183 3699 indigetur,
3217 3626 3274 3679 in
3298 3621 3428 3678 cali-

1848 3730 1931 3785 dis
1960 3745 2081 3785 sero
2106 3728 2299 3783 minus.
2344 3726 2474 3782 Haec
2499 3722 2919 3795 prudentissime
2958 3719 3050 3775 ille
3074 3716 3426 3774 considerans

1849 3821 1990 3877 dixit
2019 3839 2033 3875 :
2066 3819 2218 3876 Nunc
2246 3834 2379 3875 vero
2406 3818 2644 3889 prudens
2670 3816 2841 3873 obltus
2874 3810 3184 3869 consideret
3208 3807 3431 3875 diligen-

1849 3920 1939 3968 ter
1959 3926 2149 3968 aerum
2194 3911 2532 3980 temperiem,
2570 3916 2626 3963 et
2674 3908 2793 3963 loca
2845 3906 2906 3961 in
2952 3903 3147 3974 quibus
3195 3900 3428 3964 habitat,

1852 4005 2125 4077 quomodo
2148 4005 2260 4059 sint
2288 4002 2487 4068 calida,
2527 4000 2724 4072 frigida
2750 3998 2838 4054 vel
2867 4003 3189 4067 temerata,
3213 4006 3429 4062 aspera,

1852 4097 2019 4162 dura,
2045 4094 2132 4149 vel
2158 4093 2379 4159 suavis,
2408 4100 2464 4146 et
2486 4090 2783 4146 secundum
2808 4085 3227 4157 possibilitatem
3269 4094 3425 4136 mm

1853 4187 1999 4257 quod
2024 4184 2388 4241 necessarium
2436 4190 2522 4237 est
2561 4179 2796 4235 fideliter
2837 4178 2952 4234 suis
2988 4174 3268 4230 ministret
3311 4184 3428 4227 mo-

1855 4277 2070 4343 nachis,
2088 4285 2149 4330 ut
2172 4276 2289 4331 sine
2301 4273 2624 4329 necessitate
2636 4269 2868 4326 Domino
2877 4267 3143 4334 serviant,
3153 4271 3211 4321 et
3228 4265 3435 4335 absque

1849 4367 1996 4439 jnsta
2020 4366 2450 4422 murmuratione
2471 4362 2699 4434 paciﬁce
2728 4360 2937 4415 vivant.

1928 4459 2043 4514 Nos
2085 4468 2260 4512 tamen
2311 4454 2662 4511 mediocribus
2713 4450 2843 4506 locis
2888 4448 3121 4521 “ﬁcere
3173 4445 3434 4502 credimus

176 4539 715 4652 MSAugu'stinns
738 4545 851 4652 sit':
891 4544 1211 4616 Quicunque
1243 4557 1427 4603 autem
1454 4550 1512 4603 in
1542 4556 1753 4604 tantum
1778 4588 1833 4652 Β
1855 4554 2148 4619 monachis,
2176 4569 2270 4624 per
2310 4548 2571 4621 singulos,
2616 4544 2882 4601 cuculan
2923 4552 2976 4599 et
3024 4540 3301 4596 tunicam:
3335 4554 3433 4593 ους

176 4645 495 4708 progressus
522 4633 689 4691 fuerit
721 4635 944 4702 malum,
965 4640 1041 4691 tut
1073 4639 1282 4694 occulte
1312 4641 1382 4695 ab
1407 4640 1587 4710 aliquo
1614 4641 1756 4697 litte-

178 4745 270 4787 ras
296 4728 382 4785 vel
426 4727 679 4799 quaelibet
713 4731 1031 4786 munuscula
1079 4732 1312 4802 accipiat
1333 4775 1347 4799 ,
1383 4732 1432 4787 si
1481 4734 1585 4789 hoc
1612 4734 1757 4790 ultro

177 4819 492 4888 conﬁtetur,
516 4826 773 4890 parcatur
797 4820 899 4887 illi,
920 4831 976 4877 et
995 4831 1183 4879 oretur
1205 4840 1302 4895 pro
1332 4825 1443 4880 illo.
1482 4824 1541 4881 Si
1573 4834 1755 4883 autem

178 4909 603 4980 deprehenditur
655 4918 817 4980 atque
853 4915 1213 4981 convincitur,
1265 4917 1566 4971 secundum
1612 4917 1757 4973 arbi-

182 5001 344 5061 trium
366 5004 643 5073 praepositi
661 5005 880 5075 gravius
900 5006 1232 5062 emendetur.
1291 5006 1430 5063 Hinc
1471 5015 1527 5063 et
1565 5009 1756 5063 beatus

179 5094 410 5153 Duilius
439 5098 545 5153 sit:
579 5099 770 5155 Munus
794 5100 1093 5171 quodlibet,
1138 5101 1254 5156 sive
1300 5101 1555 5171 epistolas
1597 5114 1756 5156 nemo

182 5187 478 5245 monachus
525 5190 795 5260 accipiat,
839 5205 941 5246 nos
968 5191 1239 5247 daresi»
1264 5191 1505 5262 iussione
1548 5190 1760 5246 abbatis

184 5279 432 5349 cuiquam
479 5284 813 5352 prcsumat.‘
867 5280 1007 5338 Hinc
1049 5288 1107 5338 et
1155 5282 1283 5338 alibi
1333 5284 1592 5354 scriptum
1633 5292 1754 5340 est:

174 5370 288 5447 Qui
311 5388 442 5429 vero
459 5373 671 5430 litteras
709 5373 797 5429 vel
841 5374 1162 5430 munuscula
1197 5374 1567 5447 cujuscunque
1618 5377 1761 5433 acci-

180 5480 315 5539 pere
331 5468 755 5539 μασωμένη,
810 5468 858 5523 si
887 5482 996 5523 non
1024 5468 1209 5524 statim
1231 5485 1263 5524 a
1290 5484 1400 5540 quo
1438 5472 1667 5542 accepit,
1705 5474 1763 5527 et

184 5573 307 5637 quae
360 5560 567 5633 accepit
614 5558 995 5631 publicaverit,
1036 5560 1359 5617 districtioni
1406 5563 1762 5618 severissimae

186 5657 506 5730 subiacebit.
577 5658 672 5714 Illa
708 5672 840 5714 vero
870 5671 991 5727 quae
1042 5659 1356 5713 transmissa
1400 5667 1554 5727 sunt,
1600 5675 1759 5732 pere-

185 5753 357 5825 grinis
403 5760 462 5809 es
493 5751 694 5824 ignotis
737 5749 1166 5822 deputabuntur,
1221 5758 1315 5804 aut
1338 5759 1486 5805 certe
1515 5752 1763 5811 incendio

1862 4646 2058 4701 cultam
2114 4646 2171 4699 in
2224 4644 2391 4698 hieme
2434 4640 2676 4696 villosum
2703 4677 2721 4705 ,
2769 4640 2831 4693 in
2881 4644 3064 4693 astate
3107 4649 3299 4705 ptisa-
3342 4642 3434 4687 aut

1861 4747 2135 4801 vetustam,
2174 4744 2223 4790 et
2267 4732 2539 4803 scapulare
2581 4740 2791 4802 propter
2834 4744 3010 4800 opera.
3075 4725 3436 4782 Mediocrian

1860 4828 1998 4883 locis
2041 4825 2211 4890 dicit,
2280 4824 2335 4880 id
2375 4831 2490 4889 est,
2529 4820 2878 4893 temperatis,
2919 4834 3021 4877 nec
3069 4819 3299 4875 miluus:
3340 4814 3437 4871 fri-

1861 4920 2032 4993 gidis,
2085 4932 2187 4975 nec
2234 4915 2462 4972 multum
2512 4914 2723 4970 calidis.
2798 4911 3078 4969 Cucullam
3140 4910 3275 4964 dicit
3322 4907 3434 4975 ille,

1861 5013 2007 5083 quod
2040 5026 2142 5067 nos
2190 5011 2352 5065 modo
2396 5007 2626 5062 dicimus
2659 5019 2910 5078 cappam.
2970 5004 3077 5059 Pes
3123 4999 3435 5058 diminutio-

1862 5122 1986 5162 nem
2021 5107 2169 5162 enim
2197 5120 2229 5159 a
2272 5101 2455 5158 casula
2507 5101 2705 5157 dicitur
2749 5098 2979 5164 cuculla,
3023 5103 3080 5151 et
3110 5111 3142 5150 a
3181 5104 3310 5148 casa
3345 5098 3441 5139 Ca-

1861 5200 2020 5264 sulla,
2058 5206 2113 5253 et
2136 5212 2165 5250 a
2192 5195 2395 5251 casulla
2415 5192 2732 5248 diminuitnr
2752 5188 2979 5247 cuculla.
3023 5184 3177 5253 Quod
3198 5198 3330 5238 vero
3349 5183 3438 5237 ille

1861 5292 2014 5358 dicit,
2043 5290 2320 5363 scapulare
2341 5296 2554 5361 propter
2570 5303 2749 5360 opera,
2772 5286 2878 5341 hoc
2896 5296 2997 5339 nos
3014 5279 3177 5336 modo
3201 5276 3433 5335 dicimus

1862 5384 2151 5441 cucullum.

1931 5474 2251 5529 Indumenta
2276 5471 2467 5545 pedum
2484 5511 2500 5538 ,
2538 5468 2737 5540 pedites
2762 5473 2814 5522 et
2839 5462 3060 5536 caligas.
3102 5460 3319 5518 Pedites
3343 5474 3439 5515 διιο-

1866 5573 1977 5622 teni
2010 5565 2159 5629 dicit,
2188 5563 2331 5633 quod
2386 5576 2488 5618 nos
2518 5560 2683 5615 modo
2732 5556 2964 5612 dicimus
2998 5554 3196 5610 calces.
3224 5552 3440 5624 Caligas

1864 5658 1974 5723 ille,
2014 5658 2157 5727 quod
2185 5671 2284 5712 nos
2308 5653 2613 5711 subtalares
2638 5648 2725 5705 vel
2756 5661 2945 5705 soccos
2970 5661 3245 5702 vocamus.
3294 5642 3438 5699 Cali-

1867 5766 1950 5821 επ
1978 5756 2159 5803 autem
2180 5761 2214 5800 a
2240 5745 2379 5801 callo
2404 5742 2603 5814 pedum
2633 5740 2813 5806 dicte,
2864 5738 2951 5794 vel
2996 5739 3124 5809 quia
3172 5736 3431 5807 ligantur,

185 5822 595 5905 sanabuntur.
660 5838 1075 5918 Sanguinis
1113 5837 1244 5905 ω.
1281 5839 1766 5917 velaliquaadse
1867 5835 2664 5902 nametcalceariivocsntnr.
2706 5828 3294 5907 Depodilibussutsm
3331 5822 3436 5885 lsi-
