3994 6462
679 415 784 472 895

1948 352 2297 460 sumsum
2334 401 2621 460 sanans
3693 426 3751 481 εκ

679 533 842 586 dorus
861 527 938 582 ait
969 545 981 580 :
1009 523 1218 580 Pediles
1245 520 1474 577 utendos
1515 519 1569 574 in
1599 518 1948 579 monasterio,
2001 516 2239 587 quandiu
2267 521 2320 578 Α
2415 515 2614 587 Suﬂicit
2643 517 2780 569 enim
2806 514 3057 570 monacho
3085 518 3218 574 duas
3244 520 3431 576 tunicas
3465 535 3506 578 et
3534 528 3751 590 deamat.

679 622 872 676 kieniis
901 618 1132 690 coegerit
1157 615 1430 678 violentia,
1468 614 1579 668 sive
1620 613 1744 667 dum
1773 610 1969 664 fratres
1994 607 2249 678 gradiun-

679 725 770 768 tur
798 713 848 766 in
879 712 1070 766 itinere
1103 709 1180 762 vel
1211 706 1626 778 proficiscuntur
1662 704 1728 758 ad
1775 704 1983 757 urbem.
2015 701 2152 756 Hine
2193 707 2250 754 et

679 801 1011 859 Fructuosus
1045 799 1218 854 dicit:
1262 798 1317 851 In
1368 797 1546 850 hieme
1595 793 1799 864 pediles
1845 792 2110 856 calcient,
2159 789 2254 859 qui

681 893 981 954 voluerint,
1024 890 1077 944 id
1126 898 1239 954 est,
1282 905 1310 942 a
1337 887 1590 942 Kalendis
1625 885 1946 941 Novembris
1985 899 2154 953 usque
2185 881 2253 935 ad

683 986 947 1040 Kalendas
970 983 1156 1038 Maias.
1181 982 1422 1051 Reliquis
1443 979 1643 1035 aestivis
1665 978 1937 1034 mensibus
1953 977 2250 1046 caligarum

683 1083 892 1129 tantum
933 1074 1141 1128 solatiis
1171 1071 1444 1127 muniendi
1471 1078 1614 1124 sunt.

753 1166 830 1219 De
841 1182 1066 1235 quarum
1081 1179 1251 1218 rerum
1266 1161 1491 1216 omnium
1506 1160 1675 1215 colore
1687 1168 1777 1213 aut
1791 1157 2072 1229 grossitudi
2079 1173 2140 1211 ne
2156 1174 2258 1212 non

683 1268 963 1311 causentur
993 1255 1252 1315 monachi.
1281 1253 1370 1307 sed
1392 1252 1568 1322 quales
1590 1251 1812 1305 inveniri
1831 1257 2047 1320 possunt
2069 1249 2125 1300 in
2145 1263 2260 1316 pro-

685 1347 851 1400 vincia
879 1363 981 1416 qua
1003 1339 1215 1415 degunt,
1239 1354 1327 1398 aut
1369 1342 1505 1414 quod
1541 1342 1696 1396 vilius
1739 1339 2036 1410 comparari
2071 1345 2256 1407 potest.

685 1434 823 1489 Hinc
844 1435 1128 1490 Ferreolus
1157 1435 1232 1489 ait
1259 1449 1272 1487 :
1299 1433 1541 1488 Colorem
1568 1433 1732 1487 etiam
1770 1432 1821 1485 in
1849 1431 1932 1485 bis
1961 1427 2262 1492 album,vel

685 1526 846 1581 nimis
866 1525 1172 1597 t-ufum,‘per
1187 1543 1344 1597 quem
1357 1542 1499 1596 saipe
1515 1526 1723 1596 species
1735 1526 1981 1594 corporis
1997 1524 2063 1578 ad
2082 1521 2264 1593 perni-

687 1617 824 1672 ciem
854 1633 1007 1672 suam
1047 1619 1353 1674 videntibus
1388 1619 1813 1681 commendatur,
1847 1616 2003 1681 vitet,
2030 1616 2132 1669 hoc
2157 1621 2261 1677 est,

687 1708 888 1764 habere
914 1726 1018 1765 non
1049 1710 1270 1774 ambiat,
1316 1726 1384 1765 ne
1407 1709 1684 1779 iactantia:
1728 1725 1838 1762 sua:
1889 1721 2070 1762 secum
2101 1703 2266 1758 testi-

2350 607 2429 662 las
2459 607 2645 662 habere
2664 649 2677 673 ,
2718 618 2927 678 propter
2959 619 3133 664 noctes
3159 652 3173 675 ,
3211 625 3254 666 et
3290 624 3477 684 propter
3513 617 3645 676 lavare
3675 631 3752 692 ipsa:

2352 715 2432 752 res
2458 713 2476 750 :
2507 698 2621 768 jam
2660 699 2798 769 quod
2835 716 2991 765 supra
3025 699 3212 768 fuerit,
3248 705 3533 773 superﬂuum
3560 722 3753 774 τίμιαι-

2350 795 2524 863 putari
2564 794 2728 846 debet.
2769 792 2835 846 Et
2868 791 3098 862 pedules,
3124 803 3170 846 et
3198 795 3504 867 quodcunque
3526 812 3582 854 est
3603 815 3751 863 actutm

2354 884 2594 948 reddant,
2627 885 2751 936 dum
2809 884 3066 953 accipiunt
3104 900 3306 939 novum.
3359 886 3477 944 llinc
3504 889 3748 949 lsidomsait:

2356 973 2551 1029 Temis
2581 975 2795 1038 tunicis,
2824 986 2879 1028 et
2917 975 3058 1029 binis
3085 975 3276 1044 palliis,
3324 978 3601 1051 singulisque
3625 988 3751 1042 cumllis
3832 994 3833 1004 ‘

2357 1067 2594 1123 contenti
2645 1067 2754 1120 sint
2786 1066 3056 1130 monachi,
3091 1067 3222 1120 nihil
3255 1077 3433 1137 praeter
3475 1072 3566 1126 haec
3586 1074 3623 1126 in
3649 1076 3750 1130 habitu

2356 1157 2500 1212 aliud
2554 1168 2962 1226 pmstnnentes.
3045 1155 3182 1211 Hinc
3233 1165 3288 1211 et
3332 1167 3520 1215 sanctus
3551 1161 3752 1221 Frucunsns

2360 1248 2436 1303 ait
2465 1267 2477 1302 :
2513 1246 2841 1303 Vestimenta
2858 1264 2964 1304 non
2990 1246 3286 1309 multa,nec
3310 1251 3541 1321 superﬂua
3560 1253 3638 1308 sint
3652 1271 3752 1310 mona-
3834 1312 3835 1318 η

2359 1340 2495 1403 chis,
2523 1339 2730 1394 dual'us
2756 1346 2960 1392 tantum
2991 1338 3214 1393 cucullis
3239 1337 3438 1400 villatis,
3465 1349 3510 1394 et
3531 1341 3686 1412 simplici
3700 1361 3752 1398 nm

2359 1431 2590 1503 palliolo,
2650 1431 2925 1498 ternisque
2952 1429 3169 1491 tunicis,
3221 1438 3274 1483 et
3309 1431 3540 1486 stamiuiis
3561 1433 3752 1488 duabusa-

2357 1524 2552 1594 jusque
2579 1523 2920 1578 necessitatis
2945 1521 3280 1592 querimonia
3308 1523 3573 1578 sufﬁcientia
3597 1533 3666 1578 est.
3686 1525 3753 1579 llint

2364 1612 2647 1668 Ferreolus
2669 1614 2742 1667 ait
2777 1633 2788 1667 :
2844 1613 3180 1668 Vestimenta
3205 1613 3450 1681 superﬂua
3481 1615 3752 1669 mouacbusnoa

2365 1708 2624 1776 requirat,
2657 1707 2866 1760 dicente
2901 1705 3129 1760 Domino
3151 1705 3216 1759 ad
3245 1704 3534 1776 discipulos:
3559 1704 3754 1774 Nequitia

688 1801 928 1855 monium
960 1800 1116 1865 ierat,
1146 1809 1198 1855 et
1223 1801 1348 1855 dum
1369 1816 1565 1870 corpus
1588 1799 1715 1852 velit
1740 1798 2075 1854 vestimentis
2101 1809 2265 1850 orna-
2288 1863 2329 1870 _
2365 1797 2570 1852 tunicas
2601 1797 2854 1850 habeatis.
2908 1796 3056 1862 Quas
3091 1796 3222 1850 duas
3269 1795 3460 1850 tunicas
3502 1795 3754 1864 intelligente

689 1905 768 1956 re,
803 1891 868 1946 de
898 1891 1090 1946 anima:
1113 1891 1447 1946 ornamentis
1477 1906 1583 1945 non
1624 1897 1795 1944 curet.
1848 1886 1984 1942 Hinc
2024 1885 2261 1941 Isidorus
2288 1863 2336 1924 Β
2363 1889 2553 1944 bemus
2595 1902 2701 1943 non
2734 1901 2982 1951 numero,
3016 1887 3059 1941 si
3099 1893 3313 1956 propter
3347 1885 3544 1940 hiemem
3569 1885 3753 1939 necessarie

689 1984 766 2038 ait
794 2002 806 2036 :
840 1982 1074 2038 Munitus
1123 1985 1283 2040 debet
1313 1999 1431 2039 esse
1461 1984 1760 2038 monachus
1784 2023 1798 2047 ,
1840 1996 1947 2036 non
1978 1981 2258 2036 delicatus.

691 2072 841 2128 Sicut
870 2082 1048 2129 autem
1073 2089 1178 2128 non
1208 2084 1421 2145 oportet
1442 2074 1496 2128 in
1529 2075 1796 2129 monacho
1841 2088 1960 2127 esse
2010 2071 2264 2127 notabilis

689 2166 904 2220 habitus
930 2206 946 2230 ,
992 2168 1063 2221 ita
1095 2183 1194 2223 nee
1231 2169 1363 2222 satis
1392 2167 1651 2238 abjectus.
1676 2166 1805 2222 Nam
1835 2167 2071 2238 pretiosa
2099 2167 2265 2220 vestis

691 2256 930 2310 animum
961 2259 1026 2312 ad
1073 2256 1350 2311 lasciviam
1377 2259 1664 2328 pertrahit.
1700 2257 1873 2312 Nimis
1902 2258 2024 2312 vilis
2053 2265 2147 2313 aut
2174 2255 2266 2312 do-

689 2350 859 2404 lorem
902 2350 1080 2404 cordis
1121 2352 1290 2420 parit,
1329 2356 1420 2406 aut
1455 2352 1701 2406 morbum
1732 2367 1884 2406 vanae
1925 2351 2108 2421 glorire
2135 2365 2264 2407 con-

695 2444 880 2498 trahit.
920 2443 1057 2499 Hinc
1085 2443 1319 2499 Basilius
1348 2445 1425 2499 ait
1470 2465 1483 2499 :
1540 2444 1596 2500 Si
1626 2446 1768 2501 enim
1817 2445 2055 2501 studium
2108 2443 2265 2498 nobis

693 2534 998 2590 habendum
1055 2543 1139 2590 est
1184 2537 1422 2591 omnium
1461 2553 1582 2593 esse
1608 2539 1891 2602 minimos,
1923 2545 1979 2591 et
2022 2535 2265 2592 omnium

693 2641 793 2681 nos
823 2627 1174 2693 novissimos,
1208 2639 1416 2684 certum
1439 2638 1524 2685 est
1545 2631 1684 2700 quod
1710 2639 1764 2686 et
1794 2631 2123 2685 indumentis
2151 2644 2266 2683 om-

690 2715 836 2769 nium
865 2731 964 2770 nos
989 2719 1314 2772 novissimos
1341 2720 1601 2790 deputare
1635 2721 1916 2776 debemus.
1965 2719 2102 2773 Hinc.
2137 2717 2267 2774 Cas-

691 2805 876 2860 sianus
912 2807 1042 2861 dicit
1080 2826 1092 2860 :
1123 2807 1346 2877 Oportet
1395 2819 1454 2864 ut
1487 2811 1612 2866 talis
1664 2812 1733 2866 sit
1763 2811 1930 2866 vestis
1971 2810 2221 2865 monachi
2250 2850 2265 2874 ,

695 2911 814 2965 qua
836 2911 1034 2966 corpus
1055 2908 1362 2970 contegens,
1398 2909 1606 2955 tantum
1643 2903 2022 2957 verecundiam
2055 2901 2269 2956 nudita-

695 2987 763 3041 tis
787 2988 1048 3056 repellat,
1086 2997 1140 3043 et
1170 2987 1384 3059 frigoris
1417 2991 1668 3045 retundat
1696 2991 1975 3061 injuriam,
2014 3005 2120 3044 non
2148 3005 2268 3059 quae

697 3078 1033 3132 occasionem
1075 3079 1332 3133 vanitatis
1372 3081 1627 3134 enutriat.
1679 3080 1808 3147 Quae
1863 3082 1938 3136 ita
1993 3081 2064 3134 sit
2106 3080 2265 3145 vilis,

693 3176 753 3222 ut
779 3166 923 3222 nulla
948 3167 1144 3222 coloris
1185 3168 1269 3222 vel
1298 3170 1706 3239 compositionis
1733 3171 1971 3225 novitate
1999 3170 2141 3224 inter
2162 3183 2266 3223 cre-

692 3267 836 3314 teros
866 3258 1059 3314 fratres
1088 3259 1355 3329 spiritales
1383 3261 1648 3316 habeatur
1702 3263 1928 3333 inSignis
1949 3303 1962 3325 ,
1993 3271 2048 3317 et
2085 3262 2158 3316 ita
2193 3261 2266 3315 sit

692 3365 722 3404 a
750 3351 1006 3406 studiosis
1043 3350 1330 3421 superﬂuis
1359 3353 1796 3408 accurationibus
1826 3353 2024 3417 aliena,
2059 3361 2119 3406 ut
2139 3350 2262 3406 nul-

690 3440 756 3498 lis
788 3443 978 3497 iterum
1021 3459 1117 3513 per
1146 3445 1410 3499 incuriam
1441 3444 1681 3502 collectis
1726 3455 1820 3500 aut
1851 3445 2041 3501 fecatis
2083 3461 2112 3500 a
2151 3461 2270 3500 sor-

692 3535 850 3590 dibus
894 3535 967 3590 sit
1014 3536 1292 3591 deformis.
1357 3537 1637 3593 Postremo
1686 3538 1765 3594 sic
1816 3538 1930 3608 ipsa
1983 3537 2150 3593 vestis
2198 3537 2267 3592 ab

692 3625 852 3694 hujus
882 3626 1065 3679 mundi
1093 3636 1373 3695 separetur
1398 3640 1614 3694 ornatu,
1645 3637 1703 3682 ut
1731 3631 1784 3683 in
1809 3630 1954 3684 omni
1978 3644 2266 3684 servorum

693 3716 786 3771 Det
817 3717 961 3771 cultu
991 3719 1293 3773 communis
1341 3719 1428 3774 sit.
1471 3718 1604 3774 Nam
1643 3721 1902 3791 quidquid
1933 3722 2073 3776 inter
2097 3720 2270 3776 famu-

694 3806 773 3861 los
817 3795 908 3861 Dei
950 3822 1055 3862 non
1097 3807 1165 3862 ab
1199 3809 1450 3864 omnibus
1500 3817 1754 3872 tenetur,
1803 3813 1896 3867 sed
1933 3813 2002 3866 ab
2048 3827 2156 3868 uno
2184 3811 2267 3868 vel

692 3913 721 3952 a
759 3897 944 3968 paucis
974 3898 1348 3968 praesumitur,
1406 3908 1497 3953 aut
1553 3899 1878 3969 superﬂuum
1929 3906 2023 3953 aut
2065 3900 2267 3956 elatum

691 3997 804 4049 est,
848 3997 903 4044 et
939 3996 1160 4058 propter
1196 3989 1298 4044 hoc
1335 3991 1552 4044 noxium
1587 3988 1938 4058 iudicandum
1969 3998 2074 4055 est,
2115 3991 2260 4060 quod

691 4079 864 4148 magis
899 4093 1003 4133 non
1044 4078 1259 4132 virtutis
1296 4081 1552 4149 speciem,
1594 4080 1685 4134 sed
1702 4079 1958 4134 vanitatis
1994 4080 2264 4135 ostendat.

760 4168 932 4222 Abbas
958 4178 1132 4222 autem
1155 4168 1218 4222 de
1233 4185 1474 4223 mensura
1489 4169 1777 4239 provideat,
1797 4180 1854 4222 ut
1869 4185 1971 4223 non
1993 4169 2096 4222 sint
2117 4179 2269 4224 curta

690 4259 803 4329 ipsa
827 4260 1148 4324 vestimenta,
1178 4259 1435 4313 utentibus
1451 4261 1544 4325 eis,
1567 4259 1654 4314 sed
1691 4271 2012 4315 mensurata.
2047 4261 2103 4315 Si
2124 4263 2268 4316 enim

692 4348 892 4404 fuerint
915 4352 1233 4404 vestimenta
1272 4359 1458 4416 curta,
1496 4360 1652 4422 erunt
1678 4351 2002 4415 ridiculosa;
2036 4352 2082 4406 si
2111 4352 2270 4408 nimis

691 4440 867 4510 longa,
895 4451 1053 4497 erunt
1072 4443 1348 4497 damnosa.
1374 4442 1506 4497 Nam
1530 4443 1668 4498 sicut
1686 4443 1751 4496 de
1765 4443 2089 4498 vestimento
2115 4451 2271 4499 curto

2365 1995 2483 2034 esse
2517 1979 2782 2044 videntur,
2822 1980 2915 2053 sed
2942 1994 3106 2048 supra
3139 1991 3292 2032 usum
3319 1977 3359 2030 si
3382 1983 3613 2031 reservata
3637 1973 3752 2034 luerim,

2362 2069 2683 2139 computari.
2731 2067 2906 2138 Super
2920 2083 3052 2138 ergo
3081 2065 3126 2121 si
3150 2067 3277 2135 quid
3309 2063 3471 2127 fuerit,
3493 2062 3754 2134 putabiturdie

2364 2177 2512 2216 num.
2572 2161 2706 2214 Dum
2732 2159 2990 2228 quidquid
3018 2171 3293 2228 possessor
3320 2171 3490 2210 avarus
3521 2153 3754 2212 includitur-

2364 2253 2445 2323 gis
2467 2253 2773 2306 utiturarea
2796 2265 2960 2320 quam
2973 2249 3242 2304 dominus.
3281 2247 3422 2315 Quod
3445 2256 3494 2300 ut
3510 2245 3753 2299 viteturnui-

2365 2361 2486 2402 mus
2510 2345 2662 2400 nobis
2684 2345 2874 2398 beatus
2901 2340 3182 2412 apostolus
3212 2340 3360 2395 testis
3379 2337 3569 2408 assurgit
3583 2337 3643 2406 qui
3660 2336 3753 2389 dicit:

2368 2437 2632 2491 Habentes
2652 2437 2841 2490 victum
2870 2443 2918 2488 et
2943 2434 3187 2487 vestitum
3207 2431 3286 2485 his
3313 2431 3508 2485 contenti
3526 2430 3652 2483 sinu.
3685 2425 3756 2479 .l'a

2364 2530 2453 2600 qui
2478 2530 2657 2582 volunt
2689 2527 2871 2580 divites
2902 2525 3022 2594 ﬁeri
3048 2523 3281 2578 incidunt
3309 2524 3360 2576 in
3389 2523 3655 2583 tentationm,
3673 2517 3758 2569 etla-

2364 2636 2551 2692 queum
2579 2617 2797 2684 diaboli,
2843 2628 2891 2670 et
2918 2616 3182 2670 desideria
3229 2614 3407 2676 multa,
3433 2623 3474 2667 et
3494 2611 3650 2672 inutilia,
3668 2619 3759 2661 ttu-

2366 2713 2496 2774 civa,
2526 2727 2642 2780 qur.
2661 2717 2902 2780 mergunt
2935 2709 3174 2762 homines
3215 2708 3269 2760 in
3311 2705 3532 2760 interitum
3551 2711 3582 2754 et
3609 2696 3763 2769 perditio-

2367 2819 2482 2857 nem
2510 2801 2561 2873 (I
2583 2801 2715 2855 Tim.
2741 2800 2816 2871 vr)

2437 2893 2739 2947 Femoralia
2760 2893 2812 2946 hi
2833 2893 2922 2964 qui
2945 2893 3001 2946 in
3033 2893 3116 2948 via
3141 2892 3427 2962 diriguntur
3440 2888 3492 2942 de
3507 2880 3668 2940 vestiario
3685 2876 3762 2929 aui-

2365 2987 2533 3058 piant,
2559 3002 2676 3056 quae
2699 2996 3005 3039 revertentes
3037 2985 3146 3038 lota
3171 2985 3241 3038 ibi
3269 2983 3524 3037 restituant.
3565 2974 3610 3028 Et
3637 2968 3760 3025 milia

2367 3087 2415 3131 et
2443 3077 2633 3130 tunica:
2654 3077 2754 3131 sint
2787 3075 3062 3147 aliquanto
3086 3078 3150 3130 iis
3173 3091 3300 3146 quas
3327 3073 3489 3125 [rabere
3505 3067 3608 3122 soliti
3632 3065 3761 3116 sintut-

2369 3171 2543 3234 liores,
2573 3187 2702 3241 quas
2730 3180 2973 3225 exeuntes
3000 3173 3058 3225 in
3083 3171 3217 3224 riam
3238 3169 3469 3238 accipiant
3490 3165 3539 3218 de
3561 3158 3761 3216 vestierint!

2371 3273 2676 3318 revertentes
2699 3261 2834 3316 lotas
2853 3262 2925 3315 ibi
2952 3263 3252 3315 restituant.
3295 3254 3594 3312 Femoralium
3611 3243 3760 3342 ususat'r

2368 3371 2528 3426 quam
2549 3363 2631 3408 est
2651 3352 3065 3424 permittendus.
3121 3352 3343 3406 maxime
3385 3348 3456 3402 his
3497 3343 3565 3413 qui
3587 3339 3760 3432 ministerio

2369 3446 2711 3516 implicantur
2754 3443 2960 3498 altaris.
3016 3442 3125 3498 Sed
3153 3453 3208 3498 et
3227 3444 3325 3496 hoc
3361 3438 3400 3494 si
3426 3434 3596 3491 studere
3611 3427 3754 3482 noluerit.

2367 3534 2840 3607 reprehendendus
2863 3547 2971 3587 non
2999 3534 3130 3599 erit,
3187 3546 3306 3587 cum
3346 3517 3473 3585 nunc
3495 3534 3620 3591 usque
3649 3519 3760 3607 consiti

2366 3603 2623 3698 pleraque
2652 3628 2795 3682 hunc
2825 3639 2981 3680 usum
3016 3623 3341 3680 monaStcria
3371 3620 3510 3676 etiam
3538 3615 3578 3668 in
3599 3609 3654 3664 his
3672 3603 3761 3698 rrtlr

2367 3695 2676 3776 nibuswnon
2725 3717 2943 3770 habere.
3001 3715 3160 3782 Quod
3208 3727 3331 3769 vero
3375 3706 3562 3766 dicitde
3589 3695 3763 3793 accisa

2370 3810 2584 3874 tunicis,
2633 3809 2741 3863 sint
2767 3807 3044 3876 aliquanto
3071 3821 3170 3878 pro
3195 3807 3277 3860 via
3329 3801 3546 3858 meliores
3567 3805 3672 3863 quam
3689 3783 3763 3880 “ﬁll

2368 3910 2492 3955 sunt
2516 3873 2734 3963 habere,
2790 3873 2982 3954 iniillis
3007 3873 3096 3956 est
3136 3895 3432 3967 regionibus
3463 3883 3691 3944 faciendum.
3717 3873 3761 3926 ali

2368 3991 2596 4046 multum
2618 3990 2815 4044 vilibus
2837 3989 2981 4044 soliti
3010 3998 3139 4043 sunt
3169 3989 3244 4042 uti
3272 3980 3574 4041 vestimentis.
3613 3970 3761 4068 [itineri

2369 4081 2592 4136 meliora
2641 4087 2767 4133 sunt
2808 4080 3154 4144 vestimenta,
3208 4093 3309 4132 non
3337 4081 3444 4129 sunt
3475 4059 3760 4144 propteritinett

2369 4171 2770 4228 commutanda.
2838 4140 3149 4224 Femoralia
3171 4168 3311 4224 enim
3339 4171 3454 4221 sunt
3490 4140 3764 4246 dictum:d

2371 4263 2576 4320 femora
2609 4271 2816 4334 tegunt,
2851 4262 2962 4332 ipsa
2991 4270 3046 4317 et
3071 4261 3355 4322 feminalia,
3387 4257 3485 4326 ipsa
3524 4233 3767 4340 omnem?

2371 4359 2562 4414 cimus.
2600 4357 2724 4412 Ideo
2747 4356 3132 4424 braccas,quia
3153 4362 3277 4410 sunt
3301 4353 3490 4407 breves.
3523 4337 3766 4397 Brachia!!!in

2373 4449 2559 4506 Grtece
2601 4448 2768 4503 breve
2794 4447 3015 4501 dicitur.

692 4542 980 4602 genrentur
1022 4533 1327 4598 ridiculum,
1379 4534 1458 4588 sic
1499 4542 1554 4587 et
1579 4533 1646 4587 de
1689 4534 1849 4588 nimis
1898 4535 2058 4604 longo
2106 4535 2268 4604 panni
2297 4564 2348 4625 D
2447 4536 2749 4594 Stramenta
2779 4547 2952 4591 autem
2976 4535 3224 4591 lectorum
3240 4523 3766 4625 suﬁcient,matta,:till‘v

693 4623 968 4676 damnum.
1002 4621 1141 4693 Ergo
1167 4638 1234 4678 ne
1258 4623 1359 4678 ista
1384 4623 1724 4694 proveniant,
1758 4623 1890 4678 ﬂant
1915 4624 2096 4679 omnia
2121 4641 2268 4680 men-

693 4723 899 4769 surata.

762 4807 1083 4878 Accipientes
1106 4818 1440 4872 nova,vetera
1463 4826 1662 4880 semper
1677 4809 1896 4865 reddant
1923 4811 1978 4865 in
1998 4813 2264 4881 pra’senti,

691 4901 986 4971 reponenda
1021 4902 1074 4954 in
1101 4902 1339 4955 vestiario
1366 4912 1575 4972 propter
1607 4920 1876 4975 pauperes.
1910 4904 2045 4959 Hinc
2074 4905 2266 4960 beatus

693 4991 1024 5047 Fructuosus
1049 4992 1156 5046 ait:
1182 4992 1448 5062 Quidquid
1479 4995 1530 5048 in
1553 4995 1910 5059 vestimentis,
1934 4994 2266 5050 calceamen-

693 5082 763 5138 tis
784 5083 864 5136 vel
899 5085 1183 5139 lecticariis
1214 5087 1595 5142 monachorum
1621 5095 1887 5143 vetustum
1916 5086 2108 5152 fuerit,
2135 5087 2264 5144 dum

692 5189 829 5228 nova
860 5176 1180 5246 percipiunt,
1218 5185 1386 5231 totum
1418 5177 1484 5231 ab
1511 5177 1703 5232 abbate
1724 5178 2049 5248 pauperibus
2073 5193 2263 5250 eroge-

693 5271 803 5318 tur.
858 5264 988 5318 Hinc.
1019 5274 1073 5319 et
1095 5264 1415 5322 Aurelianus
1459 5267 1588 5321 dicit
1624 5285 1636 5320 :
1668 5266 1723 5320 Si
1754 5265 1882 5335 quid
1918 5282 2047 5322 vero
2073 5283 2261 5330 super-

693 5353 856 5410 fuerit
876 5371 940 5411 ex
974 5356 1158 5412 usibus
1193 5357 1415 5412 fratrum
1447 5358 1499 5411 in
1523 5372 1676 5422 auro,
1706 5369 1798 5410 aut
1822 5357 1874 5412 in
1889 5360 2150 5424 vestibus,
2177 5358 2262 5414 vel

692 5446 991 5510 cellerario,
1027 5458 1246 5504 sanctus
1273 5449 1437 5504 abbas
1476 5463 1573 5518 per
1606 5463 1798 5502 manus
1828 5450 2142 5518 provisoris,
2171 5457 2263 5505 aut

692 5554 790 5611 per
803 5542 1094 5610 quamlibet
1122 5558 1399 5612 personam
1431 5542 1638 5597 fidelem
1661 5544 2002 5613 pauperibus,
2027 5545 2265 5615 peregri-

630 5692 642 5713 .
695 5635 779 5689 nis
815 5637 1154 5705 antcaplivis
1187 5636 1346 5692 faciat
1373 5636 1691 5706 dispensari.
1751 5636 2081 5692 Vestimenta
2134 5653 2263 5694 vero

693 5735 896 5790 vetera,
924 5741 1043 5780 cum
1081 5742 1214 5782 nova
1242 5729 1537 5799 accipiunt,
1570 5728 1753 5784 abbati
1795 5728 2098 5798 refundant,
2125 5730 2262 5786 inci-

693 5815 966 5894 pientibus
993 5826 1085 5873 aut
1109 5821 1430 5892 pauperibus
1453 5821 1726 5891 eroganda

2369 4635 2487 4690 lena
2513 4640 2558 4684 et
2582 4627 2820 4696 capitale.
2863 4627 3062 4699 Sagum
3085 4627 3340 4684 Gallicum
3362 4633 3530 4679 nomen
3552 4621 3627 4668 est.
3648 4606 3766 4705 Dicit:

2366 4732 2546 4780 autem
2577 4735 2763 4790 sagum
2807 4721 3092 4788 quadrum,
3147 4734 3213 4774 eo
3235 4717 3369 4788 quod
3414 4707 3533 4780 apud
3554 4699 3766 4790 eosprimrtt

2366 4777 2689 4886 quadratum
2713 4809 2796 4863 vel
2826 4777 3177 4879 uquadriplum
3214 4777 3367 4863 esset.
3428 4777 3521 4856 llos
3540 4801 3666 4849 autem

2367 4873 2465 4981 per
2515 4903 2928 4960 diminutionem
2959 4916 2988 4955 a
3021 4917 3170 4971 sago,
3194 4898 3432 4972 sagellum
3463 4890 3651 4947 dicimus.
3691 4873 3765 4981 If,“

2369 4959 2499 5052 ζετο
2533 4994 2740 5066 species
2753 4992 2924 5046 vestis
2950 4959 3149 5046 villosa!
3169 4959 3426 5059 estvquam
3449 4995 3532 5037 nos
3547 4982 3677 5043 C0931“
3697 4959 3766 5066 [ἦ

2369 5053 2577 5155 ιοχεωῙ
2633 5082 2883 5144 dicimus,
2927 5081 3018 5136 alii
3069 5094 3199 5134 vero
3243 5053 3498 5149 galnapem
3523 5053 3765 5163 eam

2369 5152 2606 5249 Capimle
2638 5186 2815 5231 autem
2840 5175 2988 5240 dicit,
3020 5175 3160 5245 quod
3187 5188 3282 5228 nos
3312 5162 3587 5242 plumacium
3619 5152 3765 5249 dicimusl

2369 5225 2581 5330 Derhae
2609 5269 2870 5324 sententia
2922 5275 2976 5321 et
3015 5225 3248 5322 Isidorus
3297 5225 3440 5318 dicit:
3471 5249 3698 5323 Speciosam
3725 5225 3766 5281 *ἀ

2369 5364 2573 5418 variam
2605 5359 2991 5431 supellectilem
3015 5357 3273 5414 monacho
3299 5352 3474 5408 habere
3498 5358 3581 5400 non
3599 5336 3766 5431 Ιίαςιὲςῖ

2356 5417 2453 5524 js
2469 5417 2685 5509 sti-atus
2697 5449 2802 5503 erit
2825 5458 3022 5511 storea.
3037 5455 3091 5502 et
3117 5443 3414 5516 stragulum,
3427 5435 3640 5530 pellesqut

2365 5512 2504 5611 dum,
2548 5547 2790 5616 galnapis
2821 5559 3053 5616 quoque,
3084 5552 3136 5599 et
3177 5512 3506 5609 facitergium,
3537 5512 3767 5596 gettlilmilllle

2365 5639 2431 5693 ad
2464 5648 2627 5707 caput
2649 5637 2916 5707 pulvilius.

2437 5729 2568 5796 Qua:
2599 5740 2772 5782 tamen
2816 5729 2948 5783 lecta
2987 5729 3280 5802 frequenter
3305 5724 3364 5776 ab
3392 5716 3548 5772 abbate

2361 5832 2503 5891 sunt,
2532 5832 2743 5896 propter
2775 5837 2903 5894 opus
2931 5821 3211 5894 peculiare,
3239 5832 3300 5882 ne
3319 5808 3583 5870 inveniatur.

3587 5681 3767 5758 πηιιώ

3612 5788 3662 5848 Et
3677 5771 3766 5836 sitll
