3994 6462
153 424 268 482 897

1191 417 1545 476 ΟΟΜΜΕΝΤ.
1583 417 1653 475 IN
1694 419 1856 480 REG.
1899 421 1964 486 δ.
2002 424 2376 483 BENEDICTI.

3313 434 3420 494 898

152 527 454 598 inventum
473 539 631 608 fuerit
651 540 791 610 quod
825 539 888 592 ab
918 538 1103 592 abbate
1160 553 1261 590 non
1308 537 1582 605 acceperit,
1614 553 1738 606 gra-
1767 541 1819 602 Α
1843 551 2045 610 putans
2069 553 2297 614 arrepta:
2326 542 2586 599 nu'litatis
2619 544 2870 600 virtutem
2917 561 3090 617 usque
3132 549 3413 620 perducat.

152 631 396 688 stissimo?
433 631 723 701 disciplina:
751 631 1042 700 subjaceat.
1087 628 1150 681 Et
1181 639 1234 681 ut
1257 629 1354 681 hoc
1376 629 1558 681 vitium
1587 645 1740 698 pecu-

155 721 300 779 liare
314 723 568 777 radicitus
591 731 909 792 amputetur,
926 721 1115 775 dentur
1137 720 1200 774 ab
1223 720 1408 773 abbate
1433 721 1606 773 omnia
1623 737 1741 790 quc

154 826 289 871 sunt
329 815 622 869 necessaria
645 827 664 864 :
688 813 742 866 id
764 823 859 875 est,
884 813 1110 876 cucullo,
1159 812 1357 875 tunica,
1400 809 1628 881 pedules,
1659 827 1743 864 ca-

153 908 306 979 ligis,
339 905 554 969 bracile,
576 903 837 969 cultellus,
863 903 1161 974 graphium,
1195 919 1340 966 acus,
1369 900 1630 971 mappula,
1660 911 1743 954 ta-

156 1000 321 1063 bulce,
348 1009 405 1053 ut
433 999 600 1054 omnis
632 998 908 1068 auferatur
937 997 1256 1051 necessitatis
1279 995 1570 1049 excusatio.
1604 993 1741 1048 Hinc

152 1101 214 1147 et
244 1092 438 1147 beatus
483 1090 812 1146 Fructuosus
836 1090 964 1144 dicit
991 1107 1004 1141 :
1040 1088 1258 1144 Lectula
1287 1087 1618 1158 singulorum
1648 1086 1742 1138 ab-

154 1183 261 1240 bas
294 1184 375 1239 vel
403 1184 728 1255 praepositus
757 1183 840 1239 bis
869 1183 922 1237 in
953 1180 1289 1237 hebilomada
1321 1179 1740 1248 revolvatatque

154 1281 552 1346 perscrutetur,
586 1282 643 1327 ut
677 1273 894 1328 videant
943 1288 1010 1326 ne
1045 1273 1168 1340 quis
1186 1269 1514 1340 superﬂuum
1537 1269 1740 1338 aliquid

155 1367 273 1422 illic
293 1365 377 1421 vel
395 1364 666 1419 occultum
695 1364 910 1419 habeat.
977 1361 1193 1416 Subula:
1219 1377 1368 1424 sane,
1399 1376 1526 1415 acus
1555 1375 1618 1414 ac
1651 1359 1740 1413 fila

154 1457 374 1513 diversa
402 1472 502 1527 pro
515 1455 840 1511 consuenzlis
860 1455 1317 1523 emen=lan.lisque
1342 1453 1586 1506 vestibus
1607 1452 1740 1521 ipsis

155 1546 444 1604 tribuenda
464 1554 590 1601 sunt
603 1546 672 1601 ab
692 1545 907 1608 abbate,
922 1555 977 1599 et
999 1560 1120 1598 cum
1159 1543 1454 1598 necessitas
1484 1556 1739 1611 poposce-

157 1640 254 1706 rit,
302 1639 514 1693 lavandi
567 1647 730 1707 atque
775 1636 1094 1692 emendandi
1145 1633 1380 1689 habeant
1406 1633 1734 1686 facultatem.

154 1727 298 1786 Hinc
321 1736 374 1784 et
400 1736 619 1783 sanctus
642 1727 966 1782 Pachomius
991 1726 1100 1780 ait:
1125 1724 1294 1778 Nemo
1324 1722 1519 1778 habeat
1545 1730 1740 1792 praeter

151 1833 224 1876 ea
244 1835 364 1891 qua:
386 1820 438 1874 in
464 1835 750 1875 commune
776 1817 1086 1873 monasterii
1117 1815 1232 1887 lege
1283 1822 1548 1885 przecepta
1575 1821 1734 1877 sunt;

155 1927 267 1969 non
293 1913 549 1977 tunicam,
567 1928 672 1968 non
686 1911 928 1981 pallium,
946 1925 1052 1964 nou
1070 1908 1286 1980 pellem,
1302 1922 1408 1960 non
1434 1920 1734 1969 nummum,
1766 1895 1814 1954 B

156 2018 262 2060 nec
287 2005 354 2059 ad
367 2015 528 2075 caput
558 2005 857 2074 pulvillum,
875 2003 1116 2074 exceptis
1143 2001 1229 2056 his
1253 2015 1372 2070 qua:
1390 2013 1421 2053 a
1445 1998 1608 2054 Patre
1623 2011 1737 2052 mo-

157 2097 384 2152 nasterii
410 2112 508 2166 per
525 2097 847 2167 praepositos
869 2095 1202 2150 dividuntur.

233 2193 272 2246 Α
292 2207 392 2262 quo
420 2202 594 2244 tamen
615 2189 801 2243 abbate
821 2204 1022 2257 semper
1045 2185 1403 2241 consideretur
1422 2182 1513 2237 illa
1536 2191 1741 2237 senten-

157 2281 237 2333 tia
263 2282 487 2334 .-lctuum
515 2278 873 2349 apostolorum
899 2295 913 2332 :
943 2278 1067 2347 quia
1095 2277 1325 2330 dabatur
1350 2272 1588 2344 singulis,
1615 2289 1740 2343 pro-

155 2381 215 2426 ut
239 2373 424 2444 cuique
457 2389 587 2441 opus
619 2380 752 2425 erat.
793 2368 882 2424 Ita
926 2385 1048 2440 ergo
1075 2378 1122 2422 et
1148 2366 1306 2420 abbas
1339 2364 1625 2418 consideret
1657 2365 1742 2418 in-

153 2465 460 2534 ﬁmitatem
489 2465 858 2534 indigentium,
903 2480 1007 2516 non
1034 2462 1229 2515 malum
1271 2460 1584 2514 volunratem
1609 2457 1742 2512 invi-

153 2557 414 2611 dentium.
449 2555 514 2609 ln
543 2555 780 2610 omnibus
810 2565 983 2609 tamen
999 2555 1219 2624 jadiciis
1249 2553 1359 2608 suis
1386 2553 1484 2607 Dei
1514 2553 1738 2606 retribu-

159 2648 355 2701 tionem
383 2647 590 2717 cogitet.
648 2645 786 2701 llinc
813 2645 1048 2701 Isidorus
1076 2645 1187 2698 ait:
1264 2643 1592 2698 Vestimenta
1632 2658 1739 2698 non

156 2749 319 2798 erunt
348 2741 630 2811 mqualiter
657 2740 1032 2794 distribuenda
1089 2739 1143 2793 in
1172 2738 1446 2802 omnibus,
1491 2737 1584 2791 sed
1614 2752 1737 2792 cum

157 2834 504 2896 discretione,
534 2841 596 2886 ut
638 2832 1008 2902 cujuscunque
1050 2841 1202 2897 tetas,
1241 2832 1546 2902 gradusque
1574 2845 1738 2900 expo-

158 2923 336 2980 stulat.
398 2923 477 2978 Ita
505 2923 648 2977 enim
675 2933 724 2977 et
757 2922 1028 2992 apostolos
1065 2922 1256 2978 fecisse
1299 2921 1547 2992 legimus,
1598 2921 1738 2976 sicut

159 3016 418 3084 scriptum
445 3024 531 3070 est
560 3032 573 3066 :
613 3013 782 3068 Erant
804 3013 908 3068 illis
933 3016 1110 3068 omnia
1132 3013 1449 3076 communia,
1479 3021 1526 3067 et
1563 3013 1739 3066 distri-

161 3105 414 3160 buebatur
441 3105 718 3176 unicuique
738 3113 893 3174 prout
927 3120 1056 3174 opus
1077 3113 1188 3156 erat
1221 3104 1358 3175 (Act.
1387 3102 1482 3172 tv).
1531 3101 1735 3158 Uuids-

160 3193 421 3266 cujusque
457 3204 636 3251 autem
669 3194 851 3251 fratris
864 3194 1297 3266 supplementum
1322 3193 1409 3247 vel
1439 3194 1733 3266 indigentia

158 3255 499 3357 inspiciatur,
530 3295 588 3340 ut
619 3289 712 3357 qui
758 3255 983 3342 habent.
1001 3286 1241 3342 contenti
1270 3285 1396 3352 sint,
1428 3296 1484 3341 et
1507 3255 1599 3356 qui
1627 3301 1734 3341 non
1764 3255 1808 3317 C

158 3378 360 3438 habent
379 3379 666 3450 accipiant.

226 3460 243 3472 '
747 3471 974 3528 CAPUT
1011 3468 1144 3526 LVI.

681 3565 762 3620 De
781 3583 960 3620 mensa
983 3565 1205 3619 abbatis.

237 3659 417 3716 Mensa
457 3659 657 3713 abbatis
716 3675 835 3711 cum
888 3656 1175 3728 hospitibus
1230 3665 1279 3711 et
1333 3657 1620 3727 peregrinis
1662 3657 1736 3711 sit

160 3769 378 3823 semper.
412 3749 624 3816 Quoties
650 3762 824 3803 tamen
848 3749 1020 3802 minus
1043 3757 1161 3802 sunt
1189 3748 1436 3818 hospites,
1464 3764 1592 3818 quos
1624 3748 1734 3802 vult

159 3844 227 3898 de
249 3843 499 3914 fratribus
529 3857 713 3896 vocare
751 3843 806 3896 in
831 3843 994 3912 ipsius
1025 3843 1092 3896 sit
1139 3852 1412 3912 potestate.
1449 3840 1730 3896 Seniorum

160 3941 335 3986 autem
357 3948 542 3995 unum,
572 3941 662 3984 aut
685 3930 840 3995 duos,
879 3948 1080 4002 semper
1131 3949 1249 3985 cum
1285 3932 1540 4001 fratribus
1565 3932 1740 3987 dimit-

159 4025 343 4079 tendos
369 4033 632 4095 procuret,
663 4033 875 4092 propter
891 4023 1240 4092 disciplinam.
1279 4023 1412 4078 Hinc
1438 4036 1623 4093 patres
1645 4041 1742 4079 an-

161 4117 295 4186 tiqui
318 4115 602 4170 dixerunt:
638 4113 752 4167 Non
782 4113 964 4168 licebit
988 4115 1274 4183 peregrino
1295 4115 1449 4168 fratri
1479 4131 1602 4168 cum
1635 4113 1742 4168 fra-

161 4209 337 4263 tribus
391 4206 738 4271 manducare,
785 4205 885 4259 nisi
933 4220 1057 4259 cum
1092 4220 1158 4260 eo
1187 4205 1278 4274 qui
1318 4215 1512 4274 praeest
1558 4205 1738 4271 Patre,

162 4308 226 4355 ut
260 4298 429 4370 possit
453 4296 730 4353 aedificari.
785 4295 1010 4363 Quando
1041 4305 1219 4351 tamen
1271 4294 1743 4367 diluet-iuthospi-

165 4400 266 4456 tes,
319 4405 442 4444 cum
483 4387 680 4459 quibus
735 4387 848 4442 vult
897 4386 964 4442 de
1004 4388 1259 4442 fratribus
1309 4388 1472 4441 abbas
1517 4388 1744 4442 mandu-

161 4490 268 4539 cet.
319 4480 574 4537 Seniores
616 4489 795 4535 tamen
823 4496 922 4551 pro
948 4481 1186 4535 custodia
1219 4495 1338 4534 cum
1380 4479 1637 4537 fratribus
1669 4482 1744 4536 di-

163 4574 360 4630 mittet.

736 4643 964 4701 CAPUT
1003 4643 1156 4699 LVII.

577 4736 657 4791 De
677 4735 967 4804 artiﬁcibus
995 4735 1320 4792 monasterii.

235 4850 473 4920 Artiﬁces
494 4849 539 4904 si
566 4858 686 4902 sunt
709 4848 765 4901 in
810 4848 1148 4911 monasterio,
1181 4864 1298 4901 cum
1337 4848 1481 4902 omni
1524 4848 1737 4903 humili-

161 4950 268 4999 tate
292 4951 338 4996 et
371 4940 650 4994 reveremia
678 4937 876 5007 faciant
898 4939 1036 5010 ipsas
1058 4949 1219 5003 artes,
1249 4940 1294 4993 si
1320 4949 1493 4994 tamen
1515 4939 1738 5010 jusserit

163 5033 344 5090 abbas.
395 5032 549 5099 Quod
578 5033 622 5086 si
651 5031 840 5103 aliquis
897 5048 959 5085 ex
997 5032 1069 5086 eis
1093 5030 1361 5085 extollitur
1399 5049 1490 5102 pro
1516 5034 1767 5087 scientia'

163 5126 292 5180 artis
317 5141 449 5187 sum,
486 5140 544 5177 eo
574 5123 712 5193 quod
760 5122 996 5176 ridentur
1021 5122 1222 5193 aliquid
1268 5122 1505 5190 conferre
1556 5141 1740 5177 mona-

162 5216 341 5277 sterio,
373 5214 456 5267 hic
482 5212 603 5267 talis
654 5212 908 5267 avellatur
941 5212 1005 5265 ab
1040 5213 1154 5284 ipsa
1195 5221 1326 5274 arte,
1369 5223 1416 5265 et
1457 5212 1627 5267 denuo
1650 5229 1743 5283 per

162 5323 279 5361 eam
321 5322 422 5359 non
447 5315 695 5366 transeat,
727 5305 826 5357 nisi
848 5303 982 5373 forte
1002 5303 1276 5358 humiliato
1301 5305 1346 5356 ei
1370 5304 1557 5356 iterum
1583 5305 1741 5358 abbas

155 5397 363 5468 iubeat.
445 5385 584 5452 Hinc
629 5397 920 5452 Cassianus
973 5395 1096 5450 ait:
1164 5396 1221 5450 Si
1267 5397 1387 5466 quis
1440 5405 1621 5450 autem
1678 5399 1744 5453 de

165 5505 330 5562 opere
352 5506 413 5546 ac
428 5492 621 5546 sudore
642 5490 860 5562 proprio
874 5490 995 5560 plus
1008 5489 1075 5543 ab
1089 5489 1211 5544 aliis
1243 5489 1483 5545 redditus
1503 5489 1746 5545 conferat

164 5583 518 5648 monasterio,
544 5584 599 5640 in
628 5582 772 5638 nullo
801 5581 1036 5647 inﬂetur,
1061 5597 1160 5638 nec
1185 5582 1284 5638 sibi
1315 5582 1380 5637 de
1407 5591 1553 5637 tanto
1568 5583 1747 5653 operis

167 5678 252 5734 sui
312 5677 578 5749 acquisilo
625 5676 950 5740 blandiatur,
973 5693 1072 5734 nec
1096 5677 1325 5746 amplius
1357 5677 1458 5732 sibi
1493 5686 1586 5732 aut
1607 5676 1744 5731 deli-

167 5769 344 5824 catius
374 5767 574 5838 aliquid
604 5767 758 5823 solita
781 5767 1080 5838 quotidiani
1117 5767 1292 5822 victus
1321 5768 1581 5837 parcitate
1606 5782 1744 5836 prte-
1776 5802 1796 5819 μ

168 5867 368 5927 sumat,
411 5859 506 5920 sed
536 5869 790 5932 tanquam
815 5861 1162 5933 peregrinum
1212 5876 1270 5916 se
1329 5860 1744 5932 bujusmodire—

1764 4617 1820 4676 1)

1842 628 1996 695 Quod
2025 643 2201 688 autem
2241 633 2369 688 dicit
2401 649 2415 686 :
2459 632 2559 686 Hic
2583 634 2705 690 talis
2751 635 3002 690 evellatur
3031 637 3094 690 ab
3121 638 3236 707 ipsa
3278 649 3414 708 arte,

1842 721 2178 795 intelligitur,
2220 726 2575 795 suspendatur
2622 729 2689 782 ab
2738 727 2877 798 ipso,
2930 730 3016 784 cui
3046 729 3415 796 incumbebat,

1840 816 2116 883 Operando
2161 817 2294 871 artis
2343 816 2560 882 officio;
2614 834 2715 873 nec
2748 819 2975 890 amplius
3027 828 3270 876 transeat
3321 837 3417 892 per

1841 919 1987 970 eum,
2042 909 2226 972 idest,
2265 925 2370 964 non
2419 919 2691 979 operetur,
2730 912 2831 965 nisi
2887 912 3198 968 humiliatus
3255 911 3418 966 fuerit

1841 997 2038 1053 denuo.
2080 1000 2302 1071 Erigere
2326 1001 2470 1056 enim
2499 1010 2658 1072 atque
2710 1004 3036 1073 suspendere
3063 1020 3229 1059 unum
3259 1005 3415 1060 intel-

1839 1089 2026 1160 ligitur
2052 1108 2171 1148 esse

1913 1180 2120 1257 Siquid
2161 1202 2279 1239 vero
2329 1202 2394 1240 ex
2438 1186 2678 1256 operibus
2705 1185 2971 1254 artificum
3012 1187 3418 1241 venundandam

1840 1281 1935 1338 est,
1958 1275 2169 1330 uideant
2191 1277 2290 1346 ipsi
2312 1295 2404 1347 per
2430 1294 2650 1346 quorum
2691 1294 2879 1331 manus
2914 1279 3250 1346 transigenda
3274 1287 3414 1344 sunt,

1842 1379 1905 1417 ne
1929 1362 2163 1437 aliquam
2191 1366 2434 1430 fraudem
2464 1379 2782 1438 prresumant
2816 1368 3028 1438 inferre.
3063 1367 3420 1425 Memorentur

1839 1456 2064 1513 Ananiae
2105 1468 2153 1512 et
2195 1457 2456 1529 Sophim,
2483 1477 2545 1514 ne
2599 1461 2732 1531 forte
2785 1471 3022 1526 mortem,
3073 1477 3229 1532 quam
3258 1461 3334 1515 illi
3363 1464 3420 1517 in

1839 1565 2057 1619 corpore
2098 1551 2420 1621 pertulerunt
2448 1551 2584 1621 (Act.
2615 1551 2694 1622 v),
2745 1553 2880 1606 hanc
2902 1551 3107 1616 isti,vel
3129 1568 3305 1606 omnes
3331 1553 3421 1622 qui

1839 1637 2072 1710 aliquam
2123 1641 2364 1710 fraudem
2415 1641 2479 1695 de
2514 1642 2664 1696 rebus
2714 1643 3020 1696 monasterii
3063 1643 3310 1712 fecerint,
3365 1643 3422 1698 in

1838 1731 2019 1784 anima
2062 1732 2352 1801 patiantur.
2412 1731 2571 1799 Pejor
2597 1733 2740 1787 enim
2793 1743 2849 1788 et
2875 1733 3087 1787 'durior
3122 1742 3208 1789 est
3248 1748 3412 1798 mors,

1839 1837 2002 1892 quam
2033 1822 2274 1878 fraudem
2328 1823 2575 1880 faciendo
2619 1825 2868 1880 monachi
2908 1825 3184 1895 patiuntur
3213 1825 3268 1879 in
3297 1825 3416 1880 ani-

1843 1929 1950 1978 ma,
1982 1929 2143 1983 quam
2190 1931 2338 1970 mors
2366 1915 2610 1986 corporis
2638 1931 2799 1986 quam
2852 1917 2994 1987 passi
3029 1926 3156 1972 sunt
3180 1917 3420 1972 Ananias

1843 2015 1899 2060 et
1927 2002 2174 2073 Saphira.
2215 2005 2356 2060 Mors
2383 2007 2527 2059 enim
2555 2005 2854 2075 corporalis
2882 2006 3124 2060 omnium
3150 2017 3234 2060 est
3265 2021 3418 2061 com-

1842 2095 2022 2148 munis
2049 2103 2104 2149 et
2135 2093 2472 2164 temporalis,
2533 2110 2680 2151 mors
2714 2111 2841 2150 vero
2888 2097 3082 2150 animas
3132 2096 3422 2166 impiorum

1840 2193 1925 2239 est
1948 2194 2003 2239 et
2036 2185 2287 2254 puenalis.
2343 2183 2468 2241 Haec
2526 2186 2761 2240 animam
2817 2186 3078 2257 disjungit
3117 2202 3147 2240 a
3175 2201 3420 2256 corpore,

1841 2274 1931 2330 illa
1965 2293 2094 2332 vero
2121 2285 2335 2346 separat
2365 2293 2394 2331 a
2421 2276 2698 2332 Creatore.
2739 2278 2864 2333 Have
2903 2294 3100 2349 corpus
3147 2278 3201 2334 in
3249 2277 3427 2350 sepul-

1841 2382 2011 2432 crum,
2052 2368 2140 2422 illa
2173 2384 2302 2424 vero
2324 2369 2569 2424 immittit
2595 2372 2832 2424 animam
2861 2371 2914 2424 in
2946 2369 3238 2426 infernum.

1912 2459 1980 2516 In
2007 2461 2133 2531 ipsis
2166 2472 2341 2516 autem
2393 2463 2573 2530 pretiis
2610 2480 2714 2518 non
2761 2464 3006 2536 subrepat
3045 2467 3283 2522 avaritia:
3311 2484 3426 2522 man

1842 2551 1972 2616 lum,
2023 2553 2114 2608 sed
2163 2570 2368 2624 semper
2419 2555 2808 2626 aliquantulum
2838 2557 2989 2612 vilius
3029 2559 3182 2613 detur
3203 2576 3361 2630 quam
3391 2577 3426 2615 a

1841 2645 2182 2700 sa'cularibus
2209 2647 2392 2713 datur,
2425 2658 2480 2700 ut
2524 2649 2580 2701 in
2610 2650 2850 2704 omnibus
2899 2650 3227 2721 gloriﬁcetur
3255 2651 3419 2708 Deus.

1841 2735 1979 2790 Ilinc
2004 2736 2223 2805 quidam
2256 2738 2644 2793 monachorum
2689 2741 2948 2813 magister
2970 2741 3046 2796 ait
3077 2761 3090 2795 :
3133 2742 3266 2798 Cum
3290 2759 3427 2798 una-

1841 2842 2068 2897 quaeque
2095 2842 2184 2882 ars
2213 2828 2446 2898 aliquem
2475 2829 2804 2900 profectum,
2824 2849 3213 2904 supervacuum
3241 2836 3428 2893 usibus

1840 2919 2177 2984 monasterii,
2235 2920 2320 2974 vel
2361 2921 2746 2977 mittendarum
2799 2923 3132 2996 eulogiarum
3188 2925 3428 2981 abunda-

1839 3011 2004 3076 verit,
2032 3011 2359 3082 interrogata
2390 3013 2654 3083 qualitate
2685 3015 2866 3084 pretii,
2919 3025 3181 3087 quantum
3206 3034 3236 3072 a
3258 3034 3428 3073 saecu-

1840 3101 2047 3157 laribus
2075 3103 2300 3158 distrahi
2325 3113 2523 3174 potest,
2555 3113 2762 3159 tantum
2791 3104 2928 3160 infra
2952 3121 3296 3160 nummorum
3329 3107 3429 3162 mi-

1840 3194 1958 3248 nori
1975 3208 2188 3263 semper
2208 3194 2541 3249 distrahatur
2561 3196 2755 3264 pretio,
2782 3204 2842 3250 ut
2861 3203 3222 3267 agnoscantur
3245 3198 3298 3251 in
3327 3198 3430 3254 hac

1839 3292 1998 3354 parte
2033 3284 2306 3354 spiritales
2339 3300 2369 3340 a
2410 3285 2761 3340 etecularihus
2799 3288 3011 3342 actibus
3054 3287 3419 3358 distantiaque

1838 3377 2102 3447 separari.
2168 3375 2303 3430 Cum
2346 3392 2451 3431 non
2479 3377 2679 3448 negotii
2709 3393 2894 3443 causa,
2942 3395 3062 3449 quae
3101 3380 3318 3434 inimica
3341 3389 3428 3436 est

1839 3470 2051 3535 animae,
2078 3469 2288 3524 lucrum
2320 3483 2478 3539 supra
2508 3467 2781 3537 justitiam
2814 3478 3082 3539 quaerant,
3129 3472 3223 3525 sed
3259 3472 3425 3527 etiam

1838 3562 1908 3616 ab
1939 3561 2054 3630 ipsa
2084 3561 2299 3630 justitia
2325 3563 2503 3617 minus
2549 3561 2846 3632 accipiendi
2891 3564 3050 3633 pretii
3090 3564 3429 3620 humanitate

1840 3653 2206 3716 consentiant,
2241 3661 2300 3706 ut
2337 3667 2444 3706 non
2486 3661 2706 3723 propter
2755 3652 3105 3722 cupiditatem
3145 3664 3200 3709 et
3250 3655 3431 3710 avari-

1840 3743 1969 3798 tiam
1985 3753 2131 3799 artes
2168 3745 2380 3814 operari
2417 3746 2726 3800 credantur.
2777 3745 3020 3801 Avaritia
3051 3747 3196 3803 enim
3222 3757 3428 3804 nonest

1841 3849 2085 3906 parvum,
2119 3837 2211 3892 sed
2241 3837 2442 3908 grande
2469 3838 2686 3892 malum.
2723 3837 2865 3908 Ignis
2887 3848 2971 3893 est
3000 3839 3052 3893 in
3089 3839 3252 3894 corde
3274 3842 3430 3896 avari

1843 3927 2356 3999 inexstingnibiliter
2418 3929 2615 3983 ardens
2671 3936 2727 3982 et
2793 3929 3190 3985 incessabiliter
3243 3947 3428 3988 urens.

1843 4017 1983 4073 Hinc
2013 4019 2067 4073 in
2105 4020 2246 4074 beati
2268 4019 2522 4075 Joblibro
2549 4021 2807 4090 scriptum
2827 4031 2910 4075 est
2936 4039 2949 4075 :
2989 4021 3134 4091 Ignis
3163 4023 3432 4080 devorabit

1844 4109 2184 4162 tabernacula
2241 4125 2421 4162 eorum
2489 4112 2577 4181 qui
2623 4127 2843 4164 munera
2899 4110 3116 4164 libenter
3165 4112 3428 4181 accipiunt

1846 4198 1970 4272 (Job
2012 4199 2121 4270 xv).
2149 4199 2301 4266 Quod
2329 4200 2518 4254 beatus
2543 4199 2838 4270 Gregorius
2857 4216 3138 4271 exponens
3159 4201 3261 4256 ait:
3289 4203 3430 4274 Ignis

1847 4291 2193 4346 talernacula
2216 4292 2458 4357 devorat,
2475 4307 2597 4346 cum
2631 4302 2796 4347 aestus
2818 4295 3059 4349 avaritia:
3073 4295 3430 4363 cogitationes

1847 4384 2047 4439 mentis
2082 4385 2349 4439 devastat.
2431 4383 2566 4439 Hinc
2591 4393 2646 4440 et
2697 4383 2951 4441 Salomon
2992 4386 3099 4439 ait:
3143 4385 3428 4441 Conlurbat

1847 4472 2059 4527 domum
2083 4491 2254 4540 suam,
2280 4475 2370 4546 qui
2396 4485 2625 4530 sectatur
2669 4477 2946 4530 avaritiam
2969 4475 3150 4549 (Prov.
3175 4478 3286 4550 xv).
3340 4479 3427 4542 Et,

1847 4564 2049 4620 Avarus
2086 4584 2189 4622 non
2228 4567 2526 4639 implebitur
2558 4569 2778 4639 pecunia
2809 4566 2978 4640 (Eccl.
3007 4571 3082 4642 v).
3148 4572 3224 4626 De
3253 4571 3431 4625 avari-

1848 4659 1921 4712 tia
1947 4658 2091 4712 enim
2132 4658 2297 4714 multa
2346 4660 2449 4714 alia
2487 4660 2615 4714 vitia
2658 4660 2944 4730 pullulant,
3002 4663 3142 4716 sicut
3169 4665 3428 4733 scriptum

1845 4755 1930 4803 est
1950 4761 1964 4800 :
1994 4746 2173 4801 Radix
2196 4751 2425 4803 omnium
2445 4749 2704 4803 malorum
2717 4760 2792 4804 est
2813 4752 3036 4806 avaritia
3061 4751 3144 4824 (ll
3175 4752 3311 4808 Tim.
3331 4755 3425 4825 v1).

1847 4839 1961 4895 Hoc
1995 4847 2079 4895 est
2104 4842 2248 4895 enim
2277 4841 2468 4895 vitium
2499 4856 2606 4895 non
2633 4842 2806 4896 solum
2830 4844 3039 4899 occulta
3058 4844 3309 4916 plurima,
3333 4845 3429 4901 sed

1845 4943 1900 4988 et
1927 4942 2112 5004 aperta
2138 4933 2301 4988 multa
2325 4942 2549 5006 generat
2571 4936 2712 4988 mala

2418 5027 2646 5084 CAPUT
2687 5028 2863 5085 LVIII.

2070 5120 2147 5176 De
2173 5121 2450 5190 disciplina
2477 5123 2928 5193 suscipiendorum
2955 5123 3202 5193 fratrum.

1918 5211 2138 5267 Noviter
2166 5213 2371 5267 veniens
2391 5227 2507 5284 quis
2531 5212 2600 5266 ad
2623 5215 3026 5278 conversionem,
3051 5230 3154 5267 non
3180 5215 3228 5268 ei
3249 5214 3424 5283 facilis

1846 5305 2113 5359 tribuatur
2140 5307 2438 5376 ingressus;
2472 5304 2584 5369 sed,
2614 5306 2749 5358 sicut
2786 5306 2860 5358 ait
2891 5305 3178 5374 apostolus,
3213 5305 3428 5376 probate

1845 5397 2081 5467 spiritus,
2123 5397 2167 5449 si
2197 5413 2260 5449 ex
2286 5395 2395 5450 Deo
2430 5405 2550 5450 sunt
2591 5395 2642 5467 (1
2673 5396 2832 5450 Joan.
2860 5395 2954 5465 iv).
2989 5394 3124 5450 Hinc
3151 5405 3207 5451 et
3239 5395 3428 5452 Patres

1849 5489 2054 5559 antiqui
2100 5489 2353 5543 dixerunt
2397 5508 2408 5543 :
2459 5488 2518 5543 Si
2574 5489 2694 5556 quis
2738 5487 2861 5542 ﬁdei
2902 5488 3094 5543 ardore
3135 5505 3429 5546 succensus

1849 5580 2166 5638 renuntians
2189 5581 2386 5637 saecqu
2415 5579 2800 5636 monasterium
2830 5594 3036 5651 magnze
3061 5579 3430 5649 dispositionis

1845 5674 2069 5745 elegerit
2117 5674 2511 5745 expetendum,
2557 5673 2778 5726 novitati
2824 5669 2941 5740 ejus
2989 5687 3093 5726 non
3141 5671 3426 5728 confestim

1844 5768 2061 5823 licentia
2105 5767 2374 5822 tribuatur
2422 5763 2677 5826 intrandi,
2728 5764 2824 5819 sed
2872 5764 3104 5834 primum
3130 5763 3429 5819 studiosius

1844 5860 2154 5936 indagetur,
2197 5867 2378 5914 utrum
2421 5855 2723 5911 voluntarie
2761 5870 2832 5910 an
2882 5855 3202 5914 necessitate
3244 5855 3425 5927 aliqua
