3994 6478
1877 358 2228 474 culatam
2258 397 2550 458 sanans

588 523 810 575 coactus
852 510 1152 572 advenerit.
1205 507 1315 569 Sed
1366 509 1579 570 dicente
1628 509 1887 584 apostolo,
1944 512 2159 584 probate
2184 513 2239 578 Α
2259 523 2410 583 gusta
2430 522 2506 569 est
2528 513 2613 569 via
2635 527 2753 587 ante
2775 515 2920 571 ducit
2941 517 3012 572 ad
3030 516 3216 575 vitam.
3251 517 3411 576 Illum
3434 521 3571 579 audi
3608 524 3866 588 Videlicet

585 609 822 683 spiritus,
844 609 891 662 si
918 622 984 661 ea:
1003 605 1113 661 Deo
1138 613 1279 671 sunt,
1310 605 1592 676 diligenter
1616 606 1893 676 probetur,
1929 619 1996 658 ne
2026 604 2164 660 forte

586 704 656 760 sit
684 704 755 758 de
781 701 974 772 quibus
1002 699 1261 756 Dominus
1298 698 1375 754 ait
1401 716 1414 752 :
1456 696 1669 753 Venient
1694 698 1762 753 ad
1786 715 1873 752 vos
1915 698 1971 752 in
2005 697 2160 751 vesti-

584 802 774 858 mentis
810 801 1000 861 ovium,
1040 798 1353 853 intrinsecus
1392 805 1567 851 autem
1600 805 1722 851 sunt
1765 795 1875 865 lupi
1916 806 2160 864 rapaces:

585 909 618 951 tt
653 893 908 965 fructibus
939 907 1119 947 eorum
1154 890 1469 960 cognoscetis
1510 906 1595 944 eos
1635 886 1850 959 (Matth.
1875 886 1992 958 vn).
2025 886 2161 939 Pro-

583 984 733 1040 batio
771 984 915 1040 enim
962 981 1222 1037 discernit
1273 988 1454 1035 utrum
1502 994 1625 1034 eum
1670 978 1891 1031 tentatio
1940 975 2158 1043 diaboli,

585 1089 653 1131 an
680 1074 892 1130 vocatio
920 1073 988 1128 ad
1017 1071 1405 1127 monasterium
1435 1069 1720 1125 adduxerit
1747 1067 1965 1123 Christi.

655 1162 801 1234 Ergo
837 1164 884 1217 si
931 1163 1137 1219 ueniens
1179 1162 1575 1233 perseveraverit
1615 1160 1852 1231 pulsans,
1898 1167 1947 1213 et
1983 1157 2161 1213 illatas

584 1256 687 1311 sibi
726 1256 956 1326 injurias
997 1264 1047 1310 et
1082 1253 1433 1326 difﬁcultatem
1479 1255 1741 1325 ingressus
1784 1261 1897 1321 post
1934 1260 2163 1321 quatuor

580 1354 680 1403 aut
727 1346 952 1416 quinque
990 1345 1107 1398 dies
1156 1345 1294 1400 visus
1334 1343 1496 1414 fuerit
1537 1344 1793 1413 patienter
1832 1350 2058 1411 portare,
2112 1347 2161 1393 et

580 1438 857 1508 persistere
892 1437 1129 1507 petitioni
1172 1452 1318 1500 sure,
1369 1445 1638 1489 annuatur
1680 1435 1729 1488 ei
1778 1434 2073 1503 ingressus,
2113 1439 2162 1484 et

578 1529 650 1583 sit
686 1529 741 1582 in
777 1527 909 1584 cella
939 1528 1203 1599 hospitum
1231 1528 1413 1598 paucis
1452 1527 1652 1581 diebus.
1708 1523 1889 1580 illatas
1936 1523 2161 1592 injurias

585 1619 701 1676 sive
736 1633 831 1674 eas
861 1619 994 1673 dicit
1022 1634 1158 1688 quas
1189 1634 1221 1673 a
1251 1617 1489 1687 portario
1528 1615 1862 1687 probationis
1898 1628 2060 1667 causa
2106 1611 2160 1665 in

578 1705 715 1762 cella
756 1708 959 1778 patitur
1005 1708 1295 1777 hospitum,
1346 1706 1486 1761 sicut
1537 1706 1728 1761 beatus
1771 1705 1836 1759 de
1884 1703 1977 1757 tali
2018 1700 2157 1758 Fru-

580 1806 800 1856 atuosus
848 1800 927 1855 ait
968 1816 983 1853 :
1031 1797 1343 1869 Hospitibus
1391 1798 1505 1851 sive
1556 1795 1855 1868 peregrinis
1898 1793 2159 1849 stramina

2263 606 2355 674 qui
2382 605 2517 660 dixit
2538 622 2551 658 :
2575 606 2688 676 Ego
2713 622 2829 660 sum
2862 607 2967 673 via,
2999 611 3189 664 veritas
3219 619 3267 664 et
3299 612 3427 665 vita.
3458 611 3613 669 Hinc
3647 624 3710 670 et
3736 623 3864 676 anti-

2263 694 2352 763 qui
2396 691 2585 749 Patres
2631 696 2883 750 dixerunt
2929 696 3051 752 :‘Hi
3101 700 3237 755 tales
3283 709 3433 768 sunt,
3485 719 3629 760 cum
3682 712 3859 767 saeculi

2262 784 2485 841 latebris
2526 786 2741 841 liberari
2781 788 3069 855 voluerint,
3098 793 3489 863 appropiantes
3519 804 3860 860 monasterio

2261 876 2600 933 hebdomada
2638 895 2737 950 pro
2778 881 2986 938 foribus
3024 892 3326 954 teneantur,
3368 897 3426 946 et
3466 906 3706 963 semper
3737 896 3858 954 ω

2260 974 2318 1023 et
2364 968 2628 1024 laboriosa
2677 972 2757 1026 eis
2800 983 3187 1042 proponantur.
3244 976 3301 1033 Si
3349 994 3487 1036 vero
3538 998 3859 1052 persevera»

2262 1060 2443 1114 verint
2477 1062 2776 1132 pulsantes,
2813 1064 2893 1118 eis
2931 1080 3035 1118 non
3073 1076 3296 1138 negetur
3335 1070 3659 1141 ingressus,
3702 1078 3795 1131 sed
3822 1080 3856 1133 is

2263 1151 2354 1219 qui
2392 1160 2590 1220 praeest
2620 1151 2781 1208 Pater
2817 1153 3121 1224 huiusmodi
3162 1160 3408 1218 homines
3458 1164 3709 1221 introire
3750 1182 3858 1237 per-

2262 1242 2474 1308 mittat,
2518 1252 2573 1299 et
2606 1245 2838 1314 qualiter
2876 1248 3044 1302 vitam
3090 1248 3319 1308 fratrum
3358 1254 3445 1310 vel
3492 1256 3753 1327 regulam
3793 1270 3857 1315 ts-

2262 1348 2392 1388 nere
2421 1334 2629 1403 possint
2673 1336 2939 1390 ostendat.

2333 1423 2400 1477 Et
2436 1424 2481 1477 si
2512 1426 2804 1495 promiserit
2839 1428 2902 1481 de
2932 1430 3217 1486 stabilitate
3249 1448 3348 1486 sua
3380 1442 3851 1504 perseverantiam.

2258 1525 2374 1586 post
2414 1516 2640 1570 duorum
2676 1520 2932 1574 mensium
2970 1522 3252 1589 circulum,
3291 1523 3506 1595 legatur
3546 1530 3603 1580 ei
3637 1530 3754 1583 hac
3782 1549 3848 1583 rs-

2261 1609 2386 1679 gula
2427 1625 2520 1679 per
2556 1610 2813 1676 ordinem,
2856 1621 2905 1665 et
2944 1614 3155 1668 dicatur
3194 1616 3442 1671 ei:Ecce
3486 1620 3577 1672 (ea:
3622 1622 3725 1674 sub
3766 1640 3849 1692 φα

2260 1700 2488 1757 militare
2530 1701 2642 1767 ris,
2677 1703 2723 1756 si
2765 1712 2908 1773 potes
2950 1704 3255 1774 observare,
3293 1708 3620 1778 ingredere;
3664 1714 3716 1767 si
3748 1731 3847 1767 res:

2263 1806 2368 1844 non
2402 1800 2568 1861 potes,
2591 1790 2721 1846 liber
2754 1794 2979 1849 discede.
3013 1795 3071 1851 Si
3116 1807 3272 1866 potes
3303 1798 3640 1867 observare,

577 1892 957 1962 emnportabit,
997 1866 1194 1962 aquam
1237 1866 1572 1945 calefaciens‘
1594 1887 1836 1959 pedibus,
1877 1895 1932 1943 et
1972 1887 2152 1942 omnia
2181 1866 2229 1929 Β
2257 1880 2556 1953 ingredere,
2602 1885 2942 1953 subauditur,
2988 1889 3034 1943 si
3072 1896 3226 1958 potes
3264 1902 3551 1963 praecepta
3582 1866 3845 1951 istins‘re;

575 1982 853 2039 humier
876 1979 1179 2037 ministeria
1213 1980 1509 2042 exercebit,
1550 1978 1860 2047 fascemque
1886 1977 2155 2047 lignorum

577 2089 679 2132 suo
720 2073 962 2144 quotidie
1008 2072 1171 2128 dorso
1223 2071 1402 2126 ferens
1454 2070 1887 2126 hebdomadariis
1932 2070 2152 2136 tribuet,

577 2171 742 2233 atque
788 2161 861 2217 ita
914 2161 968 2216 in
1016 2161 1163 2215 omni
1212 2160 1437 2230 penuria
1485 2168 1537 2214 et
1586 2160 1817 2214 utilitate
1877 2160 2152 2227 subactus,

573 2253 787 2323 expleto
824 2253 1007 2308 animo
1040 2253 1298 2323 probatus
1338 2252 1597 2313 moribus,
1645 2258 1699 2306 et
1740 2250 2019 2305 laboribus
2053 2250 2153 2306 clis

576 2355 778 2411 matus,
805 2353 1059 2416 percepta
1096 2345 1150 2399 in
1198 2344 1424 2400 ecclesia
1476 2343 1869 2411 benedictione,
1924 2341 2155 2397 fratrum

568 2437 820 2497 societati
850 2437 1100 2492 donetur.
1133 2435 1420 2506 Sequitur:

645 2524 839 2582 Postea
865 2537 1039 2581 autem
1065 2528 1131 2582 sit
1159 2528 1215 2583 in
1228 2525 1358 2581 cella
1388 2526 1722 2589 novitiorum.
1741 2524 1828 2580 ubi
1855 2523 2151 2588 meditetur,

570 2616 849 2673 manducet
890 2626 937 2671 et
972 2616 1219 2671 dormiat.
1272 2616 1609 2671 Novitiorum
1666 2616 1800 2671 cella
1850 2615 2002 2680 dicit,
2046 2630 2153 2669 non

571 2690 864 2775 bOSpitum,
899 2707 991 2762 sed
1019 2705 1366 2775 pulsantium.
1424 2705 1525 2762 Ubi
1562 2705 1769 2761 noviter
1794 2706 2015 2760 veniens
2043 2705 2156 2760 sive

572 2808 700 2850 cum
726 2796 811 2851 bis
839 2812 972 2866 quos
999 2798 1070 2853 ibi
1099 2797 1378 2861 invenerit,
1412 2798 1523 2853 sive
1552 2813 1677 2853 cum
1709 2797 1965 2868 magistro
1994 2810 2151 2865 quem

576 2878 860 2952 habuerit,
918 2888 1232 2952 meditetur,
1282 2888 1336 2942 in
1389 2888 1649 2952 canticis,
1698 2895 1753 2942 et
1806 2886 2047 2956 psalmis,
2100 2894 2155 2943 et

571 2976 822 3047 hymnis,
863 2978 976 3032 sive
1010 2979 1065 3033 in
1098 2978 1435 3051 regularibus
1476 2978 1760 3048 prmceptis
1802 2978 1996 3046 quibus
2046 2986 2153 3032 tra-

572 3068 781 3125 dendus
821 3078 904 3125 est
942 3071 1316 3126 observandis.
1359 3071 1710 3141 Nequaquam
1753 3085 1885 3139 ergo
1930 3070 2087 3126 debet
2121 3085 2151 3124 a

572 3166 818 3231 tempore
858 3159 992 3234 [Al.,
1018 3160 1222 3234 tepore]
1266 3162 1541 3226 inchoare,
1580 3161 1671 3230 qui
1710 3161 1910 3214 mundo
1952 3176 2150 3215 renun-

570 3227 703 3314 tiat,
724 3267 790 3306 ne
812 3227 909 3322 per
940 3227 1115 3323 ipsum
1156 3227 1369 3323 tempus
1406 3248 1538 3329 [Al.,
1567 3227 1834 3323 teporem}
1871 3267 2058 3306 rursus
2092 3252 2147 3306 in
2174 3227 2223 3291 δ

568 3357 811 3399 amorem
840 3344 1022 3401 szeculi
1053 3345 1235 3399 cadat.

642 3432 711 3488 Et
735 3436 909 3491 senior
935 3437 983 3490 ei
1011 3437 1133 3491 talis
1165 3436 1440 3509 deputetur
1462 3437 1551 3508 qui
1575 3444 1728 3506 aptus
1750 3435 1816 3491 sit
1845 3434 1914 3490 ad
1942 3434 2153 3489 lucran-

568 3526 664 3582 das
690 3527 916 3594 animus,
944 3531 1034 3600 qui
1067 3546 1223 3600 super
1259 3546 1319 3585 eo
1342 3531 1551 3584 omnino
1584 3532 1787 3583 curiose
1823 3527 2077 3591 intendat,
2102 3536 2151 3582 et

566 3614 825 3670 sollicitus
869 3618 934 3671 sit
978 3619 1024 3672 si
1064 3636 1179 3673 vere
1218 3618 1384 3677 Deum
1421 3629 1656 3691 quwrat,
1697 3621 1742 3673 si
1785 3618 2037 3674 sollicitus
2074 3627 2152 3673 est

568 3704 639 3761 ad
658 3722 804 3777 .opus
828 3705 943 3769 Dei,
973 3707 1043 3762 ad
1075 3709 1440 3775 obedientiam,
1474 3709 1542 3763 ad
1581 3709 1878 3781 opprobria.
1920 3708 1979 3763 Si
2008 3709 2153 3765 solli-

568 3798 710 3855 citus
744 3807 828 3854 est
857 3799 925 3853 ad
958 3815 1092 3869 opus
1118 3800 1210 3856 Dei
1248 3802 1399 3868 dicit,
1439 3802 1492 3857 id
1525 3809 1632 3866 est,
1665 3802 1735 3856 ad
1767 3816 1832 3857 ea
1862 3816 1979 3871 quae
2016 3817 2148 3872 pro-

567 3892 685 3967 prie
722 3891 791 3948 ad
827 3892 996 3948 Deum
1054 3894 1348 3964 pertinent,
1396 3893 1647 3949 videlicet
1700 3891 1770 3948 ad
1822 3894 2145 3960 orationem,

570 3983 637 4038 ad
675 3982 961 4039 lectionem
986 3982 1246 4050 divinam,
1274 3984 1345 4039 ad
1368 3985 1580 4055 vigilias
1605 3992 1900 4040 nocturnas
1933 4000 2150 4041 cursus-

567 4084 674 4142 que
702 4071 949 4139 diurnos,
976 4073 1044 4127 ad
1066 4069 1329 4141 jejunium
1358 4080 1414 4128 et
1438 4088 1597 4129 omne
1628 4073 1866 4128 divinum
1890 4072 2142 4128 ofﬁcium.

563 4154 647 4216 Ad
694 4163 1058 4218 obedientiam
1104 4164 1276 4230 dicit,
1332 4163 1457 4235 quia
1504 4164 1690 4218 melior
1732 4173 1809 4219 est
1857 4164 2147 4222 obedientia

565 4270 725 4326 quam
774 4254 1005 4310 uictima.
1053 4254 1136 4311 Ad
1184 4255 1507 4326 opprobria,
1544 4255 1702 4321 dicit,
1754 4260 1814 4310 ut
1856 4255 1900 4311 si
1938 4257 2147 4313 venerit

564 4356 668 4416 pro
719 4347 938 4402 nomine
981 4344 1209 4413 Christi,
1253 4347 1521 4417 patienter
1565 4362 1629 4402 ea
1654 4345 1865 4402 toleret.
1920 4346 1997 4403 De
2040 4348 2145 4403 hoc

566 4436 756 4493 beatus
778 4437 1108 4492 Fructuosus
1152 4438 1228 4492 ait
1274 4454 1287 4491 :
1336 4437 1668 4494 Couversum
1713 4439 1778 4493 de
1823 4438 2037 4504 saeculo,
2084 4445 2144 4492 ut

565 4525 790 4583 Patrum
848 4529 1065 4585 decreta
1123 4530 1345 4596 docent,
1393 4546 1502 4586 non
1558 4530 1979 4600 suscipiendum,
2036 4531 2140 4585 nisi

562 4620 720 4695 prius
754 4618 1188 4693 experimentum
1225 4624 1307 4679 sui
1352 4623 1405 4679 in
1445 4638 1606 4692 opere
1651 4632 1707 4678 et
1754 4625 2002 4694 penuria,
2047 4641 2140 4695 op-

564 4711 805 4783 probriis
836 4713 1045 4773 dederit
1070 4724 1125 4770 et
1144 4715 1419 4771 conviciis.
1448 4714 1582 4770 Hinc
1609 4723 1663 4770 et
1695 4714 1885 4770 beatus
1917 4716 2143 4773 Basilius

563 4801 641 4859 ait
690 4820 703 4855 :
747 4801 1069 4874 Priusquam
1113 4806 1348 4861 novitius
1399 4807 1611 4877 corpori
1658 4805 2016 4863 fraternitatis
2062 4809 2143 4863 in-

566 4904 801 4964 seratur,
833 4904 1047 4967 oportet
1072 4898 1121 4952 ei
1165 4896 1369 4970 injungi
1394 4900 1636 4968 quietiam
1662 4900 1931 4955 laboriosa
1956 4915 2139 4971 opera,

564 4997 619 5043 et
666 5004 785 5059 quae
826 4988 1111 5043 videantur
1156 4990 1359 5046 habere
1396 4991 1706 5059 opprobria,
1757 4998 1812 5044 et
1859 4992 2139 5046 observari

563 5086 776 5151 oportet
821 5080 869 5135 si
908 5080 1139 5136 libenter
1176 5082 1291 5137 hrec
1332 5098 1396 5137 ac
1436 5081 1757 5138 ﬁducialiter
1796 5083 2027 5154 expleat,
2068 5100 2138 5140 ne

562 5169 931 5227 confusionem
981 5185 1167 5224 eorum
1210 5172 1446 5241 graviter
1485 5171 1647 5238 ferat,
1675 5172 1759 5228 vel
1798 5174 1961 5229 etiam
2001 5175 2048 5230 si
2082 5176 2137 5231 in

559 5254 747 5318 labore
776 5240 1004 5333 impiger
1034 5240 1340 5317 inveniatur
1364 5272 1420 5318 et
1440 5273 1738 5336 promptus.

632 5348 1000 5411 Prtedicentur
1022 5357 1070 5409 ei
1090 5356 1267 5409 omnia
1300 5355 1435 5411 dura
1470 5366 1516 5411 et
1548 5374 1755 5429 aspera,
1783 5375 1876 5429 per
1898 5376 2015 5430 qua:
2036 5361 2142 5414 itur

561 5443 632 5499 ad
652 5438 841 5500 Deum.
886 5438 1257 5502 Praedicentur
1284 5447 1333 5503 ei
1370 5446 1504 5502 dura
1535 5449 1681 5515 dicit,
1714 5449 1767 5506 id
1799 5458 1906 5517 est,
1944 5452 2137 5523 rigida,

561 5529 742 5599 fortia,
787 5533 876 5589 vel
916 5530 1201 5600 laboriosa,
1262 5544 1320 5590 ut
1362 5537 1532 5606 possit
1584 5538 1765 5595 dicere
1815 5555 1941 5596 eum
1984 5541 2135 5596 Psal-

561 5622 723 5680 mista
753 5638 769 5679 :
801 5617 1026 5697 Propter
1061 5628 1213 5683 verba
1256 5626 1516 5683 labiorum
1569 5639 1777 5685 tuorum
1824 5650 1916 5704 ego
1959 5644 2135 5688 custo-

561 5712 670 5770 diri
710 5715 819 5771 vias
859 5715 1041 5772 duras.
1086 5718 1291 5791 Aspera
1346 5720 1503 5786 dicit,
1561 5722 1827 5789 districta,
1874 5724 2133 5793 violenta,

564 5802 649 5861 Vel
673 5815 822 5865 arcta
846 5816 903 5864 et
932 5819 1180 5883 angusta,
1214 5811 1282 5868 de
1306 5827 1410 5883 qua
1438 5814 1697 5870 Dominus
1722 5832 1735 5868 :
1762 5813 1921 5871 Arcto
1955 5825 2001 5873 et
2042 5834 2136 5873 an-

2256 1975 2393 2043 gulae
2414 1975 2725 2045 observare,
2753 1980 2821 2035 ad
2844 1980 3180 2038 militandum
3208 1984 3532 2055 ingredere;
3564 1989 3655 2043 sin
3682 1998 3845 2046 antu

2255 2082 2361 2121 non
2402 2076 2578 2137 potes,
2614 2071 2927 2141 priusquam
2954 2071 3083 2145 iugo
3111 2076 3311 2148 regulae
3349 2078 3494 2133 colla
3539 2082 3839 2147 subnisus,

2256 2165 2313 2213 et
2347 2156 2462 2226 ejus
2503 2161 2750 2215 servituti
2789 2164 3060 2229 subdaris,
3090 2164 3229 2220 liber
3254 2166 3501 2223 discede.
3551 2170 3841 2227 Notandum

2254 2252 2382 2321 quia
2416 2267 2524 2307 non
2553 2253 2667 2308 ait:
2691 2255 2831 2312 Ecce
2867 2257 2951 2312 lex
2975 2258 3076 2313 sub
3100 2275 3207 2329 qua
3238 2262 3522 2329 quiescas,
3547 2264 3639 2319 vel
3662 2281 3845 2322 vacans

2253 2347 2366 2401 otio
2405 2349 2585 2416 quiete
2608 2350 2788 2414 vivas;
2827 2353 2920 2406 sed
2961 2353 3061 2407 sub
3098 2369 3204 2422 qua
3240 2355 3484 2411 militare
3517 2358 3627 2419 vis,
3659 2358 3841 2428 inquit,

2252 2442 2318 2493 ut
2349 2436 2619 2509 intelligas
2646 2443 2774 2509 quia
2800 2441 2985 2496 militia
3010 2444 3213 2497 estvita
3235 2444 3467 2499 hominis
3501 2460 3834 2516 super-terre,

2253 2535 2304 2580 et
2328 2527 2459 2582 sicut
2494 2529 2603 2584 dies
2627 2533 2957 2598 mercenarii,
2990 2533 3100 2589 dies
3123 2535 3256 2604 ejus.
3288 2535 3435 2608 Ergo
3459 2555 3566 2609 pro
3596 2541 3840 2596 memede

2254 2624 2458 2673 aeterna
2496 2621 2675 2675 omnia
2716 2622 2877 2677 debet
2906 2640 3005 2694 pro
3044 2626 3272 2681 Domino
3314 2629 3616 2693 sustinere,
3656 2633 3754 2701 qui
3794 2633 3842 2688 in

2254 2711 2372 2780 ejus
2424 2713 2572 2784 cupit
2628 2717 2860 2770 transire
2905 2718 3179 2785 militiam,
3226 2726 3283 2775 et
3332 2729 3587 2792 tanquam
3642 2738 3847 2779 eurum

2254 2801 2404 2869 lima,
2440 2805 2647 2861 malleis
2684 2814 2741 2861 et
2778 2808 2900 2879 igne
2944 2808 3181 2865 fornacis
3227 2812 3460 2882 probari,
3498 2822 3562 2867 ut
3600 2815 3677 2870 ad
3725 2816 3848 2872 ﬁa-

2253 2893 2407 2950 dema
2436 2904 2489 2950 et
2516 2911 2770 2952 coronam
2800 2899 3131 2957 Dominicam
3159 2905 3333 2971 possit
3362 2906 3678 2975 pervenire.

2327 2984 2390 3039 Si
2442 2987 2615 3041 adhuc
2664 2990 2887 3055 steterit,
2932 3000 3056 3045 tunc
3102 2994 3331 3047 ducatur
3381 2996 3439 3050 in
3484 2999 3842 3067 supradicta:

2252 3074 2436 3128 cellam
2477 3078 2818 3142 novitiorum.
2860 3090 2908 3134 et
2949 3082 3135 3136 iterum
3177 3086 3416 3154 probetur
3468 3088 3526 3140 in
3570 3092 3717 3143 omni
3756 3109 3843 3160 pa-

2251 3164 2453 3219 tientia.
2487 3166 2624 3224 llinc
2656 3168 2891 3226 lsidorus
2919 3173 3032 3227 ait:
3062 3173 3244 3243 Neque
3274 3176 3425 3232 enim
3470 3180 3627 3235 intus
3651 3183 3839 3252 suscipi

2253 3269 2576 3327 quemquam
2607 3263 2886 3329 convenit,
2920 3264 3011 3333 qui
3050 3268 3238 3321 relicto
3265 3269 3472 3325 Steculo
3501 3272 3578 3326 ad
3610 3272 3838 3328 militia.

2255 3346 2456 3402 Christi
2496 3351 2585 3418 pia
2622 3359 2678 3407 et
2711 3352 2915 3409 salubri
2956 3356 3261 3412 humilitate
3313 3362 3699 3427 convertitur,
3747 3364 3837 3418 ubi

2251 3441 2403 3508 prius
2459 3439 2591 3495 foris
2650 3443 2859 3511 positus
2911 3442 3031 3513 ejus
3077 3447 3357 3503 humilitas
3412 3452 3537 3505 sive
3594 3453 3835 3522 patientis

2252 3533 2651 3602 couprobetur.
2692 3534 2818 3589 ideo
2861 3544 3043 3591 autem
3075 3537 3413 3608 probationis
3455 3550 3715 3612 tempore
3751 3544 3833 3597 sub

2251 3622 2463 3678 abbatis
2506 3624 2732 3694 imperio
2775 3628 3091 3709 militamus,
3137 3638 3191 3686 et
3245 3631 3380 3687 dura
3436 3642 3501 3690 et
3544 3650 3745 3706 aSpera
3778 3637 3833 3691 ab

2250 3714 2444 3770 abbate
2477 3715 2737 3785 imperata
2770 3728 3049 3790 gratanter
3085 3730 3384 3791 portamus,
3430 3734 3498 3781 ut
3533 3737 3669 3798 post
3699 3744 3837 3799 peu-

2249 3805 2604 3877 grinationem
2646 3809 2771 3863 vitm
2812 3809 2971 3878 hujus
3015 3827 3140 3868 cum
3176 3814 3407 3870 Domino
3451 3833 3693 3889 regnare
3734 3834 3834 3875 me-

2247 3911 2486 3952 reamur.
2534 3897 2691 3965 Quod
2728 3909 2906 3956 antem
2947 3903 3100 3966 dicit,
3129 3913 3253 3960 tunc
3294 3905 3537 3961 ducatur
3582 3911 3641 3964 in
3670 3927 3837 3981 suprs-

2247 3985 2442 4041 dictam
2478 3986 2663 4042 cellam
2700 3992 3032 4059 noritiorum,
3066 4010 3188 4050 cum
3228 4007 3393 4051 antea
3430 3996 3557 4066 iam
3601 4001 3833 4065 dixisset,

2246 4081 2315 4134 sit
2347 4081 2401 4134 in
2437 4079 2570 4136 cella
2599 4083 2931 4150 noritiorum,
2972 4102 3078 4141 non
3126 4089 3447 4161 intelligitur
3494 4093 3689 4149 exisse
3724 4108 3833 4149 cal

2248 4171 2316 4226 ab
2347 4173 2463 4242 ipsa
2490 4172 2625 4228 cella
2664 4176 3012 4245 novitiorum,
3038 4186 3092 4233 et
3123 4180 3339 4235 venisse
3375 4182 3451 4236 ad
3482 4185 3831 4249 auditorium.

2246 4264 2358 4320 sive
2385 4264 2452 4319 ad
2479 4280 2601 4320 eum
2631 4280 2791 4335 quem
2817 4269 2983 4324 abbas
3019 4270 3185 4340 elegit
3216 4270 3421 4338 locum,
3453 4282 3517 4329 et
3550 4275 3634 4331 ibi
3661 4278 3833 4332 sumre

2244 4358 2494 4428 regulare
2548 4372 2906 4432 praeceptum,-
2974 4372 3028 4418 et
3085 4371 3212 4420 tunc
3264 4366 3469 4431 iterum
3521 4374 3734 4428 reverti
3784 4372 3833 4428 in

2245 4450 2384 4505 cella
2420 4451 2763 4506 novitiorum.
2806 4452 2944 4509 Hinc
2992 4463 3212 4512 sanctus
3247 4456 3514 4515 Aurelius
3557 4463 3644 4517 ait
3675 4481 3697 4519 :
3733 4461 3831 4520 Hoc

2236 4538 2460 4609 jubente
2494 4541 2604 4596 Deo
2653 4544 2706 4597 in
2753 4544 2946 4612 primis
2984 4546 3271 4602 statuimus
3317 4552 3653 4620 tenendum,
3697 4565 3757 4609 ut
3790 4555 3831 4611 si

2245 4631 2366 4700 quis
2399 4632 2464 4685 ad
2502 4634 2919 4691 conversionem
2948 4636 3183 4704 venerit,
3225 4638 3414 4711 regula
3450 4642 3509 4697 ei
3541 4643 3605 4699 in
3643 4646 3829 4703 saluta-

2249 4722 2387 4775 torio
2418 4721 2644 4792 legatur.
2670 4782 2677 4789 ο

2315 4819 2386 4875 Et
2406 4829 2521 4893 post
2543 4838 2634 4877 sea:
2655 4824 2911 4880 mensium
2935 4825 3188 4882 circulum
3221 4825 3427 4899 legatur
3447 4832 3507 4887 ei
3528 4836 3745 4906 regule,
3780 4844 3829 4890 at

2240 4913 2374 4967 sciat
2413 4912 2482 4967 ad
2519 4914 2646 4983 quid
2685 4916 2995 4986 ingreditur.
3037 4917 3176 4975 llinc
3198 4918 3499 4979 Ferreolus
3547 4925 3634 4982 ait
3667 4948 3683 4982 :
3716 4928 3832 4984 Post

2240 5001 2343 5059 hoc
2382 5003 2432 5059 ei
2463 5005 2775 5061 monasterii
2817 5008 3003 5076 regula
3048 5008 3259 5066 abbatis
3297 5009 3557 5079 iussione
3594 5016 3823 5090 legatur,

2242 5101 2309 5153 ut
2333 5094 2682 5164 imposterum
2714 5096 2849 5153 nihil
2874 5099 2957 5153 vel
2994 5099 3313 5156 inusitatum
3346 5110 3444 5160 aut
3482 5105 3533 5159 si
3565 5107 3827 5165 discessu-

2241 5200 2335 5241 rus
2374 5192 2679 5256 praetereat,
2727 5195 2821 5241 aut
2863 5188 2907 5245 si
2954 5204 3338 5261 permansurus
3387 5206 3682 5266 agnoscat.
3732 5199 3825 5255 Uni

2241 5292 2371 5348 ergo
2408 5277 2475 5332 de
2519 5278 2824 5336 senioribus
2862 5280 3151 5355 deputatus
3192 5284 3524 5345 informem:-
3560 5293 3824 5361 regulari-

2242 5367 2345 5425 bus
2392 5367 2707 5438 diseiplinis,
2755 5381 2817 5427 ut
2854 5388 2976 5444 quae
3024 5373 3204 5433 facere
3246 5376 3471 5446 debeat,
3522 5384 3825 5455 quibus"

2243 5469 2369 5513 eum
2420 5459 2628 5515 servire
2672 5463 2978 5532 conveniat,
3025 5465 3279 5539 deinceps
3324 5472 3512 5527 omnia
3562 5488 3826 5551 recup

2311 5634 2380 5692 Et
2420 5637 2467 5692 si
2506 5639 2675 5693 adhuc
2715 5650 2839 5707 stat,
2881 5652 2996 5714 post
3027 5654 3255 5717 quatuor
3283 5665 3485 5707 menses
3518 5654 3715 5709 iterum
3756 5654 3826 5711 le-

2238 5739 2393 5803 gatur
2434 5730 2482 5783 ei
2520 5732 2631 5784 hac
2669 5732 2849 5785 eadem
2892 5734 3091 5804 regula.
3137 5737 3273 5793 Hinc
3317 5744 3444 5797 anni
3483 5760 3687 5801 cursus
3728 5748 3823 5801 im-

2236 5821 2412 5897 pletur
2441 5823 2647 5880 novitio
2682 5841 2711 5880 a
2752 5835 2991 5896 tempore
3025 5843 3132 5899 quo
3164 5831 3385 5901 pulsans
3412 5837 3567 5891 venit
3602 5840 3677 5894 ad
3712 5852 3823 5894 ma-
