3994 6478
205 412 311 471 901

1248 412 1602 475 ΟΟΜΜΕΝΤ.
1642 412 1711 471 ΙΝ
1747 409 1905 475 HG.
1945 411 2004 467 S.
2040 410 2421 470 BENEDICTI.

3362 422 3470 480 902

203 528 529 595 nasterium,
562 528 649 585 cui
695 534 751 588 et
789 527 1081 587 ordinatim
1114 528 1173 589 in
1209 529 1315 587 hoc
1354 529 1482 586 anni
1521 530 1791 586 curriculo
1818 530 1871 592 Α
1895 529 2213 584 monasterii
2261 543 2555 587 concessus
2599 539 2688 589 est
2734 531 3017 601 intuitus,
3062 534 3158 591 sed
3201 533 3297 591 diu
3338 538 3473 596 mihi

205 629 293 677 ter
315 622 451 680 lecta
483 630 567 677 est
601 623 804 694 regula,
829 622 1131 679 demoranti
1164 624 1341 679 adhuc
1381 625 1434 679 in
1464 624 1793 680 uovitiorum

202 714 361 771 cella.
406 714 560 781 Quod
599 723 808 785 tempus
846 731 955 772 non
1002 717 1181 772 solum
1220 717 1411 774 beatus
1442 717 1794 785 Benedictus,

202 806 305 865 sed
355 812 411 861 et
460 804 549 860 alii
597 805 787 862 Patres
825 804 1109 875 jusserunt
1160 808 1450 864 observare
1504 808 1791 865 novitium.

202 897 473 958 Dixerunt
515 898 662 955 enim
696 916 707 953 :
750 899 863 955 Nisi
905 900 1122 970 expleto
1169 917 1312 957 anno
1360 902 1539 957 nullus
1584 910 1795 959 mutare

203 990 454 1049 habitum
484 992 852 1061 permittatur,
882 992 977 1049 sed
1014 994 1059 1048 si
1095 994 1406 1063 paenitentis
1441 992 1604 1049 fuerit
1640 1001 1795 1053 tanta

200 1084 571 1155 compunctio,
607 1094 668 1139 ut
704 1086 805 1141 hoc
840 1085 942 1141 sibi
983 1086 1376 1157 supplicatione
1415 1087 1634 1143 assidua
1680 1087 1795 1142 exi-

203 1182 319 1247 gat,
353 1190 459 1231 non
496 1177 699 1246 negari.
741 1176 945 1232 Tamen
971 1178 1115 1247 quod
1158 1177 1251 1233 uni
1289 1177 1518 1233 ﬁdeliter
1550 1178 1794 1248 poscenti

203 1267 522 1325 conceditur
555 1283 661 1323 non
689 1269 841 1338 quasi
878 1269 1084 1324 licitum
1119 1268 1402 1323 habeatur.
1435 1268 1573 1323 illnc
1602 1268 1794 1325 beatus

201 1355 539 1415 Fructuosus
573 1359 650 1414 ait
684 1378 697 1412 :
737 1360 934 1430 Sicque
974 1376 1119 1415 anno
1153 1376 1260 1415 uno
1298 1360 1527 1431 spiritali
1564 1361 1794 1417 traditus

202 1449 408 1509 seniori
459 1464 567 1505 non
620 1450 806 1507 statim
861 1452 1291 1507 commiscendus
1343 1452 1447 1507 erit
1500 1466 1794 1522 congrega-

203 1541 366 1607 tioni,
401 1541 495 1597 sed
527 1542 680 1612 prius
716 1543 927 1599 cunctis
952 1543 1217 1599 bonorum
1256 1558 1481 1613 operum
1516 1543 1793 1599 exercitiis

202 1634 528 1691 edocendus.
559 1634 712 1701 Quod
741 1636 786 1691 si
821 1636 1049 1705 quilibet
1079 1651 1373 1693 conversus
1400 1634 1558 1690 bonis
1595 1649 1658 1693 ac
1685 1650 1790 1704 pu-

203 1727 284 1784 ris
332 1728 576 1785 moribus
615 1729 859 1796 enitens,
904 1728 1115 1785 abbatis
1155 1728 1239 1783 vel
1285 1728 1513 1783 aliorum
1556 1726 1790 1783 fratrum

202 1820 527 1891 spiritalium
568 1820 734 1877 fuerit
767 1821 974 1891 judicio
1016 1824 1416 1893 comprobatus,
1459 1838 1561 1893 pro
1592 1822 1789 1881 merito

1894 621 2127 690 pulsanti
2156 621 2247 676 vix
2272 622 2495 693 hospitii
2527 623 2677 680 locus
2702 632 2785 681 est
2807 625 3238 683 misericorditer
3259 630 3471 686 atribu-

1896 725 1983 771 tus
2001 754 2016 779 ,
2058 714 2113 769 in
2144 729 2253 784 quo
2278 729 2377 785 per
2401 730 2603 785 paucos
2628 716 2745 772 dies
2781 718 3115 785 demoratus,
3144 720 3473 777 novitiorum

1895 823 2014 867 sum
2039 807 2257 862 domum
2282 822 2629 879 progressus,
2653 808 2711 862 in
2737 822 2843 879 qua
2866 809 3000 864 mihi
3026 811 3162 865 dura
3189 817 3245 869 et
3278 816 3503 892 asperat

1892 900 2070 971 primo
2109 899 2393 971 diligenter
2434 915 2465 954 a
2506 899 2720 955 seniore
2761 909 2889 955 sunt
2925 903 3237 971 pndicata,
3278 911 3334 960 et
3360 910 3513 962 sta-‘

1891 991 2121 1047 hilitatis
2158 1005 2291 1046 mea:
2326 990 2617 1061 promissio
2652 990 2972 1059 simpliciter
2997 1002 3308 1064 exspectata
3336 995 3474 1068 [Al.,

1894 1083 2211 1152 suppliciter
2237 1081 2575 1155 adimpleta].
2620 1082 2725 1149 Qui
2753 1084 2941 1138 senior
2975 1087 3311 1143 comminans
3338 1088 3473 1144 mihi

1892 1173 2009 1229 lucc
2056 1172 2317 1229 terribilis
2358 1172 2523 1227 verba
2580 1171 2803 1228 auribus
2853 1172 3141 1229 intimabat
3179 1190 3195 1230 :
3238 1174 3473 1233 Sciendo

1894 1265 2037 1320 scias
2089 1264 2343 1334 quoniam
2394 1263 2439 1317 si
2486 1269 2685 1333 prmter
2735 1264 3153 1333 promissionem
3206 1267 3473 1335 regularis

1892 1355 2249 1411 observantia:
2287 1362 2433 1409 retro
2476 1360 2801 1411 convertens
2842 1354 3171 1423 respexeris,
3201 1361 3358 1424 aptus
3386 1371 3474 1412 re-

1890 1460 1997 1515 gno
2031 1445 2292 1500 oculorum
2330 1457 2437 1501 non
2471 1444 2601 1499 eris.
2648 1442 2875 1514 Insuper
2914 1445 3166 1514 qualibus
3193 1453 3248 1501 te
3269 1454 3471 1504 tectum

1890 1538 2134 1594 vestibus
2158 1539 2473 1594 monasterii
2503 1538 2744 1594 claustra
2763 1540 3085 1608 receperint,
3123 1539 3181 1595 in
3203 1539 3402 1598 talibus
3421 1550 3472 1599 te

1890 1628 2009 1685 fore
2038 1629 2105 1686 ab
2134 1630 2238 1686 illis
2267 1629 2657 1700 proﬁciendum
2683 1643 2967 1701 cognosce.
3008 1630 3077 1687 Et
3102 1631 3227 1703 quia
3256 1639 3310 1687 te
3334 1648 3469 1703 pan-

1891 1722 1978 1774 nis
2014 1721 2370 1789 exspoliatnm
2409 1720 2707 1789 veteribus,
2750 1722 3063 1791 pariterque
3114 1724 3469 1794 exspoliatum

1890 1810 2039 1867 vitiis
2083 1810 2391 1881 perdiderat
2417 1811 2672 1876 mundus,
2710 1811 2794 1866 fas
2829 1804 2912 1867 est
2950 1820 3014 1867 ut
3040 1821 3273 1884 utroque
3310 1829 3467 1871 suum

203 1917 261 1967 ct
286 1911 521 1980 puritate
547 1928 658 1967 sua:
686 1914 1030 1969 conscientia:
1059 1913 1290 1969 clericus
1318 1912 1514 1982 poterit
1549 1911 1787 1967 fratrum

1892 1904 2143 1957 vestitum
2188 1901 2417 1969 recipiat
2454 1914 2696 1966 servum,
2731 1901 2802 1957 ad
2830 1902 3182 1971 ignominiam
3225 1905 3470 1961 omnium

205 2005 495 2060 consortiis
533 2004 774 2072 misceri,
806 2006 1103 2061 secundum
1127 2005 1270 2074 quod
1314 2004 1528 2059 abbatis
1555 2003 1642 2057 vel
1680 2002 1789 2060 fra-

205 2104 349 2153 trum
401 2097 731 2167 optimorum
780 2098 1054 2152 censuerit
1101 2095 1417 2150 deliberatio
1459 2094 1784 2151 faciendum.

275 2184 343 2242 Et
367 2189 413 2241 si
432 2186 611 2241 habita
634 2203 807 2242 secum
828 2186 1199 2241 deliberatione
1220 2184 1515 2255 promiserit
1536 2199 1590 2238 se
1613 2184 1789 2238 omnia

205 2276 490 2342 custodire,
518 2285 566 2331 et
587 2286 775 2331 cuncta
800 2277 899 2331 sibi
929 2278 1185 2345 imperata
1205 2291 1431 2339 servare,
1468 2285 1592 2329 tunc
1624 2275 1789 2330 susci-

200 2370 383 2441 piatur
405 2370 460 2424 in
480 2372 894 2440 congregatione,
913 2370 1081 2425 sciens
1103 2368 1212 2440 lege
1234 2368 1425 2440 regula!
1449 2371 1788 2425 constitutum

202 2460 345 2532 quod
374 2462 420 2515 ei
456 2478 519 2515 ea:
546 2460 642 2516 illa
678 2461 762 2515 die
799 2478 905 2515 non
942 2461 1093 2515 liceat
1128 2460 1193 2514 de
1231 2462 1549 2515 utonasterio
1589 2461 1785 2531 egredi,

202 2565 299 2606 nec
317 2548 511 2608 collum
532 2560 770 2605 excutere
789 2550 853 2605 de
874 2549 968 2604 sub
979 2550 1112 2620 jugo
1140 2550 1354 2621 regulw,
1380 2562 1541 2622 quam
1560 2551 1656 2605 sub
1679 2560 1788 2605 tam

202 2657 415 2697 morosa
453 2641 824 2697 deliberatione
875 2642 1022 2699 licuit
1080 2659 1319 2697 recusare
1373 2654 1464 2697 aut
1501 2644 1784 2712 suscipere.

203 2731 400 2791 Habita
428 2736 570 2791 eriiin
607 2735 675 2790 ab
702 2735 950 2791 habendo
978 2744 1223 2790 vocatur.
1251 2735 1582 2791 Deliberatio
1605 2746 1788 2792 autem

204 2824 487 2880 meditatio
514 2826 596 2881 vel
639 2828 894 2883 tractatio
929 2825 1146 2883 dicitur.
1199 2827 1340 2897 Ergo
1373 2828 1558 2883 habita
1587 2828 1788 2885 delibe-

205 2917 347 2977 ratio
373 2917 487 2986 jam
518 2918 739 2973 deﬁnita
770 2926 854 2974 est
884 2920 1217 2975 retractatio.
1250 2921 1327 2975 De
1356 2922 1459 2977 hac
1484 2920 1628 2975 enim
1666 2936 1789 2976 sen-

207 3011 375 3067 tentia
404 3010 624 3080 quidam
665 3011 921 3079 magister
962 3012 1355 3067 monachorum
1390 3013 1467 3065 ait
1502 3031 1515 3065 :
1552 3013 1667 3079 Qua
1704 3028 1789 3067 re-

206 3102 329 3173 gula
367 3102 420 3156 in
458 3102 690 3157 lectione
727 3102 930 3157 novitio
966 3102 1201 3172 expleta,
1248 3105 1570 3172 respondeat
1606 3106 1658 3159 ei
1685 3106 1789 3159 hoc

1890 1994 1949 2050 in
1972 2002 2233 2064 perpetuo
2259 1995 2604 2051 servandum.
2634 1994 2747 2065 Ego
2774 2003 2955 2050 autem
2981 1996 3237 2052 Davidioo
3256 1996 3474 2057 confor-

1890 2092 2037 2141 tatus
2077 2085 2328 2153 exemplo
2373 2085 2605 2142 Domino
2653 2086 2897 2142 clamans
2947 2088 3158 2143 aiebam
3192 2105 3207 2142 :
3247 2086 3474 2161 Propter

1888 2181 2045 2236 verba
2105 2180 2368 2237 labiorum
2421 2191 2637 2236 tuorum
2691 2198 2786 2253 ego
2834 2183 3091 2239 custodiri
3141 2185 3255 2240 uias
3307 2186 3473 2243 duras

1889 2274 2063 2344 (Psal.
2094 2276 2230 2346 xvi),
2259 2276 2563 2333 certissime
2587 2277 2769 2333 sciens
2793 2280 2919 2349 quia
2946 2282 2991 2335 si
3015 2282 3289 2353 particeps
3312 2283 3473 2340 Chri-

1890 2367 1959 2421 sti
1987 2366 2258 2436 passionis
2287 2366 2459 2432 fuero,
2495 2375 2551 2423 et
2589 2370 3005 2426 resurrectionis
3031 2386 3147 2427 ero.
3188 2373 3284 2429 His
3310 2382 3367 2430 et
3398 2376 3473 2431 si-

1887 2458 2111 2513 milibus
2146 2458 2344 2514 divinis
2382 2458 2722 2515 confortatus
2758 2461 2957 2516 divinis
3001 2463 3258 2531 oraculis,
3289 2466 3471 2523 omnia

1889 2564 1977 2604 me
2005 2558 2323 2606 constanter
2350 2552 2557 2621 perpeti
2581 2567 2681 2621 pro
2705 2552 2815 2607 vita
2851 2553 3211 2623 profitebatur
3245 2565 3467 2615 aeterna.

1888 2642 2041 2699 Hanc
2074 2653 2317 2699 nostram
2345 2659 2573 2700 cernens
2596 2645 2761 2700 Pater
2786 2648 3166 2713 constantiam,
3193 2656 3279 2704 ter
3307 2650 3472 2717 jussit

1889 2733 1943 2789 in
1972 2749 2118 2789 anno
2153 2748 2253 2803 per
2285 2734 2532 2789 ordinem
2572 2735 2730 2789 nobis
2775 2735 2972 2806 legere,
3003 2739 3316 2809 pariterque
3355 2749 3469 2797 tra-

1887 2825 2019 2881 dere
2049 2825 2291 2896 regnlam
2325 2842 2450 2881 cum
2476 2826 2869 2897 protestatione
2903 2831 3173 2886 monentis
3202 2840 3363 2903 atque
3388 2834 3473 2892 dii.

1886 2920 2098 2976 uentis:
2128 2922 2269 2976 Ecce
2305 2922 2390 2977 lex
2418 2923 2518 2977 sub
2542 2938 2649 2993 qua
2678 2923 2912 2981 militare
2936 2926 3039 2981 vis.
3094 2924 3150 2981 Si
3178 2935 3333 2998 potes
3364 2928 3465 2983 ob-

1887 3026 2135 3073 servare.
2187 3016 2509 3085 ingredere;
2563 3017 2608 3072 si
2662 3032 2776 3089 non
2814 3026 3000 3088 potes,
3047 3017 3189 3075 liber
3230 3020 3465 3080 discede.

1888 3103 2003 3160 Hoc
2050 3120 2185 3175 ergo
2223 3106 2413 3161 videns
2458 3108 2927 3164 ordinatissimum
2978 3116 3140 3181 atque
3192 3124 3471 3171 morosum

207 3194 383 3265 primo
406 3194 597 3257 abbas,
636 3209 741 3249 non
772 3194 915 3249 forte
938 3210 1060 3249 eum
1089 3210 1248 3263 posse
1275 3196 1565 3250 constituta
1592 3196 1789 3266 regula:
1817 3246 1863 3271 η
1891 3195 2024 3249 mihi
2053 3196 2284 3263 spatium
2312 3197 2650 3261 attributum,
2686 3199 3043 3270 dubitationis
3074 3201 3222 3257 aditu
3250 3212 3473 3271 praeter-

1810 3246 1863 3310 C

208 3299 551 3343 conservare.
580 3283 715 3340 Cum
738 3301 864 3341 vero
894 3285 981 3339 ille
1008 3286 1202 3341 dixerit
1234 3301 1391 3356 posse
1417 3303 1477 3342 se
1502 3288 1570 3343 ad
1604 3288 1789 3342 omnia
1811 3283 1860 3310 υ
1892 3287 2083 3350 misso,
2112 3293 2175 3340 ut
2201 3301 2287 3340 me
2311 3296 2494 3342 vestro
2518 3289 2630 3357 jam
2661 3284 2877 3360 coipori
2912 3292 3123 3347 sociare
3152 3292 3471 3365 dignemini,

208 3379 450 3444 obedire,
492 3388 549 3433 et
581 3380 766 3435 omnia
809 3378 1017 3433 abbatis
1053 3379 1238 3435 verbis
1269 3381 1527 3449 praedicta
1567 3397 1691 3435 eum
1730 3396 1790 3436 se

208 3470 550 3539 responderit
579 3485 749 3526 novus
785 3469 953 3525 frater
978 3486 1216 3538 servare,
1246 3484 1304 3528 et
1334 3472 1404 3527 ad
1429 3473 1611 3527 omnia
1645 3472 1791 3528 facto

210 3576 331 3618 esse
366 3571 649 3632 paratum;
684 3570 741 3618 et
774 3562 820 3616 si
861 3562 1136 3631 professus
1168 3562 1335 3618 fuerit
1371 3578 1431 3619 se
1468 3564 1652 3619 omnia
1691 3564 1792 3618 im-

207 3655 518 3727 pleturum,
560 3663 690 3711 tunc
721 3656 1024 3726 excipiatur
1055 3656 1110 3713 in
1149 3658 1565 3728 congregatione
1602 3672 1793 3713 mona-

210 3750 459 3807 chorum.
508 3749 779 3819 Exceptus
809 3764 939 3805 vero
967 3765 1136 3820 usque
1162 3749 1227 3805 ad
1252 3748 1481 3806 mortem
1504 3765 1657 3806 suam
1690 3764 1793 3806 nec

207 3849 504 3912 praesumat
525 3856 622 3896 nec
646 3842 988 3911 permittatur
1008 3842 1079 3898 de
1099 3842 1428 3897 monasterio
1454 3841 1636 3912 egredi
1664 3856 1793 3912 pre-

210 3940 334 4003 pter
369 3931 499 3995 illud
532 3933 947 4004 propheticum:
976 3929 1146 3989 Unam
1166 3932 1293 4003 petii
1333 3948 1366 3986 α
1385 3931 1628 3997 Domino,
1655 3933 1791 3988 hanc

212 4025 494 4095 requiram,
519 4034 575 4079 ut
603 4024 883 4079 inhabitant
923 4024 979 4081 in
1004 4025 1165 4081 deus
1182 4022 1397 4081 Domini
1418 4023 1656 4079 omnibus
1681 4023 1792 4078 die-

211 4118 309 4173 bus
334 4115 448 4171 vita:
470 4132 599 4172 mete
632 4113 806 4188 (Psal.
839 4116 1009 4185 xxvi).

287 4206 663 4280 Suscipiendus
715 4216 891 4261 autem
936 4207 996 4260 in
1037 4205 1273 4265 oratorio
1325 4218 1509 4258 comas
1554 4202 1792 4259 omnibus

211 4300 485 4371 promittat
520 4298 585 4355 de
622 4298 907 4354 stabilitate
943 4314 1081 4364 sua,
1124 4308 1175 4352 et
1214 4298 1546 4352 conversione
1582 4312 1790 4351 morum

212 4408 453 4457 suorum,
489 4401 538 4447 et
574 4392 865 4449 obedientia
903 4408 1081 4447 coram
1104 4391 1213 4447 Deo
1253 4399 1301 4446 et
1338 4391 1537 4445 sanctis
1567 4390 1701 4461 ejus,
1733 4399 1792 4445 ut

212 4484 263 4540 si
298 4483 582 4555 aliquando
607 4484 759 4539 aliter
780 4483 979 4554 fecerit,
1002 4483 1068 4539 ab
1094 4499 1157 4537 eo
1175 4500 1230 4537 se
1257 4481 1619 4537 damnandum
1661 4482 1793 4536 sciat

212 4593 369 4650 quem
393 4578 596 4633 irridet.
646 4576 941 4633 Promittat
975 4585 1152 4633 autem
1182 4584 1239 4631 et
1274 4576 1418 4631 dicat
1456 4577 1563 4631 hoc
1591 4577 1784 4631 modo:

213 4669 331 4742 Ego
353 4670 447 4726 ille
472 4671 526 4727 in
552 4672 654 4726 hoc
679 4669 1011 4725 monasterio
1033 4670 1206 4725 sancti
1235 4668 1377 4723 illius
1401 4668 1659 4737 promitto
1682 4676 1790 4722 sta-

212 4764 481 4821 bilitatem
522 4779 731 4829 meam,
758 4772 815 4823 et
840 4756 1251 4819 conversionem
1283 4778 1495 4819 morum
1522 4776 1788 4830 meorum,

212 4863 275 4911 et
302 4854 667 4910 obedientiam
713 4854 1007 4912 secundum
1048 4854 1291 4925 regulam
1336 4853 1481 4909 beati
1513 4852 1791 4908 Benedicti

215 4958 405 5003 coram
432 4944 546 5002 Deo
572 4951 627 5000 et
659 4946 862 5002 sanctis
889 4944 1029 5016 ejus.
1073 4944 1317 5015 Cumque
1344 4944 1449 4999 hac
1474 4960 1534 4999 se
1557 4945 1792 5016 promis-

210 5038 370 5096 sione
403 5038 750 5104 astrinxerit,
792 5038 1110 5109 subjiciatur
1140 5038 1343 5109 regulis
1386 5038 1792 5109 suprascriptis,

210 5147 318 5208 per
364 5134 628 5211 bonorum
676 5146 901 5204 operum
949 5133 1273 5188 industriam
1323 5133 1648 5204 Quandoque
1692 5134 1797 5189 Bo-

212 5225 370 5285 mino
412 5227 728 5297 placiturus.
776 5222 931 5293 Quod
975 5225 1026 5281 si
1072 5223 1358 5295 aliquando
1388 5224 1545 5281 aliter
1583 5225 1790 5292 fecerit,

216 5318 281 5376 id
314 5326 432 5386 est,
470 5332 505 5375 a
534 5316 769 5390 regulari
796 5317 906 5371 vita
935 5314 1120 5372 volens
1150 5313 1491 5380 discesserit,
1529 5329 1560 5369 a
1590 5314 1701 5371 Deo
1737 5330 1796 5371 se

214 5411 609 5477 damnandum,
639 5425 799 5481 (piem
828 5409 1038 5473 irridet,
1068 5408 1225 5464 sciat.

292 5502 373 5560 De
391 5519 496 5574 qua
517 5502 857 5575 promissione
885 5516 983 5555 sua
1008 5499 1171 5570 faciat
1193 5497 1489 5571 petitionem
1518 5499 1588 5553 ad
1610 5514 1796 5555 nomen

218 5605 527 5653 sanctorum
563 5610 786 5668 quorum
818 5591 1050 5663 reliquid:
1077 5590 1148 5645 ibi
1179 5599 1323 5657 sunt,
1356 5599 1403 5659 et
1434 5590 1635 5645 abbatis
1665 5604 1800 5662 pra-

221 5693 410 5748 sentis.
461 5690 590 5758 Qua:
640 5688 831 5759 petitio
867 5685 970 5740 hoc
1009 5692 1196 5751 tenore
1246 5684 1457 5740 dicatur
1493 5699 1523 5737 a
1561 5683 1794 5737 novitio:

224 5785 580 5842 Ilionachatus
638 5781 743 5837 mei
792 5778 1097 5834 tirocinium
1161 5775 1447 5845 diligenter
1491 5774 1797 5842 attendens,

221 5880 513 5938 considero
552 5878 703 5951 quod
729 5872 974 5947 petitioni
1022 5885 1161 5928 meae
1196 5870 1429 5941 primum
1472 5885 1582 5927 non
1628 5868 1802 5925 facilis

1891 3376 2319 3447 lacrymabiliter
2363 3379 2604 3450 rogitans
2646 3381 2898 3451 deposco.
2950 3382 3062 3453 Ego
3089 3397 3219 3440 vero
3257 3402 3474 3447 mecum

1884 3467 2001 3539 jam
2057 3467 2373 3524 salvationis
2421 3470 2811 3527 deliberatione
2874 3473 3164 3531 salubriter
3211 3478 3473 3550 adhibita,

1891 3559 2150 3631 promitto
2178 3574 2269 3615 me
2301 3560 2356 3614 in
2386 3560 2640 3617 omnibus
2677 3561 2877 3634 regulas
2917 3566 3214 3635 custodire,
3244 3568 3475 3631 Domino

1882 3647 2136 3719 iuvante,
2178 3650 2457 3717 instituta,
2504 3652 2839 3724 libenterque
2867 3657 3077 3714 abbatis
3114 3660 3219 3715 mei
3257 3676 3477 3723 servare

1889 3751 2187 3815 praecepta,
2215 3742 2555 3815 fratrumque
2595 3743 2864 3816 majorum
2901 3751 3110 3808 eunetis
3130 3752 3358 3811 Domino
3395 3756 3478 3812 fa-

1888 3844 2053 3891 vente
2094 3835 2475 3905 obtemperare
2518 3837 2812 3904 mandatis,
2849 3846 2908 3894 et
2948 3850 3174 3911 propter
3211 3853 3473 3905 aeternam

1890 3927 2202 3983 libertatem
2237 3927 2451 3997 legibus
2486 3926 2649 3997 hujus
2696 3930 2900 4002 reguke
2924 3933 3178 4005 deinceps
3207 3950 3292 3994 me
3316 3939 3476 4010 poni-

1891 4034 2021 4075 eeor
2045 4016 2278 4074 ﬁdeliter
2301 4018 2622 4089 mancipari,
2656 4020 2734 4075 ita
2764 4029 2824 4076 ut
2849 4037 2956 4079 non
2980 4022 3095 4092 jam
3121 4027 3254 4083 mibi
3280 4042 3346 4085 ex
3372 4030 3476 4090 hac

1890 4111 1981 4167 die
2017 4110 2178 4166 liceat
2208 4111 2393 4182 egredi
2436 4112 2503 4166 de
2538 4115 2896 4180 monasterio,
2936 4116 3241 4189 collumque
3279 4121 3346 4179 de
3373 4124 3475 4181 sub

1890 4200 2091 4273 regulas
2127 4209 2384 4257 excutere
2413 4199 2575 4273 iugo,
2612 4206 2756 4275 quod
2795 4204 2898 4261 sub
2922 4208 3103 4263 annali
3137 4211 3355 4281 optione
3381 4225 3477 4275 aut

1890 4307 2155 4349 caenare
2178 4293 2350 4360 licuit,
2379 4301 2473 4349 aut
2500 4295 2807 4366 suscipere;
2840 4296 2937 4354 sed
2961 4307 3022 4354 ut
3047 4300 3304 4370 praefatus
3329 4318 3472 4377 sum,

1891 4386 2039 4443 ornni
2080 4386 2431 4443 excusatione
2463 4389 2785 4459 postposita,
2815 4389 3077 4461 promitto
3119 4394 3471 4459 stabilitatem

1892 4478 2228 4541 monasterii,
2284 4493 2607 4549 morumque
2650 4495 2896 4537 meorum
2940 4487 3371 4559 conversionem,
3417 4500 3475 4549 et

1813 4610 1872 4673 Dp
1894 4577 2117 4673 propter
2148 4568 2502 4641 professionis
2533 4584 2671 4627 more
2695 4574 2996 4641 servitium,
3024 4584 3080 4633 et
3104 4578 3231 4636 vita
3257 4590 3474 4643 aeterna

1869 4662 2191 4732 praemium,
2226 4670 2537 4734 metumque
2571 4664 2830 4735 gehennae
2850 4673 3053 4723 sancta:
3090 4684 3177 4726 me
3212 4672 3475 4732 obedien-

1892 4759 1983 4811 tia:
2008 4770 2191 4811 coram
2221 4757 2333 4812 Deo
2357 4766 2413 4813 et
2439 4756 2641 4829 angelis
2668 4755 2785 4825 eius
2811 4757 3089 4817 lmmiliter
3114 4762 3472 4823 militaturum

1895 4848 2145 4918 subjicio.
2178 4848 2248 4904 Et
2270 4855 2331 4903 ut
2349 4848 2467 4904 haec
2485 4850 2863 4920 promissionis
2882 4866 3018 4909 mea:
3044 4855 3235 4925 petitio
3262 4870 3294 4913 a
3320 4858 3474 4917 vobis

1897 4940 2129 4996 ﬁrmiter
2162 4947 2429 5005 teneatur,
2463 4939 2531 4996 ad
2556 4955 2752 4997 nomen
2788 4950 3097 5001 sanctorum
3124 4960 3354 5017 quorum
3383 4946 3475 5009 hic

1896 5033 2141 5104 reliquiae
2182 5032 2554 5100 continentur,
2603 5042 2662 5090 et
2705 5039 2991 5106 praesentis
3039 5036 3285 5110 abbatis,
3333 5041 3479 5104 illius

1901 5125 2037 5199 [ΑΙ.,
2066 5124 2197 5198 illis]
2241 5125 2606 5196 conscriptam
2647 5128 2962 5197 petitionem
3004 5129 3159 5185 trado
3199 5131 3253 5187 in
3281 5147 3479 5208 perpe-

1900 5224 2054 5271 tuum
2102 5216 2424 5280 habendam,
2476 5224 2534 5271 et
2577 5232 2740 5273 mam:
2786 5230 2908 5274 mea
2952 5218 3266 5276 roboratam
3311 5236 3478 5294 super

1900 5309 2071 5365 altare
2099 5323 2262 5379 pono,
2288 5310 2392 5364 hoc
2418 5308 2474 5364 in
2498 5311 2835 5366 monasterio
2849 5309 3159 5381 perenniter
3178 5311 3475 5373 observan-

1902 5400 2049 5457 dam.
2082 5398 2237 5455 Unde
2267 5406 2324 5455 et
2350 5400 2626 5470 sequitur:

1974 5487 2148 5555 Quam
2168 5489 2465 5560 petitionem
2488 5506 2652 5547 manu
2673 5505 2773 5545 sua
2791 5486 3006 5556 scribat,
3031 5498 3125 5545 aut
3150 5501 3289 5549 certe
3306 5495 3354 5550 si
3374 5512 3478 5554 non

1899 5584 2000 5640 scit
2024 5583 2247 5651 litteras,
2274 5583 2409 5639 alter
2428 5585 2495 5640 ab
2514 5601 2581 5639 eo
2596 5592 2809 5655 rogatus
2832 5581 3046 5651 scribat,
3071 5591 3119 5638 et
3139 5583 3229 5640 ille
3248 5590 3477 5646 novitius

1901 5682 2109 5752 signum
2139 5680 2326 5751 faciat,
2354 5689 2406 5735 et
2437 5694 2601 5735 manu
2630 5692 2729 5733 sua
2761 5692 2877 5732 eam
2909 5690 3069 5748 super
3096 5676 3264 5735 altare
3291 5689 3474 5751 ponat.

1902 5773 2039 5830 Hinc
2065 5782 2121 5830 et
2151 5774 2278 5830 alibi
2315 5773 2577 5843 scriptum
2618 5769 2867 5841 legimus.
2918 5769 2978 5826 Si
3015 5785 3138 5827 cum
3174 5773 3338 5829 rebus
3365 5774 3478 5830 suis

1901 5866 2173 5925 introierit
2196 5866 2452 5933 novitius,
2478 5873 2609 5920 tunc
2629 5861 2721 5918 ille
2741 5862 2922 5920 brevis
2943 5862 3029 5918 vel
3054 5863 3274 5920 donatio
3293 5874 3478 5924 rerum
3532 5906 3539 5907 κ
