3994 6498
706 420 809 477 903

1983 407 2210 464 SMARA
2219 407 2334 464 θοι
2372 404 2656 466 ABBATIS
3724 415 3775 475 θοι

705 545 926 588 suarum
955 530 1087 596 Deo,
1115 526 1201 582 vel
1227 523 1552 581 monasterio
1588 522 1752 585 facta,
1793 521 1960 592 ipsius
1997 520 2276 575 donatoris
2304 522 2354 582 Α
2383 523 2472 586 rit,
2517 523 2632 577 sine
2669 519 2830 576 rebus
2869 521 2981 577 suis
3021 519 3088 575 de
3125 520 3439 576 monasterio
3471 521 3545 578 vel
3573 524 3658 582 sine
3685 529 3775 589 indit

707 637 898 678 manus
943 636 1106 690 super
1150 618 1320 673 altare
1360 625 1613 686 ponatur,
1660 614 1872 668 dicente
1918 614 2036 681 ipso
2076 611 2277 667 fratre:

707 716 862 777 Ecce,
892 713 1135 774 Domine,
1175 725 1299 765 cum
1343 708 1519 762 anima
1559 721 1677 760 mea
1717 712 1774 759 et
1811 710 2128 773 paupertate
2162 717 2281 755 mea

708 805 968 876 quidquid
1010 801 1141 856 mihi
1171 798 1401 859 donasti,
1437 795 1530 850 tibi
1574 794 1891 864 reconsigno
1919 801 1974 847 et
2011 790 2196 854 oll'ero,
2228 798 2284 845 et

711 896 780 950 ibi
823 894 942 948 volo
979 901 1039 946 ut
1073 892 1179 944 sint
1223 905 1310 944 res
1343 903 1505 952 meae,
1549 887 1640 942 ubi
1682 887 1844 943 fuerit
1883 902 1988 946 cor,
2023 901 2199 940 meum
2229 893 2284 940 et

708 987 912 1049 anima,
941 985 1042 1040 sub
1069 989 1333 1054 potestate
1381 989 1556 1034 tamen
1604 977 1915 1033 monasterii
1949 985 2011 1031 et
2048 976 2277 1037 abbatis,

707 1092 869 1147 quem
904 1075 1058 1138 mihi,
1091 1073 1334 1137 Domine,
1375 1073 1428 1126 in
1462 1071 1580 1125 vice
1607 1077 1698 1125 tua
1738 1069 2030 1124 timendum
2067 1083 2281 1138 praepo-

707 1171 813 1233 nis,
841 1183 962 1223 cum
993 1168 1042 1223 ei
1071 1166 1207 1221 dicis
1233 1183 1246 1218 :
1275 1163 1379 1231 Qui
1402 1181 1488 1218 uos
1517 1161 1688 1228 audit,
1712 1177 1793 1215 me
1817 1161 1983 1226 audit,
2010 1167 2057 1214 et
2079 1160 2169 1228 qui
2195 1176 2282 1214 vos

709 1261 923 1333 spernit,
957 1277 1036 1338 me
1057 1259 1250 1330 spernit
1281 1256 1431 1330 (Luc.
1458 1254 1534 1325 ιι).

782 1351 954 1416 Quum
974 1350 1099 1403 dum
1121 1350 1372 1419 posuerit,
1394 1347 1610 1417 incipiat
1628 1347 1736 1415 ipse
1758 1345 1981 1398 novitius
2004 1360 2125 1397 mox
2146 1344 2282 1397 hunc

703 1457 931 1499 versum:
948 1441 1160 1511 Suscipe
1172 1441 1519 1505 me,Domine.
1534 1439 1821 1494 secundum
1833 1438 2094 1508 eloquium
2112 1448 2279 1503 tuum,

704 1543 753 1589 et
793 1534 981 1597 vivam,
1007 1542 1055 1585 et
1088 1519 1190 1586 non
1221 1531 1514 1600 confundas
1555 1548 1635 1584 me
1671 1531 1736 1584 ab
1759 1530 2135 1597 exspectatione
2169 1545 2282 1582 mea

641 1626 648 1632 ’
707 1623 879 1696 (Psal.
910 1623 1118 1686 cxvm).
1165 1621 1326 1689 Quem
1360 1639 1563 1687 versum
1589 1624 1755 1676 omnis
1776 1622 2108 1692 congregatio
2131 1621 2281 1674 tertio

707 1715 1035 1785 respondeat,
1064 1715 1427 1785 adjungentes,
1451 1708 1634 1769 Gloria
1665 1715 1833 1769 Patri.
1863 1714 2007 1768 Tunc
2039 1714 2146 1785 ipse
2173 1713 2282 1783 fra-

707 1817 786 1860 ter
810 1806 1035 1860 novitius
1060 1815 1419 1876 prosternatur
1449 1804 1773 1876 singulorum
1794 1805 2029 1875 pedibus,
2059 1814 2113 1858 ut
2137 1811 2282 1858 orent

2381 615 2556 682 gentia
2586 621 2928 683 peccatorum
2962 628 2992 665 a
3018 610 3130 666 Deo
3158 611 3404 668 discedat.

2455 706 2509 761 Μ
2513 722 2580 760 os:
2603 722 2723 774 ergo
2755 705 2808 758 in
2831 704 3065 758 oratorio
3087 716 3306 758 eruatur
3327 706 3464 760 rebus
3483 711 3772 781 propriisque“

2380 796 2595 850 vestitus
2616 805 2710 857 est,
2736 804 2784 848 et
2804 794 3058 848 induatur
3079 794 3230 848 rebus
3252 799 3538 851 monasterii.
3575 800 3645 856 Hic
3669 817 3772 868 suum,

2383 897 2444 940 ut
2464 887 2597 942 mihi
2620 884 2851 949 videtur,
2877 886 2922 940 si
2948 885 3003 939 in
3029 884 3206 938 laicali
3227 886 3403 939 habitu
3422 895 3507 950 est,
3529 889 3644 957 prius

2384 987 2491 1042 tur,
2514 987 2569 1033 et
2590 977 2668 1033 sic
2692 977 2931 1032 vestibus
2953 975 3271 1030 monasterii
3301 976 3542 1032 induatur.
3565 978 3664 1036 Hinc
3676 987 3774 1052 ctqui-
3840 975 3841 1032 ἲ

2384 1070 2506 1124 dam
2529 1069 2782 1138 antiquus
2816 1068 3204 1122 monachorum
3245 1069 3482 1136 magister
3505 1070 3565 1123 ait
3585 1085 3597 1123 :
3616 1072 3773 1145 Cunap

2384 1163 2762 1220 cum'czeteris
2797 1159 3058 1215 fratribus
3099 1159 3474 1229 inculpabiliter
3514 1162 3558 1215 in
3588 1167 3773 1221 monasterio

2383 1259 2650 1328 integrum
2672 1269 2872 1309 annum
2902 1251 3227 1322 impleverit,
3251 1260 3372 1306 tunc
3394 1252 3574 1306 demum
3591 1255 3671 1307 sine
3685 1255 3771 1322 aliqu

2385 1350 2719 1406 dubitatione
2755 1347 3065 1411 tondeatur,
3095 1344 3180 1398 vel
3203 1345 3251 1400 ei
3292 1345 3448 1398 sancti
3474 1346 3668 1413 propositi
3687 1359 3772 1402 rests

2385 1445 2680 1494 mutentur.
2723 1436 2860 1491 Hinc
2888 1445 2945 1491 et
2971 1435 3268 1490 Cassianus
3293 1435 3449 1489 dicit:
3474 1433 3582 1490 Cum
3603 1452 3687 1492 vero
3703 1455 3771 1493 me

2383 1539 2508 1601 ptns
2545 1528 2668 1598 quis
2708 1529 2761 1582 in
2807 1527 3138 1582 monasterio
3187 1525 3360 1589 fuerit,
3406 1527 3472 1580 ita
3511 1526 3678 1582 ﬁdeliter
3703 1533 3770 1584 ora

2383 1621 2611 1691 pristina
2643 1617 2897 1674 facultate
2924 1618 3180 1683 nudetur,
3208 1626 3266 1671 ut
3290 1632 3354 1672 ne
3380 1617 3529 1687 ipsum
3550 1618 3768 1673 indumenta

2385 1727 2493 1782 quo
2522 1727 2552 1766 a
2583 1709 2779 1766 saeculo
2804 1711 2950 1764 venit
2979 1710 3223 1773 indutus,
3248 1708 3433 1762 habere
3464 1707 3641 1778 amplius
3656 1712 3770 1778 pennit-

2386 1816 2562 1872 tatur;
2601 1807 2694 1861 sed
2733 1807 2784 1860 in
2822 1805 3001 1860 medio
3025 1803 3318 1874 productus
3349 1812 3547 1858 ematur
3570 1804 3770 1872 propriae

704 1913 798 1966 pro
830 1912 890 1950 eo
914 1916 932 1954 :
958 1905 1007 1949 et
1020 1897 1137 1966 jam
1165 1912 1228 1949 ea:
1262 1895 1355 1950 illa
1379 1895 1465 1950 die
1495 1897 1550 1950 in
1578 1897 1973 1966 congregatione
1995 1905 2278 1963 reputetur.
2311 1888 2359 1949 Β
2386 1916 2481 1972 per
2509 1915 2702 1954 manus
2732 1897 2942 1953 abbatis
2978 1897 3238 1951 induatur
3263 1894 3550 1966 monasterii
3565 1895 3767 1947 vestimentis

707 1989 818 2044 Vox
857 1988 1169 2058 paenitentis
1202 1997 1257 2042 et
1297 1989 1364 2041 ad
1393 1988 1560 2042 Deum
1609 1988 1974 2042 convertentis
2021 1994 2126 2049 est,
2159 2001 2280 2055 quae

702 2081 835 2136 dicit
862 2098 874 2134 :
901 2078 1114 2150 Suscipe
1151 2097 1250 2144 me,
1297 2080 1534 2144 Domine,
1577 2080 1862 2134 secundum
1907 2079 2192 2151 eloquium,
2233 2088 2282 2133 et

702 2173 891 2236 vivam,
913 2180 1017 2246 etc_.
1047 2171 1149 2237 Qui
1175 2172 1317 2226 enim
1346 2173 1620 2242 peccando
1646 2170 1800 2242 longe
1838 2189 1867 2226 a
1891 2170 2002 2225 Deo
2033 2172 2280 2238 recessit,

702 2273 757 2318 et
782 2265 924 2319 velut
957 2274 1201 2319 mortuus
1239 2281 1268 2318 a
1301 2266 1606 2334 cognitione
1632 2265 1722 2319 Dei
1753 2265 1910 2336 longo
1939 2281 2036 2318 usu
2076 2265 2127 2319 in
2164 2281 2282 2335 pec-

703 2356 807 2410 cati
855 2355 1105 2426 sepulcro
1149 2355 1326 2420 latuit,
1370 2357 1681 2426 paenitendo
1717 2357 1914 2411 iterum
1947 2357 2277 2422 humiliatur,

701 2452 758 2501 et
786 2453 844 2498 ut
873 2453 1121 2516 receptus
1153 2445 1204 2500 in
1230 2456 1489 2502 aeternum
1517 2447 1682 2511 vivat,
1712 2445 1965 2502 ﬂebiliter
1994 2448 2282 2502 Dominum

702 2537 1038 2606 deprecatur.
1107 2537 1262 2594 Unde
1305 2548 1362 2594 et
1405 2539 1636 2593 fratrum
1686 2539 1926 2594 omnium
1979 2548 2278 2610 prostratus

631 2701 633 2704 ι
701 2627 945 2697 pedibus,
987 2644 1086 2697 pro
1125 2644 1183 2683 se
1223 2644 1380 2685 orare
1422 2645 1515 2684 eos
1564 2630 1797 2700 rogitare
1835 2630 1994 2685 debet
2033 2632 2284 2686 assiduus

703 2719 866 2774 etiam
900 2719 951 2773 in
982 2720 1397 2791 congregatione
1435 2721 1709 2790 deceptus.
1749 2721 1884 2777 Hinc
1912 2722 2130 2791 quidam
2168 2739 2284 2778 mo-

703 2810 998 2865 nachorum
1041 2812 1297 2882 magister
1335 2812 1413 2866 ait
1440 2830 1453 2865 :
1477 2812 1604 2867 Post
1643 2814 1759 2868 haec
1797 2814 1938 2869 dicta
1983 2815 2127 2869 dicat
2171 2816 2284 2884 ipse

706 2900 939 2957 novitius
976 2902 1146 2956 frater
1188 2903 1589 2971 responsorium
1627 2905 1768 2959 hoc:
1808 2902 2022 2975 Suscipe
2044 2922 2142 2967 me,
2179 2906 2284 2960 Do-

711 2994 868 3058 mine,
895 2994 1180 3048 secundum
1202 2994 1407 3048 verbum
1432 3005 1600 3058 tuum,
1617 3006 1664 3050 et
1686 2997 1877 3062 vivam,
1899 3005 2002 3051 etc.
2019 2997 2147 3051 Post
2180 2998 2284 3054 hoc

708 3083 1111 3152 responsorium
1160 3085 1290 3140 dicit
1319 3085 1486 3140 abbas
1515 3085 1657 3141 hunc
1687 3102 1896 3142 versum
1944 3105 1956 3140 :
2013 3085 2283 3156 Conﬁrma

705 3171 822 3236 hoc,
849 3171 1008 3238 Deus,
1039 3173 1176 3244 quod
1216 3184 1459 3245 operatus
1500 3193 1554 3230 es
1593 3177 1648 3230 in
1691 3177 1836 3231 nobis
1880 3174 2052 3248 (Psal.
2085 3179 2275 3250 vau).

2386 1991 2677 2046 Tondendo
2703 1997 2883 2043 autem
2914 1988 3143 2051 novitio,
3173 1986 3464 2058 priusquam
3491 1985 3768 2048 tondeatur,iac

2383 2085 2558 2141 oratio
2612 2097 2641 2136 a
2692 2081 2976 2138 sacerdote
3033 2081 3247 2135 dicatur
3290 2093 3304 2133 :
3350 2078 3548 2142 Prasta,
3585 2091 3768 2148 quasina

2384 2178 2724 2247 omnipotens
2751 2176 2913 2238 Deus,
2945 2181 3008 2228 ut
3043 2173 3183 2228 sicut
3212 2172 3301 2226 hic
3328 2169 3529 2225 famulus
3559 2177 3646 2222 tuus
3662 2181 3767 2222 eoin

2385 2270 2587 2325 amittit
2615 2268 2831 2338 capitis,
2863 2267 2993 2320 vitia
3029 2265 3211 2320 cordis
3250 2262 3398 2318 simul
3439 2261 3768 2324 amittatetoom

2387 2361 2483 2424 ris,
2513 2369 2573 2414 ut
2611 2373 2841 2428 corpore
2879 2356 3087 2426 pariter
3131 2355 3405 2408 innovatus
3437 2359 3483 2406 et
3512 2356 3655 2413 mente,
3679 2357 3766 2400 tota

2385 2449 2611 2505 feliciter
2638 2448 2814 2502 valeat
2836 2448 2890 2502 in
2917 2455 3184 2501 aeternum
3213 2455 3445 2514 regnare.
3467 2440 3562 2495 Per.

2466 2541 2560 2594 'lla
2601 2551 2774 2594 autem
2803 2538 3111 2593 vestimenta
3139 2534 3322 2606 quibus
3357 2542 3512 2588 exutus
3533 2537 3589 2584 est
3619 2539 3764 2594 reports-

2383 2643 2471 2687 tur
2489 2633 2544 2685 in
2573 2630 2813 2685 vestiario
2841 2626 3225 2691 conservanda,
3242 2634 3316 2688 ut,
3339 2625 3382 2678 si
3405 2614 3770 2692 aliquandomdttu

2383 2721 2592 2778 diabolo
2611 2719 2926 2774 consenserit
2961 2727 3020 2772 ut
3041 2717 3342 2789 egrediatur
3376 2715 3434 2767 de
3455 2701 3770 2792 monasteriaquod
3840 2789 3841 2792 η

2384 2813 2540 2875 absit,
2571 2821 2694 2865 tunc
2721 2820 2908 2865 exutus
2934 2809 3088 2863 rebus
3126 2805 3417 2863 monasterii
3451 2801 3667 2874 projicialttf.
3689 2791 3772 2846 ﬂint

2384 2903 2673 2960 Cassianus
2723 2903 2799 2957 ait
2833 2901 2962 2956 :llla
2997 2915 3134 2956 vero
3187 2914 3305 2969 qua:
3349 2894 3548 2966 deposuit
3574 2887 3769 2942 vestimenti

2381 2995 2672 3064 przeposito
2706 2993 3013 3059 tradantur,
3070 3007 3192 3063 quae
3221 2989 3396 3045 tandiu
3432 2987 3487 3041 ab
3511 2999 3559 3039 eo
3593 2985 3768 3034 serventur.

2382 3088 2553 3142 donec
2592 3085 2867 3155 profectus
2913 3083 3344 3140 conversationis
3375 3082 3473 3150 ejus
3495 3074 3767 3166 dirersistenta:

2385 3179 2621 3234 tionibus
2651 3194 2715 3233 ac
2735 3177 3150 3249 probationibus
3177 3173 3455 3232 evidentius
3488 3171 3717 3239 agnoscatur.
3738 3165 3767 3210 δι

703 3263 832 3320 Post
858 3279 1015 3334 quem
1046 3281 1259 3320 versum
1287 3269 1512 3333 dictum,
1543 3285 1665 3324 mox
1695 3271 1818 3325 data
1856 3271 1905 3324 ei
1935 3271 2002 3326 ab
2028 3249 2280 3328 omnibus
2306 3249 2353 3312 (ἶ
2385 3285 2513 3326 vero
2559 3270 2738 3340 aliqua
2768 3270 3131 3324 murmuratio
3158 3275 3250 3323 aut
3278 3261 3580 3321 inobedientia
3596 3259 3632 3310 in
3654 3251 3764 3308 enitr

705 3368 857 3424 pace,
889 3356 1158 3424 compleat
1180 3356 1367 3412 abbas.
1405 3357 1540 3414 Hinc
1564 3359 1724 3414 datur
1754 3359 1977 3430 intelligi
2008 3361 2132 3432 quia
2160 3371 2284 3431 post

702 3443 848 3499 illam
879 3443 1113 3500 Gloriam
1160 3447 1229 3501 ab
1270 3449 1522 3505 omnibus
1569 3452 1817 3522 superius
1859 3452 2058 3507 dictam
2091 3467 2282 3510 omnes

705 3539 898 3594 iterum
927 3555 1048 3594 cum
1075 3541 1168 3596 illo
1197 3543 1421 3606 novitio,
1447 3543 1681 3611 silentio,
1717 3553 1777 3600 ut
1807 3560 1923 3601 mos
1948 3556 2052 3611 est,
2083 3547 2284 3603 debent

706 3629 887 3687 dicere
924 3633 1225 3688 orationem
1253 3635 1609 3702 Dominicam,
1651 3645 1708 3692 et
1744 3637 1936 3693 abbate
1971 3639 2204 3704 dicente,
2232 3646 2282 3692 et

708 3738 771 3775 ne
806 3738 898 3776 nos
921 3721 1142 3776 inducas
1179 3724 1233 3777 in
1268 3727 1622 3792 tentationem,
1665 3742 1814 3782 more
1859 3729 2018 3784 solito
2061 3743 2282 3800 respon-

704 3811 871 3867 deant
895 3827 1106 3877 omnes,
1142 3814 1234 3868 sed
1265 3814 1430 3868 libera
1466 3833 1558 3870 nos
1594 3834 1627 3871 a
1662 3817 1802 3872 malo
1825 3832 1844 3870 :
1875 3827 1930 3873 et
1966 3827 2092 3875 tunc
2118 3834 2282 3876 orans

705 3904 875 3960 abbas
920 3921 1080 3975 super
1127 3908 1388 3963 novitium
1433 3909 1572 3965 hanc
1602 3910 1904 3966 orationem
1936 3912 2121 3969 dicat:
2153 3910 2283 3968 Sus-

703 3997 846 4069 cipe,
878 4011 1204 4065 quaesumus,
1255 3999 1496 4060 Domine,
1530 4001 1674 4057 hunc
1720 4001 1977 4057 famulum
2018 4011 2166 4058 tuum
2215 4003 2283 4060 ad

705 4097 760 4144 te
804 4089 1038 4159 procella
1073 4091 1254 4146 surculi
1292 4090 1450 4160 hujus
1485 4092 1798 4162 laqueisque
1831 4093 2028 4149 diaboli
2077 4094 2282 4165 fugien-

706 4189 833 4248 tem,
866 4190 983 4236 uta
1017 4191 1067 4237 te
1091 4193 1374 4254 susceptus
1410 4193 1466 4239 et
1521 4184 1742 4239 instanti
1787 4185 1983 4241 satculo
2021 4185 2281 4253 salvatus,

703 4282 759 4327 et
798 4273 850 4327 in
891 4271 1072 4328 futuro
1104 4289 1164 4329 se
1201 4275 1431 4346 gaudeat
1472 4291 1504 4329 a
1547 4283 1600 4330 te
1639 4275 1868 4331 feliciter
1915 4285 2277 4331 muneratum.

703 4365 826 4421 Per.
875 4368 942 4422 Et
972 4375 1098 4424 tunc
1120 4368 1306 4424 osculo
1331 4369 1580 4425 omnibus
1613 4370 1742 4424 dato
1767 4370 1933 4425 etiam
1965 4369 2019 4424 in
2057 4384 2282 4440 congre-

705 4457 919 4526 gatione
949 4468 1242 4527 reputetur.

783 4548 902 4612 Res,
925 4550 970 4604 si
995 4567 1124 4620 quas
1148 4551 1322 4616 habet,
1345 4561 1436 4604 aut
1459 4559 1631 4620 eroget
1657 4553 1802 4622 prius
1824 4552 2156 4623 pauperibus,
2183 4561 2277 4606 aut

707 4641 849 4711 facta
870 4640 1167 4696 solemniter
1198 4641 1501 4707 donatione,
1523 4621 1752 4712 conferat
1785 4621 2124 4708 monasterio,
2149 4644 2280 4698 nihil
2305 4621 2359 4682 D
2384 4646 2628 4701 similans
2671 4621 2926 4700 saeculum
2965 4645 3032 4699 ad
3066 4654 3333 4699 suasorem
3370 4632 3480 4689 ἀίει)

703 4731 805 4787 sibi
839 4747 1102 4785 reservans
1135 4749 1198 4785 ea:
1231 4733 1468 4788 omnibus
1490 4746 1508 4783 .'
1528 4732 1713 4803 quippe
1733 4735 1823 4804 qui
1856 4750 1920 4788 ea:
1952 4732 2044 4788 illo
2073 4734 2157 4788 die
2186 4751 2277 4788 nec

705 4824 903 4897 proprii
942 4825 1173 4894 corporis
1209 4837 1511 4895 potestatem
1537 4843 1592 4880 se
1615 4827 1915 4880 habiturum
1941 4829 2090 4881 sciat.
2123 4825 2278 4894 Quod

707 4920 868 4985 dicit,
911 4918 1054 4988 facta
1089 4917 1391 4973 solemniter
1436 4920 1747 4985 donatione,
1791 4919 2104 4990 intelligitur
2153 4919 2278 4974 reli-

705 5010 854 5083 giose
897 5023 1077 5063 coram
1118 5009 1346 5064 testibus
1393 5017 1449 5064 et
1503 5011 1753 5065 universa
1792 5009 2101 5064 monasterii
2147 5024 2276 5063 con-

705 5102 1066 5173 grcgratione.
1099 5099 1252 5156 Unde
1277 5109 1331 5154 et
1358 5100 1484 5154 alibi
1515 5101 1899 5155 monachorum
1923 5099 2114 5154 Patres
2134 5100 2284 5154 dixe-

677 5198 835 5258 ‘runt
863 5209 875 5243 :
903 5189 960 5244 Si
997 5190 1233 5260 aliquam
1281 5189 1516 5244 novitius
1563 5190 1616 5243 in
1656 5188 1897 5244 ccllulam
1938 5189 2168 5244 voluerit
2202 5190 2283 5244 in-

683 5267 850 5360 ;ferre
886 5283 1277 5348 substantiam,
1313 5282 1365 5336 in
1398 5296 1580 5336 mensa
1623 5291 1855 5351 ponatur
1886 5296 2069 5336 coram
2107 5281 2282 5336 omni-

633 5419 652 5439 -l
684 5359 807 5445 Ibus
835 5372 1112 5428 fratribus.
1140 5373 1275 5427 Hinc
1298 5380 1353 5427 et
1377 5371 1595 5442 quidam
1621 5372 2004 5427 monachorum
2028 5371 2282 5440 magister

650 5463 682 5517 λλ
706 5463 819 5519 ait:
849 5463 966 5521 Una
996 5479 1118 5519 cum
1149 5465 1326 5518 anima
1358 5479 1456 5518 sua
1486 5462 1596 5517 Deo
1619 5472 1674 5518 et
1699 5463 1939 5517 oratorio
1962 5461 2278 5518 monasterii

705 5568 805 5624 per
833 5554 1176 5608 donationem
1205 5551 1395 5609 oll'erat
1435 5561 1628 5618 totum,
1660 5551 2125 5609 subscribentihus
2157 5550 2279 5606 reli-

706 5644 872 5718 giosis
922 5645 1177 5710 testibus,
1225 5647 1508 5716 episcopo,
1553 5645 1868 5717 presbytero
1925 5653 1981 5700 et
2028 5643 2276 5709 diacono,

705 5735 792 5791 vel
821 5735 992 5805 ipsius
1017 5735 1276 5791 territorii
1311 5736 1474 5802 elero,
1509 5737 1640 5791 etin
1674 5736 1790 5804 ipsa
1813 5733 2062 5789 cautione
2091 5741 2279 5788 taxans

705 5826 832 5902 hoc,
856 5828 1000 5902 quod
1029 5828 1076 5886 si
1107 5827 1395 5902 aliquando
1431 5829 1762 5887 monasterio
1799 5827 2078 5890 discedere
2102 5827 2280 5885 volue-

2383 3361 2457 3416 rit
2485 3361 2848 3431 deprehensa,
2891 3368 3129 3416 ematur
3170 3354 3458 3414 monasterii
3479 3340 3767 3412 vestibusun

2382 3455 2603 3510 indutus
2632 3454 2830 3520 fuerat,
2853 3461 2910 3508 et
2929 3453 3220 3508 revestitus
3248 3450 3354 3506 suis
3379 3443 3570 3515 antiquis
3583 3445 3766 3509 quell”

2381 3548 2558 3618 posito
2591 3554 3003 3610 conservantur,
3046 3544 3193 3602 foras
3227 3539 3514 3611 expellatur,
3553 3527 3766 3602 quianoattl

2382 3617 2466 3696 fas
2492 3655 2613 3696 cum
2642 3637 2981 3694 vestimentis
3011 3634 3322 3692 monasterii
3349 3647 3455 3703 qua:
3488 3623 3640 3693 accepit
3667 3617 3765 3709 abste-

2383 3732 2529 3788 dere.
2568 3730 2705 3786 Hinc
2730 3730 2949 3800 quidam
2987 3727 3369 3784 monachorum
3395 3719 3601 3789 magister
3615 3711 3663 3765 ait
3685 3726 3692 3760 :
3713 3704 3766 3800 it-

2383 3835 2492 3880 stes
2526 3838 2654 3877 vero
2686 3820 2992 3884 saeculares,
3053 3835 3192 3890 quas
3233 3818 3352 3872 dum
3390 3818 3535 3869 munit
3557 3812 3684 3861 exutus
3710 3793 3766 3890 [ξι

2382 3917 2475 3980 rit,
2526 3929 2650 3970 cum
2691 3913 2968 3983 diligentia
3014 3912 3265 3983 repositae
3296 3883 3763 3983 conserventormmll

2383 4007 2536 4064 laicis
2555 4022 2718 4078 quam
2743 3974 2907 4063 etiam
2934 4007 3001 4061 de
3023 3974 3237 4061 ﬁrmato
3259 4013 3508 4060 converso,
3528 4007 3578 4048 ne
3602 3974 3765 4047 fortitqu

2382 4117 2488 4158 non
2520 4103 2573 4155 in
2614 4099 2888 4154 conversis
2908 4101 3216 4171 contingat,
3258 4110 3372 4151 cum
3398 4092 3455 4146 ad
3484 4101 3581 4143 suos
3595 4082 3702 4136 denuo
3721 4084 3765 4121 ἴθ’

2382 4192 2548 4247 mitus
2569 4188 2746 4245 redire
2775 4189 3027 4255 voluerit,
3065 4199 3119 4245 et
3148 4187 3321 4244 saeculi
3360 4179 3548 4252 elegerit
3576 4174 3763 4263 iterante-

2381 4281 2579 4353 pedare
2616 4281 2834 4345 itinera,
2859 4287 2914 4335 et
2944 4280 3106 4336 nullis
3142 4279 3507 4349 Scripturarum
3541 4261 3764 4353 velqmoniltt:

2383 4334 2509 4427 itum
2549 4372 2748 4441 poterit
2788 4370 3018 4426 vinculis
3064 4334 3302 4432 retineri,
3341 4351 3670 4420 reddatChristo

2383 4429 2684 4528 suum-est,
2724 4463 2776 4517 id
2817 4470 2922 4526 est,
2971 4472 3172 4518 exutus
3203 4458 3393 4516 sanctis
3429 4429 3764 4538 vestibus,

2384 4553 2498 4608 bitu
2522 4568 2697 4620 sacro,
2749 4553 2862 4609 suis
2884 4554 3085 4623 quibus
3110 4558 3324 4609 venerat
3349 4543 3540 4601 vestitus
3561 4528 3765 4623 i'estibuttt'

3481 4627 3538 4682 Oli
3577 4618 3761 4676 ηγεηθωῐι

2379 4696 3088 4806 ;;"i;;.'éh;{gii}};.dgiug
3104 4696 3315 4788 ἰιειωιιιε
3333 4723 3560 4798 polluatur
3574 4712 3612 4765 in
3628 4696 3761 4759 suum

2380 4829 2579 4898 fugaci.

2641 4929 2814 4973 tamen
2855 4918 3151 4990 petitionem
3175 4913 3301 4984 ejus,
3347 4917 3483 4978 quam
3510 4877 3761 4994 ΜΨ

2378 5013 2538 5068 abbas
2577 5011 2718 5077 tulit,
2756 4977 2867 5064 non.
2898 5009 3134 5079 recipiat,
3176 5003 3262 5059 sed
3291 5001 3340 5054 in
3369 4983 3618 5082 monasterii)

2386 5113 2490 5156 ιιιτ.
2524 5103 2647 5157 Ideo
2694 5063 2837 5157 illam
2874 5063 3182 5170 ρειίίίοηθω
3220 5093 3367 5189 βυδθὲ
3403 5071 3632 5189 “iiii:
3655 5063 3762 5189 "iis:

2386 5207 2504 5247 eam
2554 5192 2716 5246 etiam
2759 5157 3136 5253 illo.nolente,
3191 5185 3233 5241 si
3286 5173 3486 5234 voluerit
3512 5157 3750 5265 abba-iv

2384 5299 2506 5339 eum
2553 5284 2746 5338 iterum
2778 5282 2832 5336 in
2862 5279 3188 5336 monasterio
3226 5272 3472 5330 reducere,
3510 5255 3640 5369 ibiqff
3840 5263 3841 5310 ζ

2383 5384 2528 5429 ctum
2555 5381 2760 5429 tenere.
2793 5373 2898 5426 Aut
2925 5372 2969 5427 si
2996 5371 3133 5426 forte
3160 5383 3217 5422 se
3243 5358 3421 5419 dixerit
3442 5363 3538 5460 essf

2383 5427 2565 5528 chum,
2588 5427 2654 5519 ab
2670 5462 2756 5517 illa
2780 5463 3036 5532 petitione
3061 5460 3249 5522 victus,
3275 5454 3326 5508 in
3346 5440 3625 5504 monachatus
3641 5427 3728 5480 redit

2382 5561 2469 5611 tur
2489 5554 2787 5612 servitium.

2969 5620 3191 5680 CAPUT
3225 5614 3348 5674 LIX.

2449 5717 2527 5773 De
2547 5707 2688 5787 ﬁliis.
2708 5714 2957 5771 nobilium
3007 5714 3083 5771 uel
3112 5719 3379 5785 pauperum
3410 5696 3485 5772 qui

2453 5773 2656 5903 Siquis
2681 5827 2815 5900 forte
2851 5826 2924 5910 de
2947 5820 3369 5913 nobilibusoﬂ'efl
3403 5810 3541 5886 lum”
3577 5773 3754 5852 “"0”

3511 5682 3720 5759 ρίστων.
