3994 6464
149 394 261 454 905

1180 397 1535 458 COMMENT.
1574 397 1641 456 ΙΝ
1678 395 1839 456 RBG.
1880 392 1939 453 S.
1979 391 2365 453 BENEDICTI.

3304 395 3408 452 906

143 510 208 565 in
244 507 583 574 monasterio,
608 510 654 564 si
677 511 786 580 ipse
821 526 950 582 puer
976 511 1167 566 minori
1189 520 1342 567 aetate
1359 520 1454 578 est,
1493 520 1730 583 parentes
1757 513 1809 572 A
1832 515 1952 580 pter
1979 505 2075 564 Dei
2109 509 2389 565 servitium
2423 508 2478 564 in
2513 507 2900 566 monasterium
2937 507 3172 566 voluerit
3207 525 3415 566 convo-

142 599 268 671 ejus
304 599 504 668 faciant
524 601 822 671 petitionem
852 618 1009 674 quam
1028 618 1188 672 supra
1220 602 1470 658 diximus.
1522 603 1734 658 Etcum

145 689 416 746 oblatione
452 692 619 761 ipsum
660 693 958 763 petitionem
987 704 1034 748 et
1060 711 1272 748 manum
1294 695 1443 766 pueri
1471 693 1735 749 inoolvant

147 781 209 836 in
249 780 395 852 palla
445 781 652 848 altaris,
689 793 735 836 et
757 785 834 838 sic
856 801 973 838 eum
1022 786 1267 854 olferant.
1314 783 1455 839 Hinc
1502 783 1736 839 Basilius

149 875 229 928 ait
261 892 274 928 :
304 873 529 945 Oportet
553 885 731 932 tamen
779 875 1032 941 infantes,
1082 877 1358 932 voluntate
1382 885 1437 931 et
1463 892 1735 932 consensu

146 975 461 1036 parentum,
492 968 602 1023 imo
629 969 698 1023 ab
725 969 857 1038 ipsis
877 971 1192 1039 parentibus
1235 969 1468 1035 oblatos,
1501 969 1602 1025 sub
1627 977 1736 1026 tes-

148 1058 379 1114 timonio
399 1059 754 1128 plurimorum
777 1061 998 1132 suscipi,
1037 1069 1096 1115 ut
1119 1060 1298 1116 omnis
1330 1060 1544 1116 occasio
1573 1059 1739 1113 male-

146 1151 284 1206 dicti
311 1151 486 1224 gratia
514 1152 833 1208 excludatur
881 1154 1159 1209 hominum
1195 1153 1577 1224 pessimorum.
1601 1151 1736 1208 Cum

147 1251 332 1297 autem
378 1241 578 1298 fuerint
632 1245 892 1315 suscepti,
935 1245 980 1300 si
1011 1243 1152 1300 forte
1191 1245 1530 1315 propositum
1578 1259 1738 1299 suum

150 1334 479 1404 transgressi
504 1333 728 1400 fuerint,
781 1349 881 1390 nec
906 1333 1077 1389 videri
1112 1349 1206 1390 eos
1235 1343 1448 1404 oportet
1488 1333 1736 1404 amplius,

150 1433 412 1495 tanquam
447 1442 545 1484 eos
572 1428 663 1496 qui
689 1428 743 1482 in
775 1427 1005 1482 Domino
1044 1429 1413 1499 deliquerunt,
1459 1443 1568 1499 quo
1605 1436 1741 1484 teste

150 1515 514 1572 confessionis
559 1533 669 1572 sua:
707 1526 924 1589 pactum
965 1519 1289 1589 transgressi
1319 1526 1461 1573 sunt.
1520 1517 1673 1584 Quod
1695 1518 1742 1572 si

148 1609 460 1677 peccauerit,
516 1609 712 1679 inquit,
761 1611 916 1665 homo
939 1611 994 1664 in
1046 1610 1328 1676 hominem,
1372 1609 1594 1665 orabunt
1648 1627 1742 1682 pro

148 1696 265 1767 ipso
291 1697 360 1751 ad
387 1697 706 1765 Dominum;
735 1701 782 1755 si
813 1709 991 1754 autem
1023 1700 1077 1754 in
1105 1699 1271 1754 Deum
1291 1701 1600 1770 peccauerit,
1627 1702 1742 1771 quis

149 1787 322 1842 orabit
363 1805 458 1858 pro
497 1806 557 1844 eo
580 1791 606 1846 1’
632 1791 771 1847 Hinc
800 1792 1038 1848 Isidorus
1074 1793 1151 1846 ait
1182 1809 1196 1845 :
1231 1790 1548 1861 Quicunque
1577 1809 1607 1847 a
1648 1808 1744 1864 pa-

1835 595 1966 662 lare,
2019 612 2126 652 non
2164 597 2314 668 prius
2344 598 2688 669 suscipiatur,
2739 599 2864 666 nisi,
2904 607 2964 654 ut
2987 599 3234 669 superius
3274 599 3416 656 dixi~

1835 701 1978 753 mus,
2005 701 2220 743 omnem
2246 703 2277 743 a
2301 703 2360 743 se
2381 688 2746 745 obedientiam
2776 691 3088 761 promiserit
3116 691 3416 762 adimplen-

1836 776 1980 833 dam.
2027 777 2230 833 Deinde
2275 779 2598 834 conveniant
2636 789 2690 835 et
2715 790 2990 851 parentes,
3045 789 3106 836 ut
3141 791 3196 838 et
3223 797 3416 838 eorum

1836 869 1996 940 quale
2043 869 2115 924 sit
2143 880 2348 936 votum,
2399 884 2727 943 agnoscatur
2765 875 2832 928 de
2861 889 2945 930 eo.
2979 874 3131 943 Quod
3170 875 3216 930 si
3243 876 3418 948 magis

1837 959 2040 1016 iuerint
2065 963 2464 1018 consentientes
2491 963 2608 1033 ejus
2655 964 2796 1018 votis
2838 977 3108 1035 parentes,
3151 982 3419 1023 convoca-

1838 1051 1909 1106 tis
1933 1051 2014 1106 eis
2047 1051 2116 1106 ab
2144 1051 2340 1108 abbate
2385 1053 2439 1107 in
2475 1054 2884 1120 monasterium,
2947 1064 3132 1111 votum
3163 1055 3261 1112 ﬁlii
3287 1071 3421 1113 con-

1837 1140 2103 1195 verteutis
2125 1142 2446 1212 exquiratur
2471 1141 2540 1196 ab
2560 1143 2659 1206 eis,
2688 1150 2748 1196 ut
2771 1145 2840 1198 ab
2870 1143 3001 1214 ipsis
3028 1145 3209 1214 potius
3237 1145 3414 1200 videa-

1841 1239 1932 1287 tur
1969 1231 2242 1299 devoveri,
2269 1234 2354 1289 vel
2381 1234 2586 1301 oﬁ'erri,
2633 1235 2724 1307 qui
2751 1250 2876 1291 eum
2911 1245 3235 1306 genuerunt.
3283 1235 3424 1293 Cum

1841 1338 1972 1394 ergo
2000 1324 2171 1395 magis
2190 1326 2568 1394 responderint
2585 1335 2862 1396 parentes,
2892 1335 3173 1398 gratanter
3193 1344 3254 1384 se
3283 1328 3424 1385 velle

1842 1413 2136 1484 adimplere
2161 1430 2281 1485 quae
2316 1416 2480 1485 cupit,
2513 1425 2639 1472 tunc
2677 1417 2818 1474 dicat
2839 1418 2919 1474 eis
2944 1417 3112 1473 abbas
3135 1437 3149 1472 :
3171 1417 3250 1474 lta
3271 1420 3421 1476 enim

1843 1524 1942 1565 nos
1971 1508 2404 1576 considerantes,
2433 1525 2466 1565 o
2493 1519 2770 1582 parentes,
2829 1509 2979 1580 juste
3028 1512 3186 1570 vobis
3227 1529 3426 1570 secun-

1843 1602 1969 1657 dum
2010 1601 2180 1657 Deum
2216 1619 2315 1674 pro
2355 1611 2536 1658 vestro
2584 1603 2696 1659 ﬁlio
2735 1606 3049 1672 suademus,
3093 1606 3224 1661 utsi
3254 1605 3425 1663 ﬁlium

1841 1706 2082 1753 vestrum
2131 1699 2292 1769 digne
2339 1698 2449 1754 Deo
2493 1699 2691 1770 cupitis
2735 1697 2954 1766 offerre,
2988 1715 3019 1753 a
3063 1699 3259 1755 saeculo
3299 1713 3427 1755 eum

1841 1789 1992 1858 prius
2037 1788 2237 1844 exuite.
2295 1787 2447 1855 Quod
2487 1790 2531 1844 si
2562 1789 2764 1860 aliquid
2801 1788 2942 1860 apud
2978 1803 3075 1844 vos
3112 1789 3192 1845 eis
3230 1789 3430 1846 saeculo

149 1880 397 1935 rentibus
442 1883 681 1954 propriis
729 1883 783 1938 in
839 1882 1167 1938 monasterio
1219 1881 1384 1938 fuerit
1431 1883 1729 1955 delegatus,
1760 1882 1807 1940 B
1835 1881 2159 1938 remanserit
2208 1883 2662 1947 conservandum,
2699 1881 2923 1936 habebit
2952 1880 3244 1952 aliquando
3296 1879 3432 1936 titil-

151 1971 366 2026 noverit
411 1987 470 2027 se
500 1973 600 2028 sibi
645 1982 906 2045 perpetuo
939 1989 1376 2044 permansurum.
1409 1972 1544 2028 Nam
1579 1974 1732 2030 Anna

153 2059 369 2118 Samuel
419 2079 646 2134 puerum
677 2075 886 2129 natum,
919 2075 974 2122 et
1023 2065 1357 2120 abstractum
1387 2066 1497 2120 Deo
1532 2066 1734 2136 pietate

148 2154 365 2224 obtulit,
393 2159 593 2228 quique
620 2167 676 2215 et
702 2159 754 2214 in
785 2159 1089 2214 ministerio
1125 2157 1336 2228 templi,
1361 2173 1468 2228 quo
1495 2175 1526 2213 a
1562 2171 1734 2214 matre

150 2243 331 2301 fuerat
380 2246 616 2313 functus,
661 2249 982 2320 permansit,
1031 2256 1086 2303 et
1128 2247 1222 2303 ubi
1283 2249 1613 2303 constitutus
1650 2257 1735 2304 est

152 2335 464 2393 deservivit.
498 2339 635 2395 Hinc
676 2338 836 2394 datur
865 2339 1091 2411 intelligi
1131 2339 1256 2408 quia
1301 2349 1576 2408 parentes,
1627 2353 1735 2394 non

151 2429 289 2487 alios
316 2447 479 2503 quam
509 2441 718 2504 patrem
747 2443 843 2487 aut
871 2442 1100 2488 matrem
1146 2433 1239 2502 qui
1261 2447 1384 2487 eum
1409 2442 1733 2504 genuerunt,

153 2519 286 2578 dicit
322 2537 336 2576 :
370 2523 496 2592 quia
557 2523 712 2578 Anna
769 2522 1076 2579 Samuelem
1132 2540 1294 2595 quem
1359 2523 1575 2595 genuit,
1620 2523 1736 2594 ipsa

149 2620 214 2669 et
256 2628 364 2669 non
419 2614 558 2672 alius
609 2631 735 2670 eum
789 2616 1120 2671 serviturum
1170 2616 1226 2670 in
1276 2615 1475 2686 templo
1523 2613 1735 2670 Domini

151 2705 369 2761 obtulit.

227 2795 302 2852 De
329 2797 480 2854 rebus
500 2809 675 2854 autem
695 2803 830 2868 suis,
861 2811 951 2855 aut
987 2802 1044 2856 in
1072 2802 1315 2872 presenti
1340 2801 1588 2872 petitione
1615 2818 1737 2872 pro-

156 2891 365 2947 mittant
406 2893 501 2948 sub
518 2894 898 2965 jurejurando.
949 2894 1063 2950 Sub
1085 2893 1438 2964 jurejurando
1477 2894 1630 2958 dicit,
1681 2893 1736 2951 id

157 2989 263 3047 est,
317 2997 441 3038 cum
475 2981 807 3052 jurameuto.
863 2982 1051 3040 Omnis
1090 2985 1236 3039 enim
1275 2998 1371 3052 per
1401 2983 1734 3054 superiorem

160 3087 313 3129 suum
336 3073 505 3142 jurat.
534 3073 603 3128 Et
628 3073 752 3129 ideo
774 3072 940 3129 dicit:
965 3074 1066 3129 sub
1079 3066 1452 3144 jurejurando,
1481 3073 1606 3144 quia
1637 3073 1737 3129 sub

152 3163 425 3238 juratioue
451 3180 556 3236 qua
577 3165 746 3237 jurat,
790 3173 846 3221 et
887 3166 987 3221 sub
1014 3164 1108 3219 illo
1138 3172 1226 3219 est
1251 3179 1349 3235 per
1395 3179 1556 3234 quem
1585 3162 1738 3234 jurat

163 3255 280 3327 ipse
302 3256 393 3327 qui
422 3256 591 3327 jurat.

235 3345 369 3414 Quia
385 3364 652 3420 nunquam
675 3365 768 3420 per
778 3365 856 3416 se,
881 3363 1150 3420 nunquam
1163 3365 1256 3418 per
1276 3349 1550 3418 suffectum
1569 3363 1742 3420 perso-

163 3455 305 3505 nam,
322 3456 412 3494 nec
431 3439 658 3513 quolibet
687 3441 862 3506 modo,
885 3441 933 3495 ei
958 3440 1243 3512 aliquando
1264 3439 1465 3512 aliquid
1479 3441 1622 3506 dent,
1648 3449 1741 3494 aut

163 3530 392 3586 tribuant
409 3533 734 3587 occasionem
749 3531 996 3586 habendi.
1023 3531 1258 3588 Suﬁecta
1283 3547 1515 3604 persona
1544 3531 1744 3587 dicitur

165 3623 459 3693 supposita,
487 3623 570 3680 vel
592 3624 904 3696 subrogata.
932 3622 1202 3680 Suﬁ‘ectus
1223 3623 1421 3679 dicitur
1443 3624 1498 3679 in
1520 3623 1639 3679 loco
1665 3623 1744 3679 al-

163 3715 331 3770 terius
353 3717 683 3786 suppositus,
715 3717 869 3787 quasi
895 3715 1204 3772 sulfractus.
1231 3715 1382 3772 Unde
1402 3723 1457 3770 et
1478 3714 1744 3771 consulem

162 3807 435 3878 suffectum
463 3810 694 3864 dicimus
707 3824 828 3864 eum
857 3809 951 3879 qui
987 3824 1087 3880 pro
1121 3807 1228 3863 alio
1257 3807 1624 3864 substituitur.

246 3897 334 3955 Vel
374 3911 509 3956 certe
534 3901 578 3954 si
600 3901 697 3955 hoc
725 3901 898 3970 facere
919 3900 1205 3966 noluerint,
1244 3909 1292 3954 et
1325 3899 1524 3972 aliquid
1555 3901 1748 3971 offerre

165 3988 415 4046 voluerint
445 3992 500 4046 in
528 3990 906 4060 eleemosynam
920 3989 1239 4044 monasterio
1251 4006 1345 4059 pro
1368 3988 1601 4043 mercede
1623 4006 1744 4055 sua,

161 4082 367 4156 faciant
403 4099 468 4138 ea:
509 4082 662 4138 rebus
702 4098 834 4154 quas
865 4083 993 4136 dare
1020 4079 1196 4135 volunt
1235 4081 1550 4134 monasterio
1588 4078 1747 4134 dona-

161 4175 376 4240 tionem,
437 4184 696 4228 reservato
740 4172 839 4228 sibi
887 4172 953 4244 (si
992 4172 1068 4224 ita
1109 4169 1390 4241 voluerint)
1443 4170 1744 4240 usufructu.

163 4266 572 4328 Usumfructum
601 4269 752 4332 dicit,
780 4267 922 4339 quod
959 4282 1058 4322 nos
1092 4265 1324 4321 dicimus
1352 4260 1752 4319 usumfructua-

159 4361 328 4426 rium,
369 4362 424 4418 id
451 4370 553 4429 est,
586 4362 706 4419 illas
733 4378 820 4418 res
857 4361 1058 4418 donent
1080 4359 1409 4416 monasterio
1453 4373 1552 4430 per
1578 4367 1749 4415 testa-

160 4462 411 4514 mentum
461 4454 565 4510 sibi
617 4455 1019 4510 usufructuario
1079 4462 1378 4518 reservato,
1433 4451 1500 4508 de
1552 4452 1750 4522 quibus

162 4546 332 4604 rebus
367 4545 582 4602 solvant
613 4547 762 4603 omni
791 4562 934 4602 anno
963 4546 1063 4601 sibi
1109 4545 1370 4601 indictum
1394 4559 1639 4600 censum.

239 4641 404 4713 Atque
442 4642 518 4696 ita
545 4642 720 4696 omnia
747 4641 1107 4696 obstruantur.
1150 4639 1208 4694 ω
1241 4647 1344 4704 est,
1379 4638 1556 4694 omnis
1588 4653 1747 4694 occa-

157 4733 252 4792 sio
295 4731 595 4800 claudatur,
647 4733 934 4788 obturetur
959 4740 1016 4787 et
1063 4733 1380 4803 abuegetur,
1427 4730 1570 4785 unde
1614 4744 1748 4802 puer

156 4825 397 4882 ulterius
450 4842 559 4882 non
614 4826 969 4897 periclitetur.
1020 4825 1182 4882 Nefas
1233 4833 1318 4882 est
1361 4825 1506 4880 enim
1550 4833 1610 4880 ut
1655 4824 1748 4895 qui

156 4918 472 4990 decipulam
518 4917 680 4988 hujus
728 4919 910 4975 szeculi
967 4917 1200 4974 intendit
1256 4918 1511 4984 evadere,
1570 4929 1748 4973 reser-

151 5021 261 5072 vet
298 5015 438 5071 unde
473 5031 596 5072 eum
626 5015 899 5072 infestatio
920 5016 1184 5072 diabolica
1217 5015 1399 5072 valeat
1423 5015 1658 5072 irretire.

242 5101 311 5158 Ut
345 5105 490 5160 nulla
518 5107 743 5177 suspicio
780 5115 1043 5161 remaneat
1070 5122 1249 5176 puero,
1281 5122 1374 5176 per
1415 5122 1573 5177 quam
1596 5105 1744 5160 dece-

151 5205 286 5270 ptus
298 5197 466 5267 perire
478 5197 636 5268 possit
661 5196 819 5270 (quod
835 5195 1016 5268 absit).
1038 5196 1176 5268 quod
1190 5197 1543 5268 experimento
1564 5197 1751 5251 didici-

152 5306 305 5346 mus.
335 5287 555 5344 Viderat
581 5289 726 5345 enim
756 5288 847 5344 ille
882 5287 977 5342 tali
1005 5289 1291 5344 occasione
1321 5289 1388 5344 de
1415 5288 1750 5344 monasterio

145 5383 388 5456 juvenes
409 5381 554 5438 foras
590 5383 761 5445 exire,
793 5390 850 5437 et
888 5395 986 5451 pro
1017 5381 1177 5437 rebus
1203 5381 1438 5438 terrenis
1464 5381 1746 5437 servitium

152 5477 262 5534 Dei
297 5477 622 5547 relinquere,
668 5475 1033 5546 szeculumque
1067 5473 1331 5546 diligere;
1375 5484 1431 5531 et
1479 5475 1600 5531 ideo
1651 5474 1756 5533 aito

151 5569 308 5643 quod
341 5568 690 5640 experimento
731 5567 1030 5620 didicimus.
1080 5564 1234 5633 Quod
1262 5567 1306 5620 si
1343 5574 1470 5622 tunc
1501 5581 1624 5621 raro
1651 5565 1749 5623 ﬁe-

153 5663 281 5726 bat,
313 5674 459 5715 nunc
485 5674 614 5714 vero
658 5656 860 5713 factum
902 5672 1002 5712 nos
1039 5655 1476 5726 frequentissime
1508 5672 1628 5713 esse
1654 5672 1749 5713 co-

156 5752 499 5826 gnoscimus.
529 5751 606 5806 De
629 5751 735 5806 hoc
773 5751 918 5805 enim
939 5748 1176 5819 capitulo
1201 5749 1420 5820 quidam
1449 5752 1750 5806 monacho-

159 5861 292 5904 rum
345 5844 602 5916 magister
633 5843 753 5898 ait:
785 5840 921 5899 Cum
957 5841 1184 5914 alicujus
1209 5839 1408 5901 nobilis
1447 5841 1591 5902 ﬁlius
1626 5859 1753 5917 pro-

575 5937 856 6000 Ps'rnon.
905 5933 1039 5998 CII.

1772 4607 1826 4668 D

1834 1970 2092 2029 lationem
2128 1973 2376 2029 diabolici
2403 1974 2681 2034 desiderii.
2738 1973 2881 2029 sicut
2925 1976 3076 2029 canis
3125 1973 3430 2030 delectatur

1835 2062 1901 2117 ad
1932 2079 2087 2118 suum
2118 2063 2293 2118 redire
2324 2063 2608 2128 vomitum,
2639 2071 2695 2118 et
2721 2064 2900 2133 posita
2924 2079 3084 2118 manu
3110 2079 3276 2135 super
3307 2079 3429 2120 ara-

1835 2159 1980 2206 trum
2017 2152 2316 2223 respiciens
2355 2162 2521 2218 retro,
2555 2153 2671 2224 jam
2695 2169 2801 2208 non
2832 2153 2902 2208 sit
2931 2162 3090 2224 aptus
3120 2170 3286 2225 regno
3309 2167 3426 2210 cm-

1835 2242 2036 2310 lorum,
2087 2245 2277 2299 relicto
2323 2245 2645 2315 quandoque
2697 2245 3049 2312 monasterio,
3101 2261 3324 2302 securus
3361 2247 3430 2304 de

1834 2335 2085 2406 portione
2111 2351 2205 2390 sua
2237 2343 2293 2390 et
2336 2345 2550 2390 servata
2587 2351 2616 2390 a
2646 2335 2821 2401 vobis,
2859 2336 3084 2406 cupiens
3122 2336 3174 2390 in
3205 2336 3431 2393 sacula-

1835 2439 1952 2480 rem
1981 2425 2199 2480 domum
2245 2435 2482 2480 vestram
2513 2426 2738 2492 reverti,
2783 2425 3043 2482 fratribus
3080 2429 3193 2482 suis
3241 2426 3431 2485 volens

1833 2529 1954 2572 esse
1983 2516 2241 2579 cohazres,
2295 2517 2350 2571 in
2382 2532 2600 2572 suarum
2642 2517 2820 2572 redire
2843 2518 3070 2588 incipiat
3103 2534 3332 2588 sponsus
3373 2527 3432 2576 et

1837 2608 2088 2664 dominus
2133 2607 2469 2673 facultatum,
2507 2617 2564 2663 et
2598 2607 2846 2678 pristinis
2893 2609 3179 2664 restitutus
3217 2607 3432 2666 deliciis

1836 2708 1891 2756 et
1946 2701 2157 2770 pompis
2200 2715 2305 2755 non
2343 2699 2489 2774 aliud
2535 2700 2942 2755 desideraturus
2981 2717 3144 2772 quam
3189 2703 3428 2774 nuptias.

1837 2790 2000 2862 Ergo,
2047 2792 2190 2846 sicut
2223 2791 2472 2863 superius
2520 2790 2777 2856 diximus,
2808 2792 2858 2848 si
2889 2791 3050 2862 digne
3095 2808 3218 2848 eum
3266 2794 3433 2852 vultis

1837 2881 1947 2938 Deo
1981 2881 2200 2948 offerre,
2245 2883 2312 2938 de
2360 2883 2607 2953 portione
2646 2881 2762 2950 ejus
2805 2890 2918 2939 tres
2975 2883 3108 2939 ﬁant
3152 2885 3434 2955 aequaliter

1835 2983 2062 3046 partes:
2099 2991 2203 3029 una
2234 2974 2527 3030 distributa
2555 2974 2768 3030 abbatis
2791 2976 3042 3033 manibus
3080 2978 3431 3049 pauperibus,

1836 3066 1920 3122 vel
1942 3065 2307 3138 indigentibus
2331 3075 2623 3138 erogetur;
2651 3066 2816 3122 aliam
2846 3069 3022 3135 vobis,
3054 3069 3140 3138 vel
3166 3069 3440 3128 fratribus.

1838 3160 1954 3216 suis
1987 3173 2217 3231 pergens
2243 3158 2330 3214 ille
2368 3160 2436 3214 ad
2475 3159 2792 3214 comitatum
2834 3169 3147 3218 sanctorum
3185 3162 3433 3232 exagila-

1763 3244 1809 3308 C
1841 3250 1924 3305 rio
1952 3265 2148 3305 munus
2192 3250 2346 3306 titulo
2384 3249 2756 3320 derelinquat;
2791 3251 3009 3306 tertiam
3043 3267 3174 3308 vero
3215 3263 3433 3324 partem.

1841 3341 2025 3396 viatici
2083 3341 2168 3396 sui
2218 3341 2451 3397 utilitate
2481 3342 2690 3398 deferat
2735 3357 2919 3399 secum
2965 3346 3282 3402 monasterii
3307 3362 3437 3404 san-

1843 3441 2054 3488 ctorum
2094 3433 2282 3488 usibus
2319 3431 2681 3504 profuturam.
2733 3433 2888 3502 Quod
2926 3434 2973 3490 si
3009 3443 3254 3507 utraeque
3281 3438 3438 3496 vobis

1842 3538 2037 3597 graves
2059 3524 2169 3580 sint
2185 3539 2368 3590 voces,
2419 3533 2480 3579 ut
2508 3539 2608 3580 nec
2633 3524 2804 3581 Deum
2839 3525 3078 3582 audiatis
3107 3528 3442 3598 pauperibus

1841 3616 2136 3689 erogando,
2174 3624 2228 3672 et
2271 3615 2365 3672 ﬁlii
2407 3618 2643 3672 animam
2676 3617 3013 3684 redimendo,
3057 3633 3159 3676 nec
3187 3628 3438 3677 nostrum

1843 3707 2130 3764 consilium
2169 3708 2414 3780 partibus
2451 3708 2758 3776 dividendo,
2813 3717 2869 3766 et
2913 3708 3212 3766 auferendo
3251 3712 3320 3768 ab
3369 3726 3440 3768 eo

1844 3801 2158 3859 saecularem
2201 3803 2582 3869 substantiam,
2610 3804 2694 3860 vel
2738 3805 2946 3860 nudum
2983 3813 3042 3862 et
3061 3805 3235 3860 solum
3265 3805 3436 3861 ﬁlium

1845 3894 1958 3950 Deo
1985 3895 2310 3967 largiamini.
2343 3897 2421 3951 lta
2475 3905 2536 3952 ut
2573 3895 2932 3968 jurejurando
2963 3913 3062 3970 per
3084 3907 3438 3956 sacrosancta

1845 3985 2136 4059 Evangelia
2171 3989 2504 4060 promittatis
2550 3991 2631 4054 ei,
2683 3990 2911 4047 ulterius
2965 4005 3088 4046 eum
3141 3991 3208 4048 de
3254 4000 3438 4049 vestra

1845 4082 2158 4149 patrimonii
2187 4081 2487 4137 substantia
2516 4082 2652 4137 nihil
2682 4083 2916 4149 habere;
2961 4090 3024 4138 ut
3049 4083 3282 4138 ﬁrmiter
3323 4082 3438 4152 jam

1846 4186 2207 4242 perseverans
2246 4172 2302 4227 in
2357 4173 2607 4240 Domino,
2656 4173 2792 4229 sciat
2833 4189 2892 4229 se
2932 4173 3000 4228 de
3055 4173 3253 4230 saeculo
3300 4175 3439 4231 nihil

1849 4278 2093 4333 sperare,
2145 4280 2268 4320 cum
2307 4277 2366 4320 se
2393 4280 2424 4319 a
2473 4265 2627 4321 vobis
2655 4275 2712 4321 et
2742 4264 2812 4320 ab
2841 4279 2908 4322 eo
2934 4265 3136 4322 viderit
3177 4266 3437 4335 alienum,

1848 4353 2187 4410 solummodo
2215 4370 2448 4426 superna
2478 4355 2766 4414 desideret.
2817 4356 3050 4412 Tantum
3099 4365 3185 4414 est
3212 4367 3274 4414 ut
3302 4357 3440 4414 nihil

1850 4445 2047 4501 habeat
2074 4447 2141 4502 de
2174 4447 2394 4514 saeculo,
2444 4449 2589 4519 quod
2611 4447 2748 4504 vivis
2795 4447 2950 4504 vobis
2981 4455 3077 4503 aut
3106 4447 3337 4504 mortuis
3371 4447 3440 4504 de

1849 4541 2049 4598 vestris
2079 4539 2428 4600 facultatibus
2453 4543 2567 4615 jam
2596 4553 2809 4617 speret;
2841 4545 2968 4617 quia
2999 4545 3086 4600 cui
3122 4545 3290 4603 semel
3315 4561 3441 4602 cru—

1851 4635 2044 4692 ciﬁxus
2061 4645 2146 4692 est
2167 4639 2419 4704 mundus,
2463 4638 2640 4696 denuo
2673 4641 2742 4696 ab
2773 4655 2840 4696 eo
2862 4638 3184 4697 redelectari
3209 4657 3319 4699 non
3347 4641 3442 4698 de-

1846 4725 1958 4782 bet.
1985 4727 2242 4799 Sequitur
2281 4747 2294 4784 :

1923 4827 2178 4885 Similiter
2201 4839 2374 4886 autem
2399 4839 2449 4886 et
2467 4833 2806 4903 pauperiores
2835 4832 3054 4903 faciant.
3085 4832 3190 4900 Qui
3217 4850 3338 4889 vero
3377 4849 3442 4889 ea:

1852 4930 1960 4978 toto
1984 4921 2117 4978 nihil
2137 4923 2346 4990 habent,
2386 4923 2694 4995 simpliciter
2715 4926 3015 4997 petitionem
3048 4926 3273 4997 faciant,
3321 4943 3443 4982 cum

1854 5015 2114 5072 oblatione
2151 5017 2375 5087 offerant
2414 5017 2586 5088 ﬁlium
2629 5035 2783 5073 suum
2823 5036 3002 5074 coram
3041 5020 3278 5075 testibus.
3311 5018 3444 5088 Qua

1851 5109 2074 5165 traditio
2101 5109 2337 5165 ﬁliorum
2367 5109 2482 5165 sive
2509 5108 2793 5176 nobilium,
2827 5111 2942 5166 sive
2968 5109 3308 5182 ignobilium,
3328 5109 3444 5164 sive

1852 5202 2106 5268 divitum,
2139 5201 2254 5256 sive
2308 5214 2626 5272 pauperum,
2677 5216 2801 5258 cum
2857 5209 3066 5273 agatur,
3121 5199 3224 5256 hoc
3255 5207 3446 5256 tenore

1856 5294 1964 5352 dici
2011 5294 2316 5348 insinuetur
2344 5312 2356 5348 :
2384 5292 2520 5347 Dum
2565 5293 2813 5365 legaliter
2865 5293 3153 5357 sancitum,
3205 5291 3446 5364 antiqui-

1859 5395 2056 5456 tusque
2079 5394 2349 5452 teneatur,
2390 5393 2446 5441 et
2469 5394 2680 5442 tantum
2715 5402 2838 5443 cum
2868 5384 3237 5442 oblationibus
3260 5385 3447 5441 Domi-

1860 5494 1934 5536 no
1973 5486 2225 5550 parentes
2271 5494 2398 5534 suos
2449 5479 2666 5535 tradere
2713 5478 2854 5532 ﬁlios
2907 5477 2963 5532 in
2995 5475 3197 5546 templo
3229 5475 3445 5533 Domini

1859 5569 2087 5627 Domino
2117 5568 2348 5625 feliciter
2367 5570 2690 5634 servituros,
2729 5566 2918 5638 procul
2947 5565 3111 5622 dubio
3136 5567 3241 5623 hoc
3264 5568 3330 5624 de
3350 5582 3445 5624 no-

1859 5663 1990 5719 stris
2036 5661 2162 5718 ﬁliis
2215 5661 2522 5718 faciendum
2588 5661 2747 5716 nobis
2809 5659 3098 5716 salubriter
3170 5662 3448 5733 praebetur

1857 5753 2182 5828 exemplum.
2237 5753 2476 5825 Equum
2516 5753 2717 5809 etenim
2765 5762 2852 5810 est
2893 5754 3158 5826 judicium
3192 5753 3444 5813 Creatori

1858 5854 2050 5904 nostro
2070 5846 2138 5905 de
2159 5846 2316 5906 nobis
2335 5844 2562 5905 reddere
2587 5842 2843 5903 fructum.
2867 5846 3076 5903 Idcirco
3105 5847 3250 5905 hunc
3273 5846 3446 5906 ﬁlium

2969 5942 3047 6001 ‘29
