3994 6470
520 449 657 528 su

1850 423 2200 500 SMABAGDI
2235 423 2528 484 ABBATIS

3694 409 3832 464 .912

515 525 522 538 ἢ
557 560 854 618 nasterium
898 554 1250 628 ingrediatur,
1295 549 1701 608 commendetur
1745 547 1813 604 ab
1845 560 1912 602 eo
1952 545 2004 601 ei
2029 522 2122 615 qui
2151 550 2205 608 Α
2227 550 2362 609 tate,
2405 535 2716 596 obedientia
2754 538 2810 588 et
2860 527 3012 586 omni
3059 522 3313 598 puritatis
3355 518 3703 628 sinceritate
3728 532 3835 589 pra

556 616 752 724 prmest
787 650 880 706 ubi
918 616 1037 703 esse
1081 616 1374 710 desiderat,
1424 651 1478 699 et
1519 643 1598 698 sic
1643 637 1988 708 suscipiatur.
2039 633 2134 689 ille
2235 633 2445 691 caeteris
2468 639 2714 694 ornatur,
2736 634 2951 699 oportet
2971 632 3031 678 ut
3049 637 3162 695 prae
3188 619 3400 676 caeteris
3425 616 3772 674 bonoretnr.

455 724 461 732 ί
517 750 522 756 ’
558 757 685 799 vero
729 737 1026 796 monachus
1070 743 1302 806 quantos
1344 733 1542 787 fratres
1589 730 1644 784 in
1674 729 1780 784 alio
1807 724 2136 783 monasterio

2307 725 2412 792 Qui
2438 734 2613 778 tamen
2655 719 2891 792 regulam
2920 735 2954 772 a
2993 715 3207 771 decanis
3237 713 3314 768 uel
3350 711 3673 786 pra-positis
3717 727 3833 765 celt-

556 831 842 896 invenerit,
875 836 1057 883 tantos
1084 841 1144 881 se
1171 824 1381 880 noverit
1407 823 1609 877 habere
1629 821 1855 891 priores.
1885 817 1992 872 Sed
2037 829 2139 870 nec
2236 821 2471 875 stitutam
2496 815 2596 871 sibi
2627 812 2937 869 servandam
2959 810 3130 865 sciat:
3159 807 3296 880 quod
3325 807 3372 861 si
3395 806 3563 859 aliter
3593 820 3834 873 prrsum-

509 927 514 930 ’
557 921 944 979 attendendum
970 918 1099 988 quid
1130 915 1229 972 fuit
1258 923 1438 978 antea,
1470 912 1564 968 sed
1592 911 1926 982 probandum
1965 907 2139 979 qualis

556 1026 677 1069 esse
703 1009 951 1080 coeperit.
985 1005 1283 1077 Susceptus
1306 1018 1434 1058 vero
1465 1002 1508 1057 si
1553 1000 1751 1055 habere
1786 999 2002 1055 videtur
2043 996 2142 1052 ali-

557 1100 711 1172 quid,
740 1099 856 1155 sive
883 1097 938 1152 in
965 1096 1148 1160 rebus,
1174 1092 1287 1148 sive
1312 1091 1367 1146 in
1397 1088 1694 1152 codicibus,
1716 1085 1856 1141 ultra
1885 1085 1934 1138 ei
1964 1083 2140 1154 possi-

560 1191 691 1247 dere
718 1203 828 1244 non
859 1185 1062 1250 licebit,
1103 1191 1163 1238 ut
1209 1182 1382 1254 possit
1408 1194 1527 1236 esse
1567 1177 1863 1250 perfectus,
1891 1174 1983 1245 qui
2013 1173 2143 1229 alibi

558 1297 667 1337 non
694 1280 874 1352 potuit
911 1293 1032 1335 esse
1058 1290 1245 1332 senex.
1295 1273 1433 1328 Hinc
1467 1271 1660 1326 beatus
1702 1265 1990 1323 Ferreolus
2026 1264 2139 1318 ait:

557 1375 880 1432 Monachum
925 1371 1146 1427 omnino
1191 1368 1305 1424 sive
1345 1365 1606 1422 clericum
1652 1360 1878 1416 alterius
1905 1357 2031 1423 loci,
2059 1354 2146 1411 vel

559 1465 874 1524 monasterii
906 1461 1075 1533 recipi
1100 1461 1200 1516 sub
1226 1458 1466 1530 qualibet
1489 1469 1652 1512 causa
1678 1451 1947 1516 nolumus,
1977 1448 2147 1503 inter-

559 1558 810 1622 dicimus,
853 1553 1220 1626 prohibemus,
1260 1547 1652 1620 prospicientes
1671 1541 1800 1597 talia
1819 1539 1996 1596 studio
2017 1538 2148 1593 cha-

559 1646 760 1710 ritatis,
811 1659 880 1699 ne
923 1655 1124 1697 novum
1161 1637 1365 1707 aliquid
1412 1634 1572 1691 sorde
1609 1629 1852 1688 scandali
1889 1633 2149 1699 surgente

560 1740 801 1798 inducat.
853 1736 994 1791 Dicit
1021 1734 1166 1789 enim
1214 1730 1539 1800 Scriptura:
1601 1721 1871 1795 Quidquid
1914 1719 2006 1775 tibi
2044 1733 2148 1773 non

559 1831 640 1888 uis
663 1830 798 1902 ﬁeri,
829 1826 923 1883 alii
954 1843 1017 1881 ne
1041 1825 1222 1896 feceris
1250 1820 1466 1892 (Matth.
1497 1816 1619 1889 vn).

1141 1913 1372 1972 CAPUT
1415 1910 1572 1967 LXII.

945 2011 1024 2066 De
1043 2005 1399 2064 sacerdotibus
1436 2001 1762 2058 monasterii.

635 2110 697 2168 Si
734 2109 849 2182 quis
871 2105 1031 2161 abbas
1067 2102 1168 2157 sibi
1203 2099 1561 2173 presbyterum
1581 2094 1661 2151 vel
1687 2095 1966 2149 diaconum
2006 2091 2149 2147 ordi-

560 2200 682 2256 nari
705 2196 928 2271 petierit,
959 2194 1022 2248 de
1050 2193 1160 2247 suis
1201 2190 1359 2261 eligat
1386 2189 1476 2260 qui
1521 2187 1710 2256 dignus
1743 2185 1811 2239 sit
1859 2183 2148 2238 sacerdotio

561 2291 733 2364 fungi.
757 2287 1108 2345 Coniessione
1131 2283 1375 2339 omnium
1414 2293 1638 2335 suorum
1667 2277 1826 2332 debet
1869 2276 2038 2331 abbas
2062 2289 2151 2330 co-

529 2394 828 2454 gnoscere
855 2377 1265 2438 monachorum,
1311 2380 1368 2428 et
1413 2379 1543 2426 tunc
1587 2384 1748 2440 quem
1790 2384 1858 2423 ex
1902 2367 2151 2423 omnibus

561 2471 786 2544 elegerit
809 2484 930 2526 esse
957 2467 1198 2538 dignum,
1225 2463 1465 2519 ordinari
1493 2461 1593 2516 sibi
1627 2460 1815 2531 jubeat
1845 2460 2149 2524 diaconum,

562 2563 648 2618 vel
677 2562 1072 2634 presbyterum,
1102 2556 1306 2629 eligens
1354 2555 1408 2609 in
1451 2554 1532 2610 eis
1581 2551 1846 2624 regularis
1875 2551 2000 2606 vita:
2040 2562 2151 2604 me-

562 2656 728 2712 ritum
758 2662 813 2709 ct
839 2651 1118 2722 sapientiae
1146 2647 1501 2703 intellectum.

635 2744 926 2800 Ordinatus
955 2751 1129 2795 autem
1171 2747 1352 2793 caveat
1394 2736 1671 2791 elationem
1713 2745 1806 2790 aut
1832 2734 2151 2805 superbiam.

561 2833 678 2891 Nec
703 2834 989 2906 quidquam
1013 2837 1320 2902 prmsumat,
1351 2827 1454 2880 nisi
1471 2825 1611 2897 quod
1641 2827 1688 2880 ei
1711 2827 1777 2892 ab
1803 2825 1987 2879 abbate
2011 2839 2150 2895 prte-

561 2927 779 2999 ἄρξων,
803 2927 968 2981 sciens
997 2941 1050 2978 se
1074 2921 1240 2976 multo
1275 2918 1440 2990 magis
1469 2917 1755 2988 disciplina:
1787 2916 2018 2986 regulari
2037 2915 2154 2970 sub-

562 3017 752 3072 ditum.
815 3015 926 3070 Nec
959 3015 1230 3068 occasione
1259 3008 1544 3066 sacerdotii
1582 3007 1922 3063 obliviscatur
1959 3005 2152 3077 regula:

558 3105 908 3164 obedientiam
955 3114 1002 3158 et
1031 3101 1387 3172 disciplinam,
1437 3100 1526 3162 sed
1573 3099 1741 3170 magis
1775 3114 1839 3152 ac
1891 3097 2057 3168 magis
2096 3099 2152 3152 in

563 3198 794 3253 Domino
834 3194 1098 3269 proﬁciat.
1133 3191 1409 3262 Scriptura
1433 3198 1517 3246 est
1557 3189 1741 3244 enim:
1790 3187 1997 3255 Quanto
2038 3204 2152 3242 ma-

561 3308 697 3357 qnus
733 3306 810 3357 es,
835 3249 1072 3344 rhumilia
1118 3295 1168 3340 te
1205 3249 1275 3339 in.
1305 3283 1565 3349 omnibus,
1615 3291 1664 3337 et
1706 3297 1883 3336 coram
1916 3279 2024 3334 Deo
2061 3280 2147 3334 in-
2176 3249 2221 3314 Ο

561 3383 736 3439 venies
759 3382 988 3454 gratiam
1016 3375 1185 3450 (Eccl.
1211 3374 1316 3447 ιιι).
1345 3374 1546 3430 Caveat
1571 3387 1702 3444 ergo
1731 3372 2030 3427 monachus
2055 3384 2151 3425 ne-

563 3488 719 3532 cesse
744 3481 830 3529 est
852 3470 1102 3527 elationis
1137 3467 1480 3538 jactantiam,
1528 3475 1584 3520 et
1623 3464 1867 3520 omnium
1893 3463 2151 3520 vitiorum

566 3574 804 3623 matrem
847 3561 1178 3634 superbiam,
1225 3573 1346 3629 quae
1394 3557 1538 3614 sicut
1585 3556 1738 3629 origo
1791 3564 1875 3612 cst
1911 3554 2150 3612 omnium

559 3658 876 3719 criminum,
915 3655 989 3709 ita
1021 3653 1176 3707 ruina
1217 3661 1302 3707 est
1331 3657 1653 3706 cunctarum
1682 3650 1964 3706 virtutum.
2013 3647 2149 3704 Nam

561 3747 690 3808 ideo
734 3744 987 3816 superbia
1031 3742 1178 3797 omni
1218 3741 1350 3796 vitio
1382 3740 1639 3804 deterior,
1689 3739 1818 3809 quia
1855 3753 1885 3792 a
1925 3737 2151 3794 summis

563 3838 814 3914 personis
839 3845 1002 3906 atque
1031 3832 1354 3905 primatibus
1380 3831 1694 3896 assumitur,
1723 3837 1778 3886 et
1806 3830 1874 3885 de
1898 3831 2150 3901 cperibus

561 3931 786 4006 iustitiae
823 3935 986 3997 atque
1026 3924 1317 3980 virtutibus
1363 3922 1625 3978 exoritur.
1672 3921 1840 3977 Recte
1875 3935 2005 3992 ergo
2050 3921 2152 3977 ini-

564 4022 705 4077 tium
755 4017 932 4076 omnis
977 4013 1186 4086 peccati
1243 4012 1493 4083 superbia
1525 4023 1629 4079 est,
1677 4013 1802 4082 quia
1859 4012 1965 4067 nisi
2012 4025 2150 4081 pra:-

564 4113 796 4172 cesserit
821 4107 1220 4174 inobedientia,
1273 4105 1720 4176 transgressionis
1765 4119 1873 4160 non
1903 4105 2172 4182 sequitur

566 4207 744 4264 culpa.

638 4221 836 4352 l[illium
864 4310 982 4350 vero
1023 4289 1171 4346 illum
1218 4306 1418 4362 semper
1454 4289 1710 4355 attendat,
1739 4306 1841 4361 quo
1886 4290 2150 4360 ingressus

563 4398 638 4445 est
666 4385 1062 4466 monasterium,
1092 4392 1282 4454 prater
1322 4382 1545 4453 ofﬁcium
1572 4379 1778 4436 altaris.
1830 4380 1887 4434 Id
1916 4388 2020 4446 est,
2050 4381 2152 4436 ltu-

567 4477 853 4538 militatem
885 4489 1099 4544 semper
1147 4482 1355 4537 tenens,
1403 4473 1581 4528 locum
1628 4488 1785 4527 suum
1815 4472 1868 4526 in
1896 4472 2148 4528 omnibus

565 4568 888 4640 regulariter
923 4567 1218 4621 observans
1261 4565 1547 4631 custodiat,
1597 4573 1652 4619 et
1691 4564 1771 4620 sic
1821 4565 2043 4620 accedat
2081 4565 2148 4621 ad

2174 4615 2227 4676 D

2237 909 2420 982 pserit,
2447 923 2549 961 non
2589 913 2645 959 ut
2683 901 2949 967 sacerdos,
2990 899 3081 955 sed
3125 909 3179 953 ut
3220 896 3423 952 rebellis
3443 895 3762 967 judicetstr.
3786 894 3836 951 Si

2239 1000 2382 1056 enim
2413 997 2654 1069 regulam
2698 995 2802 1051 sibi
2841 993 3192 1050 constitutam
3221 991 3359 1046 bene
3404 986 3753 1050 servaverit,
3791 996 3836 1041 et

2241 1090 2501 1160 dignitate
2545 1095 2601 1143 et
2641 1086 2861 1142 nomine
2908 1081 3209 1140 sacerdotis
3252 1077 3768 1144 honorificabitur;
3797 1078 3835 1132 si

2242 1187 2422 1234 autem
2450 1193 2556 1233 non
2599 1175 2923 1239 servabitur,
2952 1187 3052 1227 nec
3080 1171 3333 1226 sacerdos
3378 1182 3488 1222 nec
3517 1166 3701 1222 etiam
3740 1181 3836 1221 mo-

2243 1272 2468 1336 nachus,
2500 1270 2596 1325 sed
2632 1267 2855 1324 rebellio
2903 1264 3208 1329 vocabitur,
3252 1262 3380 1332 quia
3413 1269 3685 1332 pactum.
3714 1262 3835 1331 quod

2242 1362 2394 1435 prius
2422 1360 2728 1417 voluntarie
2763 1366 2820 1414 et
2864 1355 3093 1428 paciﬁce
3119 1353 3392 1426 promisit,
3420 1360 3639 1422 postea
3674 1365 3836 1420 super-

2242 1455 2347 1510 bus
2386 1462 2442 1510 et
2467 1461 2757 1510 contumax
2787 1449 3004 1504 irritum
3053 1446 3198 1502 fecit.
3240 1443 3493 1500 Rebellio
3527 1443 3687 1498 enim
3728 1442 3834 1496 dici-

2245 1553 2356 1612 tur,
2386 1545 2480 1618 qui
2507 1552 2630 1616 post
2669 1557 2858 1614 pacem
2901 1539 3100 1595 factam
3131 1552 3320 1592 rursus
3357 1535 3611 1590 reiterat
3639 1533 3836 1587 bellum.

2321 1637 2386 1693 Et
2415 1654 2552 1708 saepe
2582 1635 2880 1691 admonitus
2919 1633 2965 1688 si
2995 1649 3100 1687 non
3123 1628 3430 1693 correxerit,
3459 1629 3644 1682 etiam
3667 1628 3832 1696 episco-

2243 1747 2343 1802 pus
2371 1727 2681 1784 adhibeatur
2699 1728 2756 1781 in
2783 1725 3155 1781 testimonium.
3187 1719 3340 1786 Quod
3359 1719 3406 1775 si
3435 1737 3542 1774 nec
3574 1719 3657 1774 sic
3690 1735 3834 1772 emes-

2247 1821 2468 1887 daverit,
2492 1818 2892 1875 clarescentibus
2922 1815 3091 1886 culpis
3121 1813 3441 1886 projiciatur
3479 1811 3559 1866 de
3601 1820 3829 1866 monaste

2177 1904 2226 1964 Β
2255 1914 2354 1979 rio,
2381 1913 2428 1968 si
2454 1923 2629 1967 tamen
2671 1909 2792 1965 talis
2837 1909 2995 1980 fuerit
3038 1907 3151 1978 ejus
3199 1904 3578 1969 contumacia,
3629 1912 3686 1956 ut
3715 1902 3832 1956 subd

2250 2015 2343 2060 aut
2388 2005 2598 2061 obedire
2647 2001 2842 2073 regula:
2893 1997 3042 2054 nolit.
3101 1997 3159 2052 Si
3209 1996 3351 2052 enim
3392 2002 3512 2048 tam
3571 2009 3833 2064 perversos

2250 2098 2539 2162 exstiterit,
2569 2104 2632 2151 ut
2656 2110 2756 2151 nec
2782 2108 2968 2149 amore
2997 2089 3222 2152 Christi,
3250 2103 3351 2144 nec
3395 2103 3505 2157 pro
3553 2088 3832 2142 reverentia

2250 2191 2541 2247 emendare
2592 2187 2724 2244 velit
2778 2184 3040 2258 episcOpi,
3099 2182 3348 2239 omnibus
3401 2190 3613 2235 notum
3667 2177 3832 2234 factum

2249 2281 2443 2337 vicinis
2462 2279 2780 2352 projiciatur
2799 2291 2831 2332 a
2855 2274 3184 2331 monasterio
3204 2271 3652 2327 clarescentibus
3671 2268 3820 2339 culpis

2820 2365 3047 2423 CAPUT
3081 2363 3260 2419 LXIII.
3285 2421 3288 2423 _

2653 2457 2730 2512 De
2762 2456 2944 2511 ordine
2987 2453 3434 2524 congregationis.

2323 2550 2547 2606 Ordines
2570 2567 2692 2605 suos
2708 2551 2762 2606 in
2782 2548 3097 2604 monasterio
3113 2548 3186 2601 ita
3209 2556 3542 2612 conservent,
3558 2557 3618 2600 ut
3641 2563 3832 2601 conter-

2251 2645 2411 2700 sionis
2439 2654 2637 2714 tempus
2663 2654 2711 2699 et
2740 2645 2856 2698 vitae
2904 2643 3148 2698 meritum
3187 2642 3465 2708 discernit,
3504 2652 3670 2714 atque
3696 2641 3838 2694 abbot

2252 2735 2599 2790 constituerit.
2653 2734 2790 2790 Hinc
2826 2736 3019 2790 beatus
3056 2733 3388 2788 Fructuosus
3416 2733 3527 2787 ait:
3581 2731 3690 2800 Qui
3720 2733 3839 2803 .pri-

2251 2843 2374 2884 mus
2405 2827 2463 2883 in
2491 2828 2822 2882 monasterio
2850 2841 3142 2883 conversus
3193 2825 3378 2891 fuerit,
3414 2827 3623 2896 primus
3652 2825 3840 2881 ambu~

2251 2917 2348 2985 let,
2402 2919 2610 2988 primus
2643 2920 2846 2984 sedeat,
2876 2918 3083 2988 primus
3125 2917 3397 2989 eulogiam
3444 2918 3709 2989 accipiat,
3737 2917 3832 2988 pri-

2251 3027 2373 3068 mus
2414 3011 2777 3066 communicet
2823 3009 2878 3064 in
2932 3009 3180 3073 ecclesia,
3231 3010 3386 3080 prius
3438 3009 3706 3081 loquatur
3733 3026 3839 3066 cum

2251 3104 2657 3174 interrogantur
2704 3102 2904 3158 fratres
2951 3117 3050 3173 pro
3103 3102 3280 3172 aliqua
3327 3105 3666 3175 quaestione,
3712 3105 3838 3175 prior

2250 3195 2519 3266 psalmum
2546 3195 2710 3260 dicat,
2757 3195 2812 3249 in
2857 3195 3023 3250 choro
3061 3195 3269 3264 primus
3307 3196 3610 3259 consistat,
3663 3195 3838 3252 hebdo-

2256 3287 2473 3344 madam
2498 3289 2648 3359 prior
2685 3286 2868 3352 faciat,
2901 3303 3121 3342 manum
3159 3287 3213 3343 in
3248 3301 3501 3342 mensam
3528 3290 3744 3360 primus
3766 3303 3836 3343 cs-

2253 3382 2458 3437 tendat.
2509 3379 2619 3436 Nec
2647 3389 2778 3436 aetas
2805 3380 2918 3437 sola
2957 3380 3100 3436 inter
3132 3379 3332 3437 fratres
3369 3383 3736 3452 requirenda,
3761 3379 3838 3437 sed

2253 3475 2537 3534 conversio
2556 3484 2659 3541 est,
2691 3483 2749 3530 et
2776 3475 2980 3531 laboris
3002 3475 3276 3544 studiique
3297 3477 3680 3546 propositum.
3711 3475 3837 3531 llud:

2252 3576 2308 3624 et
2339 3569 2455 3624 haec
2477 3567 2734 3623 discretio
2763 3566 2996 3623 senioris
3032 3574 3116 3622 est
3155 3566 3553 3637 praestolanda,
3599 3576 3666 3622 ut
3701 3581 3838 3638 qua

2251 3659 2521 3730 quomodo
2566 3672 2696 3729 erga
2741 3657 2836 3712 Dei
2874 3671 3114 3712 amorem
3171 3656 3495 3727 cultumque
3553 3659 3836 3713 ferventer:

2253 3749 2466 3815 viderit,
2495 3748 2576 3805 sic
2615 3749 2866 3804 honoret.
2898 3746 3016 3804 Non
3049 3748 3194 3804 enim
3220 3747 3442 3818 generis
3468 3749 3739 3820 dignitas,
3764 3757 3841 3802 sat

2253 3855 2436 3896 rerum
2480 3839 2750 3910 opulentia
2797 3856 2959 3910 quam
3007 3841 3239 3910 quisque
3282 3841 3481 3896 habuit
3529 3841 3593 3896 in
3640 3842 3838 3906 sautio,

2249 3933 2338 3990 vel
2377 3933 2554 3988 aetatis
2601 3933 2958 4004 grandaevitas
2995 3933 3353 4003 exquirenda,
3397 3934 3501 3988 sed
3542 3935 3676 3990 vita:
3702 3934 3841 3988 recti-

2252 4025 2382 4080 tudo
2408 4033 2463 4080 et
2499 4023 2894 4080 ardentissimae
2941 4023 3064 4078 tidei
3094 4023 3288 4076 merita
3328 4021 3542 4078 debent
3581 4039 3707 4080 esse
3729 4038 3840 4094 pen-

2253 4116 2420 4171 sanda
2456 4132 2470 4169 :
2509 4114 2600 4169 ille
2639 4113 2786 4169 enim
2808 4114 3007 4184 potior,
3034 4115 3124 4186 qui
3165 4113 3274 4170 Deo
3302 4116 3623 4184 proximior
3648 4131 3842 4188 quoque

2245 4205 2572 4277 iudicandus
2599 4213 2702 4261 est.

2327 4298 2430 4364 Qui
2458 4297 2615 4353 abbas
2638 4314 2743 4353 non
2772 4297 3039 4352 conturbet
3085 4315 3291 4370 gregem
3328 4299 3429 4354 sibi
3483 4304 3840 4358 commissa.

2253 4390 2532 4459 Quomodo
2558 4389 2844 4446 conturbat
2881 4391 3048 4447 abbas
3075 4407 3292 4463 gregem
3337 4392 3441 4450 sibi
3492 4399 3842 4454 commissu-

2250 4483 2529 4554 sequentia
2557 4481 2856 4549 declarant,
2887 4498 3008 4538 cum
3032 4482 3228 4538 dicitur
3251 4500 3266 4537 :

2329 4575 2441 4630 Nec
2476 4575 2628 4647 quasi
2668 4574 2832 4630 libera
2876 4587 3024 4630 utens
3069 4585 3320 4646 potestate
3358 4576 3564 4649 injuste
3603 4581 3842 4653 disponi

564 4674 779 4732 pacem,
829 4658 897 4713 ad
944 4656 1399 4721 communionem.
1445 4655 1512 4710 ad
1561 4654 1826 4725 psalmum
1871 4654 2226 4728 imponet?"
2252 4668 2470 4741 aliquid.
2512 4667 2712 4739 injuste
2755 4683 2886 4743 ergo
2926 4669 3129 4740 aliquid
3174 4669 3513 4742 disponendo
3557 4677 3840 4732 conturbat

565 4752 716 4818 dum,
745 4751 800 4806 in
824 4751 990 4806 choro
1021 4750 1294 4813 standum,
1322 4746 1455 4802 etin
1476 4746 1726 4802 omnibus
1750 4748 1970 4803 omnino
1995 4747 2147 4816 locis,

563 4853 766 4917 praeter
792 4842 1030 4900 cilicium
1072 4841 1281 4905 altaris,
1315 4839 1370 4895 id
1417 4848 1520 4906 est,
1551 4840 1656 4896 nisi
1697 4846 1913 4911 quando
1955 4842 2152 4900 altario

563 4938 858 4994 ministrat.
883 4935 1091 4990 Altario
1121 4935 1267 4989 enim
1293 4934 1558 4992 assistens
1586 4935 1795 5005 primus
1819 4945 1950 5004 stat,
1979 4939 2149 4994 sacri-

565 5029 714 5093 licat,
743 5038 796 5084 et
825 5030 1030 5099 primus
1070 5041 1168 5098 pro
1215 5026 1465 5082 omnibus
1510 5037 1650 5094 orat,
1681 5028 1895 5085 etiamsi
1925 5028 2148 5087 ultimus

564 5121 872 5178 inveniatur
913 5119 970 5174 in
1014 5118 1222 5173 ordine.
1273 5117 1342 5173 Et
1385 5118 1506 5175 ideo
1534 5133 1637 5176 nec
1662 5119 1814 5177 locus
1859 5121 1934 5176 ibi
1960 5128 2145 5178 custo—

563 5212 794 5270 diendus
818 5220 922 5278 est,
955 5226 1054 5266 nec
1077 5211 1212 5265 ordo
1239 5212 1521 5266 tenendus.
2088 5263 2096 5272 ,

639 5304 705 5358 Et
734 5304 782 5359 si
808 5303 942 5374 forte
985 5302 1164 5357 electio
1205 5302 1640 5374 congregationis,
1679 5311 1728 5357 et
1769 5300 2010 5356 uoluntas
2053 5302 2146 5357 ab-

564 5395 699 5453 batis
727 5412 821 5466 pro
865 5397 980 5450 vita:
1008 5395 1192 5449 merito
1242 5410 1361 5449 eum
1400 5409 1700 5464 promovere
1744 5391 1981 5447 voluerit.
2013 5391 2150 5448 Pro-

564 5488 772 5544 moveri
798 5487 997 5543 dicitur
1021 5487 1276 5544 honorari
1302 5486 1387 5541 vel
1414 5486 1660 5552 exaltari,
1689 5495 1745 5543 et
1773 5488 1840 5542 ab
1871 5485 2144 5542 humiliori

564 5575 686 5637 loco
711 5577 767 5635 in
791 5578 1058 5650 superiori
1102 5578 1401 5634 sublimari.
1449 5575 1678 5650 Dignum
1705 5586 1789 5633 est
1815 5558 1960 5634 enim
2005 5576 2146 5648 apud

565 5670 815 5729 homines
846 5671 1147 5735 sublimari,
1173 5671 1266 5741 qui
1301 5669 1474 5725 fretus
1503 5685 1688 5726 amore
1735 5669 1831 5726 Dei
1873 5671 2146 5727 consentit

567 5775 679 5832 prae
704 5763 916 5818 ueteris
958 5761 1252 5816 humiliari.
1299 5759 1594 5818 Monachus
1637 5762 1782 5817 enim
1814 5764 1904 5832 qui
1931 5764 2142 5824 cautela

570 5861 628 5908 et
652 5854 1043 5920 moderatione,
1087 5852 1366 5924 pudicitia,
1418 5853 1546 5920 fide,
1586 5852 1918 5922 humilitate,
1962 5855 2170 5914 cbari-.

2251 4760 2418 4818 abbas
2445 4776 2660 4834 gregem
2701 4761 2804 4819 sibi
2833 4763 3203 4821 commissum.
3233 4763 3338 4821 Pro
3365 4780 3473 4836 qua
3505 4782 3572 4824 re
3595 4779 3666 4825 et
3703 4769 3840 4824 illm

2250 4853 2381 4911 facit
2407 4870 2527 4911 esse
2555 4855 2814 4928 peiorem,
2855 4864 2911 4911 et
2939 4855 3044 4912 sibi
3091 4872 3192 4929 pro
3233 4855 3433 4927 iniusta
3477 4860 3840 4933 dispositione

2249 4945 2571 5018 multiplicat
2629 4946 2907 5004 cumulum
2970 4948 3353 5005 damnationis.
3414 4947 3575 5008 Unde
3642 4965 3704 5010 et
3765 4968 3842 5009 se-

2246 5039 2430 5109 quitur
2457 5057 2470 5094 :

2321 5126 2425 5184 Sed
2452 5129 2637 5202 cogitet
2657 5147 2858 5204 semper
2884 5131 3010 5205 quia
3032 5132 3099 5189 de
3132 5134 3370 5191 omnibus
3389 5135 3627 5207 judiciis
3655 5147 3708 5193 et
3736 5154 3841 5209 ops-

2249 5219 2392 5276 ribus
2419 5220 2533 5279 suis
2579 5222 2881 5278 redditurus
2917 5234 2993 5279 est
3030 5222 3141 5280 Deo
3180 5227 3454 5282 rationem.
3496 5227 3610 5284 Alii
3662 5239 3836 5284 anuli

2249 5310 2498 5369 homines
2539 5313 2605 5368 de
2639 5313 2752 5370 suis
2780 5321 2988 5370 tantum
3013 5317 3268 5386 operibus
3297 5317 3532 5373 Domino
3572 5321 3833 5374 rationem

2250 5401 2306 5456 in
2328 5401 2532 5472 judicio
2574 5413 2700 5460 sunt
2730 5406 3028 5472 reddituri;
3078 5409 3301 5464 abbates
3345 5424 3494 5473 vero,
3550 5420 3610 5466 et
3648 5425 3832 5466 omnes

2249 5495 2342 5565 qui
2365 5503 2602 5566 praesunt
2627 5496 2768 5560 aliis,
2789 5513 2900 5552 non
2923 5498 3096 5567 solum
3119 5500 3186 5555 de
3205 5502 3390 5572 pravis
3408 5502 3677 5573 operibus
3697 5503 3831 5565 si.

2248 5587 2343 5644 sed
2370 5593 2426 5643 et
2455 5588 2521 5644 de
2558 5586 2770 5657 iniustis
2804 5588 3028 5660 iudiciis
3073 5592 3338 5649 rationem
3387 5595 3660 5651 reddituri
3709 5603 3832 5651 sunt

2246 5677 2494 5739 Domino.
2541 5695 2663 5736 cum
2694 5681 2939 5738 venerint
2959 5699 3084 5739 cum
3111 5683 3201 5740 illo
3229 5685 3282 5740 in
3305 5699 3566 5756 supremo
3598 5687 3828 5757 judicio.

2245 5766 2414 5824 Valde
2446 5769 2591 5824 enim
2621 5769 2781 5827 debet
2820 5771 2990 5828 abbas
3033 5773 3244 5841 timere,
3273 5777 3365 5844 qui
3413 5791 3515 5847 pro
3541 5778 3831 5848 cogitatio-

2243 5864 2402 5923 nibus
2428 5866 2562 5936 suis,
2586 5875 2642 5922 et
2681 5867 2957 5941 operibus,
2989 5872 3300 5950 pariterque
3329 5871 3553 5948 iudiciis
3591 5874 3826 5934 Domino
