3994 6466
157 436 312 497 91:5”

1204 417 1560 497 conamur.
1596 434 1667 492 IN
1705 431 1867 490 nec.
1909 430 1967 487 s.
2009 427 2389 486 BENEDICTI.

3334 372 3472 462 sit"

157 561 338 618 debet
376 555 605 612 reddere
646 554 933 610 rationem.
979 550 1276 621 Diligenter
1321 557 1502 605 autem
1545 555 1600 602 et
1629 545 1757 600 illud
1783 547 2098 617 A'exigitur
2145 543 2304 600 hodie
2348 551 2408 597 ut
2434 542 2548 613 ipsa
2602 550 2823 612 paterna
2873 529 3176 591 reverentia
3229 526 3441 597 priores

157 652 337 708 debet
380 647 660 704 attendere
701 646 843 717 quod
875 644 1134 700 Dominus
1162 643 1276 699 ait:
1314 641 1381 696 In
1420 656 1523 712 quo
1558 639 1762 710 judicio

154 739 538 816 judicaveritis
574 737 948 809 judicabimini
999 734 1215 806 (Matth.
1239 733 1358 807 vn).
1414 732 1504 798 Et,
1553 729 1621 785 In
1658 744 1762 800 qua

159 850 422 888 mensura
448 832 613 886 mensi
638 830 844 901 fueritis
872 827 1165 883 remetietur
1187 826 1326 882 vobis
1349 825 1500 897 (Luc.
1522 823 1622 894 vt).
1657 820 1764 877 Sed

159 933 223 980 et
249 922 384 977 illud
411 921 726 976 terribiliter
741 919 901 975 debet
919 930 1304 988 expavescere,
1335 915 1480 986 quod
1502 915 1762 983 scriptum

160 1025 296 1070 est:
328 1013 598 1068 Judicium
629 1011 969 1066 durissimum
999 1010 1054 1063 in
1097 1009 1178 1063 his
1211 1009 1300 1080 qui
1347 1015 1600 1078 praesunt,
1631 1003 1719 1072 ﬁet
1742 1014 1762 1054 :

160 1114 409 1177 potentes
431 1113 605 1157 autem
645 1111 880 1172 potenter
904 1108 1160 1155 tormenta
1189 1098 1451 1168 patientur
1488 1093 1636 1167 (Sap.
1661 1090 1759 1163 vn).

245 1195 392 1266 Ergo
412 1194 699 1249 secundum
729 1193 939 1248 ordines
966 1207 1093 1263 quos
1132 1189 1484 1254 constituerit,
1529 1185 1606 1241 vel
1632 1200 1763 1257 quos

165 1289 455 1344 habuerint
481 1287 579 1358 ipsi
601 1285 811 1356 fratres,
837 1285 913 1339 sic
934 1283 1180 1338 accedent
1207 1281 1278 1336 ad
1302 1297 1502 1352 pacem,
1527 1279 1596 1333 ad
1621 1294 1763 1333 com-

166 1381 504 1448 munionem,
534 1382 604 1435 ad
628 1379 889 1452 psalmum
917 1377 1308 1448 imponendum,
1353 1375 1408 1428 in
1436 1374 1592 1428 choro
1618 1381 1765 1426 stan-

167 1473 326 1530 dum.
371 1473 442 1528 Et
478 1475 534 1528 in
573 1472 809 1528 omnibus
857 1472 1068 1526 omnino
1111 1468 1240 1524 locis
1268 1477 1396 1522 tetas
1426 1482 1530 1520 non
1568 1465 1764 1519 discer-

170 1575 340 1621 natur
364 1567 419 1621 in
443 1567 646 1632 ordine,
677 1582 769 1621 nec
797 1565 1104 1637 prtejudicet
1129 1577 1148 1615 :
1184 1563 1309 1633 quia
1338 1558 1554 1616 Samuel
1580 1567 1629 1613 et
1655 1557 1764 1612 Da-

170 1658 286 1714 niel
325 1660 474 1730 pueri
523 1659 851 1731 presbyteros
895 1657 1291 1728 judicaverunt.
1342 1653 1480 1709 Hinc
1524 1653 1763 1708 Isidorus

170 1753 348 1810 dicit:
383 1755 701 1824 Quicunque
728 1762 909 1810 autem
933 1751 1325 1808 monasterium
1349 1751 1558 1821 primus
1585 1750 1763 1820 ingre-

173 1847 352 1914 ditur,
377 1849 586 1920 primus
611 1849 780 1915 sedet,
829 1848 1039 1918 primus
1080 1845 1341 1912 ambulat,
1387 1845 1595 1916 primus
1619 1844 1764 1915 psal-

1861 637 2034 692 nostri
2075 651 2106 690 a
2153 635 2308 690 nobis
2355 639 2618 688 vocentur
2662 628 2882 684 damni:
2923 625 3036 681 sive
3081 621 3228 678 enim
3273 617 3452 674 nonni-

1861 729 2071 798 priores
2113 727 2307 792 nostri,
2341 725 2454 781 sive
2491 730 2750 778 vocentur
2779 718 3001 779 domui;
3046 714 3160 770 sive
3196 709 3442 790 iuniores

1861 826 2124 874 vocentur
2168 817 2386 882 fratres,
2435 815 2616 871 omnia
2658 813 2797 868 bene
2845 813 3169 878 congruunt.
3209 801 3443 858 Tantum

1863 919 1946 968 est
1966 920 2028 966 ut
2053 910 2231 966 nullus
2260 908 2486 964 fratrum
2515 907 2689 978 primo
2717 911 2935 959 vocetur
2963 901 3199 955 nomine.

1932 1007 2106 1061 Abbas
2148 1014 2342 1071 autem,
2389 1003 2510 1075 quia
2558 1002 2689 1056 vices
2742 997 2937 1053 Christi
2980 1011 3132 1067 agere
3189 989 3441 1053 creditur,

1861 1099 2098 1156 Domnus
2118 1109 2165 1154 et
2187 1097 2348 1153 abbas
2373 1104 2583 1152 vocetur
2604 1110 2708 1148 non
2731 1107 2829 1144 sua
2851 1086 3224 1156 assumptione,
3241 1079 3330 1136 sed
3354 1079 3446 1133 ho-

1863 1175 1989 1247 nbre
2013 1201 2062 1246 et
2083 1207 2261 1246 amore
2285 1189 2502 1244 Christi.
2534 1185 2654 1257 Ipse
2678 1191 2851 1237 autem
2881 1181 3087 1249 cogitet,
3114 1184 3162 1229 et
3189 1174 3264 1228 sic
3282 1187 3337 1226 se
3356 1186 3445 1225 ea:—

1862 1285 2057 1349 hibeat,
2103 1293 2162 1338 ut
2208 1283 2397 1353 dignus
2446 1280 2510 1334 sit
2555 1276 2652 1332 tali
2704 1274 2918 1328 honore.
2967 1267 3271 1324 Notandum
3317 1261 3446 1333 quia

1863 1390 1973 1430 non
2003 1374 2140 1430 dixit
2166 1392 2178 1428 :
2204 1375 2387 1428 Abbas
2418 1372 2543 1442 quia
2575 1365 2788 1424 cunctis
2814 1369 3036 1434 praeest,
3063 1364 3286 1414 cunctos
3307 1368 3448 1424 pra»

1862 1468 2027 1532 cellit,
2071 1475 2126 1522 et
2165 1481 2328 1536 super
2354 1478 2545 1520 omnes
2571 1471 2675 1525 est,
2724 1461 2845 1515 ideo
2874 1456 3104 1511 domnus
3140 1455 3374 1536 vocetur
3393 1451 3449 1499 et

1862 1559 2066 1624 abbas;
2093 1558 2189 1614 sed
2217 1535 2312 1622 ait,
2337 1556 2466 1626 quia
2495 1554 2640 1608 vices
2661 1550 2859 1608 Christi
2887 1559 3045 1618 agere
3058 1540 3316 1604 creditur,
3349 1535 3447 1590 do-

1862 1665 2023 1707 mnus
2065 1657 2121 1704 et
2149 1650 2317 1704 abbas
2352 1656 2594 1702 vocetur.
2624 1644 2766 1714 Ergo
2795 1641 2984 1703 abbas,
3014 1635 3106 1707 qui
3131 1639 3279 1688 recte
3299 1627 3448 1682 vices

1861 1740 2060 1798 Christi
2092 1741 2234 1797 inter
2266 1739 2462 1794 fratres
2507 1753 2612 1794 non
2641 1737 2772 1808 agit,
2799 1736 2901 1788 hoc
2939 1729 3157 1786 nomine
3199 1721 3452 1793 indignus

1863 1833 2074 1904 recipit,
2101 1839 2159 1888 et
2181 1830 2430 1887 assumit.
2459 1828 2612 1884 Unde
2637 1834 2692 1882 et
2737 1824 2980 1894 sequitur
3006 1839 3018 1874 :
3052 1817 3169 1872 Non
3217 1828 3314 1870 sua
3351 1825 3443 1866 as-

172 1953 330 1994 mum
376 1905 530 2006 dicit,
580 1905 789 2010 primus
832 1905 894 1994 in
927 1954 1168 1994 mensam
1222 1905 1465 1993 extendit
1516 1905 1760 2002 manum,
1789 1923 1837 1985 B
1865 1925 2190 1996 sumptione,
2249 1921 2344 1980 sed
2400 1923 2604 1977 honore
2654 1927 2711 1975 et
2759 1930 2945 1972 amore
3000 1909 3224 2010 Christi.
3279 1905 3451 2004 Debet

171 2033 330 2103 prior
363 2034 416 2089 in
463 2034 690 2092 ecclesia
739 2034 1125 2098 communicat,
1174 2047 1272 2086 nec
1315 2039 1446 2086 aetas
1494 2030 1634 2085 inter
1669 2043 1764 2084 eos

174 2125 464 2195 quaeritur,
491 2126 586 2182 sed
613 2125 901 2198 professio.
931 2123 1085 2192 Quod
1115 2123 1280 2178 dicit:
1322 2121 1539 2177 Samuel
1567 2129 1623 2176 et
1660 2120 1768 2175 Da-

172 2216 286 2274 niel
309 2220 458 2289 pueri
485 2221 828 2290 presbyteros
850 2216 1227 2286 iudicaverunt
1249 2215 1304 2284 (1
1330 2215 1458 2286 Reg.
1485 2231 1559 2272 vn
1581 2232 1596 2282 ;
1621 2214 1759 2270 Dan.

174 2310 326 2383 xm),
359 2311 425 2367 de
460 2311 601 2378 Heli,
632 2321 687 2367 et
729 2313 794 2367 de
824 2311 930 2366 illis
971 2311 1062 2380 qui
1104 2309 1409 2365 Susannam
1453 2309 1764 2378 opprimere

172 2401 483 2467 voluerunt,
513 2402 844 2474 intelligitur.
873 2399 1090 2455 Samuel
1117 2400 1463 2470 presbyteros
1479 2398 1762 2469 judicavit,

173 2493 396 2561 quando
423 2491 564 2548 filios
588 2492 702 2548 Heli
730 2506 959 2562 peccare
997 2491 1153 2556 vidit,
1186 2499 1239 2546 et
1261 2506 1357 2546 eos
1382 2491 1434 2545 in
1462 2492 1628 2546 corde
1665 2507 1763 2547 suo

172 2584 924 2655 praevaricatoresiudicavit,
949 2589 1004 2637 et
1022 2581 1418 2638 condemnavit.
1437 2580 1555 2636 Heli
1575 2593 1756 2637 autem

175 2673 307 2746 quia
348 2689 444 2730 eos
475 2675 721 2731 districta
749 2674 1218 2730 animadversione
1265 2688 1371 2728 non
1403 2675 1681 2744 repressit,
1710 2681 1766 2730 et

178 2765 250 2820 ab
295 2765 581 2836 iniquitate
626 2767 981 2838 compescuit,
1031 2765 1282 2822 similiter
1322 2767 1669 2837 reprehendit
1711 2775 1766 2822 et

179 2857 460 2930 iudicavit.
492 2857 684 2915 Daniel
708 2873 923 2930 quoque
949 2867 1080 2915 tunc
1101 2860 1449 2931 presbyteros
1475 2859 1758 2930 iudicavit,

179 2950 398 3022 quando
441 2948 563 3006 illos
590 2951 775 3021 iniqua
805 2951 1132 3020 mgitatione
1175 2950 1384 3020 plenos,
1429 2952 1519 3022 qui
1563 2949 1765 3007 Susan-

181 3053 305 3095 nam
338 3037 628 3095 voluerunt
667 3039 804 3097 falso
833 3039 1142 3096 testimonio
1167 3040 1550 3106 condemnare,
1582 3056 1767 3110 repre-

179 3129 389 3197 hendit,
413 3131 712 3198 damnavit,
736 3139 794 3188 et
815 3131 1058 3203 angelico
1085 3146 1181 3187 eos
1215 3130 1391 3202 gladio
1419 3132 1766 3188 trucidandos

180 3235 300 3277 esse
329 3222 598 3293 praedixit.

253 3309 395 3383 Ergo
423 3313 649 3382 exceptis
677 3313 761 3367 his
786 3330 936 3384 quos,
979 3325 1036 3370 ut
1066 3316 1312 3376 diximus,
1344 3312 1521 3368 altiori
1550 3311 1766 3366 consilio

185 3401 346 3456 abbas
373 3401 683 3472 prmtulerit,
705 3402 781 3458 vel
807 3404 1168 3473 degradaverit
1194 3405 1348 3460 certis
1369 3419 1433 3458 ex
1459 3403 1650 3465 causis,
1683 3418 1767 3456 re-

183 3493 313 3564 liqui
343 3511 520 3549 omnes
553 3502 611 3548 ut
639 3505 1033 3563 convertuntur,
1065 3499 1141 3551 ita
1169 3499 1314 3552 sint:
1355 3505 1435 3561 ut,
1468 3494 1610 3549 verbi
1643 3511 1768 3563 gra-

183 3586 278 3652 tia,
316 3589 405 3659 qui
453 3589 683 3643 secunda
729 3591 860 3643 hora
905 3590 1012 3644 diei
1057 3591 1253 3670 venerit
1284 3590 1338 3644 in
1370 3588 1768 3651 monasterium,

184 3680 446 3744 iuniorem
467 3697 522 3736 se
545 3683 742 3736 noverit
781 3681 925 3738 illius
953 3699 1062 3737 esse
1089 3683 1178 3754 qui
1204 3683 1375 3753 prima
1418 3681 1548 3734 hora
1578 3679 1772 3734 venerit

185 3771 310 3838 diei,
351 3773 626 3844 cujuslibet
674 3770 844 3829 (etatis
888 3785 980 3829 aut
1026 3775 1301 3845 dignitatis
1334 3774 1422 3828 sit.
1477 3772 1614 3827 Hinc
1643 3769 1770 3825 alibi

185 3867 443 3936 scriptum
467 3877 587 3923 est:
639 3867 833 3924 Abbati
878 3883 1007 3925 vero
1051 3867 1371 3924 studendum
1419 3875 1522 3928 est,
1570 3872 1632 3918 ut
1673 3879 1772 3934 per

185 3958 450 4025 ordinem,
472 3961 612 4017 sicut
632 3961 878 4016 conversi
904 3961 956 4016 in
985 3961 1314 4016 monasterio
1337 3958 1574 4021 fuerunt,
1607 3957 1678 4010 ita
1716 3955 1770 4010 in

185 4065 289 4107 suo
314 4052 503 4108 ordine
529 4052 951 4117 constituantur,
975 4061 1175 4123 praeter
1202 4051 1248 4105 si
1276 4050 1460 4104 uberis
1483 4061 1773 4102 conversa-

187 4141 268 4198 tio
290 4143 563 4216 religionis
589 4143 871 4210 meruerit,
899 4151 962 4199 ut
983 4151 1092 4198 tam
1115 4143 1172 4197 in
1192 4149 1350 4196 antea
1369 4147 1772 4210 promoveatur,

188 4233 275 4289 vel
301 4235 344 4290 si
368 4236 553 4307 gravis
581 4235 739 4306 culpa
770 4235 1034 4305 exegerit,
1063 4241 1124 4288 ut
1158 4239 1307 4287 retro
1334 4229 1666 4301 regradetur.

263 4325 452 4383 Pueris
492 4343 610 4383 vero
659 4343 751 4399 per
786 4327 964 4381 omnia
1003 4325 1066 4380 ab
1107 4323 1348 4379 omnibus
1392 4319 1673 4390 disciplina
1703 4327 1779 4374 te-

190 4428 399 4476 neatur.
428 4419 644 4488 Quanto
685 4420 830 4476 enim
861 4418 1189 4492 fragiliorem
1219 4417 1274 4471 in
1305 4413 1668 4484 delinquendo
1696 4412 1779 4467 vi-

191 4513 285 4570 det
327 4513 496 4568 abbas
530 4519 768 4576 :etatem,
819 4516 1031 4565 tantum
1074 4509 1237 4564 debet
1278 4505 1452 4578 magis
1481 4503 1696 4560 mittere
1723 4503 1778 4559 in

191 4602 546 4662 custodiendo
583 4609 878 4657 certamen.

265 4693 512 4751 Iuniores
535 4695 698 4765 igitur
734 4693 934 4765 priores
971 4707 1094 4747 suos
1123 4692 1396 4746 honorent.
1424 4685 1543 4743 Non
1569 4685 1658 4742 hic
1684 4685 1783 4741 ho-

192 4803 299 4846 nor
325 4787 560 4858 exigitur
605 4799 813 4850 rerum,
865 4782 962 4840 sed
1004 4779 1311 4838 reverentia
1358 4776 1632 4850 expetitur
1658 4790 1782 4832 ver-

194 4882 387 4940 borum
414 4889 472 4936 et
490 4895 725 4938 morum.

272 4971 483 5029 Priores
534 4973 774 5045 juniores
827 4988 950 5028 suos
1009 4970 1256 5042 diligant.
1319 4967 1583 5024 Dominus
1637 4965 1782 5022 enim

195 5065 356 5123 Iesus
383 5065 656 5132 Christus,
683 5065 775 5137 qui
811 5072 894 5121 est
936 5061 1332 5134 primogenitus
1376 5061 1430 5115 in
1462 5059 1645 5114 multis
1672 5057 1784 5112 fra-

198 5161 396 5226 tribus,
442 5159 634 5214 dilexit
672 5156 920 5227 iuniores
963 5171 1092 5212 suos
1129 5153 1423 5226 apostolos,
1474 5150 1780 5220 exemplum

199 5251 338 5306 dans
363 5251 489 5315 illis,
519 5259 575 5305 et
597 5249 822 5304 dicens:
865 5245 979 5302 Hoc
1007 5245 1316 5300 mandatum
1355 5243 1424 5296 do
1449 5242 1590 5296 vobis
1617 5250 1672 5293 ut
1701 5241 1782 5292 in-

202 5341 364 5398 vicem
395 5358 481 5397 vos
508 5338 760 5410 diligatis,
780 5339 916 5394 sicut
937 5347 984 5392 et
1013 5353 1106 5406 ego
1135 5333 1296 5389 dilexi
1317 5350 1404 5388 vos
1427 5332 1610 5405 (Joan.
1637 5329 1781 5403 xm).

277 5433 343 5488 In
373 5435 486 5503 ipsa
532 5441 708 5486 autem
753 5427 1100 5501 appellatione
1144 5428 1411 5480 nominum
1456 5422 1588 5476 nulli
1634 5422 1785 5477 liceat

207 5524 370 5580 alium
419 5540 552 5594 puro
594 5521 803 5576 nomine
851 5518 1133 5591 appellare,
1175 5517 1265 5572 sed
1311 5518 1509 5587 priores
1543 5516 1784 5587 juniores

208 5633 332 5674 suos
366 5613 580 5669 Fratres
609 5612 894 5676 nominent,
937 5609 1176 5681 iuniores
1223 5617 1396 5662 autem
1433 5606 1633 5677 priores
1663 5620 1785 5660 suos

209 5723 412 5764 nonnos
440 5712 652 5761 vocent:
698 5701 836 5774 quod
887 5698 1198 5770 intelligitur
1223 5706 1440 5770 paterna
1479 5695 1781 5751 reverentia.

213 5796 368 5857 Sicut
391 5806 519 5853 tunc
542 5795 682 5867 apud
712 5793 831 5849 illos
868 5800 1094 5863 paterna
1138 5788 1495 5848 exhibebatur
1538 5802 1788 5844 reveren-

215 5892 312 5957 tia,
342 5897 404 5946 ut
422 5889 630 5961 priores
657 5898 980 5946 vocarentur
1009 5884 1191 5953 nonni,
1234 5884 1306 5940 ita
1332 5897 1476 5945 nunc
1507 5882 1646 5954 apud
1689 5895 1788 5938 nos

1862 1993 2006 2073 enim
2033 2016 2294 2077 moribus,
2335 2011 2540 2082 lingua,
2569 2009 2806 2080 iudiciis,
2839 2015 2894 2061 et
2928 2005 3059 2067 vita,
3105 2007 3160 2054 et
3193 1998 3248 2052 in
3274 1993 3452 2051 omni-

1861 2109 1965 2163 bus
1987 2105 2207 2162 omnino
2254 2101 2541 2174 prteceptis
2584 2098 2795 2154 Domini
2842 2096 3025 2150 vivere
3064 2090 3182 2146 sine
3206 2083 3450 2174 querela,

1863 2197 2047 2252 dicens
2085 2171 2314 2250 Domino
2339 2191 2640 2248 veraciter:
2690 2188 2734 2241 Α
2755 2184 2973 2258 judiciis
3003 2181 3106 2236 tuis
3151 2195 3254 2232 non
3293 2171 3456 2228 decli-

1864 2289 1982 2342 navi
2006 2301 2024 2340 :
2050 2294 2107 2342 et
2134 2286 2212 2342 sic
2235 2287 2306 2340 ob
2337 2285 2596 2339 honorem
2620 2288 2676 2336 et
2713 2292 2954 2335 amorem
2983 2270 3186 2331 Christi
3217 2270 3320 2324 hoc
3357 2280 3457 2321 no-

1863 2378 2011 2433 mine
2039 2377 2210 2448 fungi.
2242 2375 2399 2430 Prius
2439 2381 2588 2429 recte
2629 2372 2787 2427 debet
2827 2365 3028 2424 Christi
3058 2376 3220 2434 agere
3255 2358 3452 2423 vicem,

1863 2479 1920 2527 et
1953 2471 2033 2526 sic
2060 2470 2305 2541 ejusdem
2336 2473 2745 2523 sacrosanctum
2799 2460 3080 2530 suscipere
3113 2467 3348 2510 nomen:
3385 2463 3456 2504 ne

1864 2563 1910 2617 si
1942 2561 2079 2617 forte
2107 2561 2358 2632 indignus
2387 2567 2481 2613 aut
2505 2566 2712 2613 temere
2739 2553 2871 2609 illud
2897 2548 3133 2607 voluerit
3153 2556 3454 2606 assumere,
3508 2583 3512 2586 .

1865 2655 2039 2727 magis
2081 2653 2184 2708 sibi
2237 2649 2743 2708 condemnationem
2796 2658 2958 2714 quam
3007 2635 3455 2710 iustiﬁcationem

1866 2755 2127 2804 assumat.
2155 2745 2311 2814 Quod
2343 2752 2524 2799 autem
2567 2740 2734 2797 dicit:
2777 2737 2894 2808 Ipse
2934 2740 3118 2789 autem
3149 2727 3375 2800 cogitet,
3393 2727 3459 2778 et

1866 2839 1946 2894 sic
1979 2854 2038 2895 se
2055 2838 2311 2893 exhibeat
2337 2845 2399 2891 ut
2441 2834 2636 2905 dignus
2656 2831 2727 2887 sit
2751 2828 2847 2884 tali
2874 2828 3102 2888 honore,
3130 2815 3454 2878 subauditur

1865 2932 1934 2986 de
1967 2928 2140 2985 salute
2182 2943 2304 2991 sua,
2343 2936 2398 2983 et
2441 2925 2653 2990 timeat,
2681 2921 2729 2978 si
2772 2933 2940 2991 prave
2966 2914 3187 2979 vixerit,
3232 2907 3328 2966 tali
3355 2921 3457 2962 no-
3517 2931 3519 2957 ;

1867 3021 2012 3077 mine
2036 3018 2426 3083 condemnari;
2467 3016 2514 3072 si
2557 3023 2739 3070 autem
2769 3019 2915 3068 recte
2955 3005 3178 3070 vixerit,
3219 3001 3456 3074 gaudeat
3507 3018 3525 3029 -

1868 3112 1963 3166 tali
1991 3113 2210 3166 nomine
2231 3108 2540 3179 iustificari.

1946 3220 2250 3293 Ubicunque
2304 3231 2477 3275 autem
2521 3219 2621 3274 sibi
2675 3217 2884 3273 obviant
2940 3214 3154 3285 fratres,
3195 3207 3385 3279 junior
3425 3224 3460 3260 ιι
3521 3229 3528 3234 -

1872 3316 2046 3386 priore
2067 3314 2472 3368 benedictionem
2494 3319 2654 3382 petat.
2685 3307 3010 3362 Transeunte
3038 3301 3263 3370 majore,
3287 3297 3464 3351 minor

1871 3413 2076 3474 surgat,
2102 3413 2150 3459 et
2177 3403 2261 3457 det
2295 3404 2341 3458 ei
2369 3403 2541 3457 locum
2571 3399 2806 3455 sedendi.
2843 3393 2955 3450 Nec
2974 3399 3257 3466 praesumat
3275 3389 3465 3460 junior

1873 3497 2168 3561 consedere,
2195 3497 2294 3550 nisi
2332 3496 2380 3548 ei
2422 3493 2694 3566 prrrcipiat
2734 3491 2908 3545 senior
2932 3503 3079 3550 suus,
3107 3493 3162 3538 ut
3199 3481 3294 3552 ﬁat
3322 3479 3464 3553 quod

1873 3587 2121 3658 scripturn
2161 3597 2236 3642 est
2281 3600 2302 3638 :
2358 3585 2570 3640 Honore
2607 3585 2825 3638 invicem
2866 3578 3234 3652 pravenientes
3278 3571 3460 3644 (Rom.

1874 3681 2021 3751 xm).
2068 3679 2204 3735 Hinc
2227 3689 2283 3735 et
2305 3679 2444 3734 alius
2470 3678 2636 3733 Pater
2665 3675 3054 3731 monachorum
3083 3671 3192 3724 ait:
3234 3664 3462 3734 Quando

1874 3773 1976 3829 sibi
2004 3769 2203 3827 fratres
2231 3771 2512 3826 mutuatim
2559 3769 2613 3824 in
2642 3768 2730 3823 via
2776 3766 2858 3820 vel
2903 3765 2957 3819 in
2987 3773 3312 3833 quocunque
3339 3756 3464 3812 loco

1874 3865 2235 3927 occurrerint,
2287 3879 2408 3918 cum
2451 3861 2597 3916 omni
2643 3857 2946 3915 humilitate
2989 3855 3058 3908 ab
3103 3850 3334 3906 invicem
3369 3847 3464 3903 ﬂe-

1875 3963 2087 4011 ctentes
2128 3953 2558 4009 benedictionem
2589 3956 2800 4021 rogent.
2845 3945 2911 4002 Et
2941 3945 2985 4000 si
3013 3959 3080 3998 ex
3105 3941 3186 3996 eis
3215 3954 3354 3994 unus
3378 3951 3466 3993 se-

1875 4047 1998 4101 nior
2025 4045 2206 4107 fuerit,
2233 4043 2386 4113 prius
2404 4042 2588 4112 iunior
2605 4036 3033 4094 benedictionem
3057 4030 3312 4103 postulet,
3334 4035 3465 4083 tunc
3535 4037 3544 4064 ι

1876 4137 2094 4192 demum
2137 4135 2320 4190 senior
2362 4139 2740 4205 prosequatur.
2788 4128 2847 4183 In
2887 4137 3145 4182 consessu
3179 4135 3311 4176 vero
3354 4118 3466 4174 fra—
3537 4127 3540 4130 '

1878 4237 2043 4293 trum,
2086 4227 2132 4281 si
2167 4227 2304 4281 alius
2357 4219 2751 4296 supervenerit,
2783 4221 2876 4290 qui
2912 4216 3158 4286 iuniores
3193 4217 3322 4268 sunt
3368 4223 3463 4266 or-
3537 4210 3542 4214 ’

1879 4319 2003 4376 dine
2029 4327 2338 4390 assurgant,
2370 4326 2426 4373 et
2452 4314 2652 4372 seniori
2693 4314 2869 4369 locum
2893 4309 3190 4381 pratbeant.
3213 4304 3468 4360 Juniores

1878 4408 2008 4468 vero
2027 4411 2336 4468 senioribus
2358 4409 2664 4465 nullatenus
2685 4403 3046 4476 superbiendo
3066 4396 3466 4462 contradicant,
3545 4399 3549 4404 '

1881 4507 1976 4563 sed
1999 4519 2123 4562 cum
2146 4505 2292 4560 omni
2320 4503 2645 4568 humilitate,
2671 4501 2757 4557 vel
2774 4499 3091 4569 interrogati
3121 4495 3202 4551 vel
3228 4494 3466 4562 correpti
3545 4487 3548 4490 ’

1885 4598 2265 4671 respondeant.
2299 4595 2358 4652 Si
2385 4595 2654 4652 labentem
2703 4594 2758 4648 in
2789 4589 3067 4662 quodlibet
3093 4587 3352 4642 delictum
3379 4582 3469 4653 in-
3545 4581 3550 4588 ’

1883 4690 2006 4748 nior
2054 4692 2322 4748 seniorem
2378 4688 2695 4758 aspexerit,
2749 4700 2856 4741 non
2898 4680 3274 4752 exprobrando
3305 4719 3320 4745 ,
3371 4677 3468 4734 sed
3549 4677 3554 4683 ’

1885 4783 2060 4854 magis
2103 4782 2334 4838 dolendo
2355 4781 2423 4838 ad
2466 4777 2829 4835 conﬁtendum
2856 4773 3040 4830 abbati
3065 4771 3151 4828 vel
3179 4768 3467 4842 praeposito

1885 4877 2100 4947 dirigat.
2131 4873 2394 4930 Similiter
2420 4872 2602 4928 senior
2622 4866 2827 4942 iuniori
2857 4865 3036 4922 faciat.
3549 4854 3554 4858 ’

1958 4965 2137 5030 Pueri,
2166 4963 2394 5038 parvuli,
2423 4961 2503 5018 vel
2541 4961 2915 5024 adolescentes,
2944 4958 2999 5012 in
3029 4953 3260 5010 oratorio
3291 4949 3368 5007 vel
3397 4950 3467 5004 ad

1886 5075 2114 5124 mensas,
2161 5073 2276 5113 cum
2315 5053 2594 5126 disciplina
2639 5051 2848 5106 ordines
2889 5064 3012 5104 suos
3058 5049 3465 5114 consequantur.

1884 5150 2301 5220 Consequantur
2327 5147 2478 5212 dicit,
2509 5145 2564 5200 id
2591 5153 2696 5209 est,
2745 5142 3031 5212 accipiant,
3072 5146 3127 5193 et
3154 5136 3280 5190 cum
3303 5132 3469 5189 disci-

1884 5242 2054 5314 plina,
2083 5248 2139 5296 et
2165 5239 2490 5294 honestate:
2537 5245 2795 5306 castoque
2837 5233 3034 5288 timore
3078 5227 3298 5283 ordines
3337 5239 3467 5280 suos
3543 5229 3552 5256 λ

1885 5313 2210 5398 custodiant,
2259 5341 2314 5386 et
2366 5329 2598 5386 ordinati
2642 5329 2948 5395 ubicunque
2989 5321 3190 5377 fuerint
3217 5359 3232 5386 ,
3278 5317 3471 5374 ambu-
3540 5313 3566 5358 ³.

1887 5425 2018 5488 lent,
2054 5431 2220 5488 stent,
2250 5431 2413 5492 atque
2446 5421 2688 5477 sedeant.
2723 5417 2878 5473 Unde
2905 5421 2961 5468 et
3001 5411 3248 5481 sequitur
3275 5427 3287 5462 :

1961 5513 2119 5569 Foris
2145 5523 2339 5578 autem,
2355 5511 2434 5567 vel
2450 5511 2536 5566 ubi
2561 5504 2975 5574 ubi,custodiam
3001 5502 3223 5556 habeant
3241 5510 3288 5554 et
3305 5499 3468 5554 disci-
3530 5501 3546 5520 '

1887 5605 2108 5678 plinam,
2121 5620 2283 5676 usque
2303 5603 2428 5658 dum
2442 5602 2509 5657 ad
2526 5595 2901 5669 intelligibilem
2923 5603 3128 5650 (etatem
3141 5593 3463 5664 perveniant.
3535 5590 3566 5615 "

1890 5692 2174 5764 Sicutiam
2203 5692 2622 5763 suprascriptum
2653 5695 2770 5742 est:
2803 5685 3016 5752 Quanto
3057 5682 3230 5753 magis
3265 5679 3474 5738 viderit

1889 5786 2057 5843 abbas
2097 5782 2426 5854 fragiliorem
2451 5786 2667 5835 :etatem
2689 5778 2754 5832 ad
2785 5776 3141 5847 peccandum,
3174 5781 3328 5828 tanto
3353 5784 3475 5826 am—
3561 5806 3568 5813 .

1889 5877 2034 5951 ptius
2063 5875 2326 5946 maiorem
2349 5871 2430 5928 illi
2454 5870 2636 5929 mittat
2685 5868 2988 5926 custodiam
3025 5862 3471 5924 adsalvandum.
3536 5885 3574 5910 ..

3322 6124 3419 6148 ,o'"
