3994 6466
497 437 600 493 919

1787 431 2137 486 SMARAGDI
2177 430 2466 486 ABBATIS

3679 433 3783 486 9'30

495 565 778 612 conservet.
822 553 1099 622 Praecipue
1139 561 1321 608 autem
1363 561 1418 606 et
1460 565 1623 620 super
1664 550 1846 605 omnia
1885 549 2078 604 beatus
2104 552 2157 612 Α
2251 547 2322 602 Et
2360 549 2587 603 maxime
2624 550 2679 602 in
2716 547 2822 602 illis
2862 549 2990 602 locis
3029 547 3118 602 ubi
3147 548 3210 601 ab
3241 549 3421 601 eodem
3453 550 3777 618 sacerdote,

492 647 819 702 Benedictus
836 643 990 713 jubet
1015 643 1267 699 abbatem
1294 641 1534 713 regulam
1557 642 1869 706 observare,
1897 647 1956 694 ut
1982 639 2074 709 qui

495 753 583 796 est
619 741 828 812 primus
873 737 928 792 in
972 737 1212 801 nomine,
1241 736 1312 790 sit
1335 735 1544 805 primus
1571 735 1623 788 in
1651 733 1994 804 operatione,
2021 724 2077 789 et

494 834 638 904 quod
677 833 867 887 ordine
907 830 1197 902 przedicat,
1229 843 1392 900 opere
1415 826 1700 896 compleat.
1741 826 1810 880 Et
1845 826 1994 896 prior
2015 825 2073 880 in

493 926 736 982 humeris
770 924 856 981 vel
880 923 1182 980 cervicibus
1215 924 1328 979 suis
1362 930 1539 992 portet
1563 937 1682 992 quae
1716 930 1937 992 portare
1967 919 2073 974 fra-

491 1029 608 1076 tres
625 1021 780 1092 jubet
798 1060 812 1086 ,
837 1027 894 1075 et
913 1027 1095 1074 utrum
1123 1019 1232 1073 sint
1257 1017 1394 1072 levia
1419 1017 1504 1072 vel
1534 1016 1720 1088 gravia
1747 1032 1866 1086 qua:
1891 1014 2074 1070 fratri-

399 1173 412 1188 _.
490 1115 596 1171 bus
622 1117 850 1187 imponit
875 1129 1070 1180 onera,
1111 1114 1483 1183 experimento
1511 1119 1804 1184 cognoscat
1829 1129 1844 1177 ;
1874 1113 2073 1183 prima-

490 1214 716 1277 tumque
742 1223 898 1263 suum
914 1247 927 1270 ,
955 1220 1112 1276 quem
1138 1205 1288 1275 prior
1311 1205 1378 1259 ad
1403 1220 1646 1260 mensam
1674 1213 1840 1267 tenet,
1865 1205 2073 1275 primus

387 1313 392 1318 '
492 1300 560 1355 ad
601 1299 819 1354 virtutis
863 1298 1258 1371 parcimoniam
1300 1297 1537 1367 judicet,
1585 1305 1639 1352 et
1685 1298 2070 1352 abstinentiam

490 1405 654 1461 quam
690 1390 872 1462 lingua
910 1389 1197 1460 praedicat,
1231 1389 1604 1458 experimento
1640 1396 1961 1459 cognoscat,
2004 1402 2073 1442 ne

488 1479 631 1538 forte
666 1482 866 1537 subditi
907 1483 1086 1537 tacitis
1121 1482 1538 1552 cogitationibus
1579 1481 1799 1536 dicant:
1837 1479 1882 1536 Ο
1909 1496 2071 1551 quam

488 1571 716 1643 pulchre
741 1571 897 1628 nobis
920 1573 1178 1642 praedicat
1204 1573 1588 1628 abstinentiam
1625 1573 1814 1643 plenus
1840 1581 2028 1627 venter
2052 1575 2066 1626 !

489 1661 585 1717 Illa
625 1678 755 1734 ergo
777 1663 845 1719 de
869 1663 1198 1719 abstinentia
1235 1664 1554 1734 praedicatio
1580 1665 1929 1733 aoceptahilis
1956 1673 2068 1729 est,

490 1769 654 1824 quam
685 1753 868 1824 jejuna
905 1770 1001 1810 ora
1029 1756 1338 1811 decantant.
1365 1755 1433 1810 Et
1471 1755 1525 1810 in
1560 1755 1646 1810 his
1682 1756 1932 1811 omnibus
1972 1755 2074 1811 hoc

489 1845 594 1902 sibi
633 1846 924 1900 convenire
964 1847 1174 1900 noverit
1215 1846 1414 1911 abbas,
1455 1853 1510 1900 et
1547 1855 1833 1917 angustum
1873 1845 2072 1917 regulae

2177 639 2255 695 vel
2280 640 2344 693 ab
2379 640 2564 694 iisdem
2608 639 2920 706 abbatibus,
2959 641 3048 712 qui
3087 640 3320 694 abbatem
3365 640 3676 706 ordinant,
3720 643 3778 695 ab

2175 734 2302 804 ipsis
2329 733 2486 788 etiam
2513 742 2562 786 et
2589 733 2901 804 praepositus
2939 733 3235 786 ordinatur.
3281 732 3397 786 Mos
3427 740 3562 787 erat
3592 747 3780 788 eorum

2178 833 2400 889 tunc,ut
2425 825 2640 894 quando
2665 824 2832 879 abbas
2856 824 3210 879 ordinabatur
3238 831 3366 878 tunc
3393 831 3451 878 et
3480 823 3558 877 ab
3589 825 3778 880 eodem

2173 919 2426 988 episcopo
2463 925 2518 972 et
2553 916 2673 972 aliis
2708 931 2892 971 coram
2935 915 3205 971 stantibus
3232 915 3542 970 abbatibus
3567 924 3630 968 et
3654 931 3782 985 pra-

2173 1009 2380 1080 positus
2409 1009 2773 1064 ordinaretur.
2820 1007 2928 1064 Sed
2958 1009 3081 1079 quia
3122 1008 3248 1062 inde
3277 1007 3564 1078 superbia:
3592 1008 3779 1063 vitium

2175 1102 2522 1166 nascebatur,
2549 1115 2656 1155 non
2680 1099 2793 1170 jam
2824 1102 2892 1156 ab
2921 1100 3026 1154 alio
3053 1100 3213 1155 hodie
3243 1101 3386 1170 apud
3417 1115 3530 1154 nos
3563 1101 3780 1154 ordina-

2174 1203 2282 1260 tur,
2311 1195 2404 1250 sed
2431 1211 2460 1248 a
2485 1194 2707 1265 proprio
2732 1194 2928 1247 abbate
2953 1192 3324 1262 praepositum
3352 1192 3428 1246 illi
3456 1191 3777 1247 obedientia

2174 1285 2492 1357 iniungitur,
2520 1292 2579 1340 ut
2603 1284 3034 1355 quandocunque
3061 1283 3240 1337 abbati
3266 1284 3443 1338 visum
3479 1281 3664 1338 fuerit
3683 1324 3698 1346 ,
3721 1285 3780 1338 ab

2174 1378 2291 1448 ipso
2323 1377 2627 1432 ministerio
2653 1376 2927 1447 praepositi
2959 1383 3220 1440 mutetur,
3246 1391 3317 1430 ne
3362 1374 3556 1430 fomes
3583 1375 3667 1430 illi
3705 1392 3778 1432 su-

2179 1470 2382 1540 perbire
2410 1477 2686 1524 nascatur.
2720 1467 2876 1524 Unde
2906 1475 2961 1522 et
2991 1470 3236 1536 sequitur
3263 1485 3277 1520 :

2246 1559 2402 1626 Quod
2421 1577 2578 1632 quam
2603 1561 2668 1614 sit
2695 1559 3004 1622 absurdum,
3029 1558 3186 1629 facile
3207 1558 3544 1625 advertitur,
3570 1561 3702 1631 quia
3723 1561 3779 1615 sb

2174 1651 2285 1722 ipso
2311 1651 2462 1704 initio
2489 1649 2836 1704 ordinationis
2861 1651 3083 1704 materia
3109 1651 3156 1703 ei
3187 1649 3350 1703 datur
3397 1652 3778 1721 superbiendi,

2175 1741 2300 1794 dum
2333 1741 2382 1795 ei
2419 1741 2716 1811 suggeritur
2741 1759 2772 1794 a
2797 1741 3200 1811 cogitationibus
3225 1743 3365 1805 suis,
3401 1751 3643 1796 exutum
3670 1759 3778 1798 cut

2175 1850 2284 1888 esse
2311 1851 2343 1888 a
2373 1841 2621 1905 potestate
2654 1833 2856 1888 abbatis
2890 1833 2996 1897 sui,
3024 1834 3150 1902 quia
3181 1834 3246 1887 ab
3278 1835 3410 1904 ipsis
3440 1845 3524 1889 est
3570 1835 3780 1888 ordina-

488 1937 717 2002 callem,
739 1953 837 2007 per
856 1953 1016 2009 quem
1041 1937 1177 1995 alios
1201 1937 1454 1994 admonet
1475 1939 1698 2003 intrare,
1725 1939 1876 2008 prior
1897 1938 2071 2010 ingre-

2181 1934 2256 1980 tus
2283 1941 2315 1978 a
2343 1924 2529 1995 quibus
2558 1933 2606 1978 et
2631 1925 2811 1978 abbas.
2857 1923 2930 1980 Ut
2965 1924 3080 1980 hzec
3121 1925 3267 1980 enim
3297 1926 3449 1980 mala
3478 1935 3778 1981 caveantur

489 2029 673 2086 diatur
712 2031 847 2102 ipse.

560 2120 632 2177 Ut
653 2123 778 2177 dum
806 2123 930 2178 bene
957 2123 1372 2188 ministraverit,
1393 2123 1579 2178 audiat
1604 2141 1637 2178 a
1659 2123 1904 2188 Domino,
1931 2122 2069 2195 quod

485 2233 666 2272 servus
709 2216 875 2272 bonus
909 2217 1000 2288 qui
1037 2217 1267 2288 erogavit
1309 2217 1540 2271 triticum
1579 2218 1841 2272 conservis
1867 2217 1975 2271 suis
2015 2217 2070 2271 in

488 2317 718 2378 tempore
739 2324 864 2372 suo,
895 2307 1057 2362 Amen
1081 2309 1200 2362 dico
1230 2309 1370 2362 vobis
1387 2349 1401 2370 ,
1429 2324 1588 2377 super
1609 2307 1784 2362 omnia
1811 2308 1945 2361 bona
1971 2323 2070 2360 sua

487 2397 765 2451 constituet
803 2413 924 2451 eum
963 2397 981 2466 (
1006 2395 1136 2450 Luc.
1165 2413 1244 2451 xu
1268 2395 1309 2465 ).
1339 2397 1520 2451 Bonus
1547 2396 1689 2452 enim
1719 2395 1988 2460 minister,
2015 2393 2071 2449 id

486 2497 602 2550 est,
627 2488 801 2542 bonus
825 2488 994 2543 abbas
1011 2529 1025 2552 ,
1054 2503 1084 2543 a
1111 2487 1254 2543 bono
1279 2486 1510 2542 Domino
1535 2487 1803 2543 bonorum
1827 2486 2068 2540 omnium

485 2578 819 2635 retributore
840 2579 1022 2634 audiet
1046 2580 1188 2650 quod
1214 2594 1407 2635 servus
1432 2578 1522 2634 ille
1543 2579 1732 2634 audire
1756 2579 1954 2634 meruit
1977 2578 2069 2648 qui

484 2670 764 2725 conservis
810 2669 924 2725 suis
973 2670 1214 2726 triticum
1263 2668 1492 2725 ﬁdeliter
1538 2668 1800 2740 erogavit.
1849 2668 2070 2723 Audivit

485 2760 634 2814 enim
659 2778 670 2813 :
701 2759 868 2814 Amen
891 2760 1009 2814 dico
1038 2760 1214 2826 vobis,
1241 2776 1399 2831 super
1427 2760 1605 2814 omnia
1633 2759 1767 2813 bona
1809 2776 1906 2813 sua
1945 2775 2069 2813 con-

484 2851 662 2905 stituet
688 2867 826 2905 eum.
854 2851 1004 2907 Hanc
1029 2851 1439 2907 desiderabilem
1465 2849 1857 2921 amabilemque
1879 2867 2068 2906 vocem

483 2950 544 2998 et
583 2943 756 2998 bonus
795 2942 965 2998 abbas
1002 2943 1216 3007 audiet,
1252 2943 1344 3012 qui
1380 2943 1654 3007 triticum,
1681 2941 1736 2997 id
1773 2950 1893 3009 est,
1932 2959 2069 3014 prae-

485 3032 774 3090 dicationis
813 3035 1039 3090 verbum
1077 3033 1356 3090 conservis
1393 3034 1538 3099 suis,
1584 3034 1638 3089 id
1674 3043 1780 3100 est,
1810 3033 2068 3092 fratribus

482 3123 628 3191 suis,
659 3123 893 3181 ﬁdeliter
917 3124 1342 3190 ministraverit,
1367 3133 1423 3182 et
1444 3125 1604 3182 factis
1631 3126 1748 3197 ipse
1769 3124 2071 3197 compleve-

483 3217 576 3273 rit.
621 3216 775 3286 Quod
817 3229 997 3275 autem
1036 3219 1206 3276 dicit:
1253 3219 1425 3291 Super
1450 3221 1626 3275 omnia
1654 3220 1790 3275 bona
1817 3237 1917 3274 sua
1943 3237 2068 3276 con-

481 3311 661 3367 stituet
698 3329 848 3379 eum,
895 3313 1214 3386 intelligitur
1239 3328 1402 3385 super
1432 3314 1611 3369 omnia
1643 3313 1885 3370 caelestia
1917 3312 2068 3384 regni

483 3405 710 3476 gaudia,
741 3419 845 3460 rion
871 3407 1014 3477 quod
1042 3407 1116 3462 ibi
1142 3406 1228 3462 isti
1257 3407 1354 3462 soli
1383 3406 1669 3462 Dominum
1697 3415 1950 3472 teneant,
1977 3405 2072 3461 sed

483 3504 547 3551 ut
573 3511 763 3552 eorum
784 3498 1150 3553 abundantius
1171 3497 1384 3553 caeteris
1410 3499 1614 3553 sanctis
1634 3505 1835 3552 aeterna
1861 3512 2075 3569 posses-

483 3589 637 3644 sione
677 3587 944 3643 fruantur.
985 3588 1086 3656 Qui
1129 3589 1275 3644 enim
1315 3589 1458 3644 docti
1502 3587 1741 3652 fuerint,
1786 3586 2072 3657 fulgebunt

485 3679 642 3750 quasi
686 3678 939 3746 splendor
978 3679 1337 3740 ﬁrmamenti,
1366 3687 1421 3734 et
1445 3678 1538 3748 qui
1564 3679 1630 3732 ad
1651 3677 2074 3745 justitiamieru-

486 3770 642 3826 diunt
661 3769 946 3839 plurimos,
969 3771 1127 3840 quasi
1147 3770 1313 3824 stella:
1335 3770 1388 3824 in
1412 3777 1699 3839 perpetuas
1717 3769 2071 3823 aeternitates.

487 3860 560 3916 Et
589 3860 881 3930 Apostolus
919 3861 1034 3916 ait:
1080 3859 1184 3926 Qui
1221 3860 1346 3915 bene
1378 3869 1612 3930 pratsunt
1649 3859 1936 3929 presbyteri
1973 3859 2075 3912 du-

489 3951 617 4022 plici
653 3952 848 4007 honore
882 3953 1027 4023 digni
1058 3953 1338 4017 habentur,
1367 3954 1595 4008 maxime
1623 3953 1713 4024 qui
1741 3951 1985 4007 laborant
2016 3952 2070 4007 in

485 4043 639 4100 verba
665 4051 715 4099 et
743 4045 801 4100 in
829 4047 1075 4102 doctrina
1103 4045 1122 4116 (
1147 4045 1177 4100 Ι
1209 4044 1344 4100 Tim.
1373 4061 1406 4096 v
1427 4043 1468 4115 ).

1063 4139 1291 4197 CAPUT
1326 4137 1488 4194 LXV.

903 4234 981 4290 De
1011 4235 1293 4306 prteposito
1330 4235 1653 4290 monasterii.

563 4326 770 4399 Sa'pius
799 4328 1008 4399 quidem
1039 4327 1290 4398 contingit
1321 4337 1374 4380 ut
1405 4343 1498 4396 per
1525 4326 1908 4381 ordinationem
1936 4341 2074 4396 pra:-

488 4419 648 4492 positi
679 4419 934 4473 scandala
966 4421 1148 4488 gravia
1178 4421 1232 4472 in
1261 4420 1592 4474 monasteriis
1625 4419 1880 4474 oriantur.
1919 4419 2074 4486 Quod

489 4512 634 4566 enim
677 4512 871 4579 sapius
909 4509 1021 4577 jam
1067 4509 1268 4565 factum
1312 4510 1653 4575 audivimus,
1701 4526 1843 4565 nunc
1889 4519 2071 4566 autem

488 4603 781 4665 emendare
803 4602 1083 4665 debemus.
1111 4609 1166 4655 et
1195 4601 1353 4656 talem
1384 4601 1485 4655 sub
1511 4601 1707 4655 abbate
1730 4600 1932 4672 eligere
1956 4616 2073 4671 per-

486 4709 676 4752 sonam
711 4692 1001 4758 debemus,
1040 4708 1160 4763 qua:
1192 4709 1376 4748 curam
1415 4693 1729 4748 monasterii
1768 4709 2072 4765 nomenque

484 4784 764 4860 νηφοθίιί
792 4784 1075 4856 suscipiat,
1091 4792 1219 4839 etut
1244 4785 1418 4840 ollicia
1447 4785 1546 4840 sibi
1578 4783 1816 4853 injuncta
1843 4785 2074 4842 ﬁdeliter

487 4877 712 4948 impleat
733 4885 898 4946 atque
927 4875 1227 4940 custodiat,
1256 4884 1312 4932 et
1349 4876 1482 4931 nihil
1517 4885 1719 4932 temere
1755 4893 1854 4948 per
1889 4894 2076 4949 super-

486 4969 637 5028 biam
664 4977 819 5040 agat,
845 4983 914 5024 ne
944 4967 1016 5023 sit
1039 4967 1104 5022 de
1131 4967 1214 5022 his
1231 5008 1246 5031 ,
1272 4983 1409 5038 quos
1432 4968 1714 5036 sequentia
1739 4977 2074 5036 monstrant,

489 5076 614 5119 cum
641 5062 838 5118 dicitur
861 5079 873 5114 :

563 5152 700 5208 Dum
735 5151 839 5206 sint
882 5149 1046 5222 aliqui
1086 5150 1317 5222 maligno
1357 5151 1547 5220 spiritu
1575 5149 1832 5220 superbia:
1860 5150 2066 5220 inﬂati,

485 5243 581 5317 qui
621 5244 941 5299 testintantes
972 5257 1026 5295 se
1055 5241 1310 5297 secundos
1340 5241 1549 5296 abbates
1575 5257 1717 5306 esse,
1751 5251 2072 5297 assumentes

486 5337 589 5392 sibi
618 5336 951 5406 tyrannidem
976 5333 1234 5389 scandala
1264 5335 1538 5398 nutriunt,
1564 5345 1612 5389 et
1641 5333 1990 5390 dissensiones
2017 5335 2072 5388 in

489 5428 891 5498 congregatione
918 5427 1140 5497 faciunt.
1184 5424 1452 5497 Tyrannis
1485 5425 1628 5480 enim
1665 5424 1863 5482 dicitur
1899 5427 2072 5482 honor

491 5517 783 5584 indebitus,
811 5526 868 5574 et
885 5533 983 5589 per
1006 5518 1190 5573 cordis
1213 5517 1521 5588 superbiam
1548 5519 1868 5588 acquisitus.
1897 5517 2068 5586 Quem

488 5615 813 5689 praepositus
833 5612 1063 5684 superbe
1091 5611 1349 5676 assumit,
1373 5627 1497 5667 cum
1522 5611 1817 5667 indebitum
1842 5611 1944 5666 sibi
1969 5611 2071 5666 ab-

490 5706 634 5763 batis
671 5706 930 5761 honorem
967 5703 1201 5774 impendi
1240 5702 1499 5773 requirit,
1540 5709 1596 5756 et
1631 5701 1751 5757 ideo
1789 5701 1934 5756 inter
1971 5699 2074 5755 ira-

491 5803 608 5852 tres
643 5797 814 5851 nutrit
849 5794 1135 5856 scandala,
1161 5803 1218 5848 et
1237 5793 1616 5849 dissensiones
1651 5792 1706 5848 in
1743 5790 2073 5848 monasterio

488 5898 784 5957 praeparat.

2095 3273 2142 3338 C

2173 2016 2319 2078 ﬁeri.
2351 2016 2512 2071 talem
2537 2017 2886 2087 praepositum
2933 2026 3146 2088 oportet
3165 2017 3312 2089 'eligi
3356 2019 3450 2074 vel
3492 2020 3776 2086 ordinari,

2173 2109 2264 2178 qui
2292 2107 2426 2163 alios
2457 2107 2726 2164 :ediﬁcare
2762 2107 2887 2163 vitae
2919 2123 3031 2164 suae
3056 2109 3319 2178 probetur
3344 2108 3650 2180 exemplo,
3677 2123 3777 2164 non

2172 2199 2264 2270 qui
2291 2200 2534 2254 destruat
2557 2197 2696 2253 male
2725 2184 2977 2254 viv'endo.
3017 2196 3120 2265 Qui
3157 2199 3496 2254 humilitatis
3530 2200 3777 2269 praebeat

2172 2291 2435 2355 lbrmam,
2489 2305 2595 2346 non
2649 2291 2916 2360 superbiae
2963 2305 3072 2346 sua:
3119 2291 3439 2360 praetendat
3485 2301 3781 2346 contuma-

2173 2382 2334 2438 ciam.
2364 2381 2500 2450 Quia
2527 2380 2757 2438 inl‘erius
2781 2382 3080 2438 scribitur:
3173 2371 3180 2376 “

2243 2474 2384 2530 Hinc
2407 2477 2733 2532 suscitantur
2755 2475 2985 2530 invidiae.
3013 2473 3068 2530 ld
3095 2480 3179 2530 est
3198 2515 3215 2538 ,
3239 2474 3388 2530 inter
3413 2476 3779 2546 przpodtun

2172 2575 2228 2623 et
2250 2567 2500 2623 abbatem
2515 2608 2530 2632 ,
2557 2568 2684 2621 dum
2707 2566 2844 2622 alter
2866 2565 3198 2636 superiorem
3221 2579 3280 2620 se
3301 2559 3420 2619 non
3443 2566 3563 2619 vult
3589 2565 3780 2624 videre

2171 2660 2425 2715 alterum.
2450 2658 2605 2715 Nulla
2628 2667 2712 2715 est
2737 2660 2884 2714 enim
2913 2658 3107 2722 virtus,
3133 2667 3188 2713 et
3213 2672 3356 2728 pene
3380 2657 3592 2713 nullum
3614 2658 3782 2716 nini-

2171 2753 2421 2819 sterium,
2435 2752 2576 2823 quod
2597 2767 2702 2807 non
2723 2752 2924 2806 habeat
2944 2750 3275 2806 contrarium
3296 2749 3508 2805 invidia:
3531 2750 3767 2806 malum.

2245 2843 2410 2906 [ἤτω.
2459 2843 2809 2898 detractiones
2829 2883 2844 2908 ,
2891 2839 3256 2896 mmulationes
3275 2882 3291 2907 ,
3312 2840 3697 2906 dissensiones,
3726 2849 3777 2896 et

2171 2935 2618 2991 ert-ordinationes.
2651 2932 2814 2988 Fiunt
2842 2933 2986 2989 enim
3019 2933 3152 2988 rixa:
3179 2939 3238 2988 et
3265 2932 3655 2988 detractiones
3673 2973 3689 2996 ,
3719 2939 3778 2988 et

2170 3029 2289 3086 hate
2319 3027 2499 3082 omnia
2525 3042 2646 3098 quae
2673 3027 2925 3083 dicuntur
2954 3025 3099 3080 inter
3129 3025 3492 3096 praepositum
3525 3033 3582 3080 et
3609 3023 3778 3080 abha-

2170 3127 2279 3175 tem
2295 3159 2311 3183 ,
2337 3120 2572 3174 maxime
2595 3133 2692 3190 per
2716 3133 2906 3174 eorum
2931 3131 3213 3187 sequaces.
3257 3115 3426 3172 Fiunt
3468 3117 3777 3174 dissensio—

2171 3225 2302 3274 nes,
2332 3210 2456 3279 quia
2492 3210 2638 3280 quod
2667 3225 2808 3265 unus
2834 3224 2957 3264 cum
2988 3207 3102 3264 suis
3131 3208 3250 3263 ﬁeri
3278 3211 3569 3264 consentit
3588 3252 3604 3272 ,
3639 3210 3776 3264 alius

2174 3319 2296 3360 cum
2329 3305 2442 3358 suis
2473 3303 2591 3358 ﬁeri
2623 3303 2891 3358 dissentit.
2924 3301 3088 3357 Fiunt
3117 3302 3580 3359 exordinatinnes
3600 3346 3616 3367 ,
3647 3306 3772 3374 quia

2174 3393 2317 3464 quod
2353 3409 2491 3450 unus
2524 3393 2826 3448 ordinando
2862 3391 3138 3462 disponit,
3177 3391 3318 3447 alius
3353 3393 3608 3448 destruit
3653 3410 3781 3450 con-

2173 3487 2344 3542 traria
2370 3485 2690 3541 ordinando.
2726 3485 2880 3542 Unde
2909 3495 2965 3538 et
2994 3484 3054 3538 ﬁt
3082 3484 3225 3554 quod
3252 3485 3513 3555 sequitur
3539 3501 3558 3538 :

2247 3597 2317 3652 Et
2343 3599 2466 3652 dum
2493 3598 2760 3652 contraria
2786 3595 2888 3650 sibi
2910 3595 3128 3650 invicem
3157 3594 3322 3648 abbas
3351 3597 3780 3666 prtrpositusqse

2175 3693 2436 3756 sentiunt,
2471 3700 2519 3743 et
2556 3691 2788 3757 ipsorum
2826 3705 3030 3742 necesse
3066 3696 3140 3742 est
3178 3687 3274 3742 sub
3311 3689 3415 3742 hac
3443 3690 3778 3744 dissensione

2175 3782 2380 3836 animas
2403 3779 2710 3850 periclitari.
2739 3778 2805 3832 Et
2829 3779 2898 3844 ii,
2926 3779 3015 3849 qui
3036 3778 3132 3833 sub
3156 3779 3285 3850 ipsis
3307 3789 3456 3844 sunt,
3483 3782 3620 3833 dum
3646 3782 3774 3833 ads-

2174 3868 2354 3923 lantur
2377 3867 2647 3938 partibus,
2687 3878 2813 3923 eunt
2850 3869 2904 3922 in
2943 3869 3307 3939 perditionem.
3349 3867 3524 3940 Cujus
3556 3872 3777 3941 periculi

2173 3963 2371 4015 malum
2395 3960 2513 4015 illos
2541 3962 2748 4032 respicit
2778 3962 2833 4015 in
2859 3962 3056 4031 capite,
3082 3964 3173 4031 qui
3197 3961 3322 4016 talis
3351 3964 3777 4020 inordinationis

2174 4069 2228 4108 se
2250 4053 2483 4122 fecerunt
2509 4063 2766 4108 auctores.
2787 4052 2932 4108 Heu!
2959 4055 3088 4108 mihi
3117 4054 3336 4118 misero,
3352 4055 3450 4126 qui
3471 4070 3536 4111 se
3555 4057 3778 4114 salvare

2174 4143 2514 4209 debuerunt,
2540 4153 2594 4198 et
2621 4145 2756 4199 alios
2785 4155 2841 4200 et
2876 4159 2935 4200 se
2966 4145 3106 4200 male
3134 4145 3370 4200 vivendo
3402 4148 3686 4214 perdunt,
3723 4158 3780 4204 et

2174 4247 2422 4292 eteteros.
2456 4237 2521 4292 Et
2546 4237 2638 4308 qui
2674 4237 2754 4292 ire
2791 4237 3033 4308 aliosque
3061 4238 3130 4292 ad
3157 4237 3423 4292 caelorum
3456 4239 3779 4296 debuerunt

2175 4330 2371 4385 ducere
2398 4345 2645 4401 regnum,
2668 4339 2799 4385 eunt
2829 4330 2964 4398 ipsi,
2989 4339 3045 4384 et
3065 4344 3326 4399 sequaces
3347 4345 3479 4386 suos
3503 4331 3564 4385 in
3595 4335 3776 4402 perdi-

2175 4419 2338 4475 tionis
2376 4419 2582 4475 l'oveam
2615 4419 2922 4489 infernique
2950 4419 3268 4476 barathrum
3299 4432 3580 4492 mergunt.
3617 4423 3776 4491 Quod

2174 4519 2353 4567 autem
2393 4512 2523 4568 dicit
2549 4526 2564 4566 :
2593 4509 2761 4580 Cujus
2793 4513 3021 4583 periculi
3061 4513 3261 4568 malum
3292 4513 3416 4570 illos
3448 4517 3686 4586 respicit
3711 4517 3772 4572 in

2176 4604 2354 4674 capite
2378 4604 2470 4675 qui
2501 4603 2621 4658 talis
2651 4602 3070 4660 inordinationis
3099 4619 3158 4660 se
3189 4603 3438 4660 fecerunt
3467 4617 3769 4676 auctores.

2175 4694 2244 4749 de
2269 4693 2375 4748 illis
2411 4693 2515 4749 dici
2553 4693 2766 4748 videtur
2800 4693 2892 4763 qui
2933 4693 3074 4749 sicut
3103 4695 3386 4760 abbatem,
3419 4696 3496 4750 ita
3526 4711 3588 4752 et
3626 4714 3766 4768 pra

2173 4785 2409 4856 positum
2433 4783 2861 4850 ordinaverunt;
2891 4785 2984 4856 qui
3010 4785 3169 4840 unius
3195 4788 3516 4842 monasterii
3545 4790 3773 4846 ordinao

2176 4877 2376 4933 tionem
2413 4890 2522 4931 non
2557 4874 2768 4932 duobus
2791 4917 2806 4942 ,
2843 4876 2938 4932 sed
2968 4877 3060 4932 uni
3095 4875 3401 4933 debuerunt
3434 4877 3726 4950 imponere
3749 4923 3766 4947 ,

2177 4976 2232 5025 et
2257 4981 2326 5023 ne
2361 4967 2506 5023 inter
2537 4967 2670 5022 duos
2705 4967 3010 5038 periculosa
3063 4978 3422 5024 nascerentur
3469 4971 3766 5037 scandala,

2180 5061 2280 5118 soli
2325 5061 2506 5116 abbati
2542 5059 2974 5131 congregationis
3015 5075 3127 5116 sua:
3160 5059 3466 5117 debuerunt
3505 5067 3766 5120 commit-

2176 5163 2295 5209 tere
2325 5168 2534 5209 curam.
2569 5152 2720 5207 Unde
2747 5161 2802 5207 et
2829 5152 3111 5221 sequitur:

2250 5243 2480 5313 Ideoque
2515 5258 2606 5296 nos
2644 5241 2989 5312 prteridemus
3035 5243 3311 5312 expedire,
3355 5252 3574 5313 propter
3618 5247 3766 5316 pacis

2177 5335 2550 5406 charitatisque
2588 5334 2910 5400 custodiam,
2937 5333 2993 5387 in
3030 5334 3232 5389 abbatis
3271 5336 3500 5407 pendere
3537 5339 3764 5393 arbitrio

2175 5427 2557 5482 ordinationem
2588 5426 2893 5481 monasterii
2926 5427 3030 5480 sui.
3073 5425 3194 5497 Ipse
3230 5425 3375 5482 enim
3417 5443 3522 5498 per
3556 5441 3761 5486 semet—

2180 5521 2356 5590 ipsum
2389 5520 2546 5576 debet
2575 5520 2814 5575 omnium
2846 5519 3235 5575 monachorum
3261 5536 3486 5576 suorum
3519 5526 3764 5580 necessi-

2177 5618 2344 5667 tatem
2375 5617 2485 5665 tam
2514 5610 2758 5680 corporis
2785 5624 2947 5680 quam
2972 5610 3167 5666 animat
3193 5611 3483 5682 providere
3501 5652 3519 5677 ,
3555 5622 3612 5669 et
3641 5617 3763 5672 sub-

2177 5702 2317 5758 sidia
2340 5703 2626 5774 przesentis
2653 5704 2994 5760 necessitatis
3019 5705 3297 5778 porrigere
3313 5747 3330 5772 ,
3356 5714 3413 5762 et
3437 5707 3608 5764 corda
3633 5710 3762 5766 sub-

2178 5795 2416 5851 ditorum
2467 5810 2688 5850 suorum
2728 5797 2798 5852 ad
2841 5796 3057 5854 laudem
3099 5797 3375 5855 Creatoris
3413 5799 3761 5856 admonendo

2177 5885 2492 5952 sustollere,
2524 5895 2579 5942 et
2608 5902 2702 5944 eos
2741 5903 2878 5958 quos
2914 5890 3167 5948 tarditate
3195 5891 3279 5949 vel
3308 5894 3544 5964 segnitie
3571 5893 3760 5962 culpa-
