3994 6460
186 415 284 476 921

1211 417 1570 475 COMMENT.
1612 417 1682 473 IN
1719 416 1878 475 ΠΕΟ.
1925 416 1984 473 S.
2024 415 2409 475 BENEDICTI.

3335 413 3441 470 922

184 531 324 587 biles
354 532 651 603 repererit,
685 541 844 603 prout
871 531 1026 604 culpa
1052 531 1138 589 vel
1165 543 1297 591 atas
1324 533 1526 602 fuerit,
1555 543 1648 590 aut
1677 533 1758 588 iu-
1784 537 1836 598 Α
1862 533 2056 590 anima
2082 534 2310 590 subdita
2335 533 2662 605 discrepent,
2695 535 2750 590 in
2780 533 2928 590 nullo
2956 547 3087 591 oves
3117 533 3323 604 absque
3343 548 3441 604 pa-

183 625 498 696 crepatione
519 667 532 691 ,
566 635 659 680 aut
686 625 895 697 flagello
925 627 1220 697 corripere.

256 715 325 769 Et
353 716 400 769 si
423 724 588 785 potest
626 717 766 786 ﬁeri,
797 734 889 789 per
921 717 1147 773 decanos
1179 719 1470 784 ordinetur,
1518 727 1574 773 ut
1602 728 1760 774 antea

183 807 560 878 disposuimus,
592 809 758 863 omnis
802 808 1001 863 utilitas
1033 811 1357 876 monasterii,
1399 822 1553 882 prout
1600 812 1760 867 abbas

183 899 531 970 disposuerit;
563 910 616 953 ut
662 899 787 954 dum
816 899 1053 971 pluribus
1078 903 1438 968 committitur,
1486 920 1621 959 unus
1657 921 1760 959 non

179 990 465 1082 superbiat.
497 990 663 1046 Nobis
690 991 835 1047 enim
883 993 1041 1048 modo
1069 1002 1124 1049 et
1165 995 1335 1050 abbas
1361 1002 1416 1048 et
1443 996 1761 1067 prapositus

179 1089 238 1137 et
267 1083 456 1138 decani
487 1092 541 1138 et
569 1085 854 1157 presbyter
894 1085 1054 1140 simul
1081 1094 1136 1142 et
1173 1101 1388 1158 semper
1417 1097 1541 1144 sunt
1569 1103 1758 1145 neces-

180 1174 331 1239 sarii,
378 1184 434 1229 ut
467 1177 837 1247 unusquisque
866 1178 920 1232 in
947 1177 1123 1234 ollicio
1170 1179 1274 1235 sibi
1306 1180 1628 1248 commisso,
1674 1180 1760 1237 vel

179 1268 373 1324 ordine
416 1269 758 1325 convenienti
803 1270 1082 1326 humiliter
1127 1270 1375 1328 laborare
1419 1288 1526 1329 non
1561 1282 1756 1329 cesset.

179 1358 292 1416 Nec
317 1360 478 1416 datur
501 1362 606 1418 illis
627 1361 950 1435 regulariter
967 1364 1118 1422 locus
1144 1367 1514 1437 superbieudi,
1542 1369 1637 1424 sed
1659 1369 1761 1425 im-

178 1453 398 1524 ponitur
426 1452 610 1520 fascis,
635 1469 744 1525 quo
775 1458 1036 1527 gemendo
1069 1467 1298 1529 pergant
1327 1461 1591 1530 oppressi.

252 1545 406 1613 Quod
434 1547 482 1600 si
507 1556 598 1600 aut
625 1545 772 1602 locus
797 1549 1012 1619 expetit,
1039 1559 1133 1604 aut
1162 1553 1497 1622 congregatio
1530 1553 1756 1624 petierit,

178 1637 568 1693 rationabiliter
615 1656 733 1694 cum
777 1640 1094 1708 humilitate,
1144 1651 1194 1698 et
1242 1643 1402 1698 abbas
1439 1644 1759 1715 judicaverit

177 1730 438 1800 expedire,
491 1747 853 1804 quemcunque
897 1733 1108 1804 elegerit
1161 1735 1322 1791 abbas
1373 1754 1491 1792 cum
1539 1739 1758 1794 consilio

178 1820 405 1892 fratrum
451 1822 742 1877 timentium
770 1825 959 1890 Deum,
989 1827 1192 1882 ordinet
1219 1829 1328 1898 ipse
1363 1828 1464 1883 sibi
1509 1832 1760 1902 μητροδί-

1860 627 2025 682 storis
2070 627 2347 682 voluntate
2382 626 2670 681 declinent.
2726 626 2845 698 lpse
2894 634 3074 682 autem
3116 625 3439 698 prapositus

1860 719 1994 774 nihil
2019 719 2199 786 faciet,
2227 719 2327 774 nisi
2359 719 2502 790 quod
2536 719 2694 773 Pater
2714 716 2962 788 jusserit,
3008 718 3243 774 maxime
3272 718 3329 773 in
3369 731 3433 772 re

1861 827 2033 878 nova;
2069 828 2191 868 nam
2221 829 2342 885 qua
2362 829 2428 868 ex
2451 828 2602 868 more
2624 812 2924 878 descendit,
2953 813 3194 868 servabit
3220 810 3433 884 regulas

1861 903 2198 958 monasterii.
2215 904 2294 958 ita
2326 918 2513 974 agens,
2537 911 2598 958 ut
2628 917 2727 958 nec
2745 903 2926 959 abbati
2957 903 3172 958 tadium
3189 909 3430 973 generet,

1860 1008 1962 1049 nec
2016 993 2213 1049 fratres
2244 995 2659 1064 intemperantia
2707 993 2850 1049 illius
2879 993 3144 1049 laborent.
3176 993 3302 1049 Hac
3337 994 3437 1050 ob-

1860 1088 2099 1143 servabit
2139 1087 2323 1142 senior
2350 1086 2668 1143 monasterii
2695 1086 2785 1157 qui
2826 1085 3087 1142 fratribus
3116 1086 3436 1157 prapositus

1859 1184 1964 1243 est,
1995 1175 2237 1232 referens
2263 1177 2333 1232 ad
2361 1177 2612 1232 abbatem
2657 1175 2862 1241 omnia,
2907 1174 2994 1232 vel
3035 1177 3303 1248 pracipue
3345 1175 3436 1232 illa

1861 1283 1982 1340 qua
2008 1283 2105 1338 per
2128 1283 2186 1324 se
2206 1283 2312 1324 non
2338 1268 2570 1324 valuerit
2590 1267 2882 1338 explicare.

1931 1361 2132 1435 Cogitet
2171 1370 2346 1418 tamen
2395 1362 2556 1417 abbas
2603 1378 2659 1416 se
2698 1361 2764 1416 de
2809 1359 3049 1416 omnibus
3075 1359 3296 1431 judiciis
3326 1361 3438 1416 suis

1859 1453 1971 1513 Deo
2020 1457 2346 1512 redditurum
2391 1457 2645 1517 rationem
2696 1473 2760 1510 ne
2793 1455 2927 1525 forte
2951 1453 3164 1508 invidia
3205 1462 3296 1507 aut
3339 1454 3437 1508 zeli

1859 1549 2077 1618 ﬂamma
2106 1557 2227 1603 urat
2272 1548 2504 1602 animam
2545 1562 2721 1602 suam.
2754 1545 2865 1602 Nec
2893 1545 3036 1600 inter
3073 1543 3241 1599 laicos
3285 1543 3446 1599 debet

1860 1653 1982 1694 esse
2008 1639 2222 1694 invidia
2246 1637 2406 1703 livor,
2434 1645 2637 1708 quanto
2662 1637 2838 1708 magis
2880 1637 3024 1692 inter
3057 1633 3338 1706 religiosos
3360 1633 3444 1688 vi-

1860 1743 1954 1785 ros
1980 1737 2037 1785 et
2063 1730 2379 1786 monasterii
2411 1730 2749 1802 praepositos.
2780 1729 2960 1784 Ahbas
2989 1727 3134 1783 enim
3181 1725 3442 1797 praeposi-

1861 1830 1998 1888 tum,
2027 1831 2080 1878 et
2109 1823 2430 1894 prapositus
2455 1823 2727 1888 abbatem,
2757 1829 2818 1876 ut
2844 1821 3014 1877 frater
3039 1821 3200 1876 debet
3221 1820 3448 1893 diligere

176 1921 310 1968 tum.
350 1912 453 1980 Qui
480 1923 653 1969 tamen
682 1917 993 1987 pra’positus
1022 1917 1120 1972 illa
1159 1929 1285 1989 agat
1321 1935 1440 1973 cum
1471 1899 1757 1976 reverentia
1785 1899 1834 1960 Β
1860 1915 2104 1971 fratrem.
2135 1915 2424 1971 Memorari
2455 1916 2598 1972 enim
2630 1915 2793 1971 debet
2817 1915 3008 1980 abbas.
3037 1915 3082 1970 Si
3114 1930 3238 1969 eum
3267 1913 3448 1985 alii]!!!

173 2021 293 2076 (μίαν
327 2005 392 2058 ab
440 2005 625 2060 abbate
653 2022 749 2061 suo
790 2007 840 2061 ei
870 2008 1109 2078 injuncta
1157 2010 1376 2080 fuerint,
1413 2012 1542 2066 nihil
1576 2026 1760 2069 contra

174 2093 382 2149 abbatis
429 2093 750 2150 voluntatem
797 2107 890 2150 aut
924 2098 1308 2154 ordinationem
1353 2100 1588 2171 faciem;
1635 2105 1762 2174 quia

170 2199 373 2259 quanto
399 2187 654 2259 pralatus
682 2198 757 2242 est
798 2190 1022 2255 ca’teris,
1060 2200 1208 2246 tanto
1238 2209 1356 2246 eum
1391 2202 1588 2264 oportet
1615 2193 1762 2248 solli-

172 2281 330 2336 citius
377 2281 651 2335 observare
694 2291 952 2353 pra'cepta
983 2283 1196 2355 regula.
1231 2283 1298 2340 Et
1330 2285 1474 2342 hunc
1507 2287 1764 2358 praposi-

171 2377 314 2435 tum,
361 2369 500 2425 sicut
527 2377 578 2424 el
609 2369 862 2425 abbatem
895 2372 949 2426 in
998 2372 1252 2430 omnibus
1295 2375 1488 2431 beatus
1532 2376 1760 2433 Benedi-

169 2457 298 2517 ctu's
325 2461 613 2532 diligenter
649 2462 806 2533 jubet
831 2462 1071 2535 regulam
1098 2465 1410 2522 observare.
1452 2467 1554 2536 Qui
1601 2468 1648 2525 si
1677 2469 1762 2524 vel

167 2555 450 2626 superbia,
484 2555 568 2611 vel
598 2556 949 2628 negligentia,
977 2558 1061 2615 vel
1089 2559 1317 2627 desidia,
1357 2561 1536 2634 aliqua
1563 2578 1631 2620 ex
1675 2563 1762 2620 his

165 2646 608 2718 praetermiserit,
635 2663 758 2717 qua
799 2648 851 2702 in
882 2649 1064 2720 regula
1095 2651 1466 2719 continentur,
1509 2654 1761 2712 omnibus

174 2738 736 2804 condemnationibus,
767 2755 906 2811 quas
932 2742 1117 2814 regula
1145 2743 1411 2810 continet,
1436 2745 1756 2816 subjacebit.

176 2829 330 2888 Unde
355 2837 411 2884 et
439 2829 528 2886 hic
554 2838 678 2901 apte
708 2831 993 2902 sequitur:

248 2943 352 3011 Qui
371 2944 703 3015 prwpositus,
733 2945 781 2999 si
808 2954 1038 3017 repertus
1067 2946 1226 3018 fuerit
1251 2947 1486 3015 vitiosus,
1518 2956 1611 3004 aut
1644 2949 1757 3005 ela-

176 3034 316 3090 tione
364 3035 608 3106 deceptus
641 3036 918 3108 superbire,
967 3046 1058 3091 aut
1094 3047 1417 3110 contemptor
1451 3050 1648 3096 sancta:
1679 3057 1760 3097 re-

178 3125 313 3198 ;ulte
351 3125 511 3196 fuerit
559 3126 947 3198 comprobatus,
999 3127 1349 3184 admoneatur
1386 3130 1554 3186 verbis
1598 3147 1759 3202 usque

174 3228 395 3292 .Iuater;
426 3219 472 3275 si
512 3236 617 3275 non
651 3220 1028 3288 emendaverit,
1073 3222 1389 3278 adhibeatur
1428 3225 1476 3278 ei
1505 3223 1759 3279 correctio
1786 3258 1833 3322 Ο

174 3309 470 3382 disciplina:
509 3309 789 3382 regularis.
838 3309 994 3376 Quod
1027 3312 1074 3366 si
1121 3329 1286 3383 neque
1329 3312 1406 3367 sic
1435 3314 1757 3379 correxerit,

171 3413 301 3460 tunc
342 3403 628 3474 dejiciatur
671 3406 736 3457 de
792 3402 976 3458 ordine
1017 3406 1377 3475 pra’positura:
1417 3414 1466 3459 et
1495 3405 1632 3460 alius
1673 3406 1764 3477 qui

169 3494 367 3564 dignus
395 3504 470 3548 est
516 3495 570 3548 in
599 3493 714 3548 loco
741 3493 855 3563 ejus
880 3495 1211 3566 subrogetur.
1244 3493 1401 3561 Quod
1437 3496 1483 3550 si
1509 3506 1556 3550 et
1582 3505 1764 3567 postea

167 3583 232 3638 in
285 3585 683 3654 congregatione
731 3586 938 3654 quietus
985 3593 1035 3638 et
1097 3585 1340 3640 obediens
1403 3602 1507 3640 non
1561 3588 1762 3656 luerit,

169 3674 336 3732 etiam
389 3676 455 3730 de
507 3677 834 3758 monasterig
881 3676 1196 3748 expellatur.
1258 3675 1531 3733 Hactenus
1589 3678 1766 3749 qualis

169 3781 298 3824 esse
349 3783 455 3822 non
517 3768 677 3823 debet
729 3767 1053 3840 praepositus
1107 3769 1375 3840 digestum
1436 3778 1555 3832 est;
1612 3769 1766 3825 dein-

175 3874 310 3929 ceps
371 3868 551 3914 autem
619 3860 795 3930 qualis
851 3875 974 3916 esse
1045 3859 1284 3927 debeat,
1353 3875 1419 3915 ex
1477 3861 1766 3916 sententiis

169 3947 402 4006 Patrum
439 3951 921 4006 demonstrandum
971 3958 1074 4007 est.
1106 3950 1438 4021 Prapositus
1501 3966 1632 4022 ergo
1657 3967 1767 4008 mo-

176 4043 408 4097 nasterii
458 4057 564 4115 non
594 4049 759 4098 aetate
809 4041 989 4107 senili,
1022 4041 1118 4098 sed
1145 4043 1388 4097 moribus
1429 4044 1768 4098 constituen-

176 4133 286 4190 dus
311 4141 416 4190 est.
467 4132 662 4188 Multos
693 4133 837 4189 enim
888 4132 1175 4203 prolixitas
1221 4147 1491 4187 annorum
1545 4131 1764 4197 attollit,

176 4224 280 4280 sed
322 4223 556 4280 dedecus
583 4223 847 4294 torpentis
888 4221 1014 4278 vita
1043 4223 1110 4276 ad
1137 4220 1378 4277 infantia
1405 4221 1768 4276 immaturita-

178 4329 294 4376 tem
352 4317 741 4390 compescendo
787 4316 1017 4373 reducit.
1059 4313 1479 4371 Constituendus
1516 4323 1602 4371 est
1639 4329 1768 4385 ergo

178 4412 508 4488 praepositus
541 4411 784 4467 moribus
809 4409 1015 4482 gravis,
1049 4420 1300 4464 sermone
1328 4406 1520 4473 solers,
1553 4406 1770 4477 ingenio

181 4506 367 4572 fortis,
413 4503 847 4562 consideratione
876 4501 1026 4574 vigil,
1079 4514 1242 4555 cursu
1287 4497 1535 4570 impiger,
1582 4509 1768 4552 corre-

181 4600 372 4673 ptione
401 4598 541 4670 pius,
574 4595 857 4668 disciplina
887 4594 1226 4658 moderatus,
1255 4600 1381 4649 actu
1411 4599 1612 4656 castus,
1647 4605 1767 4646 mo-

185 4692 343 4749 ribus
374 4689 610 4756 sobrius,
661 4685 1062 4758 dispensatione
1091 4699 1300 4756 aquus,
1334 4683 1640 4739 humilitate
1681 4697 1772 4738 or-

183 4791 372 4846 natus,
402 4780 632 4853 patiens,
661 4778 830 4843 mitis,
868 4793 977 4834 non
1007 4775 1367 4839 turbulentus,
1400 4789 1507 4830 non
1549 4773 1770 4830 iracun-

184 4877 311 4942 dus,
342 4890 448 4930 non
479 4871 764 4944 superbia,
794 4869 880 4926 vel
909 4867 1234 4939 arrogantia
1276 4866 1409 4921 vitio
1441 4864 1771 4932 maculatus,

185 4985 300 5027 non
344 4967 621 5038 prodigus,
649 4979 756 5020 non
785 4962 1061 5036 garrulus,
1092 4961 1187 5017 sed
1213 4959 1358 5016 omni
1401 4967 1526 5014 actu
1556 4956 1773 5029 religio-

184 5063 276 5118 nis
306 5067 568 5121 armatus,
597 5055 690 5128 qui
732 5055 869 5110 sciat
896 5051 1266 5124 languentium
1300 5049 1544 5105 moribus
1573 5049 1774 5104 subve-

184 5156 332 5218 nire,
359 5160 414 5206 et
432 5148 822 5221 tepescentium
845 5143 1115 5216 ignaviam
1139 5143 1400 5206 excitare,
1427 5155 1591 5210 super
1609 5155 1770 5210 quem

189 5247 362 5303 abbas
410 5241 734 5312 requiescat,
765 5245 824 5290 ut
852 5237 907 5292 in
939 5233 1086 5290 nullo
1134 5233 1203 5288 ab
1233 5232 1314 5287 eis
1343 5228 1629 5302 praceptis
1677 5229 1771 5284 de-

187 5339 324 5406 viet,
371 5335 467 5392 sed
496 5335 550 5390 in
577 5330 829 5388 omnibus
873 5327 1143 5391 subditus,
1197 5334 1254 5382 et
1300 5325 1355 5381 in
1392 5322 1560 5393 jussis
1595 5321 1771 5378 senio-

186 5431 272 5488 ris
317 5430 565 5484 detentus
610 5423 851 5492 nihilque
894 5419 1108 5474 abbatis
1134 5413 1402 5472 voluntati
1447 5415 1519 5470 sit
1548 5423 1769 5470 contra-

189 5523 331 5585 rius,
362 5527 457 5575 aut
486 5517 667 5582 faciat,
713 5523 806 5570 aut
849 5512 1067 5568 ordinet
1094 5507 1423 5572 faciendum,
1455 5506 1550 5562 sed
1587 5505 1770 5561 omnia

191 5627 294 5687 per
320 5612 438 5682 ejus
471 5607 972 5681 interrogationem,
997 5602 1151 5674 juxta
1181 5600 1310 5656 illud
1336 5600 1479 5672 quod
1509 5599 1772 5670 scriptum

191 5715 283 5765 est
310 5723 323 5758 :
358 5703 634 5776 interroga
655 5709 856 5774 patrem
881 5707 1052 5761 tuum,
1071 5703 1119 5750 et
1147 5691 1480 5748 annuntiabit
1505 5690 1635 5756 tibi;
1663 5707 1777 5745 ma-

191 5796 338 5872 iores
382 5806 520 5862 tuos,
554 5805 601 5850 et
653 5793 825 5848 dicent
856 5788 949 5844 tibi
980 5786 1161 5860 (Deut.
1197 5783 1392 5854 χχιιι).
1433 5780 1779 5853 Interrogan-

193 5889 328 5950 lum
374 5903 588 5958 semper
632 5899 736 5956 est,
786 5893 846 5940 ut
891 5882 944 5939 in
979 5879 1126 5936 nullo
1165 5893 1195 5933 a
1241 5876 1513 5934 seniorum
1551 5873 1780 5932 consilio

1863 2008 2079 2063 invidia
2093 2007 2177 2062 vel
2199 2007 2385 2064 livoris
2409 2007 2584 2079 tangit
2610 2005 2848 2071 ﬂamma,
2883 2021 2951 2061 ne
2973 2006 3027 2060 in
3047 2005 3182 2060 Cain
3206 2005 3447 2076 iniquam

1862 2097 2229 2155 communicet
2279 2097 2562 2164 invidiam,
2621 2098 2714 2169 qui
2763 2111 2861 2168 per
2905 2096 3007 2152 zeli
3040 2096 3266 2152 livorem
3311 2095 3446 2152 Abel

1863 2190 2090 2246 fratrem
2139 2206 2299 2246 suum
2338 2187 2546 2259 justum
2595 2189 2826 2255 occidit;
2876 2197 2933 2245 et
2959 2203 3058 2258 per
3089 2187 3191 2244 zeli
3222 2187 3449 2243 livorem

1863 2284 2041 2340 factus
2069 2292 2156 2340 est
2181 2284 2439 2340 inimicus
2461 2283 2601 2339 Esau
2630 2283 2786 2339 fratri
2811 2298 2911 2339 suo
2930 2280 3129 2346 Iacob;
3153 2290 3210 2336 et
3231 2295 3329 2352 per
3347 2281 3449 2336 zeli

1862 2373 2091 2431 livorem
2139 2391 2169 2430 a
2203 2374 2466 2431 fratribus
2511 2375 2626 2431 suis
2667 2375 2918 2430 venditus
2948 2381 3032 2431 est
3071 2371 3292 2444 Joseph.
3339 2372 3450 2428 Zeli

1861 2467 2008 2521 enim
2070 2467 2208 2522 livor
2251 2481 2562 2538 quanquam
2621 2467 2784 2522 unius
2828 2467 2976 2522 vitiis
3019 2473 3310 2522 censeatur
3354 2479 3452 2520 no.

1861 2556 2031 2624 mine,
2077 2557 2342 2629 plurimos
2387 2573 2488 2628 per
2536 2557 2752 2614 diversa
2801 2556 2930 2612 vitia
2971 2563 3198 2633 generat
3245 2568 3448 2610 ramos.

1861 2649 2069 2708 Cuncta
2095 2651 2241 2706 enim
2273 2651 2533 2707 virtutum
2563 2651 2808 2723 germina
2823 2650 3037 2706 invidia
3065 2650 3205 2706 livor
3223 2663 3450 2705 concre-

1860 2752 1996 2798 mat.
2029 2741 2236 2800 Cuncta
2270 2743 2411 2798 bona
2442 2743 2638 2798 ardore
2664 2739 2928 2814 pestifero
2954 2741 3199 2805 devorat,
3231 2753 3454 2795 sensum

1860 2833 2114 2896 comedit,
2150 2843 2339 2903 pectus
2363 2832 2490 2897 urit,
2522 2841 2760 2888 mentem
2790 2831 2982 2898 allicit,-
3015 2839 3071 2887 et
3095 2846 3192 2888 eor
3217 2828 3455 2886 hominis

1861 2922 2018 2996 quasi
2045 2923 2292 2993 quadam
2341 2922 2513 2993 pestis
2541 2921 2801 2993 depascit.
2833 2920 3035 2978 Contra
3064 2921 3211 2994 quod
3252 2919 3447 2975 vitium

1859 3018 2214 3091 praparanda
2238 3017 2528 3089 suntpacis
2546 3023 2603 3073 et
2622 3016 2910 3074 charitatis
2932 3030 3084 3073 arma
3108 3016 3162 3071 in
3175 3013 3388 3071 abbatis
3398 3022 3456 3070 et

1860 3109 2104 3166 omnium
2129 3119 2402 3167 rectorum
2424 3116 2737 3164 sanctorum
2764 3121 2859 3164 seu
2882 3105 3226 3164 subditorum
3246 3104 3450 3162 anima.

2427 3198 2656 3256 CAPUT
2695 3197 2878 3254 LXVI.

2311 3289 2386 3345 De
2416 3291 2635 3345 ostiario
2664 3288 2992 3344 monasterii.

1933 3383 2015 3439 Ad
2040 3393 2246 3456 portam
2283 3382 2590 3438 monasterii
2626 3390 2858 3452 ponatur
2889 3395 3050 3435 senex
3072 3379 3281 3451 sapiens
3303 3417 3321 3445 ,
3363 3377 3457 3449 qui

1862 3476 1994 3532 sciat
2043 3477 2278 3531 accivere
2308 3490 2612 3545 responsum
2633 3482 2682 3527 et
2704 3471 2954 3536 reddere;
2985 3471 3141 3542 cujus
3169 3469 3452 3524 maturitas

1863 3587 1982 3624 eum
2015 3586 2119 3624 non
2151 3569 2291 3624 sinat
2326 3567 2531 3639 vagari.
2572 3565 2879 3622 Notandum
2905 3564 3031 3634 quia
3061 3578 3169 3618 non
3198 3561 3358 3628 dixit,
3386 3562 3457 3617 ad

1861 3671 2079 3732 portam
2109 3669 2343 3731 ponatur
2384 3673 2549 3715 senex
2575 3665 2757 3722 atate,
2793 3657 2888 3712 sed
2925 3656 3002 3710 ait
3025 3663 3258 3726 ponatur
3297 3668 3459 3708 senea:

1862 3757 2093 3828 sapiens.
2125 3754 2229 3811 Ubi
2256 3754 2416 3810 datur
2445 3752 2692 3824 intelligi,
2723 3751 2851 3822 quia
2878 3765 3006 3814 .non
3056 3756 3191 3804 atas
3227 3749 3283 3802 in
3319 3760 3452 3819 por-

1865 3849 2008 3904 tario
2033 3847 2322 3919 quarenda
2355 3855 2438 3902 est
2483 3844 2753 3916 corporis,
2782 3841 2877 3898 sed
2907 3839 3184 3912 sapientia
3209 3844 3265 3892 et
3293 3834 3454 3891 intel-

1865 3939 2056 3996 lectus.
2089 3939 2228 3994 Hinc
2252 3952 2486 4007 namque
2510 3944 2569 3992 et
2605 3951 2703 4004 per
2724 3931 3015 4005 quemdam
3043 3926 3342 3999 sapientem
3370 3925 3454 3981 di-

1865 4033 2049 4088 citur:
2084 4031 2336 4086 Senectus
2365 4027 2670 4084 venerabilis
2697 4034 2774 4082 est
2822 4041 2926 4079 non
2969 4023 3245 4085 diuturna,
3292 4034 3455 4089 neque

1868 4139 2086 4179 numero
2113 4137 2373 4176 annorum
2401 4127 2720 4190 computata.
2751 4115 2884 4170 Cani
2911 4122 3033 4168 sunt
3069 4120 3244 4166 autem
3271 4123 3457 4164 sensus

1868 4211 2115 4276 hominis,
2136 4221 2185 4265 et
2215 4219 2342 4266 a’tas
2377 4209 2656 4264 senectutis
2681 4207 2787 4262 vita
2811 4202 3154 4260 immaculata
3179 4199 3331 4274 (Sap.
3353 4199 3455 4272 tv).

1870 4304 2010 4360 Hinc
2039 4305 2108 4359 ad
2140 4302 2361 4375 Moysen
2389 4301 2588 4357 dicitur
2613 4318 2627 4354 :
2658 4297 2929 4369 Congrega
2959 4295 3088 4350 mihi
3125 4293 3460 4365 septuaginta

1869 4397 2009 4452 viros
2041 4393 2105 4449 de
2127 4392 2339 4450 senibus
2367 4390 2563 4457 Israel,
2591 4407 2720 4463 quos
2745 4398 2801 4442 tu
2828 4387 2988 4454 nosti,
3018 4384 3158 4458 quod
3187 4399 3337 4440 senes
3359 4398 3459 4455 po-

1869 4483 1982 4560 puli
2007 4493 2132 4540 sunt
2164 4483 2356 4556 (Nam.
2389 4480 2490 4554 xi).
2530 4479 2592 4536 In
2623 4480 2820 4552 quibus
2846 4475 2976 4548 quid
3005 4474 3154 4545 aliud
3179 4489 3344 4546 quam
3374 4487 3461 4529 se-

1872 4587 2067 4636 nectus
2093 4575 2277 4634 cordis
2305 4572 2622 4645 requiritur.
2648 4570 2786 4626 Dum
2816 4568 2960 4624 enim
2989 4565 3221 4631 dicitur,
3249 4579 3381 4642 qu‘os
3401 4569 3462 4617 tu

1876 4673 2034 4737 nosti,
2061 4669 2200 4744 quod
2221 4684 2369 4724 senes
2394 4664 2574 4738 populi
2598 4672 2741 4729 sunt,
2766 4660 3014 4733 profecto
3039 4660 3208 4729 liquet
3227 4658 3358 4728 quia
3381 4672 3463 4714 se.

1874 4773 2066 4820 nectus
2094 4761 2314 4825 mentis,
2345 4773 2454 4814 non
2481 4755 2729 4828 corporis
2755 4753 3002 4825 eligenda
3031 4751 3330 4807 nuntiatur.

1949 4854 2054 4922 Qui
2077 4852 2344 4926 portarius
2371 4847 2558 4905 cellam
2575 4846 2721 4901 debet
2749 4843 2937 4898 habere
2953 4843 3113 4914 juxta
3133 4850 3371 4913 portam;
3401 4845 3459 4891 ut

1876 4947 2136 5004 venientes
2165 4958 2367 5013 semper
2389 4946 2698 5012 prasentem
2728 4935 3020 4998 inveniant,
3051 4950 3083 4986 a
3108 4947 3212 5002 quo
3243 4943 3457 4999 respon-

1875 5052 1992 5092 sum
2022 5033 2302 5104 accipiant.
2337 5029 2476 5084 Hiuc
2500 5035 2557 5082 et
2581 5026 2671 5080 alii
2701 5023 2911 5093 antiqui
2939 5019 3331 5077 monachorum
3357 5014 3460 5069 Pa-

1872 5140 1987 5188 tres
2013 5131 2305 5186 dixerunt:
2339 5122 2574 5181 Ostiario
2599 5134 2728 5176 cura
2759 5119 2850 5182 sit,
2882 5125 2942 5171 ut
2967 5127 3158 5170 omnes
3178 5110 3462 5165 venientes

1875 5225 2016 5282 intra
2045 5222 2244 5290 januas
2275 5218 2526 5287 recipiat,
2559 5215 2695 5270 dans
2719 5212 2802 5268 eis
2826 5220 3142 5278 responsum
3170 5205 3462 5259 honestum

1873 5331 1998 5373 cum
2017 5312 2320 5369 humilitate
2345 5318 2400 5364 et
2424 5305 2748 5368 reverentia,
2770 5301 3026 5358 nuntians
3043 5294 3248 5359 abbati,
3271 5292 3359 5348 vel
3381 5308 3463 5348 se-

1874 5408 2118 5464 nioribus
2142 5407 2264 5477 quis
2289 5403 2518 5466 venerit,
2563 5410 2619 5455 et
2640 5397 2769 5469 quid
2795 5391 3032 5465 petierit.
3066 5388 3125 5445 Si
3156 5386 3290 5460 quid
3332 5401 3464 5441 vero

1877 5501 2181 5572 cuicunque
2209 5499 2278 5555 de
2319 5496 2578 5553 fratribus
2617 5491 2845 5546 missum
2872 5484 2958 5540 vel
3006 5480 3319 5538 mandatum
3345 5477 3466 5572 faei-

1879 5594 1972 5661 rit,
2004 5569 2138 5649 nihil
2166 5593 2232 5648 ad
2271 5592 2450 5662 ipsum
2479 5582 2782 5658 perveniat,
2821 5576 3138 5650 priusquam
3163 5571 3346 5629 abbati
3374 5569 3464 5628 vel

1880 5683 2195 5742 senioribus
2223 5682 2514 5738 indicetur.

1954 5778 2024 5835 Et
2071 5793 2197 5834 mox
2219 5784 2278 5830 ut
2322 5771 2513 5844 aliquis
2536 5765 2822 5841 pulsaverit
2858 5771 2951 5819 aut
2978 5774 3177 5833 pauper
3208 5755 3469 5813 clamabas

1883 5874 1974 5940 rit,
2005 5871 2115 5927 Deo
2140 5869 2338 5941 gratias
2369 5861 2702 5935 respondeat,
2733 5866 2824 5912 aut
2858 5853 3147 5912 benedicat.
3181 5851 3470 5936 Eleganter
