3994 6480
225 437 332 499 915

1261 431 1616 492 COMMENT.
1653 430 1721 488 [Pl
1761 430 1923 488 REG.
1966 429 2024 486 S.
2065 422 2455 486 BENEDICTI.

3390 423 3498 485 θα

225 564 351 629 pter
378 565 637 609 excessus
665 548 817 616 dicit,
857 547 912 606 id
946 556 1060 614 est,
1099 558 1326 621 propter
1367 545 1815 619 transgressionis
1840 550 1889 609 Α
1913 543 2285 615 iniunguntur,
2313 543 2570 614 suscipiat
2592 542 2802 616 quidem
2815 543 3051 616 iubentis
3074 544 3349 616 imperium
3377 562 3501 605 cum

225 645 457 718 lapsum.
490 641 596 698 Sed
626 656 723 714 pro
750 642 947 712 quibus
979 641 1294 697 excessibus
1316 641 1478 701 dicat,
1509 641 1625 712 ipse
1646 653 1811 708 expo-

109 749 117 756 '
226 738 311 793 nit
348 735 536 790 dicens
561 749 575 787 :
608 730 684 786 Ne
706 732 795 787 cui
820 730 960 787 forte
981 732 1312 804 subripuerit
1332 731 1387 787 in
1412 731 1499 785 via
1524 730 1692 794 visus,
1716 735 1812 784 aut

224 828 448 884 auditus
473 826 631 881 make
666 825 783 891 rei,
821 832 913 880 aut
944 825 1104 881 Otiosi
1145 824 1432 881 sermonis.
1463 822 1630 894 Cujus
1654 821 1813 876 mala:

222 920 305 977 rei
334 918 479 976 dicat
507 918 768 989 propheta
796 917 1050 987 loquente
1073 917 1332 988 intelligo.
1355 915 1447 971 Ait
1487 915 1630 969 enim
1661 934 1674 969 :
1706 912 1812 979 Qui

218 1014 421 1069 excutit
453 1027 644 1065 manus
666 1026 792 1064 suas
818 1008 883 1063 ab
921 1011 1063 1064 omni
1092 1025 1326 1073 munere,
1354 1018 1399 1063 st
1426 1007 1635 1062 obturat
1656 1020 1813 1060 aures

217 1121 371 1170 suas,
401 1120 466 1159 ne
488 1103 672 1158 audiat
693 1102 1006 1174 sanguinem
1023 1142 1039 1167 ,
1064 1111 1113 1156 et
1142 1100 1340 1156 claudit
1362 1098 1541 1155 oculos
1570 1115 1693 1154 suos
1709 1139 1724 1164 ,
1747 1114 1812 1153 ne

218 1196 396 1253 uideat
423 1195 647 1262 malum,
673 1195 771 1250 iste
791 1196 846 1250 in
874 1194 1092 1250 excelsis
1120 1193 1377 1248 habitabit
1403 1191 1560 1265 (Isai.
1590 1189 1806 1263 χχχιιι).

220 1290 642 1361 Revertentibns
687 1297 866 1344 autem
917 1287 985 1344 de
1024 1289 1134 1353 via,
1184 1296 1242 1342 et
1277 1286 1502 1341 oratorii
1547 1285 1661 1341 solo
1690 1298 1814 1356 pro-

217 1381 414 1439 stratis
442 1380 857 1450 orationemque
886 1380 1212 1451 petentibus,
1241 1379 1383 1434 hanc
1421 1378 1500 1433 eis
1523 1377 1809 1433 collectam

217 1475 480 1529 sacerdos
516 1472 664 1528 dicat
690 1513 704 1525 .
748 1469 1085 1541 Qutrsumus,
1111 1471 1437 1541 omnipotens
1461 1468 1626 1533 Deus,
1652 1477 1706 1521 ut
1729 1468 1811 1523 his

216 1563 442 1636 famulis
470 1564 597 1628 tuis,
629 1579 759 1637 quos
789 1561 857 1617 ad
886 1578 978 1617 nos
1006 1560 1293 1616 incolumes
1323 1557 1388 1613 de
1414 1560 1499 1613 via
1532 1556 1703 1611 redire
1736 1556 1812 1626 fe-

218 1656 363 1720 cisti,
394 1654 648 1729 quidquid
673 1653 784 1709 illic
809 1652 1117 1724 impediente
1142 1650 1431 1722 fragilitaze
1456 1648 1809 1722 deliquerunt,

217 1756 285 1802 tu
307 1746 623 1823 propitiatus
664 1745 925 1809 dimittas,
969 1758 1063 1815 per
1090 1742 1397 1805 Dominum,
1430 1749 1536 1796 etc.
1578 1738 1727 1794 'llinc
1756 1744 1813 1792 et

215 1834 461 1915 Isidorus
489 1839 564 1894 ait
610 1857 625 1894 :
658 1837 811 1906 Quan
835 1839 884 1891 lo
919 1834 1116 1891 fratres
1161 1832 1309 1888 foras
1355 1832 1806 1903 proﬁciscuntur,

1915 639 2057 692 omni
2084 638 2485 693 mansuetudine
2504 648 2553 692 et
2592 637 2905 693 obedientia.
2941 636 3096 705 Quod
3115 639 3162 694 si
3185 642 3397 695 omnino
3417 640 3500 696 ri-

1914 732 2054 787 rium
2081 720 2300 787 suarum
2323 747 2623 787 mensuram
2651 732 2838 788 viderit
2866 733 3074 805 pondus
3097 733 3366 799 excedere,
3394 736 3503 790 im-

1913 825 2273 897 possibilitatis
2301 841 2414 879 sum
2441 842 2631 881 causas
2669 826 2717 881 ei
2760 827 2849 896 qui
2877 827 2978 881 sibi
3006 838 3214 898 pra'est,
3245 827 3504 899 patienter

1914 928 1965 974 et
1998 930 2290 991 opportune
2323 928 2586 992 suggerat.
2615 918 2749 975 Cum
2774 922 2921 976 omni
2964 934 3248 977 mansuetu
3270 922 3377 979 line
3421 923 3505 979 di-

1913 1012 2011 1078 cit,
2052 1012 2106 1069 id
2134 1023 2241 1080 est,
2273 1029 2397 1070 cum
2427 1012 2576 1070 omni
2605 1015 2869 1070 modestia
2896 1024 2950 1069 et
2977 1015 3220 1071 lenitate.
3254 1015 3503 1073 Mansue-

1914 1112 2003 1160 tus
2027 1113 2113 1161 est
2140 1104 2307 1170 enim,
2340 1105 2431 1176 qui
2461 1104 2591 1160 nulli
2622 1104 2879 1176 injuriam
2912 1105 3119 1178 irrogat
3149 1124 3162 1161 :
3195 1107 3374 1163 dictus
3400 1122 3499 1162 au-

1914 1202 2023 1250 tem
2070 1204 2406 1260 mansuetus,
2451 1196 2607 1266 quasi
2657 1211 2821 1250 manu
2866 1207 3135 1253 assuetus.
3170 1196 3318 1254 Talis
3346 1199 3494 1254 enim

1914 1287 2076 1342 debet
2094 1301 2218 1343 esse
2251 1288 2571 1356 monachus,
2590 1303 2707 1345 non
2736 1295 3029 1343 contumax
3072 1297 3168 1343 aut
3210 1290 3497 1361 superbus.

1917 1377 2071 1434 Unde
2102 1388 2158 1434 et
2183 1379 2433 1449 Sequitur
2460 1395 2475 1433 :

1988 1468 2113 1524 Non
2135 1469 2495 1540 superbiendo,
2513 1477 2606 1524 aut
2626 1469 2936 1533 resistendo,
2962 1467 3044 1524 uel
3062 1469 3489 1525 contradicendo.

1916 1558 2291 1631 Superbiendo
2329 1560 2472 1616 enim
2513 1561 2775 1629 magistro
2803 1560 3026 1624 resistit,
3056 1560 3152 1631 qui
3184 1560 3366 1615 verbis
3397 1561 3500 1616 im-

1913 1650 2186 1720 periisque
2230 1649 2349 1719 eius
2392 1649 2739 1721 despicienda
2780 1650 3126 1706 contradicit.
3180 1650 3502 1727 Resistendo

1914 1740 2217 1804 contendit,
2247 1741 2341 1811 qui
2368 1755 2432 1796 ea
2458 1754 2580 1812 qua!
2608 1740 2837 1811 implere
2859 1741 3100 1813 iubetur,
3134 1742 3189 1797 in
3221 1743 3362 1799 facie
3407 1759 3493 1800 re-

1914 1835 2053 1889 nuit.
2087 1833 2523 1891 Contradicendo
2550 1845 2840 1907 repugnat,
2890 1836 2985 1905 qui
3031 1848 3091 1891 se
3122 1850 3184 1891 es
3216 1852 3337 1907 quae
3381 1836 3501 1894 fieri

219 1941 320 1988 aut
344 1918 606 1994 redeunt,
634 1927 975 2001 congregatis
999 1926 1254 1982 omnibus
1277 1923 1332 1979 in
1358 1938 1526 1978 unum
1550 1923 1606 1978 in
1636 1923 1811 1980 eccle-
1839 1922 1886 1985 Β
1909 1918 2187 1994 iubentur,
2222 1940 2330 1980 non
2373 1924 2491 1980 ﬂeri
2520 1933 2709 1996 aperta
2746 1940 2881 1980 voce
2908 1926 3191 1981 reclamat.
3224 1925 3384 1993 Quod
3419 1925 3502 1986 fa-

218 2026 307 2083 sia
331 2023 766 2081 benedictionem
793 2019 1084 2089 accipiant.

299 2116 412 2172 Nec
455 2122 741 2186 pmsumat
787 2113 1065 2184 quisquam
1108 2106 1229 2163 aliis
1258 2105 1457 2176 referre
1483 2122 1811 2186 qua-cunque

216 2204 354 2281 {oris
384 2205 761 2262 monasterium
808 2199 989 2258 uiderit
1020 2209 1114 2255 aut
1150 2198 1401 2265 audierit,
1428 2201 1552 2271 quia
1582 2197 1811 2270 plurima

214 2301 503 2358 destructio
525 2308 621 2355 est.
648 2293 804 2367 Quod
828 2294 873 2349 si
897 2295 1012 2367 quis
1033 2294 1447 2365 prosumpserit,
1470 2290 1712 2346 vindicta:
1736 2307 1811 2345 ra-

214 2390 393 2465 gulari
416 2388 707 2458 subiaceat.
734 2383 873 2440 Hinc
891 2384 1083 2440 beatus
1105 2381 1427 2438 Pachomins
1446 2381 1520 2437 ait
1545 2396 1559 2435 :
1583 2380 1811 2453 Quando

213 2481 428 2541 reversi
452 2479 653 2535 fuerint
682 2476 881 2533 fratres
913 2477 980 2532 de
1016 2474 1362 2539 monasterio,
1394 2488 1503 2529 non
1534 2473 1811 2528 audebunt

216 2574 344 2634 aliis
369 2572 592 2631 omnino
639 2568 902 2642 quidquid
945 2567 1079 2624 foris
1108 2567 1376 2639 gesserint
1402 2573 1497 2621 aut
1537 2564 1811 2621 audierint

215 2680 469 2726 narrare.
503 2664 643 2720 Hinc
672 2670 729 2718 et
754 2661 893 2717 alius
938 2658 1103 2717 Pater
1140 2660 1316 2716 dicit:
1350 2657 1567 2714 Fabulis
1595 2672 1732 2730 quas
1772 2672 1804 2713 a

221 2758 582 2818 saecularibus
607 2754 692 2810 vel
720 2769 751 2809 a
773 2753 1104 2825 quibuslibet
1126 2752 1396 2807 audierint
1424 2750 1507 2806 vel
1532 2750 1809 2806 intellexe-

216 2850 352 2917 rint,
401 2844 712 2904 nullatenus
740 2842 1118 2902 consodalihus
1156 2842 1274 2898 suis
1303 2838 1605 2897 conferant.
1651 2839 1808 2907 Quod

215 2944 267 3002 si
297 2944 490 2998 horum
526 2938 751 3011 aliquid,
785 2952 906 3009 quae
935 2935 1191 3001 diximus,
1219 2935 1542 3007 transgressi
1581 2932 1806 3013 fuerint,

216 3035 456 3107 regulari
485 3030 803 3105 pmnitentia
831 3030 1181 3101 castigentur.
1218 3027 1371 3099 Quud
1407 3028 1453 3084 si
1489 3027 1679 3082 humili
1719 3042 1808 3082 sa-

215 3127 527 3188 tisfactione
556 3126 834 3197 patellam,
861 3132 1017 3194 prout
1047 3121 1322 3178 humilitas
1344 3120 1656 3177 conﬁtentis
1685 3134 1806 3175 cer-
1841 3111 1845 3114 ’

215 3223 388 3286 nitur,
423 3222 497 3276 ita
526 3217 889 3290 delinquentis
919 3214 1072 3287 culpa
1097 3212 1395 3283 iudicetur.
1424 3208 1487 3267 Si
1517 3227 1647 3267 vers
1670 3226 1803 3267 con-

1912 2028 2041 2070 cere
2079 2016 2348 2070 monacho
2377 2016 2720 2085 prohibetur,
2750 2031 2872 2070 eum
2901 2017 3170 2071 subditur.

1985 2106 2142 2173 Quod
2186 2109 2234 2161 si
2278 2117 2392 2177 post
2418 2107 2798 2177 suggestionem
2845 2122 2995 2161 suam
3030 2107 3086 2161 in
3120 2123 3218 2161 sua
3244 2106 3502 2162 sententia

1911 2201 2105 2274 prioris
2139 2201 2416 2271 imperium
2450 2201 2775 2271 perduravit,
2806 2201 2940 2255 sciat
2971 2200 3151 2268 iunior
3175 2201 3250 2254 ita
3275 2200 3375 2254 sibi
3409 2216 3502 2255 ea:-

1911 2293 2110 2365 pedire,
2141 2304 2189 2347 et
2215 2309 2279 2347 ea:
2301 2292 2559 2346 charitate
2585 2291 2854 2362 conﬁdens
2883 2296 2949 2347 de
2974 2292 3240 2363 adjutorio
3272 2292 3367 2347 Dei
3390 2293 3505 2349 obe-

1912 2386 2045 2440 diat.
2076 2386 2215 2441 Hinc
2257 2385 2489 2442 Basilius
2534 2387 2613 2441 ait
2641 2404 2654 2441 :
2683 2385 2858 2442 Omne
2898 2388 3039 2457 quod
3068 2384 3167 2440 tibi
3198 2385 3500 2457 iniunctum

1913 2476 2075 2532 fuerit
2105 2477 2386 2551 religionis
2417 2478 2590 2549 gratia
2626 2476 2862 2533 iibenter
2901 2478 3238 2550 obtempera,
3283 2476 3501 2533 etiamsi

1913 2585 2078 2641 supra
2097 2571 2243 2625 vires
2266 2580 2386 2626 tuas
2415 2568 2581 2625 fuerit
2605 2587 2619 2635 ;
2647 2585 2716 2625 ne
2739 2585 2969 2641 spernas
2989 2568 3137 2635 illud,
3165 2569 3259 2625 sed
3277 2582 3500 2626 causam

1912 2661 2363 2731 impossibilitatis
2415 2672 2520 2717 tua:
2566 2650 2617 2716 ei
2666 2663 2777 2732 qui.
2806 2663 2905 2717 tibi
2952 2662 3212 2733 injungit,
3266 2661 3500 2716 ﬁdeliter

1912 2768 2131 2819 enarra,
2180 2762 2240 2807 ut
2277 2752 2396 2822 ejus
2443 2753 2835 2818 moderamine,
2880 2753 3024 2827 quod
3072 2751 3170 2809 tibi
3209 2752 3529 2809 onerosum‘

1912 2844 2097 2912 fuerit,
2147 2847 2479 2912 sublevetur,
2536 2856 2595 2901 ut
2642 2846 3089 2903 contradictionis
3132 2847 3268 2902 vitio
3310 2860 3503 2903 carere

1909 2936 2108 3006 possis.
2139 2936 2242 3004 Qui
2287 2938 2433 2992 enim
2472 2937 2723 3003 ﬁdeliter,
2752 2945 2808 2992 et
2835 2951 2972 3007 pure
3016 2935 3186 2993 Deum
3216 2935 3413 3010 diligit,
3443 2945 3501 2993 et

1911 3036 2095 3083 certus
2124 3036 2209 3084 est
2233 3030 2299 3084 de
2328 3030 2687 3084 retributione
2711 3028 2947 3094 Domini,
2976 3045 3078 3085 nec
3105 3028 3354 3085 snﬂlcere
3392 3024 3499 3087 sibi

1909 3133 2066 3195 putat
2093 3140 2157 3180 ea
2204 3140 2326 3195 qua:
2374 3122 2755 3198 iniunguntur,
2806 3129 2899 3183 sed
2950 3141 3167 3197 semper
3208 3135 3498 3200 augmenta

1908 3215 2095 3291 operis
2121 3217 2336 3286 quierit,
2367 3224 2422 3271 et
2451 3216 2651 3285 majora
2681 3232 2845 3287 quam
2892 3216 3248 3290 iniunguntur
3293 3219 3505 3274 deside-

213 3281 470 3371 tumacite
503 3281 710 3366 crimen
742 3304 993 3373 incurrit,
1010 3281 1078 3362 et
1101 3281 1326 3360 modum
1353 3301 1689 3374 paenitentiae
1712 3316 1810 3357 au—
1836 3281 1882 3345 ο
1917 3281 2019 3368 rat.
2060 3314 2113 3362 et
2138 3281 2291 3378 optat
2322 3315 2379 3362 ut
2405 3281 2570 3380 supra
2598 3281 2746 3365 vires
2767 3281 3019 3365 videatur
3042 3281 3162 3367 esse
3186 3311 3327 3380 quod
3346 3310 3500 3366 facit.

326 3403 391 3459 it.

326 3403 391 3459 it.

214 3403 551 3553 etvigintiliter
590 3500 641 3547 et
665 3491 756 3564 qvi
795 3486 1186 3561 pra’sumpserit
1218 3484 1453 3540 claustra
1500 3484 1810 3541 monasterii

198 3570 413 3660 egredi,
442 3582 523 3640 uel
548 3596 853 3657 quocunque
878 3580 976 3645 ire,
1003 3578 1082 3633 vel
1106 3577 1397 3654 quidpiam,
1422 3575 1662 3646 quamvis
1680 3591 1807 3646 par-

213 3695 360 3743 uum,
389 3678 501 3734 sine
545 3675 750 3731 abbatis
787 3674 1029 3744 jussione
1072 3672 1264 3743 facere.
1312 3668 1453 3724 Hinc
1480 3669 1675 3725 beatus
1707 3666 1808 3723 Pa-

212 3770 467 3828 chomius
493 3767 570 3824 ait
598 3787 611 3823 :
641 3765 831 3823 Nullus
857 3779 1031 3837 neque
1059 3762 1290 3820 exeundi
1318 3761 1372 3818 in
1393 3776 1605 3835 agrum,
1632 3776 1808 3833 neque

212 3862 531 3920 ambulandi
566 3862 618 3917 in
651 3859 1005 3923 monasterio,
1035 3870 1212 3927 neque
1241 3866 1396 3910 extra
1442 3868 1656 3909 murum
1690 3867 1808 3908 mo-

210 3955 441 4017 nasterii
472 3950 795 4026 procedendi
822 3949 969 4005 foras
998 3949 1200 4004 habeat
1224 3945 1561 4012 facultatem,
1593 3944 1698 4000 nisi
1723 3944 1807 3999 in-

212 4046 581 4117 terrogaverit
607 4042 952 4117 praepositum
983 4039 1198 4101 domus,
1229 4046 1285 4091 et
1322 4036 1413 4091 ille
1449 4034 1802 4091 concesserit.

215 4140 361 4201 Hinc
390 4148 446 4194 et
473 4134 767 4194 Cassianus
792 4132 869 4187 ait
894 4148 909 4185 :
943 4128 1116 4185 Tanta
1141 4126 1448 4183 obedientia
1480 4125 1680 4194 regula:
1711 4120 1806 4176 de-

212 4233 315 4293 bet
357 4229 544 4302 iunior
571 4226 766 4290 imbui,
796 4234 856 4280 ut
896 4224 1100 4293 absque
1129 4220 1360 4276 senioris
1401 4220 1483 4274 sui
1535 4216 1806 4289 permissu

212 4338 328 4384 non
353 4322 528 4380 solum
556 4322 623 4377 de
650 4335 695 4375 Ct
714 4318 783 4373 lla
812 4318 984 4382 exire,
1031 4315 1125 4372 sed
1154 4330 1254 4369 nec
1283 4312 1516 4368 naturali
1562 4311 1803 4367 necessi-

210 4416 319 4475 tati
348 4411 664 4471 satisfacere
695 4424 791 4467 sua
836 4409 1159 4465 auctoritate
1204 4415 1518 4478 praesumat.
1562 4403 1674 4460 Nec
1713 4404 1806 4458 illa

204 4510 382 4569 etiam
410 4522 531 4580 quze
558 4505 711 4562 utilia
741 4512 887 4568 sunt,
920 4502 975 4558 id
1002 4510 1107 4566 est,
1147 4509 1241 4555 aut
1280 4499 1472 4555 cellam
1503 4499 1766 4555 mundare
1786 4542 1802 4569 ,

214 4610 323 4661 aut
365 4616 562 4674 aquam
613 4599 844 4661 deferre,
877 4605 971 4651 aut
1001 4596 1045 4651 sl
1075 4593 1203 4665 quid
1249 4591 1394 4648 aliud
1439 4601 1803 4663 opportunum

1915 3399 2060 3455 Hinc
2087 3400 2391 3459 Cassianus
2416 3403 2549 3457 dicit
2579 3420 2591 3457 :
2624 3402 2715 3457 Illa
2739 3411 2823 3458 est
2845 3400 2973 3458 'vera
3008 3404 3334 3467 obedientia,
3359 3417 3502 3474 quae,

1912 3493 2164 3564 qtmvis
2191 3492 2639 3564 aliquid-diﬁcile
2663 3496 2712 3550 ei
2748 3492 3064 3566 imperetur,
3090 3495 3161 3550 nil
3187 3507 3367 3551 tamen
3392 3495 3505 3552 diss

1914 3585 2147 3647 cstiens,
2200 3585 2319 3641 sine
2365 3586 2543 3655 aliqua
2592 3585 2934 3643 btesitatione
2971 3586 3237 3658 perﬁcere
3285 3586 3500 3642 nititur.

1911 3676 2057 3733 Nihil
2089 3679 2155 3735 de
2180 3679 2617 3750 impossibilitate
2665 3697 3035 3747 murmurans,
3066 3681 3159 3738 sed
3188 3681 3349 3754 plena
3394 3678 3501 3738 title

1910 3787 1978 3832 ac
2022 3775 2307 3830 devotione
2350 3772 2610 3845 quidquid
2641 3773 2845 3830 dictum
2883 3771 3065 3835 fuerit,
3101 3787 3206 3828 non
3239 3781 3497 3843 tanquam

1909 3870 1980 3925 ab
2005 3868 2247 3932 homine,
2276 3866 2369 3922 sed
2400 3875 2655 3937 tanquam
2685 3880 2715 3919 a
2740 3864 2854 3920 Deo
2884 3865 3113 3937 suscipit
3149 3866 3496 3935 imperatum.

1908 3960 1989 4016 lta
2017 3958 2162 4014 enim
2192 3955 2446 4012 omnibus
2470 3954 2765 4010 virtutibus
2792 3952 3033 4025 praeferri
3061 3953 3221 4010 debet
3246 3953 3500 4016 obedien-

1910 4051 2010 4115 tia,
2044 4058 2106 4103 ut
2134 4048 2257 4103 huic
2280 4047 2461 4103 omnia
2490 4056 2905 4117 postponantur,
2929 4056 2985 4101 et
3007 4046 3258 4101 universa
3285 4045 3502 4117 dispen-

1910 4142 1997 4196 dia
2040 4140 2340 4196 nonaclms
2382 4139 2565 4194 subire
2614 4147 2908 4194 contentus
2957 4137 3051 4205 sit,
3102 4137 3395 4193 dummodo
3438 4137 3499 4196 in

1909 4232 2059 4290 nullo
2089 4231 2294 4288 violare
2320 4230 2591 4286 videatur.

2467 4337 2696 4396 CAPUT
2731 4336 2922 4395 LXIX.

2657 4465 2906 4515 resumat
2949 4454 3087 4521 alter
3130 4456 3359 4522 alam
3404 4457 3499 4523 do.

2615 4528 2824 4583 'endere.

1911 4457 1979 4516 Ut
2022 4460 2082 4525 in
2105 4457 2423 4523 monasterio
2464 4472 2572 4513 non

207 4702 324 4763 est,
340 4647 460 4751 sisic
476 4690 808 4749 conscientia
834 4699 889 4746 et
913 4686 1253 4744 ordinatione
1277 4685 1359 4740 sui
1387 4684 1621 4741 senioris
1645 4700 1803 4741 usur-

1981 4666 2323 4738 Sutnmoperc
2361 4663 2761 4736 praeeuntium
2788 4672 2868 4719 est
2900 4679 2967 4717 ne
2998 4664 3182 4735 quavis
3218 4666 3499 4723 occasione

208 4797 331 4862 pet.
365 4785 596 4843 Meditan
627 4784 745 4839 ibus
769 4783 934 4839 etiam
981 4778 1241 4835 fratribus
1269 4777 1397 4833 nulli
1437 4776 1598 4832 liceat
1640 4776 1804 4832 rebus

210 4896 277 4939 se
302 4877 734 4951 aliistimplicari,
762 4890 861 4931 nec
892 4873 1120 4930 liberum
1151 4870 1359 4942 iudicet
1384 4869 1453 4925 ab
1479 4870 1662 4926 schola
1696 4870 1807 4927 disu

208 4972 432 5029 cedere.
464 4968 565 5043 Qui
597 4983 726 5026 vero
764 4968 820 5023 in
862 4960 974 5023 hac
1016 4964 1436 5037 praesumptione
1463 4963 1801 5033 proruperit,

210 5062 767 5122 excommunicationi
816 5067 877 5114 ut
901 5060 1095 5131 dignus
1119 5066 1202 5112 eat
1233 5053 1554 5124 subiacebit.
1586 5055 1643 5110 Si
1674 5069 1803 5111 vero

207 5171 321 5233 pro
346 5155 671 5212 utilitatibus
704 5148 1020 5208 monasterii
1070 5148 1266 5201 missus
1306 5146 1385 5201 ire
1424 5144 1679 5217 noluerit,
1717 5151 1811 5198 aut

209 5258 368 5309 certe
393 5245 676 5303 ambulans
705 5238 1146 5304 murmuraverit,
1182 5238 1266 5295 vel
1294 5252 1419 5293 cum
1464 5238 1643 5306 aliqua
1694 5244 1807 5289 tar-

210 5343 389 5402 ditate
434 5343 587 5398 exire
630 5337 885 5401 voluerit,
932 5334 976 5389 si
1008 5330 1273 5406 placuerit
1311 5328 1513 5391 abbati,
1554 5328 1667 5399 jam
1700 5342 1808 5383 non

210 5437 488 5501 mittatur,
523 5443 571 5490 et
603 5434 788 5490 statim
815 5425 1395 5486 excommunicationis
1424 5438 1639 5495 poenam
1683 5437 1806 5479 sus-

211 5530 404 5603 cipiat,
436 5536 493 5584 et
519 5527 657 5583 sciat
679 5540 738 5581 se
762 5525 1015 5595 adeptum
1039 5518 1348 5590 superbiam
1373 5524 1428 5570 et
1452 5512 1809 5586 praeceptioni

211 5635 525 5697 repugnare
554 5618 771 5677 divinat.
1330 5630 1339 5639 ·

768 5703 999 5766 CAPUT
1036 5701 1268 5760 LXVIII.

512 5804 575 5879 Si
601 5802 759 5879 fratri
787 5795 1136 5879 impossibilia
1162 5793 1529 5866 injungantur.

291 5894 357 5961 ει
388 5898 475 5955 cui
510 5875 693 5972 fratri
707 5875 890 5966 aliqua
922 5889 1055 5962 forte
1094 5885 1278 5959 grauia
1325 5890 1421 5940 aut
1468 5877 1812 5975 impossibiila

1910 4769 2196 4834 praenatat
2230 4758 2367 4812 alter
2406 4756 2631 4811 alterum
2659 4754 2941 4825 defendere
2967 4759 3279 4814 monachum
3304 4761 3362 4813 in
3384 4775 3499 4815 mo-

1912 4851 2163 4913 nasterio,
2185 4858 2277 4903 aut
2290 4848 2443 4920 quasi
2460 4846 2619 4902 tueri.
2640 4846 2802 4902 Tueri
2815 4848 2959 4902 enim
2985 4848 3186 4905 dicitur
3203 4848 3491 4915 sustinere,

1911 4957 2068 5013 opem
2094 4940 2258 5002 terre,
2287 4938 2370 4994 vel
2412 4937 2666 5008 praesidio
2710 4951 2853 4994 esse.
2899 4937 3037 4995 Hinc
3083 4937 3399 4997 terribititer
3438 4946 3497 4995 et

1912 5033 2143 5092 Basilius
2174 5032 2249 5087 ait
2277 5049 2289 5085 :
2320 5028 2422 5098 Qui
2452 5033 2727 5085 consentit
2768 5031 3121 5101 peccantibus
3163 5039 3223 5085 et
3255 5029 3498 5087 defendit

1910 5130 2074 5185 alium
2103 5126 2529 5195 delinquentem,
2562 5122 2884 5179 maledictum
2904 5123 3014 5181 erit
3038 5122 3179 5194 apud
3200 5121 3494 5178 Dominum

1907 5228 1963 5276 et
1986 5220 2256 5282 homines,
2283 5226 2340 5271 et
2363 5215 2693 5286 corripietur
2712 5216 2731 5270 i
2753 5215 3085 5291 ~crepatione
3125 5213 3490 5271 severissima.

1907 5311 2046 5368 Hinc
2072 5318 2130 5365 et
2156 5310 2352 5365 beatus
2379 5323 2517 5379 papa
2552 5305 2850 5380 Gregorius
2882 5307 3053 5361 dicit:
3083 5305 3407 5362 Peccatum
3436 5306 3493 5362 in

1904 5420 2014 5477 quo
2037 5411 2165 5459 sunt
2190 5402 2293 5458 sibi
2323 5400 2549 5465 conscii,
2583 5401 2639 5455 in
2672 5415 2740 5456 eo
2767 5409 2823 5455 et
2864 5398 3029 5453 alium
3063 5405 3377 5468 peccamen)
3403 5398 3497 5455 do-

1912 5497 2159 5553 lendum.
2185 5494 2301 5551 Sibi
2324 5494 2470 5550 enim
2494 5494 2727 5565 quisque
2754 5493 2933 5557 timet,
2972 5504 3099 5547 cum
3136 5490 3303 5551 alium
3348 5492 3496 5549 videt

1914 5589 2135 5659 corripi.
2162 5588 2288 5644 [aleo
2312 5597 2502 5645 contra
2521 5589 2687 5644 verba
2709 5585 3122 5655 corripientium
3164 5586 3498 5643 unanimiter

1914 5694 2163 5757 surgunt.
2193 5683 2328 5742 Hinc
2354 5683 2609 5741 Salomon
2632 5682 2745 5737 sit:
2767 5678 2969 5753 Stuppa
2989 5680 3209 5737 collecta
3228 5695 3496 5754 synagoga
3538 5710 3544 5717 ~

1911 5780 2241 5853 peccantium
2258 5776 2455 5851 (Eceii.
2478 5776 2621 5850 ιιι).
2640 5774 2911 5848 Sequitur
2931 5793 2947 5832 :

1989 5874 2217 5931 Etiamsi
2237 5872 2465 5945 qualibet
2481 5871 2953 5943 consanguinitatis
2968 5870 3500 5951 propinquus)!“
3534 5888 3541 5904 λ
