3994 6468
619 395 724 452 927

1884 389 2237 448 SMARAGDI
2274 390 2567 447 ABBA'I'IS
3661 404 3724 464 ω

620 517 830 582 gantur.
858 503 969 561 Nec
989 505 1212 576 quolibet
1234 505 1386 562 modo
1406 505 1460 560 id
1482 523 1514 559 a
1534 507 1802 560 monachis
1823 514 2192 576 prwsumatur,
2221 505 2278 567 Α
2371 503 2514 563 Nam
2537 505 2591 559 in
2614 503 2831 574 fortiori-
2848 513 2998 559 atate
3017 507 3105 578 qui
3125 508 3476 577 praesumpserit
3497 509 3723 582 aliquam

617 601 743 673 quia
784 599 970 653 exinde
1028 599 1334 669 gravissima
1380 599 1584 652 occasio
1640 597 2010 652 scandalorum
2066 597 2195 651 oriri

615 699 802 762 potest.
847 688 1000 755 Quod
1033 689 1079 744 si
1109 689 1224 759 quis
1265 689 1376 743 ha3c
1410 699 1765 760 transgressus
1805 689 1984 760 fuerit,
2019 689 2194 744 acrius

617 789 934 835 coerceatur.
963 778 1099 834 Hinc
1126 786 1182 834 et
1215 779 1351 833 alius
1379 779 1541 833 Pater
1569 797 1582 832 :
1613 779 1672 834 Si
1707 780 1828 850 quis
1853 778 2022 834 errori
2058 778 2193 834 alte-

617 874 732 929 rius
760 873 1120 938 consenserit,
1149 882 1204 927 et
1235 871 1310 926 illi
1340 873 1624 928 consilium
1663 872 1872 928 dederit
1900 880 1960 927 ut
1997 886 2056 927 se
2086 879 2195 926 tar-

617 966 738 1021 dius
763 965 1028 1030 humiliet,
1061 965 1200 1021 sciat
1238 981 1296 1020 se
1335 981 1460 1020 cum
1500 964 1592 1020 illo
1620 964 1778 1020 simili
1815 965 1975 1019 modo
2011 963 2194 1033 culpa-

525 1077 535 1092 κ
614 1057 778 1113 bilem
802 1057 1172 1126 iudicandum.
1211 1057 1349 1112 Hinc
1376 1066 1432 1112 et
1455 1057 1645 1112 beatus
1673 1056 2039 1112 Columbanus
2081 1055 2187 1110 ait:

613 1145 913 1204 Defendere
940 1149 1265 1220 proximum,
1300 1148 1382 1203 vel
1411 1149 1871 1219 consanguineum
1911 1148 1965 1204 in
2003 1164 2192 1203 mona-

611 1237 778 1293 sterio
810 1239 955 1293 nullo
984 1239 1144 1294 modo
1175 1240 1556 1310 permittimus.
1601 1240 1803 1310 thuid
1841 1242 1985 1297 enim
2023 1241 2190 1296 alium

609 1330 871 1399 defendit,
909 1332 1000 1402 qui
1031 1333 1144 1403 jam
1181 1334 1282 1388 sibi
1313 1350 1418 1390 non
1444 1335 1606 1400 vivit,
1638 1334 1732 1389 sed
1758 1333 1996 1399 Christo,
2027 1349 2187 1402 quem

607 1421 873 1490 imitatur,
903 1433 1084 1478 manet
1119 1424 1445 1481 cruciﬁxus?
1481 1425 1584 1493 Qui
1618 1440 1748 1497 ergo
1792 1425 2038 1496 proprias
2065 1438 2188 1495 per-

607 1514 746 1573 didit
791 1515 1120 1584 voluntates,
1168 1526 1228 1573 ut
1255 1517 1457 1575 Christi
1514 1520 1570 1575 in
1620 1535 1679 1574 se
1713 1519 2044 1574 voluntatem
2084 1520 2187 1574 im-

605 1606 799 1680 pleret,
836 1624 934 1664 cur
975 1609 1201 1665 aliorum
1249 1609 1443 1665 delicta
1491 1610 1778 1666 defendat?
1831 1609 1915 1665 Sit
1958 1624 2086 1682 ergo
2131 1610 2182 1664 ei

606 1716 796 1770 aequus
825 1717 980 1756 amor
1007 1711 1116 1756 tam
1165 1701 1219 1756 in
1265 1702 1666 1773 consanguineo
1693 1717 1855 1771 quam
1905 1702 1957 1756 in
1989 1709 2182 1757 caetero

605 1787 777 1847 fratre
824 1793 914 1861 qui
960 1793 1009 1847 ei
1053 1793 1331 1863 sanguinis
1362 1792 1618 1846 afﬁnitate
1659 1808 1766 1847 non
1791 1791 2052 1864 jungitur,
2081 1809 2181 1849 nec

2295 595 2407 650 sine
2451 606 2706 666 prwcepto
2751 596 2988 662 abbatis,
3033 595 3106 650 vel
3149 597 3202 650 in
3244 597 3360 668 ipsis
3404 599 3632 670 infantibus
3658 609 3723 664 sini

2294 687 2604 742 discretione
2645 689 2922 754 exarserit,
2960 689 3242 760 disciplina:
3288 693 3489 762 regulari
3528 700 3725 768 subjecta.

2294 777 2433 834 Hinc
2461 779 2747 836 Ferreolus
2779 781 2857 835 ait
2903 799 2916 834 :
2968 780 3255 840 Monachus
3299 785 3349 839 in
3391 790 3647 847 monachum
3678 794 3722 850 in-

2292 867 2620 935 ﬂammatus,
2663 871 2804 940 quod
2845 878 2928 926 est
2977 872 3352 942 turpissimum,
3391 893 3550 936 manus
3585 882 3724 952 injicere

2292 974 2399 1014 non
2426 969 2740 1030 praesumat,
2765 970 2964 1032 praeter
2999 962 3117 1018 illos
3159 965 3225 1018 ad
3250 981 3375 1036 quos
3398 971 3590 1039 pertinet
3611 989 3717 1031 eone

2291 1049 2487 1104 ctionis
2525 1050 2607 1106 vel
2649 1066 2808 1108 nosse
2847 1052 3084 1120 modum,
3125 1055 3208 1110 vel
3255 1063 3421 1114 tenere
3451 1057 3666 1128 judicium,
3689 1082 3724 1123 ne

2289 1153 2398 1193 uno
2423 1149 2682 1211 peccante
2718 1143 2931 1199 caeteris
2971 1147 3323 1216 praesumendi
3352 1158 3533 1205 crescat
3566 1155 3724 1212 audacis.

2291 1225 2585 1312 sequitur:

2361 1317 2498 1386 Quia
2536 1322 2786 1393 scriptum
2821 1333 2896 1378 est
2921 1342 2939 1381 :
2963 1322 3118 1391 Quod
3151 1327 3242 1381 tibi
3270 1343 3364 1381 non
3385 1328 3453 1383 vis
3484 1328 3592 1398 fieri,
3612 1332 3725 1389 aliine

2287 1413 2473 1484 feceris
2511 1412 2664 1484 (Tob.
2699 1431 2784 1481 1v;
2822 1415 3016 1471 Matth.
3045 1419 3166 1489 vn).
3213 1417 3370 1476 Nemo
3407 1422 3527 1476 enim
3557 1423 3639 1477 vult
3665 1427 3724 1482 sibi

2284 1519 2316 1559 a
2352 1520 2622 1576 quoquam
2660 1509 2877 1574 noceri,
2925 1523 3024 1565 nec
3065 1510 3179 1580 ipse
3216 1511 3371 1581 igitur
3403 1513 3605 1582 cuiquam
3631 1515 3725 1572 debet

2285 1614 2512 1664 nocere,
2560 1599 2652 1655 sed
2699 1601 2876 1670 potius
2923 1601 3069 1656 inter
3114 1609 3363 1673 utrosque
3404 1603 3538 1659 debet
3571 1603 3722 1662 fraterna

2284 1691 2524 1748 charitas
2555 1707 2834 1759 crescere,
2870 1701 2927 1750 et
2959 1693 3027 1749 ad
3063 1710 3156 1750 eos
3188 1711 3318 1767 quos
3353 1696 3522 1767 aliquis
3553 1697 3722 1769 increpat,

2283 1785 2445 1840 talem
2483 1785 2644 1841 debet
2691 1785 2945 1843 allectum
2995 1801 3228 1854 servare,
3271 1788 3462 1860 qualem
3491 1799 3610 1862 pater
3631 1791 3674 1846 ad
3687 1789 3722 1846 li-

603 1896 927 1952 quemquam
953 1883 1054 1937 sub
1069 1883 1366 1954 disciplina:
1387 1883 1756 1938 moderamine
1776 1885 2011 1953 positum
2042 1884 2182 1940 tueri
2209 1878 2257 1938 B
2283 1874 2436 1941 lium,
2462 1883 2556 1930 aut
2583 1877 2824 1932 medicus
2852 1879 2920 1938 ad
2947 1888 3230 1949 aegrotum.

603 1971 842 2038 studeat,
871 1988 939 2028 ne
966 1974 1155 2028 vitium
1198 1973 1516 2030 defendendi
1552 1975 1606 2029 in
1635 1974 1755 2029 aliis
1787 1975 2043 2030 dimittat.
2078 1975 2181 2044 Qui

601 2062 747 2118 enim
793 2064 948 2118 timet
974 2064 1282 2129 Dominum,
1313 2064 1358 2119 si
1395 2064 1590 2120 viderit
1624 2064 1851 2119 fratrem
1893 2081 2048 2122 suum
2095 2081 2183 2122 er-

601 2168 762 2217 rare,
806 2170 926 2224 quae
955 2165 1141 2210 sancta
1172 2163 1298 2210 sunt
1323 2154 1482 2211 debet
1510 2156 1558 2210 ei
1584 2154 1981 2222 demonstrare,
2011 2164 2066 2211 et
2095 2172 2182 2213 re-

601 2257 748 2305 ctum
802 2249 907 2304 iter
943 2249 1263 2314 ostendere,
1315 2257 1375 2304 ut
1407 2263 1531 2302 cum
1580 2248 1770 2303 timore
1798 2248 1894 2303 Dei
1925 2249 2182 2306 incedens

587 2337 750 2393 illam
777 2337 1080 2395 Salomonis
1127 2339 1348 2412 impleat
1371 2340 1716 2406 sententiam,
1751 2357 1870 2412 quae
1899 2342 2068 2398 dicit:
2092 2342 2181 2397 Li-

601 2428 724 2484 bera
752 2447 861 2497 eos,
881 2431 971 2502 qui
991 2431 1255 2486 ducuntur
1281 2435 1350 2487 ad
1373 2442 1616 2498 mortem,
1647 2442 1695 2487 et
1731 2432 1795 2487 de
1818 2434 2031 2490 interitu
2054 2434 2181 2491 libe-

599 2537 661 2576 ra
667 2537 720 2576 re
747 2539 850 2578 non
875 2539 1061 2578 688888.

1164 2619 1392 2676 CAPUT
1440 2620 1607 2677 LXX.

603 2702 670 2760 Ut
707 2722 812 2761 non
853 2719 1139 2778 priesumat
1172 2711 1451 2796 quisquam
1485 2713 1714 2796 aliquem
1748 2714 1944 2784 passim
1981 2716 2180 2771 cadere

1091 2792 1182 2834 aut
1226 2792 1696 2838 excommunicare.

667 2888 878 2946 Passim
917 2891 1119 2948 dicitur
1159 2893 1486 2959 inordinate,
1517 2895 1811 2967 incognite,
1849 2904 1906 2952 et
1944 2897 2060 2953 sine
2091 2913 2180 2954 ra-

598 2979 763 3036 tionis
790 2983 970 3037 modo.

669 3067 737 3122 Ut
758 3070 949 3124 vitetur
971 3072 1025 3125 in
1052 3075 1368 3129 monasterio
1393 3077 1560 3131 omnis
1579 3079 1998 3150 pra'sumptionis
2027 3096 2179 3136 occa-

591 3164 1013 3229 sio,ordinamus
1039 3175 1194 3238 atque
1213 3169 1575 3225 constituimus
1600 3179 1655 3224 ut
1682 3171 1813 3225 nulli
1835 3171 2178 3244 liceatquem-

2848 1968 3078 2027 CAPUT
3114 1970 3298 2026 LXXI.

2497 2055 2566 2113 Ut
2597 2059 2890 2116 obedientes
2921 2061 3026 2116 sint
3061 2063 3159 2117 sibi
3185 2063 3387 2119 invicem
3417 2065 3587 2135 fratres.

2357 2147 2675 2204 Obedientia:
2721 2150 2912 2206 bonum
2950 2169 3057 2207 non
3096 2152 3262 2208 solum
3299 2154 3455 2210 abbati
3490 2151 3716 2208 exhibenda

2281 2251 2359 2297 est
2394 2242 2459 2298 ab
2493 2244 2757 2311 omnibus,
2797 2245 2888 2300 sed
2932 2247 3092 2300 etiam
3130 2246 3227 2300 sibi
3261 2246 3457 2302 invicem
3486 2247 3545 2300 ita
3569 2246 3717 2300 obedire

2281 2333 2495 2404 fratres,
2521 2336 2740 2391 scientes
2762 2353 2816 2391 se
2836 2353 2927 2407 per
2945 2337 3084 2392 hanc
3108 2337 3396 2392 obedientiat
3420 2337 3530 2391 viam
3549 2336 3658 2390 ituros
3677 2333 3716 2385 at

2278 2421 2470 2478 Deum.
2500 2422 2638 2480 Hinc
2665 2433 2721 2480 et
2743 2424 2834 2480 alii
2858 2425 3053 2482 Patres
3084 2425 3361 2482 dixerunt:
3384 2426 3535 2481 Virtus
3556 2423 3715 2478 obedien-

2279 2517 2370 2572 tize
2413 2519 2715 2589 expetenda
2738 2527 2842 2584 est,
2873 2528 2929 2575 et
2956 2520 3249 2575 secundum
3276 2519 3408 2575 vires
3430 2513 3715 2585 uniuscujusque

2279 2610 2584 2666 exercenda
2611 2619 2716 2676 est,
2744 2619 2798 2666 et
2822 2611 2890 2666 ad
2914 2611 3156 2681 primum
3179 2611 3390 2667 verbum
3412 2611 3585 2667 senioris
3599 2622 3714 2664 omnes

2279 2702 2371 2772 qui
2419 2702 2692 2758 audierint
2741 2718 2810 2759 ex
2864 2701 3128 2761 fratribus
3178 2719 3442 2777 assurgere
3477 2709 3631 2773 oportet.
3670 2697 3712 2754 Ει

2279 2794 2371 2866 qui
2399 2810 2506 2851 non
2536 2795 2854 2857 surrexerit,
2887 2795 3105 2851 veniam
3129 2805 3294 2868 petat,
3322 2807 3373 2853 et
3399 2795 3708 2866 ptenitcat‘lm‘

2277 2893 2393 2940 tum
2417 2885 2743 2956 iudicaverit
2783 2887 2987 2954 senior,
3015 2897 3074 2943 et
3101 2888 3316 2960 impleat
3337 2887 3463 2959 quod
3479 2886 3621 2956 justum
3643 2886 3709 2934 est

2349 2976 2634 3033 Pra’misso
2657 2994 2779 3050 ergo
2811 2979 3014 3035 abbatis
3049 2989 3142 3035 aut
3169 2976 3598 3052 prapositoruntqei
3617 2973 3658 3028 ab
3678 2988 3714 3026 to

2277 3068 2670 3122 constituuntur
2705 3068 2944 3140 imperio.
2997 3069 3287 3127 Praemisso
3333 3070 3464 3134 dicit,
3504 3063 3712 3136 antepaulo.

2277 3167 2404 3215 ante
2438 3160 2724 3230 imperato,
2756 3161 3028 3227 ordinato,
3058 3163 3146 3220 vel
3171 3163 3422 3218 mandato.

591 3273 749 3328 quam
789 3257 1020 3327 fratrum
1071 3277 1286 3316 suorum
1329 3264 1780 3318 excommunicare
1827 3274 1915 3318 aut
1949 3265 2168 3333 ccedere,

2135 3283 2171 3333 ε,
2201 3232 2245 3296 C
2347 3249 2448 3306 Cui
2499 3270 2604 3308 non
2662 3256 3011 3325 permittimus
3067 3259 3268 3328 privata
3329 3257 3514 3327 imperia
3552 3249 3712 3324 praposi

592 3347 696 3402 nisi
737 3350 824 3403 cui
862 3359 1089 3422 potestas
1133 3351 1198 3406 ab
1255 3353 1439 3408 abbate
1477 3354 1604 3408 data
1641 3355 1816 3424 fuerit.
1864 3355 1980 3411 Non
2027 3357 2173 3413 enim

589 3443 884 3497 secundum
919 3447 1420 3513 commonitionem,
1451 3447 1535 3502 vel
1565 3448 1968 3504 animositatem
1993 3451 2174 3506 cordis

590 3531 752 3587 debet
779 3532 948 3589 frater
983 3536 1036 3589 in
1065 3534 1288 3593 fratrem
1314 3538 1381 3592 ad
1405 3537 1817 3608 percutiendum
1859 3555 2050 3594 manus
2081 3554 2172 3595 ex-

590 3623 834 3687 tendere,
863 3625 957 3679 sed
986 3627 1164 3681 studio
1192 3627 1476 3683 charitatis
1506 3628 1772 3698 castigare
1799 3645 1921 3684 eum
1951 3630 2171 3685 humili-

589 3721 676 3768 ter
701 3713 859 3768 debet
890 3723 1052 3785 atque
1078 3717 1371 3788 corrigere.
1406 3717 1542 3773 Hinc
1568 3718 1761 3774 beatus
1787 3719 2036 3774 Aurelius
2062 3721 2166 3775 ait:

589 3801 786 3858 Frater
826 3805 880 3859 in
921 3803 1144 3862 fratrem
1188 3809 1231 3863 si
1274 3825 1438 3864 ausus
1475 3807 1638 3865 fuerit
1676 3825 1895 3866 manum
1931 3811 2168 3879 mittere,

587 3892 888 3967 legitimam
922 3899 1260 3970 disciplinam
1287 3902 1537 3972 accipiat.

665 3985 950 4044 Peccantes
998 4000 1172 4045 autem
1226 4009 1404 4047 coram
1455 3994 1693 4050 omnibus
1743 4006 2054 4067 arguantur,
2115 4006 2171 4051 ut

589 4080 766 4135 ca’teri
800 4091 993 4137 metum
1024 4084 1268 4138 habeant.
1311 4083 1378 4141 Et
1415 4085 1470 4140 in
1499 4085 1754 4142 Levitico'
1774 4088 2032 4158 scriptum
2057 4096 2166 4144 est:

590 4168 676 4225 Ne
696 4171 870 4228 oderis
903 4173 1121 4244 fratrem
1151 4185 1299 4230 tuum
1330 4177 1385 4231 in
1410 4177 1569 4232 corde
1597 4187 1711 4243 tuo,
1738 4178 1829 4233 sed
1852 4179 2054 4249 publice
2083 4197 2172 4234 ar-

584 4277 684 4331 gue
707 4278 843 4329 eum,
882 4280 944 4317 ne
971 4265 1164 4321 habeas
1187 4283 1345 4338 super
1379 4268 1472 4323 illo
1505 4279 1775 4339 peccatum
1817 4269 2002 4341 (Leuit.
2029 4270 2166 4339 xxx).

586 4351 724 4407 Hinc
767 4355 960 4410 beatus
1001 4355 1334 4428 Augustinus
1387 4360 1463 4414 ait
1507 4379 1520 4415 :
1567 4359 1682 4416 Non
1729 4368 1811 4417 est
1863 4362 2170 4418 contrarius

584 4442 876 4513 Apostolus
897 4446 1144 4514 Domino,
1173 4450 1266 4520 qui
1293 4451 1426 4506 dicit
1453 4469 1464 4505 :
1492 4450 1774 4507 Peccantes
1801 4469 1976 4507 coram
2003 4453 2172 4508 omni-

587 4537 682 4591 bus
708 4554 887 4608 argue,
911 4549 966 4593 ut
991 4543 1166 4595 creteri
1193 4542 1430 4596 timorem
1450 4543 1694 4608 habeant,
1727 4560 1847 4598 cum
1880 4544 1967 4598 ille
1989 4545 2162 4600 dicat:

585 4628 802 4700 Corripe
832 4647 949 4685 eum
974 4631 1110 4687 inter
1127 4641 1176 4688 te
1196 4644 1245 4689 et
1267 4635 1437 4706 ipsum
1463 4633 1635 4688 solum
1660 4653 1678 4693 :
1705 4644 1995 4705 utrumque
2017 4637 2163 4691 enim

586 4721 897 4778 faciendum
929 4731 1032 4778 est.
1085 4722 1237 4780 Sicut
1273 4724 1607 4781 inlirmitatis
1635 4725 1924 4780 diversitas
1953 4741 2166 4794 eorum,

585 4829 723 4886 quos
751 4815 937 4887 utique
973 4831 1078 4872 non
1106 4817 1431 4887 perdendos,
1459 4817 1554 4874 sed
1592 4818 1944 4890 corrigendos
1973 4833 2168 4875 curan-

585 4907 790 4977 dosque
825 4906 1179 4978 suscepimus,
1211 4916 1265 4962 et
1292 4907 1428 4963 alius
1455 4908 1554 4974 sic,
1587 4908 1726 4965 alius
1755 4917 1935 4965 autem
1967 4910 2048 4966 sic
2081 4927 2168 4968 sa-

585 4999 794 5054 nandus
821 5006 924 5056 est.

655 5090 955 5162 Infantibus
979 5107 1100 5147 vero
1130 5109 1293 5164 usque
1317 5093 1386 5146 ad
1405 5094 1646 5164 quintum
1677 5095 1937 5149 decimum
1968 5111 2164 5150 annum

585 5185 777 5250 artatis,
804 5184 1095 5256 disciplina:
1115 5184 1385 5256 diligentia
1407 5187 1496 5252 sit,
1520 5197 1567 5256 et
1589 5189 1829 5243 custodia
1851 5190 2166 5245 adhibeatur

584 5275 650 5330 ab
677 5275 934 5331 omnibus.
975 5274 1078 5331 Sed
1101 5286 1148 5331 et
1171 5278 1268 5332 hoc
1293 5295 1411 5333 cum
1435 5279 1576 5332 omni
1601 5295 1845 5334 mensura
1868 5292 1916 5336 et
1941 5283 2161 5336 ratione.

583 5366 723 5425 Hinc
756 5376 812 5424 et
843 5369 1062 5440 quidam
1104 5373 1492 5428 monachorum
1538 5373 1796 5442 magister
1837 5375 1948 5429 ait:
1987 5372 2166 5430 Infan-

585 5459 728 5516 tulos
750 5475 881 5518 vero
909 5477 1080 5534 usque
1115 5465 1184 5520 ad
1213 5465 1479 5520 decimum
1519 5466 1764 5535 quintum
1809 5482 2010 5522 annum
2055 5482 2161 5522 non

584 5553 1061 5621 excommunicari,
1087 5557 1180 5611 sed
1207 5558 1548 5628 praecipimus
1567 5559 1818 5629 vapulare
1840 5575 1938 5631 pro
1964 5561 2159 5632 culpis.

584 5641 714 5699 Post
757 5644 1063 5716 quindecim
1094 5663 1222 5702 vero
1251 5663 1422 5704 annos
1445 5648 1559 5718 jam
1609 5666 1717 5706 non
1744 5653 2023 5722 vapulare,
2065 5654 2162 5711 sed

586 5737 1045 5794 excommunicari
1077 5740 1357 5805 condecet,
1390 5742 1518 5809 quia
1552 5739 1667 5810 jam
1696 5742 2005 5814 intelligunt
2029 5758 2140 5814 quo

587 5826 748 5881 modo
769 5827 1034 5896 paenitere
1065 5838 1122 5883 et
1149 5830 1436 5885 emendare
1461 5831 1714 5888 debeant.

2275 3340 2494 3398 Privata
2530 3345 2663 3401 dicit
2701 3346 2993 3418 singillata,
3040 3351 3124 3405 vel
3165 3351 3391 3421 propria,
3420 3357 3465 3404 et
3499 3342 3712 3404 communis.

2277 3436 2723 3510 singulorumque
2767 3442 3029 3512 imperia;
3071 3445 3276 3516 privata
3310 3443 3582 3515 singulorum
3609 3433 3715 3491 dimi!-

2277 3530 2440 3582 tenda
2476 3538 2602 3585 sunt
2636 3542 2856 3603 pr0pter
2885 3535 3102 3591 abbatis
3141 3536 3223 3590 vel
3250 3536 3590 3608 praepositorum
3616 3529 3714 3597 impe-

2275 3620 2378 3686 ria,
2406 3639 2513 3676 non
2543 3640 2703 3694 super
2730 3625 2941 3681 illorum
2971 3628 3258 3699 imperium
3283 3628 3484 3701 agenda.
3510 3622 3696 3692 Sequitur:

2356 3709 2436 3764 De
2485 3722 2669 3767 cratera
2715 3731 2893 3770 omnes
2934 3717 3214 3787 juniores,
3259 3718 3492 3792 prioribus
3526 3714 3604 3768 suis
3632 3721 3711 3762 cum

2276 3800 2526 3857 charitate
2556 3814 2604 3857 et
2626 3804 2979 3862 sollicitudine
3018 3809 3282 3867 obediant.
3320 3809 3456 3876 Quod
3478 3809 3515 3861 si
3534 3803 3616 3875 quis
3640 3813 3709 3852 m-

2274 3894 2526 3948 tentiosus
2559 3897 2835 3964 reperitur,
2869 3901 3209 3969 corripiatur.
3256 3901 3396 3956 Licet
3421 3899 3572 3956 durum
3600 3892 3710 3946 ridet-

2273 3989 2383 4050 tur,
2415 3985 2717 4041 obcdientia
2749 4005 2918 4060 usque
2963 3990 3031 4046 ad
3061 4003 3286 4050 mortem
3333 3991 3538 4048 facienda
3570 3994 3638 4048 est.
3664 3995 3709 4034 δι’

2274 4077 2510 4132 cundum
2554 4080 2862 4151 exemplum
2893 4081 3110 4140 Domini
3153 4084 3432 4142 obedientis
3477 4077 3588 4137 Patri
3608 4085 3709 4143 usque

2273 4171 2344 4225 ad
2387 4179 2653 4237 mortem,
2701 4181 2758 4228 et
2803 4189 3246 4248 unumquemque
3296 4182 3484 4248 oportet
3519 4165 3628 4224 fratri
3656 4175 3710 4216 suo

2272 4260 2504 4326 servire,
2536 4261 2675 4316 sicut
2707 4263 2889 4318 abbati
2917 4267 3140 4337 proprio
3165 4267 3246 4321 vel
3267 4265 3416 4338 patri,
3440 4263 3552 4319 sicut
3569 4257 3710 4327 Aposl‘r

2271 4352 2356 4408 lus
2386 4355 2552 4410 dicit:
2580 4355 2780 4411 Servite
2804 4357 3020 4413 invicem
3053 4360 3106 4414 in
3127 4363 3306 4416 timore
3327 4356 3493 4414 Christi
3517 4342 3708 4425 (cuml-

2342 4443 2402 4498 Si
2433 4447 2549 4516 quis
2578 4456 2752 4500 autem
2781 4447 2947 4518 frater
2971 4467 3069 4520 pro
3095 4452 3271 4523 quavis
3306 4449 3494 4505 minima
3527 4453 3652 4499 causa,
3673 4430 3709 4485 tl

2271 4535 2476 4602 abbate,
2507 4536 2584 4592 vel
2614 4554 2648 4592 a
2676 4555 2983 4612 quocunque
3005 4543 3180 4613 priore
3209 4560 3301 4598 suo
3332 4539 3591 4607 corripiatur

2268 4626 2351 4681 bet
2387 4628 2565 4694 modo,
2605 4627 2682 4684 vel
2718 4629 2764 4685 si
2797 4630 2974 4686 leviter
3012 4635 3228 4690 senserit
3264 4634 3470 4688 animum
3497 4621 3634 4698 prioris
3659 4631 3710 4716 tt-

2256 4719 2553 4792 juscunque
2591 4732 2776 4778 contra
2803 4740 2859 4778 se
2894 4724 3112 4792 iratum,
3151 4725 3226 4782 vel
3252 4732 3540 4784 commotum,
3561 4719 3709 4786 48m"

2281 4817 2501 4884 nodice,
2542 4811 2666 4875 mosi
2705 4819 2817 4875 sine
2855 4837 3005 4875 mora
3049 4823 3233 4877 tandiu
3275 4825 3530 4893 prostratus
3557 4810 3597 4862 in
3625 4814 3707 4858 tem

2263 4919 2384 4964 ante
2413 4911 2566 4981 pedes
2599 4913 2715 4982 ejus
2747 4913 2932 4984 jaceat
2962 4914 3308 4986 satisfaciens,
3340 4925 3480 4981 Itqu
3505 4905 3600 4991 ΑΨ

2266 5000 2493 5056 dictione
2527 4982 2759 5058 sanetur
2780 5003 2873 5058 illa
2909 4982 3203 5060 commotio.
3237 5002 3365 5059 Hinc
3387 5002 3543 5056 beatus
3562 4982 3708 5046 Basili“s

2269 5093 2385 5148 ait:
2413 5093 2492 5150 Eo
2528 5093 2723 5151 affectu
2763 5098 2968 5154 obediri
3013 5106 3224 5168 oportet
3261 5096 3308 5152 ei
3341 5093 3421 5165 qui
3464 5103 3544 5144 nos
3563 5079 3610 5136 ad
3627 5081 3706 5170 ορξιξ

2267 5186 2509 5241 mandati
2549 5189 2888 5254 cohortatur,
2928 5203 3036 5258 quo
3075 5189 3312 5244 esuriens
3346 5177 3558 5256 parvulus
3584 5172 3705 5224 nam"

2267 5280 2608 5350 obtemperat
2653 5282 2718 5338 ad
2763 5283 2925 5336 verba
2972 5282 3293 5354 imperanti,
3341 5275 3417 5333 vel
3461 5258 3704 5360 quoa“???

2266 5372 2444 5428 omnis
2478 5373 2640 5429 homo
2679 5373 2908 5444 suscipit
2951 5375 3020 5430 ab
3064 5374 3241 5444 aliquo
3281 5387 3339 5427 ea
3381 5381 3483 5438 quae
3517 5359 3567 5414 ad
3601 5356 3704 5444 vina

2260 5426 2749 5532 pertinent;vimo
2793 5426 2852 5517 el
2889 5463 2935 5517 si
2981 5463 3112 5534 quid
3151 5426 3499 5531 'amplius'pro
3535 5458 3583 5502 eo

2263 5528 2433 5610 inulto
2455 5563 2538 5611 est
2561 5554 2848 5627 pretiosior
2872 5528 3052 5611 futuia
3079 5555 3185 5610 vita
3215 5528 3365 5624 quam
3390 5550 3597 5619 praesens,
3617 5528 3701 5627 5W

2262 5653 2319 5700 et
2345 5625 2606 5701 Dominus
2641 5645 2777 5701 dixit
2818 5663 2830 5700 :
2875 5644 3013 5712 Quia
3053 5645 3298 5700 mandata
3325 5655 3426 5695 mea
3461 5633 3542 5688 vita
3577 5625 3701 5678 στοαί

2263 5748 2383 5793 sunt
2418 5737 2601 5809 (Joan.
2633 5737 2753 5811 xu).

2336 5789 3128 5904 éubdhsiquiicontempserit
3171 5828 3366 5901 facere,
3405 5827 3484 5875 aut
3523 5789 3692 5876 00'7""
