3994 6464
238 360 343 420 9Ξ9

1303 358 1658 418 COMMENT.
1699 356 1768 416 IN
1806 352 1966 414 ΠΕΟ.
2011 353 2070 409 S.
2106 351 2486 410 BENEDICTI.

3394 347 3501 406 950

206 476 485 534 .sittdictc
503 473 794 548 subjaceat,
811 485 902 531 aut
923 476 970 532 si
992 485 1274 532 contumax
1286 476 1827 547 fuerit,demonaste-
1856 475 1911 536 Α
1933 465 2178 524 Charitas
2213 467 2414 539 patiens
2445 475 2518 520 est
2555 464 2604 536 (l
2628 461 2752 519 Cor.
2777 460 2918 535 xm).
2963 460 3099 516 Hinc
3134 467 3190 516 et
3216 460 3508 533 Apostolus

237 570 320 625 rio
348 566 660 640 expellatur.
692 566 829 624 Hinc
854 567 979 624 alibi
1009 567 1272 640 scriptum
1313 576 1398 625 est
1430 567 1560 633 :_Ad
1589 567 1825 638 primum

239 664 593 722 discussionis
636 666 866 722 senioris
917 665 1032 722 sive
1070 666 1390 738 mquinomi,
1448 666 1562 721 sive
1596 663 1826 735 alicujus

243 756 430 814 fratris
443 756 599 812 venia
621 757 847 829 petenda
864 764 968 824 est,
987 765 1042 814 et
1070 757 1255 814 tandiu
1279 758 1332 812 in
1356 765 1500 812 terra
1521 763 1826 828 prostratus

237 849 437 922 jaceat,
478 848 650 904 donec
695 848 875 905 senior
911 848 1303 906 discussionem
1346 847 1821 905 consummaverit.

241 939 303 998 Si
352 951 534 996 autem
576 940 759 996 senior
806 940 1203 998 discussionem
1253 941 1568 1007 iteraverit,
1614 949 1670 997 et
1711 939 1868 1011 ipse.~

240 1029 455 1086 veniam
499 1029 699 1086 iterare
745 1029 926 1086 debet.
980 1029 1038 1086 Si
1090 1031 1213 1102 quis
1247 1031 1454 1087 tardior
1498 1032 1566 1088 ad
1610 1031 1824 1087 veniam

243 1121 494 1177 inventus
518 1119 680 1176 fuerit
709 1122 822 1177 sive
851 1121 1028 1193 aliqua
1055 1123 1219 1178 verba
1247 1123 1494 1195 religioni
1526 1123 1824 1189 contraria,

241 1212 357 1268 sive
388 1227 492 1284 pro
532 1213 885 1268 excusatione
922 1211 1005 1268 sui
1042 1213 1222 1270 delicti
1261 1214 1566 1284 protulerit.
1612 1213 1828 1269 mitten-

241 1304 344 1360 dus
387 1313 471 1360 est
515 1303 570 1358 in
622 1317 920 1368 carcerem,
961 1311 1016 1358 et
1053 1306 1316 1376 paeniteat
1357 1304 1654 1360 secundum
1684 1304 1828 1375 quod

239 1393 570 1466 iudicaverit
608 1393 808 1460 senior,
847 1410 1128 1466 usquequo
1168 1396 1490 1467 corrigatur.
1537 1395 1595 1450 Si
1641 1404 1824 1451 autem

241 1487 546 1545 obstinatus
605 1487 898 1552 invenitur,
948 1489 1280 1558 separandus
1332 1496 1417 1544 est
1453 1503 1485 1543 a
1541 1488 1824 1545 fratribus.

796 1582 1024 1641 CAPUT
1063 1583 1273 1638 LXXII.

404 1673 483 1729 De
504 1673 615 1729 zelo
636 1673 791 1742 bono,
813 1692 966 1747 quem
985 1675 1169 1731 debent
1191 1676 1380 1732 habere
1404 1677 1667 1732 monachi.

315 1761 466 1820 Sicut
517 1772 593 1819 est
626 1763 769 1818 zelus
814 1764 1188 1819 amaritudinis
1239 1764 1444 1831 malus,
1491 1766 1580 1838 qui
1619 1774 1828 1836 separat

1926 559 2005 614 ait
2041 575 2054 610 :
2091 555 2319 611 Invicem
2371 570 2529 609 onera
2567 563 2733 608 vestra
2759 561 2979 623 portate,
3010 559 3058 605 et
3086 550 3161 606 sic
3191 549 3502 623 adimplebi-

1925 650 1992 705 tis
2015 649 2177 721 legem
2199 646 2391 703 Christi
2417 644 2614 720 (Calat.
2646 645 2746 718 vi),
2775 645 2829 700 id
2854 653 2957 710 est,
2983 643 3304 700 cbaritatem

1999 740 2358 798 Obedientiam
2384 739 2482 794 sibi
2504 739 2740 792 certatim
2774 736 3094 808 impendant.
3129 733 3400 806 Scriptum
3425 743 3512 792 est

1925 835 2073 891 enim
2104 853 2118 888 :
2144 831 2336 889 Melior
2367 843 2444 888 est
2474 832 2787 896 obedientia,
2818 848 2973 904 quam
3007 830 3234 886 victima.
3275 830 3343 886 Et
3365 829 3512 902 Apo-

1927 925 2096 982 stolus
2166 926 2242 981 ait
2290 943 2303 980 :
2354 924 2660 981 Obedicntes
2714 925 2930 980 invicem
2995 925 3050 980 in
3106 923 3311 979 vinculo
3365 925 3511 996 pacis

1928 1015 2145 1090 (Ephes.
2178 1019 2277 1088 tv).

2002 1107 2200 1164 Nullus
2225 1108 2365 1180 quod
2401 1108 2501 1163 sibi
2540 1106 2666 1162 utile
2701 1106 2906 1177 judicat
2945 1116 3214 1178 sequatur,
3250 1107 3342 1162 sed
3373 1107 3513 1181 quod

1929 1202 2101 1271 magis
2125 1199 2237 1254 alii.
2276 1199 2412 1256 Hinc
2436 1199 2725 1270 Apostolus
2754 1199 2830 1253 ait
2859 1216 2872 1252 :
2899 1197 3145 1254 Charitas
3188 1217 3291 1255 non
3325 1201 3516 1272 qucerit

1927 1307 2045 1363 qua:
2081 1307 2179 1345 sua
2213 1301 2334 1346 sunt
2367 1290 2415 1363 (l
2451 1289 2574 1345 Cor.
2600 1290 2753 1362 tun);
2793 1290 2844 1345 id
2877 1298 2978 1354 est,
3013 1305 3118 1344 non
3157 1291 3361 1361 cogitat
3393 1299 3515 1346 tan-

1928 1390 2045 1437 tum
2076 1382 2220 1452 quod
2249 1382 2350 1437 sibi
2387 1381 2518 1437 utile
2555 1391 2658 1448 est,
2693 1381 2787 1438 sed
2819 1381 2967 1452 quod
3002 1379 3122 1437 aliis
3160 1382 3365 1439 utiliter
3402 1398 3517 1439 ser-

1930 1470 2128 1527 viendo
2154 1471 2453 1526 ministret.

2019 1561 2343 1618 Charitatem
2391 1563 2740 1633 fraternitatis
2793 1568 2935 1618 casto
2977 1560 3278 1632 impendant
3320 1578 3516 1619 amore.

1930 1650 2184 1708 Charitas
2225 1652 2371 1707 enim
2412 1666 2518 1706 non
2559 1659 2643 1706 est
2679 1650 2894 1722 duplex,
2935 1665 3036 1706 nec
3081 1649 3238 1706 alicui
3290 1651 3519 1719 invidet,

1931 1742 2074 1798 sicut
2101 1743 2362 1814 scriptum
2393 1750 2514 1797 est:
2543 1741 2789 1797 Charitas
2820 1759 2924 1797 non
2957 1742 3258 1810 cumulatur,
3289 1761 3393 1799 non
3415 1743 3523 1816 agit

244 1868 280 1908 α
305 1851 412 1908 Deo
440 1862 488 1907 et
511 1853 655 1907 ducit
684 1852 754 1906 ad
791 1853 1077 1922 infernum,
1114 1855 1187 1908 ita
1209 1863 1282 1910 est
1326 1855 1466 1910 zelus
1504 1831 1696 1922 bonust,
1739 1856 1830 1926 qui

1952 1849 2208 1904 rerperam
2248 1831 2301 1905 (Ι
2323 1831 2445 1887 Cor.
2471 1832 2611 1903 xm),
2649 1833 2702 1888 id
2731 1844 2839 1900 est,
2865 1847 3143 1904 perversa,
3172 1835 3298 1904 quia
3333 1834 3519 1891 omnia

245 1951 456 2014 separat
482 1960 514 1997 a
533 1943 675 1998 vitiis
696 1953 744 1998 et
769 1943 913 1998 ducit
933 1944 1001 1998 ad
1017 1933 1188 2000 Deum
1213 1955 1259 2000 et
1284 1945 1354 2000 ad
1374 1947 1533 2001 vitam
1557 1955 1828 2001 arternam.

245 2035 408 2094 Zelus
434 2037 810 2093 amaritudinis
847 2037 1044 2106 malus,
1077 2039 1168 2108 qui
1205 2049 1421 2110 separat
1461 2055 1492 2094 a
1521 2039 1632 2094 Deo
1656 2047 1711 2094 et
1735 2039 1833 2094 du-

247 2131 324 2186 cit
361 2130 429 2185 ad
454 2128 748 2197 infernum,
787 2131 905 2188 sine
935 2132 1097 2188 dubio
1135 2133 1202 2190 de
1245 2133 1444 2190 invidia
1473 2142 1528 2189 et
1563 2133 1687 2190 odio
1712 2149 1834 2204 pro-

248 2224 394 2281 cedit
416 2223 679 2282 fraterno.
730 2225 806 2282 De
838 2226 941 2282 hoc
971 2228 1118 2282 enim
1147 2227 1265 2283 zelo
1298 2236 1354 2284 et
1383 2229 1572 2283 beatus
1601 2226 1828 2298 Cypria-

249 2331 353 2374 nus
393 2317 470 2372 ait
501 2336 514 2373 :
549 2318 739 2376 Zelare
785 2327 837 2377 et
875 2320 1117 2376 invidere
1159 2320 1382 2377 alterius
1413 2321 1574 2376 bono
1614 2337 1721 2375 non
1751 2327 1835 2375 est

248 2425 499 2484 parvum,
539 2412 634 2468 sed
676 2413 879 2484 grande
918 2422 974 2469 et
1006 2429 1262 2485 magnum
1307 2412 1528 2468 malum.
1577 2411 1833 2468 Salomon

248 2516 464 2574 quoque
499 2503 576 2558 ait
605 2519 620 2558 :
645 2501 806 2560 Zelus
844 2513 893 2560 et
925 2503 1204 2560 iracundia
1237 2503 1479 2558 minuunt
1501 2501 1610 2556 dies
1635 2500 1830 2574 (Eccle.

251 2594 404 2668 nx).
453 2593 585 2654 Sine
620 2597 784 2654 dubio
813 2598 962 2654 enim
991 2613 1098 2653 non
1124 2612 1375 2670 parvum,
1408 2597 1501 2652 sed
1527 2595 1731 2667 grande
1753 2601 1836 2649 est

251 2688 474 2756 malum,
501 2689 645 2761 quod
685 2690 933 2747 homines
977 2699 1195 2762 separat
1233 2705 1262 2745 a
1295 2689 1406 2744 Deo
1431 2696 1486 2743 et
1512 2687 1696 2742 subdit
1721 2687 1837 2742 dia-

251 2778 392 2837 bolo.
429 2779 655 2851 Separat
691 2797 722 2836 a
751 2790 932 2854 patre,
963 2791 1019 2838 et
1049 2783 1200 2838 ducit
1228 2781 1296 2837 ad
1336 2782 1712 2850 deceptorem;
1751 2794 1839 2835 se-

254 2879 415 2943 parat
444 2887 476 2927 a
500 2873 635 2940 vita,
662 2881 718 2928 et
741 2874 891 2931 ducit
929 2875 998 2931 ad
1032 2884 1293 2941 mortem;
1337 2882 1556 2945 separat
1584 2889 1616 2928 a
1645 2871 1835 2944 gloria,

247 2971 308 3020 et
329 2963 477 3020 ducit
500 2963 568 3020 ad
594 2980 829 3036 poenam.
854 2965 970 3022 Hoc
995 2967 1140 3022 enim
1167 2967 1383 3022 invidiae
1413 2965 1528 3022 zelo
1550 2977 1840 3037 percussus

246 3053 408 3120 Cain,
437 3053 662 3112 fratrem
691 3071 847 3112 suum
884 3057 1084 3112 occidit
1108 3057 1262 3112 Abel.
1312 3057 1427 3113 Hoc
1455 3056 1572 3112 zelo
1600 3056 1838 3126 perculsi

250 3140 350 3198 ﬁlii
375 3141 542 3201 Iacob
580 3142 806 3202 fratrem
861 3161 1020 3202 suum
1066 3146 1427 3202 vendiderunt
1453 3145 1671 3216 Ioseph.
1724 3143 1839 3201 Hoc

250 3231 372 3290 zelo
415 3234 648 3306 perculsi
688 3235 944 3292 Phariszei
982 3245 1040 3292 et
1075 3235 1303 3303 Scribat,
1352 3235 1516 3292 morti
1546 3235 1846 3293 Dominum.

252 3323 596 3382 tradiderunt
620 3342 720 3399 per
757 3327 1162 3385 fraudulentum
1192 3329 1439 3384 osculum
1470 3327 1639 3384 Judze.
1685 3327 1840 3385 Hunc

251 3431 388 3494 ergo
420 3419 800 3478 amaritudinis
843 3421 1040 3489 zelum,
1089 3421 1186 3478 Dei
1227 3437 1337 3478 non
1372 3428 1591 3493 oportet
1637 3421 1841 3478 habere

250 3525 496 3580 servum,
541 3513 636 3570 sed
675 3515 856 3586 potius
894 3513 1047 3572 illum
1086 3516 1180 3587 qui
1219 3522 1441 3587 separat
1489 3530 1521 3570 a
1548 3513 1760 3570 diabolo
1787 3521 1843 3569 et

256 3600 409 3658 ducit
439 3601 508 3657 ad
533 3601 844 3674 Christum;
875 3605 969 3677 qui
999 3612 1218 3677 separat
1262 3621 1292 3661 a
1317 3613 1496 3662 morte
1519 3614 1576 3663 et
1601 3603 1750 3660 ducit
1773 3605 1842 3662 ad

255 3693 459 3762 vitam;
497 3695 591 3768 qui
626 3706 845 3769 separat
874 3713 906 3753 a
933 3697 1082 3756 vitiis
1105 3706 1162 3755 et
1189 3697 1338 3756 ducit
1363 3697 1430 3754 ad
1456 3698 1717 3764 virtutes;
1749 3698 1842 3769 qui

260 3797 480 3860 separat
525 3805 556 3844 a
594 3799 866 3848 tormento
915 3801 972 3848 et
999 3793 1148 3850 ducit
1193 3793 1261 3849 ad
1299 3808 1527 3865 regnum
1557 3791 1840 3848 calorum.

259 3877 372 3936 Iste
399 3879 544 3936 enim
571 3879 720 3938 zelus
748 3883 817 3939 de
845 3898 1032 3940 amore
1057 3884 1302 3941 nascitur
1325 3883 1610 3950 virtutum,
1640 3897 1748 3938 non
1777 3881 1846 3938 de

259 3970 389 4028 odio
432 3969 705 4040 fraterno;
754 3975 823 4031 de
856 3975 1144 4033 charitatis
1189 3975 1360 4044 fonte,
1390 3991 1499 4032 non
1523 3975 1592 4032 de
1621 3976 1729 4032 odii
1765 3973 1845 4031 fo-

263 4064 416 4120 mite.
463 4062 570 4121 Iste
603 4067 748 4122 enim
783 4066 933 4124 zelus
961 4068 1158 4124 animae
1188 4068 1418 4123 salutem
1449 4067 1655 4130 tribuit,
1683 4066 1846 4121 ﬁdem

263 4155 465 4212 retinet
502 4163 557 4213 et
581 4172 799 4213 omnem
829 4159 1212 4216 rectitudinem
1242 4157 1439 4230 diligit.
1475 4158 1631 4213 Hunc
1669 4157 1846 4212 zelum

263 4243 529 4303 Dominus
561 4248 828 4316 exercuit,
861 4249 1079 4318 quando
1106 4250 1400 4304 vendentes
1425 4255 1480 4304 et
1509 4255 1752 4303 ementes
1780 4248 1849 4303 de

265 4338 471 4410 templo
499 4337 796 4410 ﬂagellatos
836 4340 1157 4397 eliminavit.
1206 4339 1344 4396 Nam
1387 4350 1443 4395 et
1482 4339 1713 4395 Pbinees
1748 4354 1849 4409 pro

266 4429 388 4486 zelo
415 4432 752 4488 rectitudinis
794 4433 1156 4505 principatum
1200 4441 1257 4488 et
1296 4433 1562 4490 honorem
1603 4429 1849 4502 accipere

267 4529 472 4586 meruit
494 4530 815 4586 sacerdotis.

345 4622 502 4680 Hunc
538 4641 660 4696 ergo
708 4624 878 4679 zelum
921 4625 1300 4695 ferventissimo
1352 4641 1530 4680 amore
1577 4632 1851 4679 exerceant

268 4715 547 4782 monachi,
594 4716 651 4770 id
691 4726 791 4783 est,
816 4725 873 4770 ut
920 4715 1115 4770 honore
1160 4732 1216 4770 se
1261 4715 1481 4770 invicem
1508 4713 1850 4786 prwveniant.

269 4805 415 4864 Hinc
435 4814 492 4863 et
513 4807 801 4879 Apostolus
825 4808 902 4862 ait
926 4824 940 4861 :
969 4805 1240 4863 Charitate
1263 4807 1616 4878 fraternitatis
1638 4807 1856 4861 invicem

271 4897 583 4971 diligentes,
617 4901 812 4954 honore
833 4891 1062 4954 invicem
1106 4898 1498 4969 prtevenientes,
1533 4897 1722 4968 spiritu
1754 4895 1859 4966 fer-

270 5003 470 5061 ventes,
490 4993 717 5049 Domino
749 4993 1024 5050 servientes
1060 4991 1239 5066 (Rom.
1273 4991 1395 5066 ιιι).
1429 4991 1582 5048 Tunc
1611 4991 1757 5046 enim
1802 4990 1859 5045 in

273 5086 473 5159 spiritu
515 5085 805 5150 ferremus,
839 5085 886 5142 si
921 5084 1119 5141 saeculo
1152 5083 1335 5156 frigidi
1379 5099 1589 5140 sumus.
1645 5083 1710 5138 Et
1731 5082 1859 5154 quia

276 5175 507 5253 frigidos
534 5179 796 5236 Dominus
827 5193 936 5234 non
976 5185 1154 5244 amat,
1195 5185 1252 5233 et
1292 5177 1349 5233 in
1386 5175 1580 5247 tepidis
1613 5182 1857 5240 nauseat,

274 5267 400 5325 vult
434 5284 537 5352 nos
564 5269 654 5341 qui
700 5269 800 5325 sub
837 5269 955 5342 lege
983 5268 1180 5339 spiritu
1214 5267 1471 5334 vivimus,
1499 5265 1634 5321 nihil
1673 5266 1862 5322 remis-

275 5387 431 5438 sum,
456 5371 590 5428 nihil
631 5372 686 5428 in
725 5372 880 5428 nobis
910 5370 1111 5426 habere
1153 5367 1414 5440 tepidum,
1455 5367 1549 5423 sed
1589 5382 1714 5422 cum
1749 5365 1859 5421 fer—

278 5477 416 5522 vore
463 5466 709 5538 spiritus,
757 5473 813 5522 et
854 5463 1031 5521 calore
1074 5463 1356 5519 cbaritatis
1403 5468 1458 5517 et
1505 5459 1630 5517 fidei
1668 5468 1864 5516 cuncta

281 5568 563 5630 peragere.
593 5558 748 5616 Unde
775 5569 830 5615 et
857 5567 980 5630 apte
1009 5555 1279 5626 sequitur:

358 5649 699 5722 lnﬁrmitates
724 5667 850 5706 suas
870 5650 975 5705 sive
998 5663 1294 5720 corporum,
1309 5647 1415 5702 sive
1443 5660 1646 5702 morum
1666 5643 1868 5716 patien-

287 5738 490 5796 tissime
529 5739 766 5797 tolerent.
804 5739 932 5796 Haac
967 5737 1058 5795 ille
1083 5737 1352 5794 veraciter
1380 5737 1585 5809 implet,
1614 5736 1706 5808 qui
1734 5737 1866 5793 cha-
1898 5768 1900 5770 -

279 5830 515 5923 .ritatcm
551 5833 606 5890 in
636 5848 697 5893 se
717 5831 982 5890 veraciter
1005 5830 1188 5897 habet,
1216 5831 1282 5889 de
1316 5845 1423 5904 qua
1461 5829 1722 5900 scriptum
1751 5839 1865 5890 est:

1933 1925 2232 1981 secundum
2274 1923 2521 1979 ordinem
2563 1923 2716 1990 facit,
2756 1932 2810 1980 et
2853 1926 3035 1980 omnia
3073 1926 3203 1980 vitia
3243 1924 3391 1982 foras
3431 1942 3527 1998 pe-

1932 2015 2083 2072 nitus
2129 2014 2388 2080 excludit,
2441 2024 2498 2071 et
2543 2016 2768 2071 alterius
2812 2015 3128 2073 felicitatem
3169 2019 3325 2089 quasi
3370 2035 3524 2076 suam

1934 2111 2174 2168 libenter
2202 2110 2566 2183 amplectitur.
2599 2110 2756 2166 Unde
2791 2121 2846 2166 et
2869 2111 2983 2182 ipse
3011 2112 3100 2167 hic
3130 2113 3409 2184 sequitur:

2006 2204 2177 2260 Deum
2223 2205 2482 2270 timeant,
2531 2203 2771 2258 abbatem
2814 2220 2968 2258 suum
3008 2207 3214 2260 sincera
3250 2216 3298 2261 et
3340 2207 3528 2262 humili

1935 2297 2192 2352 charitate
2232 2295 2480 2366 diligant.
2527 2295 2798 2366 Scriptum
2839 2304 2921 2351 est
2964 2297 3108 2350 enim
3157 2314 3170 2350 :
3218 2296 3323 2364 Qui
3356 2297 3526 2354 Deum

1936 2386 2103 2452 timet,
2145 2385 2276 2440 nihil
2310 2384 2522 2457 negligit
2556 2383 2784 2456 (Eccles.
2815 2384 2934 2456 vn).
2975 2385 3042 2440 Et
3070 2386 3161 2456 qui
3197 2401 3323 2442 vere
3355 2387 3527 2442 Deum

1935 2473 2113 2540 timet,
2167 2474 2287 2530 ideo
2328 2475 2578 2529 abbatem
2621 2489 2776 2529 suum
2815 2475 3027 2530 sincera
3067 2485 3122 2530 et
3170 2475 3358 2531 humili
3395 2477 3528 2532 cha-

1935 2564 2101 2620 ritate
2130 2565 2322 2637 diligit.
2367 2563 2590 2621 Sincera
2629 2574 2683 2620 et
2710 2563 2928 2621 humilis
2956 2566 3196 2623 charitas
3226 2577 3329 2637 est,
3361 2587 3526 2641 quam

1936 2674 2038 2716 nos
2062 2659 2326 2715 Dominus
2356 2659 2558 2714 habere
2586 2660 2832 2731 praecipit
2857 2659 3044 2716 dicens
3081 2677 3094 2714 :
3137 2659 3254 2716 Hoc
3290 2670 3364 2715 est
3393 2677 3532 2733 pra:-

1937 2760 2140 2822 ceptum
2176 2767 2371 2817 meum,
2417 2761 2471 2804 ut
2511 2751 2746 2822 diligatis
2785 2751 3022 2816 invicem,
3063 2753 3196 2808 sicut
3237 2751 3400 2807 dilexi
3442 2769 3531 2809 vos

1939 2845 2124 2919 (Joan.
2161 2847 2305 2918 xm).
2359 2846 2440 2902 Ad
2467 2847 2570 2902 hoc
2595 2847 2741 2902 enim
2771 2862 2872 2903 nos
2897 2847 3124 2919 diligere
3157 2848 3434 2912 debemus,
3469 2856 3533 2903 ut

1939 2940 2238 2998 habeamus
2265 2941 2572 3006 Dominum,
2625 2949 2680 2995 et
2719 2955 3035 2996 maneamus
3079 2940 3133 2995 in
3162 2941 3291 2998 Deo.
3323 2939 3392 2996 Et
3415 2940 3535 2997 haec

1938 3040 2023 3088 est
2045 3033 2285 3098 dilectio,
2325 3047 2430 3102 qua
2465 3032 2524 3087 ﬁt
2551 3030 2694 3087 Deus
2731 3032 2912 3087 omnia
2951 3031 3005 3086 in
3037 3029 3313 3098 omnibus,
3343 3039 3401 3086 et
3427 3041 3535 3102 qua

1938 3141 2040 3181 nos
2066 3126 2390 3180 alterutrum
2421 3125 2646 3197 diligere
2672 3125 2949 3181 debemus.

2011 3215 2220 3271 Christo
2262 3218 2472 3272 omnino
2515 3215 2648 3270 nihil
2694 3224 3026 3287 praeponant,
3067 3215 3158 3288 qui
3201 3233 3296 3271 nos
3337 3216 3540 3288 pariter

1939 3307 2010 3363 ad
2039 3308 2200 3362 vitam
2233 3307 2487 3379 perducat
2529 3317 2805 3362 aeternum.
2833 3306 3017 3361 Amen.
3059 3305 3170 3363 Cur
3208 3321 3340 3379 ergo
3370 3304 3535 3363 Chri-

1939 3407 2027 3457 sto
2053 3399 2187 3455 nihil
2216 3413 2530 3472 praeponere
2559 3397 2870 3465 debeamus,
2903 3414 3024 3469 quae
3051 3409 3353 3470 sequuntur
3377 3399 3535 3469 dicit,

1941 3493 2188 3550 attonitis
2233 3493 2454 3550 auribus
2495 3494 2801 3549 audiamus.
2845 3493 2938 3549 Ait
2983 3494 3127 3550 enim
3155 3513 3168 3550 :
3197 3494 3300 3564 Qui
3331 3511 3429 3553 vos
3465 3496 3536 3554 ad

1942 3585 2111 3641 vitam
2142 3594 2400 3641 aeternam
2425 3585 2705 3656 perducat.
2757 3584 2946 3642 Nullus
2981 3586 3127 3643 enim
3160 3603 3260 3644 nos
3289 3586 3427 3645 alius
3465 3589 3538 3646 ad

1943 3685 2206 3734 teternam
2240 3680 2537 3750 perducere
2565 3681 2753 3749 vitam,
2792 3682 2970 3739 nullus
3010 3683 3079 3738 ad
3117 3693 3400 3754 aeternum,
3432 3686 3542 3742 nisi

1945 3770 2062 3843 ipse
2110 3781 2340 3838 tantum,
2390 3774 2532 3830 valet
2582 3776 2881 3846 perducere
2929 3791 3176 3849 regnum.
3228 3777 3347 3850 Ipse
3389 3781 3537 3836 enim

1945 3863 2246 3918 secundum
2275 3865 2617 3922 Psalmistam
2672 3868 2751 3924 ait
2783 3886 2794 3922 :
2831 3867 2952 3939 Ipse
2995 3880 3069 3924 est
3110 3869 3368 3927 Dominus
3394 3871 3544 3928 Deus

1947 3964 2142 4022 noster,
2185 3972 2278 4011 nos
2323 3969 2500 4013 autem
2534 3960 2757 4030 populus
2798 3961 2913 4032 ejus
2945 3971 2994 4017 et
3026 3979 3142 4018 oves
3180 3981 3391 4034 pascua:
3424 3966 3544 4036 ejus

1939 4043 2126 4116 .(Psal.
2173 4047 2342 4119 xcrx).
2386 4047 2506 4118 Ipse
2550 4050 2692 4104 enim
2743 4066 2867 4106 cum
2908 4053 2980 4107 sit
3014 4052 3387 4122 omnipotens,
3429 4070 3542 4110 non

1950 4139 2092 4194 aliud
2142 4140 2292 4195 dedit
2334 4143 2607 4211 pretium,
2655 4144 2750 4200 sed
2798 4145 2958 4199 morti
3008 4145 3180 4200 solum
3230 4161 3329 4215 pro
3377 4147 3540 4203 nobis

1951 4232 2305 4302 semetipsum
2331 4234 2572 4289 tradidit.
2597 4235 2716 4306 Ipse
2746 4251 2846 4290 nos
2871 4234 3297 4292 misericorditer
3323 4237 3376 4292 in
3400 4238 3544 4294 ﬁlios

1953 4325 2252 4396 adoptavit,
2279 4335 2334 4382 et
2361 4334 2420 4382 ut
2446 4327 2815 4384 cohceredibus
2849 4328 3108 4384 caelorum
3141 4346 3305 4400 regna
3331 4333 3541 4401 promi-

1953 4417 2043 4472 sit.
2073 4417 2141 4473 Et
2171 4418 2292 4474 ideo
2321 4418 2398 4474 illi
2430 4427 2636 4490 utpote
2668 4419 2779 4475 Deo
2815 4427 3002 4476 nostro
3028 4420 3160 4475 nihil
3192 4436 3540 4493 przeponere,

1955 4526 2057 4566 nec
2081 4511 2339 4569 debemus
2367 4513 2421 4568 in
2449 4528 2630 4570 rerum
2674 4522 2865 4569 natura
2901 4529 3082 4570 rerum
3111 4515 3351 4572 omnium
3380 4514 3546 4572 Crea-

1956 4601 2063 4658 tori
2091 4601 2299 4674 aliquid
2324 4619 2627 4676 comquare.

2499 4719 2730 4777 CAPUT
2763 4720 2995 4777 LXXIII.

1958 4804 2038 4861 De
2077 4822 2137 4862 eo
2173 4809 2312 4880 quod
2347 4826 2452 4866 non
2490 4813 2657 4884 omnis
2699 4812 2987 4868 observatio
3014 4813 3240 4884 justitiw
3271 4814 3327 4869 in
3349 4813 3449 4869 hac
3477 4815 3546 4872 sit

2488 4879 2687 4953 Regula
2710 4885 3010 4940 constituta.

2035 4983 2294 5058 Regulam
2325 4997 2500 5043 autem
2529 4989 2665 5045 hanc
2701 4991 3091 5063 descripsimus,
3128 5000 3186 5047 ut
3216 5007 3333 5048 eam
3365 4992 3545 5049 obser-

1960 5088 2141 5136 vantes
2190 5081 2245 5135 in
2287 5082 2644 5150 monasteriis,
2709 5083 3040 5156 aliquatenus
3093 5083 3172 5140 vel
3221 5085 3548 5142 honestatem

1963 5186 2192 5240 morum,
2220 5181 2312 5226 aut
2341 5173 2550 5228 initium
2581 5178 2990 5232 conversationis
3015 5194 3108 5233 nos
3133 5176 3549 5234 demonstremus

1965 5262 2174 5318 habere.
2207 5264 2381 5321 Tanto
2414 5268 2556 5323 enim
2587 5266 2748 5338 hujus
2789 5270 2988 5341 regulae
3017 5269 3228 5326 facilius
3257 5271 3552 5329 observare

1968 5354 2226 5412 debemus
2267 5357 2536 5428 instituta,
2572 5373 2777 5432 quanto
2812 5363 2866 5417 in
2903 5377 2964 5417 ea
2994 5362 3421 5418 conversationis
3464 5361 3547 5421 le-

1970 5448 2178 5506 viorem
2213 5450 2390 5509 inesse
2429 5453 2753 5527 descriptam
2799 5455 3072 5512 cernimus
3119 5455 3368 5512 formam.
3411 5455 3550 5514 Nam

1973 5542 2065 5614 qui
2107 5542 2210 5599 ista
2246 5544 2468 5620 negligit
2506 5547 2796 5604 observare
2833 5547 3075 5614 minima,
3107 5563 3211 5603 non
3251 5556 3426 5619 potest
3463 5563 3554 5606 re-

1971 5642 2062 5690 cto
2098 5639 2314 5694 tramite
2352 5640 2718 5696 conscendere
2758 5639 2825 5694 ad
2856 5637 3076 5709 majora,
3106 5655 3226 5710 quae
3265 5639 3340 5696 illi
3375 5639 3554 5712 perfo-

1973 5737 2119 5785 ctam
2145 5729 2360 5786 valeant
2386 5745 2710 5802 componere
2733 5731 2922 5787 vitam.
2959 5729 3096 5788 Nam
3133 5732 3408 5802 sequitur:

2047 5826 2306 5888 Craterum
2341 5825 2411 5880 ad
2443 5823 2810 5898 perfectionem
2829 5825 2920 5899 qui
2951 5825 3136 5895 tendit,
3157 5835 3278 5882 sunt
3299 5824 3560 5894 doctrina
