3994 6466
224 399 327 458 937

1655 386 1767 444 VIA
1809 383 2036 442 REGIA.

3377 376 3481 434 938

223 510 568 586 cognoscitur
596 467 700 570 dici
728 514 1025 585 proximus,
1049 510 1331 578 omnisque
1353 521 1384 561 a
1411 504 1640 560 Domino
1667 518 1806 573 prte-
1833 506 1883 564 Α
1910 499 2195 555 dilectione
2216 496 2429 553 Domini
2453 496 2687 567 repletus
2706 498 2763 552 in
2783 495 3022 566 Epistula
3046 510 3145 586 sua
3169 496 3277 551 ait:
3298 494 3371 586 η
3389 495 3488 586 hoc

224 607 419 678 cipitur
453 606 770 677 diligendus.
813 607 978 662 Beata
1023 614 1162 683 ergo.
1190 603 1363 657 virtus
1400 596 1704 655 dilectionis
1752 605 1809 652 et

224 697 530 761 cbaritatis,
558 713 675 766 qua:
701 712 889 751 omnes
916 694 1272 767 amplectitur,
1308 707 1495 748 omnes
1529 690 1723 760 diligit,
1754 697 1809 744 et

223 788 379 860 quasi
400 789 560 842 unius
593 787 823 856 proximi
854 787 909 842 in
934 786 1131 842 mentis
1158 800 1357 840 arcana
1384 784 1623 838 omnium
1659 796 1810 836 amo-

225 893 343 934 rem
387 879 648 933 recondit.
680 870 819 933 Vere
858 877 1038 939 beata,
1087 893 1207 946 qua:
1239 876 1408 930 nutrit
1449 876 1703 937 virtutes,
1756 881 1809 926 ct

223 969 369 1032 delet
390 975 634 1040 peccata,
658 968 915 1038 opprimit
944 966 1080 1022 iram
1102 1006 1116 1033 ,
1147 962 1376 1021 recludit
1401 964 1557 1029 odia,
1588 963 1813 1035 expellit

226 1064 544 1129 avaritiam,
577 1060 889 1132 comprimit
934 1062 1127 1126 rixam,
1159 1059 1360 1130 eﬂ‘ugat
1400 1058 1603 1128 pariter
1630 1056 1810 1111 omnia

224 1154 376 1218 vitia,
408 1150 588 1206 omnia
618 1149 835 1214 tolerat,
863 1150 1044 1205 omnia
1071 1148 1261 1213 credit,
1294 1146 1475 1203 Omnia
1510 1153 1712 1217 Sperat,
1738 1146 1813 1200 in-

227 1250 315 1297 ter
337 1240 625 1311 opprobria
654 1255 845 1295 secura
872 1245 974 1304 est,
1001 1238 1142 1293 inter
1169 1239 1291 1294 odia
1325 1236 1601 1304 beneﬁca,
1638 1239 1690 1293 in
1720 1240 1813 1293 ve-'

231 1330 391 1384 ritate
419 1328 595 1393 ﬁrma,
622 1344 658 1383 a
681 1328 861 1398 pravis
891 1328 1354 1398 impugnatoribus
1383 1344 1490 1383 non
1527 1328 1810 1399 diripitur,

226 1438 262 1476 a
287 1422 586 1477 latronibus
614 1436 723 1475 non
751 1419 980 1486 iuratur,
1010 1432 1040 1474 a
1070 1419 1413 1490 praedonibus
1442 1436 1547 1475 non
1582 1422 1809 1490 rapitur,

226 1527 263 1566 a
289 1510 508 1565 ﬂumine
538 1525 643 1565 non
669 1510 983 1575 destruitur,
1008 1511 1077 1565 ab
1099 1511 1351 1590 incendio
1379 1527 1487 1567 non
1517 1520 1808 1576 crematur,

228 1602 299 1657 ab
330 1601 521 1656 haeresi
541 1615 649 1655 non
681 1599 976 1666 dividitur;
1017 1600 1293 1657 individua
1317 1610 1443 1669 stat,
1473 1604 1809 1674 inexpugna-

227 1690 353 1749 bilis
383 1699 583 1756 manet,
614 1689 1006 1760 inexplicabilis
1034 1693 1227 1758 durat,
1272 1693 1592 1749 inconcussa
1632 1708 1814 1763 perse-

227 1789 407 1849 verat,
437 1783 750 1851 ineorrupta
783 1782 1037 1849 laetatur;
1079 1783 1429 1854 ligamentum
1463 1792 1547 1840 est
1569 1785 1811 1839 omnium

1907 591 2100 645 scimus
2127 590 2374 661 quoniam
2400 590 2733 659 cognovimus
2757 604 2895 654 eum,
2919 586 2964 642 si
2987 585 3238 640 mandata
3259 585 3373 655 ejus
3399 584 3491 638 ob-

1908 695 2188 735 servemus.
2234 677 2339 745 Qui
2381 678 2509 732 dicit
2544 694 2598 733 se
2639 695 2788 737 nosse
2818 694 2969 753 eum,
3005 686 3056 732 et
3093 676 3346 731 mandata
3374 676 3515 746 ejus,

1909 787 2013 826 non
2050 771 2295 835 custodit,
2343 772 2569 825 mendax-
2595 781 2692 836 est,
2732 781 2781 825 et
2816 771 2872 825 in
2904 772 3002 824 hoc
3027 769 3215 824 veritas
3251 786 3352 823 non
3390 778 3490 824 est.

1912 861 2014 925 Qui
2043 872 2217 917 autem
2242 870 2415 916 servat
2442 860 2648 916 verbum
2680 860 2827 930 ejus,
2874 876 2985 914 vere
3020 861 3075 914 in
3120 860 3217 914 hoc
3259 860 3494 914 charitas

1909 950 2008 1006 Dei
2042 954 2271 1023 perfecta
2307 963 2381 1008 est
2423 952 2473 1025 (I
2501 953 2663 1007 Joan.
2712 970 2782 1017 ιι,
2821 951 2898 1025 5).
2942 952 3105 1007 Liber
3140 968 3353 1024 quoque
3391 951 3495 1009 Job

1910 1056 2006 1098 ore
2036 1043 2249 1098 Domini
2274 1050 2520 1099 sacratus
2545 1043 2613 1097 de
2653 1044 2757 1098 hoc
2785 1044 2900 1113 ipso
2930 1044 3082 1098 testis
3108 1051 3225 1111 est,
3259 1046 3494 1101 maxime

1911 1133 1978 1187 de
2006 1134 2224 1203 regibus
2254 1133 2470 1188 dicens:
2505 1132 2630 1186 Non
2659 1131 2830 1201 aufert
2855 1149 2888 1186 a
2905 1132 3053 1201 justo
3077 1132 3253 1188 oculos
3278 1150 3420 1197 suos,
3444 1144 3494 1188 et

1912 1240 2054 1295 reges
2092 1226 2147 1278 in
2184 1224 2315 1279 solio
2337 1223 2556 1279 collocat
2580 1224 2632 1287 in
2658 1232 2984 1294 perpetuum,
3013 1232 3059 1276 et
3086 1224 3165 1277 illi
3195 1226 3492 1295 eriguntur.

1910 1316 2181 1372 Revelabit
2219 1334 2423 1389 quoque
2452 1334 2633 1372 aurem
2670 1334 2880 1382 eorum,
2921 1325 2975 1370 ut
3018 1318 3307 1387 corripiat;
3338 1327 3387 1371 et
3417 1316 3498 1371 lo-

1911 1416 2100 1476 quetur
2136 1416 2193 1460 ut
2228 1408 2554 1462 revertantur
2595 1408 2660 1461 ab
2706 1407 3001 1478 iniquitate.
3050 1405 3110 1460 Si
3160 1408 3420 1462 audierint
3448 1416 3500 1461 et

1914 1502 2316 1568 observaverint,
2348 1500 2674 1572 complebunt
2702 1502 2815 1556 dies
2837 1516 2960 1556 suos
2989 1502 3042 1555 in
3073 1501 3228 1565 bono,
3257 1511 3305 1555 et
3332 1517 3498 1556 annos

1912 1606 2035 1646 suos
2061 1592 2115 1645 in
2136 1590 2306 1662 gloria
2329 1604 2349 1644 :
2385 1593 2431 1646 si
2458 1601 2632 1645 autem
2659 1608 2762 1645 non
2783 1591 3069 1656 audierint,
3093 1590 3387 1645 transibunt
3409 1607 3503 1660 per

1913 1680 2148 1750 gladium
2202 1695 2259 1735 ut
2297 1690 2675 1736 consumantur
2709 1682 2763 1735 in
2790 1680 3017 1735 stultitia
3047 1679 3169 1752 (Job
3200 1696 3365 1735 xxxvi
3388 1722 3403 1745 ,
3445 1681 3499 1742 7,

1915 1773 1985 1828 10
2009 1774 2194 1845 seqq.).
2226 1773 2304 1833 De
2339 1789 2400 1830 se
2423 1788 2638 1844 quoque
2670 1774 2781 1842 ipse
2810 1772 2913 1829 Job
2937 1774 3138 1827 bonum
3186 1781 3506 1843 rectumque

228 1873 514 1937 virtutum,
543 1871 725 1944 gluten
751 1880 835 1928 est
863 1874 1186 1939 animarum,
1211 1875 1498 1929 concordia
1521 1875 1811 1941 mentium;

1919 1867 2051 1921 dans
2083 1867 2470 1931 testimonium,
2508 1866 2621 1920 ait:
2677 1864 2905 1936 l’estigia
2940 1864 3040 1920 Dei
3069 1875 3277 1921 secutus
3312 1875 3386 1921 est
3410 1884 3502 1937 pes

228 1963 465 2019 societas
494 1962 790 2018 electorum
828 1974 883 2019 et
923 1964 1211 2020 exsultatio
1247 1965 1595 2037 angelorum:
1628 1983 1695 2022 ne
1721 1967 1815 2021 ad-

228 2052 581 2113 versitatibus
603 2055 900 2128 frangatur,
946 2056 1159 2112 fortiter
1196 2066 1429 2113 mentem
1457 2060 1708 2124 roborat;
1749 2072 1816 2113 ne

230 2147 315 2201 ira
366 2155 692 2217 superetur,
750 2146 1140 2201 rationabiliter
1190 2148 1452 2217 reprimit.
1501 2150 1639 2203 Vere
1672 2149 1816 2202 enim

229 2237 373 2304 haec,
402 2245 463 2292 ut
491 2235 668 2303 video,
697 2237 892 2307 regalis
925 2242 1008 2291 est
1036 2238 1232 2303 virtus,
1256 2253 1375 2308 qua:
1409 2239 1617 2293 eunetis
1644 2238 1699 2292 in
1724 2254 1818 2307 pa-

229 2328 365 2385 latio
405 2345 599 2400 panem
641 2326 843 2383 ltetitite
879 2329 1101 2400 frangit,
1126 2331 1335 2386 eunetis
1362 2331 1545 2384 viuum
1566 2329 1816 2399 jucundi-

226 2420 361 2474 tatis
384 2419 631 2489 porrigit,
656 2418 830 2473 dulcia
854 2420 1064 2474 cunctis
1084 2420 1266 2474 osenla
1287 2421 1495 2487 tribuit,
1516 2429 1570 2475 et
1588 2421 1813 2492 diligens

228 2527 425 2567 omnes
452 2510 592 2566 ulnis
618 2512 858 2567 extensis
891 2512 1250 2582 amplectitur.
1286 2513 1433 2567 Tene
1468 2529 1597 2585 ergo
1624 2514 1813 2581 istam,

227 2604 600 2666 oclarissime
630 2620 746 2670 rex,
777 2612 887 2658 tam
919 2604 1121 2659 claram
1164 2614 1220 2659 et
1253 2605 1465 2681 beatam
1506 2608 1816 2677 regiamque

227 2694 527 2760 virtutem;
568 2703 746 2751 tecum
778 2697 868 2760 sit,
910 2706 1085 2749 tecum
1120 2705 1366 2762 maneat,
1406 2705 1581 2752 tecum
1609 2707 1812 2770 surgat,

228 2795 413 2841 tecum
451 2794 674 2858 pergat,
711 2795 891 2842 tecum
931 2786 1143 2841 lmtetur
1182 2798 1235 2842 et
1274 2790 1625 2854 convivetur;
1663 2791 1817 2844 decet

228 2878 378 2933 enim
407 2879 460 2933 in
486 2880 733 2934 convivio
754 2880 896 2951 regis
924 2888 1030 2934 tam
1060 2881 1259 2951 regiam
1288 2876 1491 2951 jugiter
1509 2882 1684 2937 inesse
1710 2884 1816 2937 vir-

233 2979 292 3025 ιιι
302 2980 404 3025 tem
412 3010 427 3026 ο

868 3041 1095 3099 CAPUT
1134 3043 1197 3097 ll.

530 3133 607 3188 De
634 3134 968 3189 observandis
994 3135 1255 3189 mandatis
1286 3133 1517 3190 Domini.

1915 1973 2083 2022 meus,
2110 1959 2246 2012 viam
2269 1959 2385 2027 ejus
2424 1957 2701 2021 custodivi,
2731 1966 2779 2011 et
2820 1974 2924 2012 non
2963 1957 3221 2013 declinavi
3262 1974 3326 2012 ex
3354 1975 3439 2023 ea,
3470 1976 3506 2013 a

1917 2047 2180 2101 mandatis
2213 2048 2471 2101 labiorum
2500 2047 2617 2117 ejus
2645 2064 2748 2101 non
2793 2048 3013 2111 recessi,
3055 2058 3101 2101 et
3131 2048 3186 2101 in
3227 2049 3347 2103 sinu
3389 2064 3505 2102 meo

1917 2138 2165 2192 abscondi
2208 2138 2363 2192 verba
2403 2140 2510 2193 oris
2555 2139 2671 2208 ejus
2713 2136 2835 2209 (Job
2873 2152 3043 2203 mu,
3085 2138 3183 2203 11,
3234 2138 3343 2211 12).
3376 2138 3509 2194 Tale

1917 2243 2049 2298 ergo
2075 2228 2139 2283 de
2167 2236 2243 2292 te,
2271 2243 2305 2283 o
2327 2228 2468 2285 bone
2494 2243 2609 2293 rex,
2631 2229 2878 2284 volumus
2901 2244 3116 2299 semper
3140 2212 3328 2285 audire
3355 2231 3508 2286 testi-

1910 2320 2181 2385 monium,
2213 2320 2320 2375 tale
2348 2320 2532 2377 videre
2555 2320 2868 2391 frequenter
2890 2330 2946 2376 et
2972 2337 3128 2393 opus.

1993 2411 2111 2481 ipse
2161 2427 2387 2483 quoque
2429 2412 2690 2469 Dominus
2741 2415 2808 2469 de
2855 2413 3147 2470 dilectione
3194 2429 3291 2471 sua
3345 2425 3509 2487 atque

1920 2502 2298 2557 mandatorum
2333 2516 2550 2559 sacrum
2575 2504 2918 2559 observantia
2954 2505 3208 2575 populum
3251 2505 3507 2573 Israeliti-

1919 2607 2042 2647 cum
2066 2594 2386 2661 admonens,
2409 2595 2565 2651 dicit:
2593 2594 2661 2649 Et
2685 2612 2842 2662 nunc,
2873 2596 3067 2662 Israel,
3098 2597 3226 2652 audi
3249 2608 3508 2669 prwcepta

1917 2693 1965 2738 et
1986 2684 2218 2754 judicia,
2251 2694 2369 2757 qua:
2407 2704 2498 2759 ego
2530 2687 2688 2742 doceo
2730 2698 2812 2755 te,
2840 2700 2894 2743 ut
2922 2690 3121 2760 faciens
3146 2708 3230 2756 ea,
3272 2692 3412 2747 vivas
3453 2693 3507 2747 in

1916 2776 2268 2832 eierbserva
2293 2787 2341 2832 et
2367 2795 2488 2833 cave
2516 2797 2578 2834 ne
2592 2781 2800 2849 quando
2822 2780 3143 2836 obliviscaris
3172 2783 3388 2837 Domini
3412 2782 3509 2837 Dei

1918 2868 2015 2921 tui.
2050 2867 2117 2921 Et
2144 2886 2310 2933 nunc,
2343 2869 2544 2935 Israel,
2588 2870 2716 2942 quid
2757 2871 3013 2926 Dominus
3054 2872 3195 2927 Deus
3236 2883 3357 2928 tuus
3385 2876 3508 2943 petit

1918 2968 2063 3024 ate,
2106 2960 2207 3013 nisi
2242 2970 2296 3013 ut
2329 2962 2512 3014 timeas
2539 2960 2708 3015 Deum
2751 2971 2916 3024 tuum,
2961 2973 3007 3017 et
3051 2962 3283 3017 ambules
3324 2964 3377 3017 in
3414 2964 3507 3017 viis

1918 3050 2056 3118 ejus,
2079 3060 2128 3103 et
2157 3050 2348 3122 diligas
2391 3068 2543 3117 eum,
2577 3068 2641 3106 ac
2684 3054 2878 3108 servias
2909 3053 3132 3108 Domino
3160 3054 3269 3109 Deo
3299 3063 3390 3133 tuo
3410 3097 3424 3121 ,
3454 3056 3511 3110 in

1922 3150 2029 3193 toto
2057 3141 2210 3195 corde
2238 3152 2347 3207 tuo,
2371 3152 2419 3196 et
2441 3161 2493 3197 in
2515 3152 2623 3197 tota
2645 3145 2845 3212 anima,
2871 3146 3235 3217 custodiasque
3256 3148 3509 3201 mandata

308 3250 441 3318 Quia
469 3249 695 3305 Domino
724 3250 1018 3305 auxiliante
1044 3251 1185 3305 viam
1215 3250 1413 3320 regiam
1445 3240 1681 3307 scribere
1709 3266 1815 3306 ece-

1922 3228 2159 3295 Domini,-
2185 3240 2235 3283 et
2265 3233 2605 3286 cteremonias
2625 3233 2761 3302 ejus,
2787 3251 2917 3304 quas
2942 3235 3095 3289 hodie
3118 3237 3366 3307 prtrcipio
3389 3237 3507 3302 tibi,

233 3340 433 3413 pimus,
460 3354 679 3395 necesse
708 3349 792 3394 est
818 3349 878 3393 ut
909 3341 963 3395 in
986 3356 1047 3394 ea
1072 3341 1250 3410 Operis
1275 3355 1493 3411 gressus
1518 3338 1744 3393 ﬁrmiter
1766 3346 1821 3394 et

232 3431 539 3502 diligenter,
565 3440 618 3486 et
638 3432 882 3487 ordinate
909 3448 1191 3501 ponamus,
1233 3441 1291 3486 ut
1322 3447 1548 3487 currens
1572 3447 1670 3502 per
1699 3448 1819 3486 eam

232 3536 346 3577 non
371 3523 440 3577 ibi
471 3523 789 3577 damnosum
813 3522 1215 3588 olfeudieulum,
1243 3524 1336 3578 sed
1366 3521 1636 3577 lucrosum
1664 3532 1822 3577 mter-

230 3628 477 3682 numque
504 3613 743 3667 inveniat
766 3615 1037 3685 gaudium.
1057 3615 1345 3668 Videamus
1368 3616 1510 3683 quod
1532 3610 1686 3669 nobis
1707 3614 1822 3684 ipse

232 3702 541 3758 dilectionis
571 3711 758 3758 auctor
786 3714 906 3775 post
934 3694 1334 3760 exsecutionem
1358 3706 1659 3761 dilectionis
1687 3722 1819 3761 con-

232 3792 564 3846 servandum
594 3794 856 3847 concedat
880 3802 1244 3863 prteceptum;
1286 3795 1361 3848 ait
1395 3795 1573 3849 enim:
1606 3787 1662 3848 Si
1698 3796 1820 3849 dili-

230 3880 359 3952 gitis
378 3883 746 3944 me,mandata
772 3898 887 3936 mea
914 3894 1143 3938 servate:
1168 3893 1215 3937 et
1248 3901 1340 3955 ego
1370 3885 1561 3955 rogabo
1586 3883 1817 3951 Patrem,

232 3980 287 4024 et
326 3970 490 4025 alium
521 3969 855 4026 Paracletum
881 3974 1024 4027 dabit
1053 3974 1210 4038 vobis,
1241 3985 1292 4028 ut
1326 3984 1530 4028 maneat
1562 3976 1821 4030 vobiscum

233 4061 296 4116 in
319 4071 568 4116 trternum
601 4062 780 4134 (Joan.
807 4080 914 4129 xlv,
949 4065 1061 4133 20).
1092 4064 1321 4120 Attende
1345 4082 1495 4137 ergo,
1521 4082 1554 4121 ο
1581 4063 1819 4121 elemen-

233 4150 449 4208 tissime
475 4168 570 4207 rex
595 4169 658 4208 ac
685 4154 990 4220 mitissime,
1016 4164 1276 4226 quantum
1308 4172 1406 4211 nos
1429 4157 1615 4227 diligat
1640 4155 1823 4213 Domi-

235 4260 345 4299 nus
385 4254 572 4301 noster
599 4244 757 4301 Jesus
780 4247 1046 4313 Christus,
1091 4250 1180 4318 qui
1224 4264 1346 4305 cum
1395 4250 1752 4319 promissione
1788 4265 1819 4304 a

233 4333 396 4398 nobis
420 4351 572 4389 suam
597 4337 764 4406 exigit
790 4332 1128 4405 dilectionem
1148 4377 1163 4403 ,
1192 4349 1246 4393 et
1283 4339 1542 4410 Spiritum
1573 4350 1818 4396 sanctum

233 4423 371 4478 dicit
399 4424 678 4480 nobiscum
705 4442 824 4481 esse
866 4428 917 4481 in
957 4438 1216 4483 aeternum
1262 4445 1597 4496 mansurum,
1624 4433 1667 4486 si
1696 4442 1819 4502 post

232 4510 582 4568 dilectionem
627 4531 778 4570 suam
818 4518 1073 4572 mandata
1114 4518 1229 4587 ejus
1269 4522 1685 4577 servaverimus.
1731 4524 1815 4578 Ab

234 4603 358 4672 ipso
399 4605 541 4657 enim
587 4604 677 4675 (ut
717 4606 831 4675 jam
865 4609 1112 4678 superius
1149 4610 1411 4683 diximus)
1440 4613 1596 4668 nobis
1632 4616 1813 4670 omnia

234 4694 383 4749 bona
431 4696 756 4762 creduntur,
798 4707 853 4752 et
889 4699 1025 4753 velle
1065 4692 1263 4755 bonum
1290 4710 1344 4756 et
1372 4703 1586 4772 operari
1628 4705 1696 4758 ab
1726 4706 1815 4761 illo

232 4784 390 4854 prius
431 4788 585 4842 nobis
623 4787 867 4856 largitur.
896 4788 1180 4860 Diligimur
1212 4793 1355 4847 enim
1399 4803 1460 4849 ut
1497 4796 1811 4865 diligamus,

237 4890 490 4931 amamur
517 4887 576 4932 ιιι
604 4896 873 4948 amemus,
906 4886 1283 4953 eognoscimur
1308 4895 1369 4941 ιιι
1391 4903 1779 4958 cognoscamus
1800 4934 1814 4958 ,

236 4969 561 5039 adiuvamur
590 4980 647 5025 ut
674 4988 959 5043 operemur
987 4984 1042 5029 et
1062 4979 1335 5046 operando
1361 4980 1650 5037 virtutibus
1674 4982 1815 5039 dite~

237 5076 382 5115 mur.
428 5062 568 5132 Ergo
603 5066 649 5119 si
685 5073 738 5119 te
767 5066 982 5123 dilectio
1011 5069 1107 5122 Dei
1135 5072 1474 5141 proximique
1500 5069 1812 5144 demulcet,

236 5167 576 5222 consequens
597 5163 763 5210 estut
786 5154 952 5213 facias
974 5160 1116 5227 quod
1155 5159 1242 5215 ille
1277 5164 1531 5233 praecepit
1554 5205 1568 5229 ,
1607 5168 1732 5236 quia
1760 5168 1816 5224 in

240 5252 453 5301 tantum
484 5246 677 5316 diligis,
706 5249 760 5302 in
790 5258 1048 5317 quantum
1079 5249 1231 5305 facis.
1264 5251 1446 5323 Neque
1472 5255 1613 5311 enim
1639 5266 1817 5327 potest

239 5337 455 5391 sincere
478 5336 645 5392 Deum
668 5338 909 5410 diligere,
933 5340 1025 5409 qui
1045 5342 1294 5397 mandata
1322 5343 1439 5411 ejus
1458 5344 1688 5401 ﬁdeliter
1707 5364 1813 5403 non

239 5428 448 5498 implet.
474 5428 591 5500 lpse
626 5439 677 5485 te
712 5431 939 5486 Domino
965 5433 1189 5489 docente
1215 5434 1487 5507 intelligo;
1528 5439 1604 5493 ait
1632 5441 1773 5495 enim
1801 5460 1813 5495 :

242 5517 305 5574 Si
333 5521 447 5590 quis
476 5521 648 5591 diligit
671 5538 773 5588 me,
802 5538 1088 5577 sermonem
1111 5540 1278 5578 meum
1305 5528 1561 5593 servabit;
1583 5538 1630 5583 et
1658 5529 1820 5584 Pater

212 5656 225 5667 ,λ
243 5626 392 5664 meus
412 5600 604 5681 odiliget
637 5628 776 5677 eum,
800 5622 847 5666 et
885 5613 953 5666 ad
991 5631 1107 5667 eum
1144 5616 1424 5683 veniemus,
1461 5627 1509 5671 et
1535 5620 1674 5689 apud
1701 5637 1817 5674 eum

213 5733 218 5737 -
243 5703 571 5759 mansionem
598 5704 867 5774 faciemus.
901 5694 969 5757 Et
997 5707 1085 5776 qui
1101 5724 1212 5769 non
1234 5708 1402 5781 diligit
1434 5728 1531 5777 me,
1560 5729 1819 5767 sermones

245 5812 388 5850 meos
413 5813 513 5850 non
536 5794 703 5851 servat
730 5796 1041 5868 (Ibid.,2!t).
1059 5798 1294 5855 Joannes
1314 5816 1524 5871 quoque
1550 5806 1823 5874 apostolus

532 5889 806 5948 Ps'rnon.
845 5887 975 5950 Cll.

1838 4574 1892 4633 D

1920 3328 1975 3371 ut
2000 3320 2125 3374 bene
2144 3321 2210 3374 sit
2236 3322 2373 3375 tibi?
2410 3320 2467 3376 Si
2497 3337 2671 3377 autem
2697 3326 2931 3379 audieris
2964 3343 3135 3380 vocem
3168 3326 3382 3382 Domini
3411 3329 3510 3382 Dei

1919 3408 2017 3474 tui,
2051 3419 2106 3463 ut
2149 3411 2317 3479 facias
2362 3422 2519 3483 atque
2560 3416 2827 3470 custodias
2864 3420 3042 3472 omnia
3071 3422 3323 3475 mandata
3359 3423 3508 3492 ejus,

1918 3514 2037 3568 quae
2068 3514 2160 3569 ego
2191 3501 2285 3553 tibi
2307 3502 2553 3572 prtecipio
2586 3503 2762 3569 hodie,
2799 3506 2958 3576 faciet
2995 3517 3044 3561 te
3082 3508 3341 3565 Dominus
3366 3512 3510 3566 Deus

1921 3601 2041 3645 tuus
2084 3592 2418 3647 excelsiorem
2470 3598 2670 3650 cunctis
2715 3599 2949 3668 gentibus
2992 3618 3108 3671 quae
3152 3614 3426 3658 versantur
3453 3608 3510 3662 in

1920 3693 2096 3738 terra:
2127 3686 2428 3757 venientque
2446 3704 2604 3758 super
2624 3698 2674 3743 te
2696 3691 2949 3746 universa:
2970 3692 3349 3752 benedictiones
3370 3700 3505 3764 ista',

1922 3785 1971 3829 et
1995 3778 2378 3847 appreltendent
2406 3788 2482 3843 te,
2525 3781 2572 3834 si
2609 3792 2782 3836 tamen
2810 3793 3068 3855 pra’cepta
3104 3787 3221 3856 ejus
3250 3789 3505 3845 audieris.

1922 3867 2234 3922 Benedictus
2256 3879 2314 3922 tu
2337 3872 2392 3924 in
2420 3872 2643 3935 civitate,
2676 3883 2723 3926 et
2754 3874 3051 3930 benedictus
3080 3878 3134 3930 in
3162 3894 3309 3948 agro.
3337 3880 3509 3934 Bene-

1921 3958 2090 4015 dictus
2113 3962 2316 4033 fructus
2338 3967 2528 4019 ventris
2548 3968 2646 4031 tui,
2660 3979 2709 4021 et
2737 3968 2939 4038 fructus
2959 3980 3113 4026 terrae
3135 3982 3260 4040 tua’,
3278 3975 3511 4044 fructus-

1920 4067 2019 4121 que
2040 4052 2402 4121 iumentorum
2422 4063 2655 4121 tuorum,
2681 4074 2861 4129 greges
2881 4066 3241 4116 armentorum
3271 4073 3507 4130 tuorum,

1923 4150 1971 4195 et
1997 4141 2165 4196 caulis
2185 4145 2357 4199 ovium
2384 4154 2619 4201 tuarum.
2655 4148 2869 4203 Emitte:
2900 4151 3157 4207 Dominus
3195 4154 3511 4211 benedictio-

1922 4250 2040 4288 nem
2062 4250 2219 4306 super
2237 4235 2454 4291 cellaria
2476 4248 2589 4303 tua,
2612 4250 2659 4294 et
2681 4257 2837 4311 super
2857 4243 3034 4297 omnia
3069 4260 3227 4313 opera
3254 4262 3506 4303 manuum

1922 4333 2156 4378 tuarum.
2181 4325 2339 4380 Dabit
2364 4327 2619 4383 Dominus
2649 4331 2890 4385 inimicos
2925 4342 3042 4387 tuos
3065 4336 3156 4404 qui
3184 4347 3509 4408 consurgunt
3556 4394 3567 4401 ,

1921 4415 2197 4471 adversum
2224 4427 2292 4481 te,
2318 4430 2615 4476 rorruentes
2644 4423 2696 4476 in
2724 4436 2999 4496 conspectu
3026 4436 3117 4482 tuo
3139 4427 3314 4501 (Deut.
3342 4447 3416 4498 tv,
3440 4432 3461 4486 1
3487 4449 3506 4498 ;

1922 4524 2041 4576 vm,
2072 4510 2132 4564 11
2163 4525 2178 4576 ;
2219 4527 2275 4577 χ,
2313 4512 2417 4577 12ς
2459 4529 2648 4581 xxvm,
2684 4515 2708 4569 1
2738 4516 2924 4588 seqq.).

1987 4618 2203 4679 Addens
2241 4641 2453 4697 quoque
2492 4627 2751 4684 Dominus
2790 4632 2964 4687 adhuc
3008 4633 3074 4689 ad
3103 4634 3391 4705 lsraelem,
3420 4640 3506 4695 di-

1918 4715 1991 4769 cit
2026 4734 2039 4769 :
2070 4712 2128 4767 Si
2156 4710 2213 4769 i'n
2258 4719 2527 4788 prreceptis
2558 4720 2688 4772 meis
2729 4719 3136 4789 ambulaveritis,
3163 4738 3209 4779 et
3252 4728 3505 4782 mandata

1918 4805 2447 4874 mea_custodieritis,
2472 4817 2518 4861 et
2562 4808 2788 4878 feceritis
2830 4828 2909 4876 ea,
2944 4812 3079 4869 dabo
3121 4817 3263 4872 vobis
3299 4817 3503 4889 pluvias

1919 4894 2230 4967 temporibus
2255 4894 2385 4962 suis,
2415 4908 2463 4952 et
2505 4908 2642 4954 terra
2671 4902 2843 4973 gignet
2870 4920 3078 4973 germen
3116 4924 3297 4973 suum,
3324 4917 3371 4962 et
3407 4927 3504 4981 po-

1919 4987 2016 5042 mis
2043 4989 2254 5043 arbores
2276 4988 2623 5059 replebuntur.
2651 4990 3010 5064 Apprebendet
3042 4998 3283 5053 messium
3307 5001 3503 5055 tritura

1917 5074 2249 5142 vindemiam,
2292 5088 2341 5133 et
2389 5079 2646 5135 vindemia
2677 5084 2947 5155 occupabit
2983 5098 3257 5141 sementem
3287 5103 3305 5141 :
3334 5099 3381 5144 et
3414 5108 3502 5145 eo-

1918 5167 2133 5222 medelis
2154 5185 2339 5240 panem
2371 5178 2595 5225 vestrum
2621 5171 2673 5227 in
2702 5175 2998 5242 saturitate,
3025 5185 3071 5230 et
3098 5179 3287 5248 absque
3312 5196 3502 5250 pavore

1917 5263 2217 5317 habitabilis
2244 5264 2297 5317 in
2335 5272 2473 5317 terra
2503 5275 2689 5320 vestra.
2724 5265 2866 5320 Dabo
2891 5284 3071 5338 pacem
3104 5275 3157 5323 tn
3194 5270 3386 5339 ﬁnibus
3415 5289 3497 5328 ve.

1918 5356 2039 5432 stris
2079 5376 2091 5408 ε
2124 5354 2410 5421 dormietis,
2453 5366 2501 5410 et
2534 5374 2634 5411 non
2671 5358 2767 5411 erit
2799 5358 2890 5428 qui
2922 5368 3197 5414 exterreat.
3246 5360 3500 5432 Auferam

1916 5430 2093 5508 malas
2127 5444 2336 5510 bestias,
2373 5455 2421 5500 et
2454 5445 2661 5516 gladius
2701 5463 2801 5521 non
2849 5448 3089 5502 transibit
3130 5430 3377 5507 terminos
3410 5470 3499 5507 vc-

1879 5601 1885 5604 ,
1925 5545 2079 5590 stros.
2115 5523 2502 5613 Perseq'uemini
2537 5539 2774 5592 inimicos
2809 5545 3020 5606 vestros,
3052 5550 3100 5594 et
3134 5555 3377 5600 corruerit
3419 5563 3503 5599 co-

1929 5646 2039 5683 ram
2084 5629 2243 5697 vobis.
2295 5628 2678 5701 Persequentur
2713 5629 2936 5701 quinque
2968 5632 3032 5687 de
3072 5636 3251 5689 vestris
3294 5646 3499 5691 centum

1927 5702 2146 5783 alienos,
2168 5728 2239 5793 ,ειη
2266 5729 2468 5772 centum
2507 5718 2569 5771 de
2598 5717 2734 5771 vobis
2767 5718 2940 5772 decem
2964 5721 3150 5789 millia,
3179 5724 3362 5778 cadent
3394 5726 3497 5780 ini-

1930 5809 2048 5862 mici
2094 5810 2244 5864 vestri
2287 5806 2460 5878 gladio
2505 5806 2558 5860 in
2604 5819 2875 5880 conspectu
2922 5821 3108 5867 vestro.
3141 5812 3291 5880 Quod
3319 5815 3498 5872 sinon

2905 5904 2983 5964 30
