3994 6506
630 428 651 443 κ
674 388 779 445 959

1956 388 2088 444 SMA
2098 388 2304 445 RAGDI
2342 388 2635 444 ABBATIS
3681 411 3743 465 uo

672 499 946 555 audieritis
976 512 1077 562 me,
1114 514 1208 552 nec
1247 496 1470 567 feceritis
1513 498 1689 553 omnia
1736 498 1986 554 mandata
2015 515 2161 563 mea,
2197 498 2245 552 si
2271 502 2323 560 Α
2346 512 2465 569 gem
2496 515 2682 570 regum
2723 500 2954 569 clamet,
3000 511 3053 558 et
3086 504 3222 560 dicat
3254 524 3265 559 :
3302 506 3492 577 Adjutor
3520 523 3559 567 et
3584 528 3747 585 protector

670 591 963 665 spreveritis
989 589 1122 661 leges
1151 604 1314 653 meas,
1338 598 1388 643 et
1416 589 1625 659 judicia
1666 606 1781 645 mea
1815 590 2243 662 contempseritis,

671 696 730 740 ut
759 700 865 740 non
908 681 1116 751 faciatis
1145 697 1208 734 ea
1251 696 1369 749 qua:
1397 696 1431 735 a
1470 696 1552 735 me
1593 682 1874 736 constituta
1910 690 2058 746 sunt,
2089 691 2140 737 et
2175 681 2244 736 ad

670 772 885 827 irritum
916 765 1215 838 perducatis
1258 774 1470 835 pactum
1507 782 1712 830 meum,
1759 781 1852 836 ego
1891 782 2094 837 quoque
2134 766 2244 820 ha'c

669 861 867 932 faciam
893 857 1051 913 vobis.
1083 854 1317 910 Visitabo
1347 872 1440 910 uos
1461 855 1702 910 velociter
1725 856 1780 910 in
1810 865 2055 926 egestate,
2082 865 2131 911 et
2158 873 2246 911 ar-

670 952 797 1005 dore
828 950 920 1021 qui
946 945 1192 1016 conficiat
1220 944 1398 1001 oculos
1428 955 1647 1012 vestros,
1673 956 1722 1000 et
1748 955 2018 1002 consumat
2038 947 2244 1001 animus

650 1059 883 1103 ~vestras.
929 1044 1157 1100 Frustra
1194 1044 1374 1100 seretis
1415 1053 1710 1108 sementem,
1752 1032 1869 1114 qua:
1907 1042 1970 1097 ab
2010 1042 2243 1097 hostibus

666 1137 1019 1193 deoorabitur.
1052 1134 1258 1189 Ponam
1291 1135 1479 1205 faciem
1508 1150 1676 1187 meam
1704 1142 1885 1186 contra
1914 1148 2023 1197 vos,
2050 1141 2097 1185 et
2128 1148 2245 1185 cor-

665 1229 829 1283 ruetis
862 1242 1047 1281 coram
1079 1226 1311 1280 hostibus
1345 1225 1553 1290 vestris,
1584 1233 1631 1278 et
1658 1220 2005 1292 subjiciemini
2047 1222 2128 1277 Itis
2151 1221 2243 1292 qui

658 1316 885 1371 oderunt
907 1328 1027 1369 vos:
1054 1314 1263 1384 fugietis
1286 1314 1487 1368 nemine
1503 1318 1835 1384 persequente
1860 1308 2045 1380 (Leuit.
2069 1309 2238 1381 xxvn).

647 1402 770 1460 Per
798 1405 994 1460 Isaiam
1019 1418 1234 1474 quoque
1260 1402 1519 1459 Dominus
1545 1403 1612 1459 ad
1637 1401 1804 1458 lsrael
1831 1402 2050 1467 clamat,
2077 1410 2134 1457 et
2159 1402 2242 1458 di-

662 1497 777 1551 cit:
811 1494 1022 1550 Utinam
1056 1494 1361 1549 attendisset
1390 1494 1641 1549 mandata
1676 1493 1827 1547 mea!
1859 1490 2030 1546 Facta
2057 1492 2241 1563 fuisset

661 1586 795 1640 sicut
819 1587 1013 1657 ﬂumen
1034 1601 1141 1656 paa:
1164 1594 1275 1651 tua,
1303 1594 1350 1640 et
1371 1584 1581 1654 justitia
1608 1593 1699 1638 tua
1722 1582 1854 1639 sicut
1880 1582 2107 1654 gurgites
2132 1600 2243 1637 ma-

656 1680 773 1745 ris;
797 1688 847 1734 et
876 1679 1059 1750 fuisset
1085 1679 1236 1751 quasi
1259 1694 1421 1732 arena
1445 1693 1617 1732 semen
1641 1685 1810 1742 tuum,
1840 1683 1889 1730 et
1922 1676 2079 1745 stirps
2105 1676 2240 1730 uteri

650 1774 743 1826 tui
762 1782 822 1827 ut
847 1771 1013 1844 lapilli
1034 1771 1148 1842 ejus
1171 1786 1190 1825 :
1217 1787 1321 1825 non
1343 1769 1642 1834 interiisset,
1669 1776 1720 1824 et
1747 1783 1850 1822 non
1875 1767 2057 1838 fuisset
2085 1766 2241 1821 attri-

652 1872 774 1918 ‘tum
799 1878 983 1918 nomen
1004 1862 1119 1933 ejus
1144 1859 1278 1932 (Isa.
1302 1874 1492 1925 nvut,
1520 1859 1607 1923 l8,
1632 1856 1741 1928 19).

732 1954 939 2010 Bonum
963 1966 1095 2023 ergo
1136 1951 1235 2007 tibi
1264 1958 1381 2017 est,
1418 1954 1452 2005 ό
1482 1962 1598 2014 rex,
1639 1955 1700 2003 ut
1728 1948 1922 2019 diligas
1951 1946 2238 2003 Dominum

642 2043 830 2102 'Deum
859 2052 1031 2110 tuum,
1058 2050 1115 2097 et
1134 2042 1208 2098 ob
1242 2041 1581 2096 dilectionem
1609 2037 1726 2107 ejus
1754 2028 1975 2093 nimiam
2007 2037 2237 2094 sollicite

655 2145 716 2194 et
745 2135 1028 2208 diligenter
1065 2133 1337 2190 custodias
1376 2131 1493 2202 ejus
1529 2138 1818 2201 praecepta.
1864 2129 2063 2185 Sancta
2108 2137 2237 2186 sunt

634 2229 803 2286 enim
832 2227 1085 2283 mandata
1109 2224 1226 2296 ejus
1262 2232 1321 2281 et
1343 2223 1515 2294 justa,
1549 2230 1605 2280 et
1635 2220 2050 2278 observantibus
2080 2220 2234 2277 valde

656 2317 934 2375 salutaria.
967 2314 1258 2386 Propterea
1284 2315 1444 2371 Pater
1466 2318 1522 2370 et
1545 2312 1715 2369 Filius
1742 2321 1798 2368 et
1824 2311 2064 2383 Spiritus
2105 2328 2232 2368 san-

630 2417 778 2465 -ctus
796 2408 865 2464 ad
894 2417 947 2464 te
971 2402 1205 2470 venient,
1232 2413 1288 2461 et
1311 2404 1453 2476 apud
1475 2413 1527 2460 te
1554 2404 1609 2459 in
1634 2402 1857 2474 proprio
1883 2402 2061 2458 laetam
2086 2416 2232 2457 man-

654 2499 865 2555 sionem
890 2496 1113 2563 facient,
1139 2503 1197 2551 et
1228 2495 1424 2551 beatus
1453 2496 1565 2551 eris
1608 2494 1663 2549 in
1709 2501 1973 2565 perpetuo
2015 2492 2109 2548 tali
2136 2493 2232 2548 ho-

653 2587 1100 2658 spitesvisitatus.
1129 2585 1424 2657 Propterea
1467 2582 1880 2653 complebuntur
1916 2582 1970 2637 in
2014 2582 2232 2638 benedi-

653 2680 924 2736 ctionibus
971 2679 1088 2734 dies
1132 2679 1229 2743 tui,
1259 2686 1316 2734 et
1358 2677 1413 2733 in
1441 2676 1612 2749 gloria
1650 2675 1777 2732 anni
1807 2674 1904 2730 tui.
1937 2673 2229 2745 Propterea

650 2785 758 2840 pax
795 2778 885 2825 tua
919 2767 1149 2825 feliciter
1197 2768 1659 2838 multiplicabitur,
1703 2774 1760 2823 et
1788 2764 2044 2837 gaudium
2088 2766 2228 2821 sicut

651 2860 850 2918 flumen
879 2860 935 2916 in
960 2868 1221 2916 aeternum
1243 2858 1626 2928 complebitur.

1264 2967 1489 3024 CAPUT
1520 2969 1602 3023 111.

1274 3038 1352 3093 De
1386 3040 1591 3107 timore.

718 3127 862 3185 Ecce
901 3125 1011 3198 iam
1052 3127 1343 3184 auxiliante
1389 3129 1499 3183 Deo
1538 3130 1604 3185 ad
1648 3131 1867 3186 tertium
1916 3131 2016 3186 vite
2064 3129 2222 3203 regia

2346 605 2490 643 meus
2517 588 2792 657 Dominus,
2821 602 2869 645 et
2902 592 3070 661 factus
3104 604 3178 648 est
3215 595 3332 649 mihi
3367 597 3415 651 in
3437 600 3608 657 salutem
3626 606 3745 675 (Exod.

2348 692 2437 744 xv,
2459 677 2535 749 2).
2558 676 2776 736 Necnon
2795 689 2850 736 et
2877 697 2980 736 vox
3006 693 3092 737 tua
3117 699 3235 738 cum
3262 686 3389 757 regis
3408 688 3546 746 David
3569 708 3660 751 voce
3675 714 3748 755 ωη-

2339 769 2562 839 juncta,
2601 771 2881 843 jubiloque
2934 775 3299 832 exsultationis
3346 779 3517 850 repleta
3552 786 3748 847 vociferans

2345 859 2558 927 clamet,
2589 869 2644 916 et
2671 863 2854 918 dicat:
2893 863 3146 919 Dominus
3178 866 3329 921 virtus
3350 886 3467 935 mea,
3489 871 3747 939 ﬁrmamina

2344 966 2536 1016 meum,
2577 960 2627 1004 et
2660 952 2919 1024 refugium
2947 970 3146 1019 meum,
3176 965 3223 1010 et
3259 957 3477 1013 liberator
3507 968 3747 1024 munitm

2344 1057 2507 1106 meus,
2541 1043 2757 1113 adjutor
2796 1061 2963 1111 meus,
3006 1056 3055 1100 et
3094 1047 3300 1117 sperabo
3346 1051 3395 1104 in
3430 1039 3542 1107 eum.
3584 1053 3750 1113 Proteum

2343 1145 2510 1196 meus,
2536 1141 2583 1185 et
2625 1150 2787 1187 cornu
2824 1134 3010 1190 salutis
3036 1152 3182 1201 mete,
3203 1146 3248 1190 et
3274 1149 3505 1209 susceptor
3530 1159 3648 1198 meus.
3671 1145 3749 1199 fas-

2342 1217 2476 1273 dans
2516 1220 2763 1275 invocabo
2791 1221 3095 1291 Dominum,
3122 1233 3168 1278 et
3210 1226 3271 1280 ab
3309 1226 3504 1283 inimicis
3532 1232 3627 1286 meis
3651 1234 3749 1289 sulm

2342 1326 2431 1364 ero
2456 1303 2628 1380 (Psal.
2648 1326 2763 1378 xix,
2787 1315 2821 1368 '5
2840 1322 2896 1369 et
2917 1314 2995 1381 4).

2414 1401 2567 1457 Time
2591 1415 2722 1472 ergo
2744 1403 2932 1471 Deum,
2960 1421 3075 1472 rex,
3103 1415 3164 1462 ut
3186 1405 3357 1478 iugem
3392 1408 3475 1464 tibi
3497 1410 3642 1468 anima
3655 1414 3751 1469 virtu-

2343 1499 2451 1546 tem
2477 1494 2827 1565 corporisque
2866 1497 3158 1566 ministret,
3189 1498 3540 1557 ﬂrmamentum
3571 1506 3751 1562 mentiset

2342 1580 2665 1651 adiutorium
2691 1587 2953 1642 concedat
2973 1596 3254 1655 mternum,
3276 1606 3427 1646 cornu
3453 1594 3571 1664 regni
3592 1595 3645 1648 tui
3661 1594 3752 1652 faciat

2341 1669 2589 1737 sublime,
2618 1683 2675 1729 et
2710 1674 2992 1732 brachium
3022 1675 3344 1736 fortitudinis
3368 1682 3532 1737 robore
3560 1686 3751 1743 conﬁrmet

2341 1761 2398 1817 lu
2423 1763 2632 1819 timoris
2650 1767 2850 1821 etenim
2872 1766 3087 1824 laudem
3110 1768 3353 1826 Salomon
3372 1771 3463 1826 ait:
3483 1771 3618 1827 Timor
3629 1775 3752 1831 Domni

2267 1841 2315 1901 Β
2342 1865 2562 1925 apponet
2589 1852 2701 1912 dies
2728 1855 2913 1930 (Prov.
2936 1870 3001 1923 κ,
3042 1858 3157 1932 97).
3189 1860 3335 1917 Time
3355 1877 3467 1933 ergo
3488 1862 3628 1929 Deum,
3648 1880 3671 1920 ο
3688 1882 3749 1929 rex,

2336 1944 2432 2000 sed
2477 1945 2568 2000 illo
2612 1947 2826 2016 timore,
2871 1950 2963 2019 qui
3012 1961 3234 2008 sanctus
3259 1962 3507 2023 permanet
3529 1956 3571 2011 in
3597 1958 3750 2012 secum

2335 2033 2546 2100 saeculi;
2584 2035 2675 2091 illo
2704 2044 2855 2093 casto
2897 2039 3113 2105 timore,
3156 2042 3247 2111 qui
3275 2041 3366 2096 tibi
3398 2043 3457 2098 ad
3483 2043 3575 2099 dies
3595 2047 3750 2114 temporis

2335 2120 2493 2191 hujus
2520 2123 2739 2193 adjiciet
2763 2126 2879 2182 dies
2905 2134 3161 2195 aeternos,
3189 2131 3303 2187 dies
3335 2143 3589 2203 perpetuos,
3608 2128 3749 2188 dissim-

2333 2213 2611 2281 mortales,
2637 2215 2752 2271 dies
2776 2231 3041 2287 perennes
3077 2238 3091 2274 :
3138 2220 3246 2275 imo
3279 2221 3410 2278 diem
3433 2239 3567 2278 unum
3597 2224 3674 2279 sine
3701 2240 3750 2279 vt-

2334 2318 2489 2374 spera
2514 2313 2567 2360 et
2593 2306 2883 2375 inﬁnitum,
2911 2308 3053 2364 diem
3097 2311 3240 2367 felici
3266 2314 3445 2384 gaudio
3465 2314 3643 2384 plenum,
3664 2314 3749 2368 inde-

2332 2393 2545 2451 ficieute
2572 2397 2691 2454 luce
2726 2397 3009 2468 refertum,
3037 2403 3280 2475 angelico
3309 2406 3533 2461 comitatu
3562 2404 3748 2469 sufultun,

2331 2485 2472 2540 diem
2500 2500 2659 2555 quem
2702 2502 2809 2543 nox
2841 2504 2951 2545 non
2980 2492 3294 2564 interpolat,
3321 2496 3522 2551 tenebrte
3542 2512 3617 2551 non
3635 2495 3748 2549 obscu-

2330 2584 2472 2641 rant,
2505 2576 2748 2632 nubilum
2771 2594 2880 2634 non
2904 2579 3154 2650 oll'uscat,
3194 2584 3544 2655 importabilem
3564 2601 3637 2640 non
3655 2583 3747 2640 cilicii
3844 2576 3845 2609 ³

2329 2663 2481 2718 calor
2508 2666 2734 2735 aestatis,
2759 2668 2973 2739 pigrum
3000 2687 3113 2727 non
3143 2674 3315 2730 reddit
3345 2675 3493 2748 frigus
3511 2676 3749 2731 hiemiszdies

2329 2754 2419 2823 qui
2472 2753 2679 2812 tibimet
2707 2773 2848 2814 unus
2887 2760 2994 2815 erit
3023 2776 3151 2817 cum
3194 2765 3407 2831 sanctis,
3434 2765 3647 2822 cmmunis
3673 2778 3748 2817 cum

2327 2844 2553 2915 angelis,
2594 2856 2829 2904 aeternus
2871 2865 2994 2906 cum
3030 2853 3297 2925 utrisque,
3326 2856 3413 2926 qui
3452 2857 3529 2911 tibi
3547 2870 3625 2910 cum
3653 2853 3746 2907 felici

2328 2936 2522 3005 gaudio
2569 2940 2902 2996 consortium
2947 2944 3156 3000 tribuat
3204 2948 3522 3018 angelorum,
3553 2954 3590 3001 et
3617 2945 3747 3000 socium

2325 3025 2489 3084 faciat
2531 3031 2962 3099 patriarcharum
2986 3074 3002 3101 ,
3057 3036 3120 3091 in
3168 3054 3388 3095 numero
3437 3044 3638 3108 computet
3671 3051 3745 3105 pro-

2325 3118 2638 3189 phetarum,
2689 3122 2746 3179 in
2798 3125 3165 3187 exsultatione
3210 3131 3405 3188 socium
3445 3130 3572 3186 faciat
3609 3134 3741 3199 aposto-
3844 3142 3845 3149 η

647 3220 993 3292 pervenimus
1024 3219 1281 3290 gradum,
1331 3221 1386 3275 in
1431 3237 1539 3291 quo
1581 3222 1760 3292 aperis
1800 3222 1975 3278 nostri
2016 3231 2224 3280 rectum
2253 3192 2298 3254 ϐ
2330 3208 2522 3266 10mm-

646 3312 903 3368 debemus
964 3311 1130 3382 figere
1183 3327 1449 3383 gressum.
1500 3311 1608 3368 Sed
1657 3312 1784 3384 quia
1837 3327 1936 3383 per
1982 3321 2223 3368 nosmet-

644 3405 803 3475 ipsos’
834 3420 995 3475 agere
1029 3420 1135 3459 non
1170 3406 1430 3472 valemus,
1465 3406 1791 3477 Prophetam
1831 3406 2069 3477 ejusdem
2115 3408 2224 3463 Do-

644 3496 814 3562 mini,
871 3496 1024 3567 cujus
1081 3497 1225 3550 viam
1288 3498 1594 3569 gradimur,
1642 3499 1931 3571 diligenter
1990 3502 2225 3557 interro-

644 3598 855 3653 gemus.

720 3673 890 3729 Adest
932 3675 1089 3730 nobis
1133 3676 1421 3732 benevolus
1449 3679 1775 3749 humilisque
1820 3680 1988 3736 David
2016 3679 2221 3751 Spiritu

646 3771 837 3819 sancto
884 3765 1141 3835 repletus,
1170 3774 1226 3821 et
1251 3768 1341 3823 ubi
1370 3777 1492 3839 post
1516 3770 1914 3826 observantiam
1942 3773 2223 3828 mandato-

602 3894 605 3897 ς
647 3869 770 3911 rum
794 3856 910 3923 Dei,
955 3858 1342 3928 servitiumque
1384 3860 1599 3915 beatum
1624 3862 1814 3932 pedem
1843 3863 2023 3932 operis
2050 3864 2219 3919 nostri

598 3989 605 3995 .
646 3946 813 4018 ﬁgere
835 3948 1124 4004 debeamus
1148 3951 1405 4017 ostendit,
1431 3951 1619 4008 dicens
1644 3971 1657 4007 :
1687 3951 1886 4009 Servite
1918 3952 2139 4009 Domino
2165 3956 2218 4010 in

602 4092 605 4099 ,
643 4038 829 4091 timore
858 4053 877 4091 :
904 4046 955 4092 et
993 4038 1253 4094 exsultate
1285 4042 1333 4095 ei
1376 4057 1495 4096 cum
1533 4051 1755 4098 tremore
1795 4040 1967 4114 (Psal.
2004 4061 2076 4113 ll,
2106 4044 2215 4117 11).

641 4126 778 4182 Nam
816 4136 872 4183 et
898 4126 1185 4198 Apostolus
1214 4144 1366 4199 reque
1391 4146 1489 4185 nos
1524 4131 1796 4196 admonet,
1825 4132 2047 4189 dicens:
2081 4133 2217 4189 Cum

644 4218 829 4274 timore
864 4229 1083 4274 vestram
1129 4219 1351 4275 salutem
1409 4222 1697 4291 operamini
1748 4221 2212 4295 (Pltilip.n,12).

639 4306 780 4363 Ecce
806 4309 1076 4379 quomodo
1112 4311 1198 4365 via
1235 4313 1383 4382 regia
1418 4320 1594 4382 patet,
1639 4327 1765 4367 ecce
1804 4315 2072 4382 quomodo
2097 4331 2218 4385 per-

641 4397 826 4464 spicua
849 4407 950 4462 est,
983 4413 1109 4454 ecce
1137 4402 1406 4469 quomodo
1430 4401 1570 4456 ultro
1603 4417 1662 4458 se
1691 4404 2097 4460 occurrentibus
2135 4404 2216 4460 of-

641 4482 783 4539 fert:
815 4486 1030 4556 planam
1056 4502 1115 4542 se
1160 4489 1269 4543 iter
1294 4491 1577 4561 agentibus
1622 4493 1835 4557 sternit,
1876 4501 1933 4548 et
1978 4493 2209 4549 lucidam

640 4589 703 4629 se
755 4574 1089 4634 calcantibus
1136 4580 1357 4649 prabet.
1406 4579 1546 4647 Quid
1610 4581 1753 4637 enim
1796 4582 2036 4639 clarius?
2079 4586 2211 4655 quid

593 4652 601 4660 ’
640 4664 907 4721 lucidius?
954 4668 1148 4737 quidve
1204 4671 1589 4740 congruentius
1639 4686 1761 4726 esse
1799 4679 2004 4743 potest,
2048 4652 2210 4744 quam

637 4762 699 4810 ut
738 4756 830 4827 qui
876 4756 1050 4828 diligit
1088 4758 1403 4826 Dominum,
1438 4760 1687 4816 mandata
1722 4759 1838 4830 ejus
1872 4763 2124 4819 observet
2157 4772 2213 4820 et

637 4855 892 4914 operetur
920 4846 972 4901 in
1021 4846 1132 4901 eis?
1158 4858 1212 4902 et
1251 4849 1343 4919 qui
1383 4859 1653 4919 operatur,
1684 4866 1790 4905 non
1833 4851 2086 4919 inaniter,
2115 4862 2208 4909 aut

631 4933 920 5005 jactanter,
945 4936 1038 4992 sed
1069 4952 1189 4994 cum
1223 4938 1414 4993 timore
1455 4938 1551 4994 Dei
1577 4949 1850 5010 operetur,
1879 4953 1933 4996 et
1972 4958 2078 4998 non
2104 4944 2207 4998 sibi

636 5021 701 5076 de
745 5023 885 5078 bono
914 5040 1077 5096 opere
1103 5025 1290 5082 inanes
1315 5034 1369 5081 et
1398 5043 1594 5083 vacuas
1632 5028 1834 5083 tribuat
1876 5029 2080 5095 laudes,
2112 5034 2207 5089 sed

634 5111 864 5168 Domino
894 5104 1098 5186 jugiter
1120 5116 1310 5188 dignas
1344 5118 1544 5187 gratias
1585 5117 1801 5183 referat,
1845 5121 1938 5190 qui
1983 5137 2105 5178 eum
2154 5130 2209 5179 et

636 5198 812 5257 fructu
854 5203 978 5258 boni
1018 5206 1200 5275 operis
1255 5206 1506 5277 impleat,
1547 5217 1602 5263 et
1649 5208 1704 5262 in
1752 5213 2023 5280 operando
2075 5214 2205 5269 felix

632 5291 684 5345 ei
721 5291 1046 5363 adjutorium
1082 5298 1340 5367 praebeat.
1375 5297 1644 5368 Scriptum
1672 5307 1756 5354 est
1788 5301 1970 5356 enim:
2003 5302 2107 5369 Qui
2140 5306 2206 5360 ti-

632 5390 771 5434 ment
798 5381 1101 5452 Dominum,
1128 5397 1462 5456 speraverunt
1495 5389 1548 5443 in
1577 5388 1802 5445 Domino
1824 5405 1843 5443 :
1873 5393 2087 5464 ‘adjutor
2116 5412 2204 5450 eo-

634 5484 750 5524 rum
777 5482 825 5525 et
851 5484 1111 5541 protector
1133 5487 1407 5531 eorumst
1431 5475 1600 5549 (Psal.
1625 5496 1777 5547 cxut,
1805 5481 1914 5551 11).

700 5560 853 5617 Time
881 5579 1027 5635 ergo,
1053 5582 1087 5621 ο
1111 5568 1393 5623 mitissime
1436 5584 1549 5631 rex,
1578 5569 1767 5638 Deum,
1814 5581 1873 5627 ut
1911 5576 2200 5642 protectio-

630 5666 754 5709 nem
781 5654 873 5707 tibi
893 5655 1096 5725 jngiter
1119 5665 1173 5712 et
1198 5660 1520 5729 adjutorium
1549 5660 1675 5717 felix
1714 5663 1999 5728 ministret,
2028 5673 2082 5718 et
2107 5674 2197 5719 tua

635 5755 737 5797 vox
760 5756 885 5798 cum
908 5759 1039 5800 voce
1080 5745 1281 5814 Mariae,
1308 5748 1483 5820 'Moysi
1509 5760 1563 5807 et
1595 5750 1775 5806 Aaron
1817 5752 1966 5808 unita
1992 5753 2059 5807 ad
2090 5753 2197 5809 Be-

2356 3358 2367 3365 .
2396 3297 2514 3370 Ιρεθ
2551 3302 2748 3373 Quippe
2799 3303 3053 3362 Salomon
3084 3305 3155 3364 de
3185 3308 3339 3367 laude
3380 3310 3486 3366 boni
3519 3307 3666 3365 timoris
3682 3308 3744 3358 ait:

2328 3387 2508 3444 Timor
2526 3389 2740 3448 Domini
2763 3394 2879 3461 fons
2900 3396 3016 3452 citra
3045 3396 3237 3467 (Ibid.,
3262 3417 3368 3468 xw,
3392 3402 3487 3472 27).
3510 3402 3627 3471 Ergo,
3644 3398 3674 3453 si
3690 3399 3745 3455 vis,

2324 3496 2437 3547 rex,
2469 3481 2525 3537 in
2548 3493 2808 3539 aeternum
2838 3486 3066 3544 feliciter
3090 3492 3292 3557 vivere,
3319 3493 3536 3549 alacriter
3557 3492 3606 3545 ad
3627 3490 3744 3544 fontem

2322 3572 2487 3629 debes
2512 3588 2795 3632 recurrere
2831 3578 2975 3634 vitae.
3017 3578 3143 3651 lpse
3182 3584 3324 3638 enim
3349 3592 3426 3640 est
3465 3582 3561 3638 fons
3581 3582 3675 3643 vim.
3697 3579 3746 3647 ίῐυί

2313 3659 2440 3734 juge
2468 3664 2602 3719 dans
2642 3667 2908 3736 poculum,
2939 3678 3202 3728 aeternam
3239 3674 3434 3730 auferet
3461 3676 3592 3738 sitim,
3621 3681 3744 3727 etcum
3844 3708 3845 3749 ξ

2319 3754 2489 3824 gloria
2536 3756 2734 3813 tribuet
2763 3759 3189 3820 immortalitatis
3226 3781 3481 3821 coronam.
3518 3765 3605 3836 Ipse
3635 3763 3746 3816 iterum

2322 3846 2572 3903 Salomon
2608 3851 2723 3905 ait:
2765 3850 2943 3908 Timor
2976 3854 3198 3912 Domini
3223 3859 3313 3913 dat
3356 3860 3496 3913 vitam
3532 3856 3744 3927 (lbid.,m.

2318 3937 2430 4007 27).
2458 3939 2617 3996 Vides
2644 3932 2941 4013 ergo,'rex,
2977 3947 3109 4015 quia
3150 3948 3205 4003 in
3244 3950 3426 4005 timore
3461 3947 3624 4004 Domini
3651 3942 3747 4014 pleni-

2320 4031 2445 4086 tudo
2474 4031 2746 4088 invenitur
2772 4037 2929 4091 vitm:
2962 4038 3113 4094 vides
3144 4041 3270 4109 quia
3303 4042 3450 4096 timor
3477 4037 3634 4094 Domini
3657 4032 3745 4087 nobis

2318 4117 2675 4176 immortalem
2717 4130 2773 4178 et
2816 4133 3074 4181 aeternam
3110 4130 3378 4186 ministrat
3416 4131 3570 4185 vitam.
3599 4126 3748 4182 Prrsﬂﬁ

2315 4207 2514 4262 etenim
2539 4211 2647 4264 vita
2674 4210 2883 4267 dierum
2911 4215 3247 4284 plenitudine
3272 4234 3374 4274 non
3402 4218 3599 4279 fulcitur,
3626 4213 3686 4269 sed
3702 4209 3747 4262 ἴυ-

2317 4303 2458 4351 tura.
2481 4296 2539 4351 ln
2566 4299 2784 4355 dimidio
2804 4317 3036 4375 namque
3056 4306 3271 4363 dierum
3295 4318 3563 4365 nostrorum
3579 4304 3744 4361 tollimur:

2314 4391 2369 4439 et
2410 4386 2478 4440 ab
2526 4385 2650 4454 ista,
2680 4387 2806 4443 dum
2848 4390 3025 4448 adhuc
3058 4396 3241 4452 vivere
3277 4399 3562 4470 cogitamus,
3601 4393 3746 4463 rapimur
3844 4414 3845 4433 ι

2314 4473 2442 4529 vita.
2471 4474 2563 4531 Sic
2594 4477 2739 4532 enim
2783 4494 2879 4534 rex
2900 4479 3080 4549 justus
3105 4485 3364 4543 Ezechias
3391 4487 3492 4542 ait:
3518 4486 3605 4556 Ego
3630 4476 3745 4535 dini!
3844 4520 3845 4553 ξ

2313 4565 2531 4621 dimidio
2570 4568 2773 4623 dierum
2800 4587 3030 4626 meorum
3054 4588 3073 4626 :
3108 4574 3311 4632 Vadam
3346 4577 3411 4633 ad
3451 4585 3596 4647 portas
3630 4568 3744 4639 inferi.

2312 4666 2418 4713 etc.
2447 4656 2678 4714 Prtecisa
2705 4670 2779 4714 est
2811 4662 2947 4716 velut
2975 4682 3007 4718 a
3029 4674 3234 4722 texente
3270 4670 3370 4723 vita
3390 4684 3521 4733 mea;
3538 4665 3629 4719 dunt
3645 4659 3745 4714 edim
3844 4650 3845 4669 ¹

2312 4747 2533 4815 ordirer,
2565 4752 2785 4804 succidit
2813 4768 2894 4806 me
2915 4769 2934 4807 :
2964 4754 3029 4807 de
3057 4772 3213 4811 mane
3238 4775 3392 4830 usque
3425 4759 3486 4812 ad
3506 4765 3691 4826 vesperam
3711 4744 3746 4814 β·

2313 4840 2421 4894 nies
2454 4857 2534 4894 me
2579 4842 2732 4914 (Isai.
2757 4859 2988 4912 xxxviii,
3019 4846 3226 4921 10-12).
3250 4849 3381 4905 Nam
3416 4847 3600 4920 quodin
3631 4843 3745 4897 ιίωοπ

2312 4930 2406 4985 Dei
2445 4932 2720 5002 plenitudo
2760 4936 2830 4990 sit
2856 4938 3156 5008 sapientim,
3186 4950 3241 4996 et
3285 4941 3531 5011 plenitudo
3554 4937 3743 4992 fructuum.

2311 5035 2366 5081 et
2409 5020 2684 5098 plenitudo
2709 5033 3088 5101 generationis,
3122 5045 3179 5091 et
3210 5038 3482 5092 thesaurus
3514 5031 3745 5091 salutis.um

2309 5118 2578 5172 sententia
2603 5122 3003 5190 comprehendit
3027 5125 3141 5193 pari
3151 5133 3236 5180 ter
3277 5123 3630 5181 Ecclesiastin
3654 5114 3745 5169 libels

2306 5215 2362 5262 et
2404 5208 2575 5263 dicit:
2608 5207 2883 5264 Plenitudo
2929 5215 3200 5284 sapientia
3245 5226 3319 5271 est
3361 5217 3519 5269 timere
3555 5206 3746 5267 Dalii“

2304 5298 2572 5369 plenitudo
2597 5318 2631 5354 a
2665 5300 2918 5370 fructibus
2955 5301 3088 5373 ejus,
3119 5322 3323 5361 omnem
3359 5306 3545 5360 domum
3578 5290 3747 5354 illuni!-

2302 5387 2459 5458 plebit
2494 5406 2525 5443 a
2554 5391 2990 5460 generationibus,
3017 5403 3066 5447 et
3106 5396 3426 5466 receptacula
3451 5413 3480 5449 a
3502 5386 3691 5446 thesauris
3710 5377 3747 5432 il-
3844 5420 3845 5463 ζ

2299 5476 2420 5531 lius.
2448 5477 2653 5533 Corona
2687 5481 2954 5551 sapientia:
2992 5484 3147 5537 timor
3168 5484 3394 5549 Domini,
3435 5481 3601 5555 replent
3619 5482 3745 5548 Pw"
3844 5482 3845 5555 Τ

2300 5580 2349 5625 et
2394 5571 2581 5626 salutis
2628 5572 2857 5643 fructum
2874 5588 2920 5629 ,ξ
2963 5585 3010 5630 et
3048 5576 3208 5644 vidit,
3235 5587 3283 5633 et
3320 5572 3619 5631 dinumeraeit
3654 5574 3745 5619 Mt
3844 5574 3845 5635 Ῑ

2299 5671 2519 5733 utraque
2563 5674 2733 5718 autem
2775 5676 2896 5719 sunt
2928 5667 3065 5722 dona
3107 5667 3212 5724 Dei
3254 5667 3435 5740 (Eccli.
3462 5658 3645 5731 ῐι,ἳο)-
3674 5649 3745 5740 illi“

2298 5754 2491 5810 iterum
2522 5763 2574 5809 te
2610 5755 2798 5811 timere
2828 5756 3109 5814 Dominum
3153 5738 3456 5816 salutariter
3474 5738 3745 5810 admoneba'
