3994 6464
262 414 362 472 9H

1695 405 1808 461 VIA
1845 400 2078 461 REGIA.

3395 396 3503 452 9.53

261 541 430 583 cens:
459 523 620 582 Serva
659 523 801 581 illius
832 526 1085 591 timorem,
1112 534 1159 579 et
1198 525 1254 579 in
1282 522 1372 578 illo
1409 532 1680 577 veterasce.
1715 518 1828 574 Me-
1856 529 1905 589 Α
1930 518 2120 574 altera.
2163 516 2229 573 Et
2258 515 2379 572 ideo
2406 514 2650 587 proxime
2676 521 2800 568 sunt
2822 526 2851 567 a
2896 512 3052 567 nobis
3079 512 3355 583 ponendae,
3390 527 3499 568 non

261 629 460 675 tuentes
516 602 799 673 Dominum
845 618 1093 671 sustinete
1139 612 1549 670 misericordiam
1599 610 1744 681 ejus,
1783 618 1832 664 et

264 726 368 766 non
400 708 685 779 deﬂectatis
718 707 782 761 ab
810 704 902 761 illo
941 722 1005 761 ne
1027 705 1248 761 cadatis.
1276 703 1381 770 Qui
1418 699 1609 757 timetis
1652 699 1834 755 Domi-

262 817 409 864 num,
441 798 633 852 credite
668 796 779 863 illi,
810 806 858 852 et
898 813 1002 851 non
1043 795 1377 851 evacuabitur
1406 808 1599 847 merces
1642 800 1832 847 vestra.

262 889 367 955 Qui
395 889 584 943 timetis
609 887 910 953 Dominum,
934 896 1135 958 sperate
1158 886 1212 939 in
1244 884 1413 950 illum,
1445 893 1494 938 et
1531 884 1586 949 in
1611 881 1836 937 oblecta-

261 981 403 1035 tione
432 978 569 1033 vobis
597 977 760 1032 veniet
784 976 1161 1031 misericordia.
1187 974 1291 1041 Qui
1312 973 1502 1028 timetis
1529 972 1833 1036 Dominum,

262 1071 463 1141 diligite
489 1069 658 1134 illum,
685 1078 736 1123 et
770 1067 1210 1121 illuminabuntur
1244 1065 1405 1121 corda
1445 1073 1612 1120 vestra
1643 1060 1833 1135 (Eccli.

267 1176 328 1224 ιι,
358 1158 435 1230 6).
467 1158 584 1229 lpse
621 1159 817 1213 iterum
849 1156 1102 1211 Salomon
1129 1155 1244 1211 ait:
1280 1154 1460 1210 Timor
1485 1154 1585 1209 Dei
1613 1162 1689 1209 est
1731 1169 1837 1207 non

261 1249 524 1318 despicere
549 1263 826 1318 pauwrem
853 1246 1053 1316 justum
1071 1287 1086 1312 ,
1116 1255 1164 1300 et
1204 1244 1311 1300 noli
1340 1244 1676 1316 magniﬁcare
1720 1259 1838 1314 pec-

262 1348 492 1393 catorem
533 1337 760 1392 divitem.
802 1336 941 1404 Quia
984 1336 1219 1409 quamvis
1245 1352 1467 1406 magnus
1504 1336 1572 1388 sit
1590 1333 1762 1404 judea:
1788 1341 1836 1387 et

261 1437 441 1500 potem
467 1428 521 1483 in
546 1427 759 1492 honore,
793 1444 896 1481 non
924 1435 1000 1481 est
1028 1427 1201 1497 major
1227 1425 1319 1479 illo
1340 1427 1429 1496 qui
1466 1425 1610 1479 timet
1646 1423 1833 1477 Deum.

266 1517 440 1586 Quam
487 1533 706 1589 magnus
745 1517 834 1585 qui
874 1517 1065 1572 invenit
1099 1516 1410 1588 sapientiam
1448 1524 1498 1569 et
1536 1514 1832 1577 scientiam,

262 1610 355 1667 sed
381 1627 487 1665 non
510 1619 586 1681 est
606 1626 760 1680 super
783 1610 1047 1664 timentem
1070 1607 1258 1663 Deum.
1283 1607 1464 1663 Timor
1486 1606 1586 1662 Dei
1610 1622 1664 1660 se
1684 1620 1840 1675 super

265 1704 441 1758 omnia
467 1701 832 1773 superposuit:
858 1699 1052 1755 Beatus
1080 1701 1231 1754 homo
1252 1700 1338 1754 cui
1361 1699 1614 1753 donatum
1641 1706 1717 1752 est
1744 1697 1841 1750 Ita-

264 1792 382 1847 bere
414 1787 802 1844 timorem-Dei.
829 1786 1008 1842 Timor
1040 1787 1254 1841 Domini
1278 1786 1415 1841 sicut
1451 1784 1730 1856 paradisus
1756 1783 1839 1838 be-

1933 614 2198 678 separate.
2227 604 2598 676 Congruenter
2632 618 2763 674 ergo
2796 611 2920 673 post
2962 603 3210 659 timorem
3252 603 3507 673 ponimus

1934 699 2284 770 sapientiam;
2311 698 2438 766 quia
2460 710 2565 751 non
2590 696 2644 750 in
2672 695 2985 751 malevolam
3005 695 3261 760 animam,
3288 703 3348 749 ut
3372 696 3507 752 seri-
3533 733 3537 737 -

1932 796 2083 862 ptum
2102 796 2208 856 est,
2231 789 2325 845 sed
2350 789 2406 845 in
2427 788 2704 844 timentem
2730 789 2896 844 Deum
2920 788 3220 860 ingreditur
3240 788 3506 860 sapientia

1934 876 2089 951 (Sap.
2114 893 2163 943 ι,
2192 876 2271 949 4).

2004 966 2158 1023 Time
2203 981 2353 1039 ergo,
2405 964 2703 1022 clarissime
2747 981 2875 1033 rex,
2921 969 3126 1034 Deum,
3163 977 3223 1025 et
3266 969 3503 1027 animam

1935 1064 2084 1113 tuam
2115 1072 2362 1127 praepara
2389 1057 2459 1112 ad
2485 1055 2858 1127 excipiendum
2887 1059 3227 1127 sapientiam,
3268 1068 3333 1114 ut
3370 1060 3513 1117 sicut

1935 1163 2030 1204 rex
2065 1147 2272 1219 regiam
2314 1163 2440 1203 eum
2483 1149 2744 1219 sapientia
2776 1150 3048 1219 sapienter
3074 1150 3247 1221 possis
3284 1165 3513 1222 pergere

1934 1239 2080 1295 viam
2117 1253 2132 1293 :
2174 1238 2393 1311 regibus
2433 1238 2579 1295 enim
2613 1239 2749 1294 liber
2795 1237 3084 1309 Sapientia:
3113 1241 3352 1296 maxime
3394 1240 3514 1296 fre-

1935 1339 2271 1403 quenterque
2312 1330 2596 1387 clamitans
2623 1331 2698 1385 ait
2724 1345 2739 1385 :
2766 1331 2848 1385 Ad
2868 1347 2959 1385 vos
2986 1347 3108 1402 ergo
3138 1348 3280 1403 reges
3305 1342 3427 1388 sunt
3457 1333 3515 1387 hi

1934 1437 2196 1476 sermones
2225 1403 2359 1489 mei:
2382 1430 2439 1476 ut
2466 1422 2682 1477 discetis
2718 1421 3050 1493 sapientiam,
3083 1431 3132 1477 et
3161 1440 3266 1478 non
3301 1424 3517 1479 excida-

1935 1512 2004 1566 tis
2027 1524 2046 1563 :
2074 1512 2164 1583 qui
2203 1512 2341 1566 enim
2386 1512 2728 1567 custodierint
2756 1512 2936 1583 justa,
2968 1512 3107 1581 iuste
3132 1512 3512 1583 justiﬁcabun-

1936 1613 2042 1659 tur.
2080 1602 2240 1660 Clara
2263 1615 2356 1673 est,
2398 1614 2448 1661 et
2472 1622 2589 1677 qure
2615 1622 2881 1677 nunquam
2910 1607 3180 1661 marcescit
3221 1607 3478 1677 sapientia
3498 1649 3514 1672 ,

1936 1704 1987 1750 et
2012 1694 2169 1766 facile
2193 1695 2394 1750 videtur
2418 1694 2483 1749 ab
2517 1696 2598 1750 Itis
2625 1696 2714 1767 qui
2740 1695 2966 1766 diligunt
2986 1695 3156 1761 illam,
3181 1703 3229 1750 et
3256 1695 3521 1751 invenitur!

1938 1786 2004 1841 ab
2046 1786 2128 1842 his
2169 1787 2259 1857 qui
2301 1796 2543 1858 quterunt
2584 1786 2734 1841 illam
2781 1786 2930 1860 (Sap.
2959 1803 3039 1853 vr,
3062 1788 3151 1855 10,
3188 1788 3299 1860 15).
3348 1788 3519 1845 Audis

264 1879 591 1944 nedictionis,
616 1887 666 1933 et
687 1895 841 1950 super
863 1893 1065 1932 omnem
1102 1875 1323 1947 gloriam
1351 1884 1664 1947 operuerunt
1691 1872 1841 1929 illum
1868 1881 1916 1941 B
1940 1895 2091 1952 ergo,
2135 1878 2432 1936 clarissime
2476 1894 2592 1947 rex,
2640 1879 2768 1951 quia
2814 1880 3121 1951 specialiter
3170 1879 3405 1951 regibus,
3448 1895 3517 1937 ex

263 1969 455 2043 (Eccli.
482 1985 538 2036 Χ,
564 1967 663 2035 25ς
695 1984 824 2034 xxv,
848 1967 949 2033 25;
979 1984 1067 2033 ιι,
1089 1965 1203 2037 28).

333 2060 497 2117 Vides
539 2074 688 2131 ergo,
733 2073 848 2124 rex,
891 2059 1018 2128 quia
1045 2065 1101 2112 et
1134 2057 1239 2111 ista
1268 2055 1417 2128 regia
1452 2055 1625 2110 virtus
1651 2060 1753 2119 est,
1785 2053 1840 2108 in

262 2167 369 2223 qua
405 2151 600 2207 ﬁducia
644 2149 975 2205 fortitudinis
1018 2155 1131 2213 est,
1174 2148 1229 2202 in
1267 2162 1375 2217 qua
1412 2147 1536 2201 vitae
1567 2144 1842 2216 plenitudo

265 2242 559 2307 invenitur,
602 2240 658 2295 in
696 2254 803 2310 qua
847 2238 1119 2294 fructuum
1159 2235 1438 2309 plenitudo
1480 2236 1739 2302 nutritur,
1786 2234 1840 2289 in

263 2353 371 2408 qua
399 2335 761 2407 generationis
785 2334 983 2389 crescit
1005 2332 1278 2403 prosapia,
1308 2345 1407 2401 per
1435 2344 1594 2399 quam
1636 2328 1844 2383 fructus

258 2425 488 2498 pullulat
517 2423 705 2480 salutis
743 2431 799 2479 et
826 2422 994 2493 pacis,
1023 2436 1122 2492 per
1147 2435 1311 2492 quam
1341 2420 1630 2475 thesaurus
1658 2433 1845 2474 recon-

262 2517 411 2572 ditur
446 2516 719 2580 salutaris,
750 2530 849 2585 per
888 2528 1052 2585 quam
1094 2511 1536 2567 illuminabuntur
1577 2510 1738 2566 corda
1761 2507 1845 2578 ju-

264 2614 497 2671 storum,
538 2621 634 2676 per
660 2620 819 2676 quam
848 2602 1217 2674 multipliciter
1260 2608 1473 2657 crescet
1507 2615 1715 2656 merces
1754 2615 1845 2655 eo-

268 2711 410 2749 rum.
437 2694 576 2749 Vere
619 2709 808 2749 verum
836 2701 919 2748 est
943 2712 958 2747 :
991 2693 1186 2747 Beatus
1213 2691 1300 2747 cui
1345 2690 1527 2746 datum
1554 2698 1630 2745 est
1657 2689 1845 2744 habere

265 2787 505 2840 timorem
529 2785 627 2839 Dei
654 2783 848 2857 (Eccli.
872 2799 1001 2859 xxv,
1027 2782 1137 2853 15).

335 2875 525 2930 Adhuc
553 2875 675 2929 audi
695 2915 710 2940 ,
740 2884 796 2928 et
835 2874 1119 2946 diligenter
1145 2870 1383 2938 attende,
1416 2886 1532 2937 rex,
1566 2870 1695 2941 quid
1740 2869 1845 2924 Do-

267 2966 446 3023 minus
482 2980 582 3035 per
604 2964 922 3019 Malachiam
949 2964 1264 3035 prophetam
1295 2962 1609 3018 timentibus
1638 2974 1697 3016 se
1721 2974 1846 3030 pro-

268 3058 464 3111 mittat.
491 3053 723 3119 Orietur,
756 3054 948 3123 inquit,
980 3053 1119 3108 vobis
1145 3052 1443 3106 timentibus
1469 3067 1653 3107 nomen
1676 3067 1846 3105 meum

266 3144 349 3199 sol
372 3145 611 3213 iustitiae,
637 3154 684 3198 et
708 3145 908 3198 sanitas
931 3144 987 3197 in
1022 3142 1203 3213 pennis
1230 3142 1379 3212 ejus;
1413 3150 1459 3196 et
1487 3141 1842 3212 egrediemini,

1942 1970 2138 2039 quibus
2172 1969 2355 2024 divina
2398 1967 2659 2041 largiente
2686 1968 2884 2040 gratia,
2910 1986 3048 2025 unus
3078 1985 3138 2025 es
3171 1977 3249 2035 tu,
3275 1970 3391 2026 haec
3427 1986 3519 2026 su-

1942 2073 2110 2130 perna
2149 2060 2400 2134 dirigitur
2426 2077 2563 2129 vox;
2596 2070 2651 2117 et
2691 2071 2753 2118 ut
2798 2061 3070 2132 sapienter
3093 2070 3305 2135 agant,~
3327 2077 3523 2122 oracu—

1942 2149 2053 2205 lum
2093 2149 2335 2206 divinum
2375 2150 2686 2223 frequenter
2720 2153 2941 2225 regibus
2983 2153 3241 2209 clamitat.
3285 2153 3439 2210 Unde
3466 2164 3525 2211 et

1942 2254 2042 2294 nos
2065 2246 2300 2295 vestram
2337 2240 2691 2298 clarissimam
2732 2242 2967 2299 acclines
3009 2242 3312 2316 ﬂagitamus
3339 2245 3524 2302 excel-

1943 2332 2201 2401 lentiam,
2246 2344 2305 2391 ut
2331 2332 2552 2390 sedulus
2595 2334 2835 2390 divinam
2875 2334 3188 2407 claramque
3222 2335 3403 2394 discas
3430 2353 3523 2395 sa-

1938 2424 2222 2497 pientiam,
2250 2431 2306 2480 et
2332 2422 2617 2494 diligenter
2645 2432 2701 2482 et
2743 2425 2957 2488 assidue
2987 2427 3231 2498 requiras
3261 2428 3437 2495 illam,
3468 2436 3525 2484 et

1942 2532 2052 2572 non
2097 2519 2273 2589 tepide
2314 2525 2406 2573 aut
2450 2518 2637 2585 tarde,
2672 2517 2768 2574 sed
2816 2519 3083 2590 sagaciter
3127 2519 3523 2593 vigilantertu

1943 2608 2235 2681 investiges
2263 2608 2408 2663 illam
2428 2649 2444 2675 ,
2471 2617 2527 2663 et
2554 2624 2716 2681 super
2755 2623 2947 2664 aurum
2976 2618 3033 2664 et
3074 2618 3357 2682 argentum
3397 2626 3528 2668 con-

1943 2699 2191 2769 cupiscas
2219 2698 2389 2754 illam.
2429 2698 2520 2756 Sic
2547 2699 2693 2755 enim
2729 2698 3101 2772 scriptum‘est
3137 2702 3204 2757 de
3233 2701 3321 2758 illa
3347 2718 3361 2758 :
3389 2701 3528 2760 Con-

1943 2789 2257 2860 cupiscentia
2292 2790 2466 2862 itaque
2500 2791 2772 2861 sapientia:
2810 2791 3022 2845 deducit
3057 2792 3127 2846 ad
3156 2808 3314 2864 regna
3351 2810 3529 2866 perpe-

1944 2890 2057 2934 tua.
2085 2879 2148 2935 Si
2169 2896 2291 2949 ergo
2313 2880 2643 2935 delectamini
2667 2880 2876 2936 sedibus
2908 2891 2957 2936 et
2980 2884 3357 2952 stemmatibus,
3382 2902 3529 2957 reges

1942 2969 2142 3041 populi,
2174 2970 2376 3043 diligite
2414 2971 2748 3043 sapientiam,
2777 2982 2836 3027 ut
2874 2973 2930 3028 in
2962 2983 3265 3046 perpetuum
3304 2979 3529 3049 regnetis

1943 3078 2063 3117 cum
2089 3080 2170 3118 ea.
2194 3063 2411 3136 Diligite
2439 3063 2614 3119 lumen
2639 3065 2928 3136 sapientite,
2953 3082 3131 3123 omnes
3169 3068 3259 3140 qui
3294 3068 3530 3141 praemis

1943 3154 2148 3225 populis
2178 3154 2331 3226 (Sap.
2355 3171 2433 3222 γι,
2458 3154 2573 3227 21).

266 3245 317 3291 et
348 3235 546 3291 salictis
569 3235 703 3289 sicut
732 3233 879 3288 vituli
903 3233 967 3287 de
988 3241 1253 3297 armento;
1273 3242 1323 3287 et
1347 3229 1615 3286 calcabitis
1636 3231 1841 3301 impios,
1871 3228 1916 3291 C
2015 3240 2245 3298 oramus
2291 3257 2420 3315 ergo
2471 3253 2542 3307 ιε,
2584 3244 2922 3301 sanctissime
2974 3260 3087 3313 rex,
3130 3247 3415 3321 diligcmer
3438 3257 3526 3306 at.

267 3345 388 3383 cum
413 3327 609 3397 fuerint
634 3327 786 3391 cinis,
810 3326 906 3380 sub
940 3324 1120 3397 planta
1149 3324 1338 3395 pedum
1379 3332 1666 3378 vestrorum
1704 3321 1847 3396 (Ma-

267 3421 405 3475 lacn.
430 3435 504 3485 tv,
530 3418 610 3490 2).
647 3419 714 3473 Et
750 3417 848 3473 tibi
881 3433 1011 3489 ergo
1044 3416 1340 3472 timendum
1374 3422 1459 3470 est
1502 3428 1701 3469 nomen
1744 3414 1849 3467 Do-

267 3511 436 3577 mini,
479 3517 542 3566 ut
568 3510 649 3565 sol
680 3508 905 3579 iustitia:
936 3509 1149 3564 tibimet
1191 3509 1397 3564 oriatur
1440 3506 1711 3571 Christus,
1753 3503 1845 3575 qui

268 3605 465 3659 mentis
489 3612 595 3659 tute
623 3603 873 3658 tenebras
895 3601 1138 3673 repellat,
1167 3600 1530 3672 ignorantiam
1556 3598 1735 3653 cordis
1754 3612 1847 3650 au~

270 3697 428 3761 lerat,
457 3706 511 3753 et
538 3697 712 3752 lucem
756 3695 1119 3768 intelligentia:
1152 3694 1417 3759 infundat,
1449 3692 1728 3762 sapientiae
1763 3706 1849 3745 ra-

270 3791 389 3845 dios
415 3790 469 3844 in
498 3798 551 3845 te
576 3788 791 3861 dirigat,
826 3797 881 3844 et
907 3786 1248 3844 discretionis
1273 3786 1348 3840 tui
1375 3783 1689 3839 memoriam
1720 3798 1845 3853 por-

270 3878 440 3950 rigat,
484 3878 822 3933 inimicorum
861 3877 999 3933 colla
1040 3876 1239 3948 plantis
1270 3874 1377 3929 tuis
1420 3874 1680 3929 calcanda
1717 3872 1845 3927 sub-

271 3976 495 4033 sternat,
523 3975 578 4024 et
603 3967 839 4023 ﬁdelium
879 3982 1043 4040 regna
1086 3968 1155 4022 ab
1184 3965 1529 4022 inimicorum
1557 3963 1766 4019 insidiis
1796 3972 1847 4018 te

271 4059 601 4125 dominante,
628 4056 903 4113 defendat.

875 4187 1007 4245 CAP
1016 4189 1102 4247 UT
1145 4187 1234 4243 IV.

872 4301 949 4356 De
973 4302 1254 4372 sapientia.

345 4418 551 4474 Uberes
596 4416 707 4472 Deo
745 4416 947 4488 gratias
995 4427 1155 4486 agere
1202 4414 1480 4479 debemus,
1506 4413 1598 4484 qui
1640 4426 1737 4468 nos
1779 4413 1848 4467 ad

168 4558 181 4565 -
274 4509 462 4567 cmlica
494 4523 658 4580 regna
693 4522 790 4578 per
814 4506 1015 4577 regiam
1038 4506 1193 4575 jubet
1216 4519 1441 4576 pergere
1468 4505 1630 4568 viam,
1663 4512 1722 4558 ut
1750 4518 1848 4573 per

274 4606 420 4656 recta
450 4600 754 4670 gradientes
798 4596 1011 4658 itinera,
1038 4596 1107 4650 ad
1144 4595 1420 4651 caelestem
1459 4593 1689 4649 feliciter
1730 4609 1845 4649 me—
1870 4582 1924 4643 D

273 4704 494 4747 reamur
531 4688 835 4760 pertingere
870 4687 1119 4756 patriam.
1169 4686 1310 4756 Ergo
1355 4698 1462 4739 non
1512 4683 1845 4739 declinemus

274 4780 342 4836 ad
380 4780 654 4835 dexteram
689 4785 782 4831 aut
809 4777 1113 4843 sinistram;
1160 4775 1317 4830 ﬁrmo
1360 4775 1637 4845 solidoque
1673 4775 1846 4845 gradu

252 4890 371 4947 per
404 4873 605 4943 regiam
653 4871 809 4926 nobis
858 4871 1210 4927 incedendum
1252 4878 1337 4926 est
1371 4871 1545 4933 viam,
1588 4878 1644 4926 et
1693 4881 1848 4928 casto

274 4971 568 5032 sanctoque
595 4961 773 5016 timori
800 4959 1037 5017 ctelestis
1060 4969 1116 5016 et
1142 4968 1328 5016 sancta
1347 4957 1618 5032 iungenda
1647 4969 1731 5017 est
1759 4978 1847 5018 sa-

272 5054 499 5125 pientia,
542 5058 600 5106 ut
623 5060 854 5122 utraque
880 5052 1080 5107 virtute
1122 5053 1326 5108 sociata
1367 5053 1436 5108 ad
1482 5053 1846 5110 immortalem

276 5156 583 5197 mereamur
612 5141 919 5212 pertingere
946 5142 1132 5196 vitam.
1159 5140 1368 5197 Corona
1408 5142 1568 5208 enim,
1598 5143 1674 5198 ait
1702 5143 1850 5199 Scri-

271 5240 454 5302 ptura,
479 5232 745 5302 sapientia:
779 5234 937 5286 timor
963 5231 1174 5311 Domini
1201 5241 1276 5286 est
1303 5230 1491 5302 (Eccli.
1523 5249 1574 5296 t,
1600 5232 1713 5304 22).
1743 5232 1843 5287 Et:

275 5323 496 5378 Initium
528 5323 796 5396 sapientia:
830 5324 1009 5378 timere
1037 5323 1201 5378 Deum
1233 5323 1421 5394 (Ibid.,
1444 5324 1551 5396 16).
1580 5325 1685 5379 Et:
1727 5321 1848 5379 Ple-

276 5414 460 5469 nitudo
491 5416 759 5485 sapientiae
788 5425 835 5469 et
865 5416 1017 5469 radix
1054 5415 1343 5485 sapientiai,
1370 5424 1433 5470 ut
1454 5416 1586 5472 dicit
1609 5414 1851 5486 Scriptu-

277 5519 337 5559 ra
364 5503 550 5575 (Ibid.,
576 5505 689 5573 20),
733 5506 890 5559 timor
917 5505 1127 5560 Domini
1170 5516 1246 5561 est
1281 5506 1471 5579 (Ibid.,
1492 5506 1605 5580 25).
1635 5507 1693 5562 Si
1721 5523 1849 5579 ergo

277 5592 440 5647 timor
482 5594 693 5648 Domini
732 5593 952 5649 initium
994 5603 1078 5649 est
1116 5596 1423 5664 sapientiae,
1469 5604 1526 5651 et
1570 5597 1847 5667 plenitudo

276 5680 417 5750 ejus,
451 5691 506 5743 et
533 5697 731 5737 corona
780 5682 971 5753 ipsius,
1025 5683 1284 5754 radixque
1325 5684 1598 5753 ejusdem,
1646 5688 1846 5757 liquide

277 5779 522 5842 apparet,
548 5771 672 5841 quia
702 5786 809 5827 una
850 5772 916 5829 de
949 5772 1051 5828 alia
1081 5775 1297 5847 pendet,
1338 5783 1393 5831 et
1419 5776 1575 5830 alteri
1610 5778 1848 5834 succedit

1948 3333 2110 3389 tende
2132 3333 2262 3403 quid
2287 3334 2353 3388 de
2398 3348 2458 3389 se
2485 3332 2764 3403 Salomon,
2797 3336 2926 3406 quid
2965 3337 3031 3392 de
3068 3337 3224 3396 laude
3251 3341 3530 3411 sapientiae

1949 3422 2218 3492 loquatur.
2266 3423 2358 3477 Ait
2383 3423 2527 3478 enim
2564 3441 2577 3479 :
2617 3424 2744 3480 Sum
2803 3425 3008 3497 quidem
3057 3437 3106 3483 et
3150 3445 3244 3500 ego
3292 3432 3531 3488 mortalis

1949 3516 2125 3582 homo,
2154 3516 2341 3571 similis
2368 3517 2627 3583 omnibus,
2658 3526 2708 3572 et
2728 3534 2793 3573 ea:
2818 3535 3002 3590 genere
3031 3522 3222 3575 terreni
3245 3521 3410 3589 illius,
3440 3527 3530 3597 qui

1947 3606 2096 3677 prior
2134 3605 2305 3676 factus
2335 3616 2432 3672 est,
2479 3616 2527 3660 et
2571 3607 2625 3661 in
2657 3618 2831 3663 ventre
2876 3610 3060 3665 matris
3104 3611 3362 3682 figuratus
3408 3630 3526 3669 sum

1949 3709 2110 3759 caro;
2142 3693 2318 3750 decem
2370 3695 2626 3750 mensium
2668 3705 2897 3768 tempore
2948 3699 3254 3772 coagulatus
3304 3719 3420 3757 sum
3468 3704 3525 3759 in

1948 3786 2202 3854 sanguine
2238 3801 2302 3839 ea:
2330 3786 2523 3842 semine
2559 3786 2806 3853 hominis,
2849 3797 2898 3843 et
2945 3789 3316 3848 delectamento
3354 3797 3525 3849 somni

1949 3874 2298 3939 conveniente,
2346 3885 2396 3929 et
2447 3892 2539 3945 ego
2572 3885 2725 3930 natus
2766 3879 2941 3950 accepi
2969 3895 3289 3937 communem
3328 3899 3521 3949 aerem,

1945 3972 1994 4018 et
2020 3964 2076 4017 in
2103 3963 2343 4019 similiter
2379 3965 2573 4035 factam
2604 3965 2777 4022 decidi
2800 3978 3013 4035 terram,
3037 3980 3086 4025 et
3109 3973 3332 4042 primam
3358 3991 3527 4028 vocem

1946 4058 2169 4113 similem
2198 4058 2433 4113 omnibus
2477 4061 2626 4115 emisi
2665 4060 2898 4130 plorans.
2932 4061 2999 4116 In
3037 4062 3396 4119 involumentis
3425 4083 3527 4120 nu-

1947 4149 2105 4202 tritus
2140 4165 2276 4215 sum,
2301 4159 2349 4204 et
2392 4152 2533 4205 curis
2572 4152 2796 4222 magnis.
2832 4152 3001 4207 Nemo
3038 4154 3175 4208 enim
3213 4171 3279 4210 ea:
3323 4156 3530 4229 regibus

1946 4237 2095 4293 aliud
2119 4240 2297 4294 habuit
2339 4242 2625 4297 nativitatis
2666 4244 2888 4298 initium.
2938 4242 3085 4301 Unus
3123 4261 3246 4317 ergo
3284 4247 3527 4307 introitus

1946 4337 2021 4382 est
2041 4328 2279 4384 omnibus
2307 4329 2376 4384 ad
2400 4331 2585 4397 vitam,
2615 4342 2663 4386 et
2700 4333 2886 4388 similis
2928 4335 3118 4390 exitus.
3165 4336 3390 4410 Propter
3428 4342 3527 4397 hoc

1947 4421 2139 4490 optavi,
2168 4429 2216 4475 et
2249 4420 2405 4476 datus
2429 4432 2505 4476 est
2548 4423 2675 4478 mihi
2705 4441 2887 4479 sensus
2905 4439 2925 4477 :
2952 4434 2999 4480 et
3034 4426 3290 4496 invocavi,
3319 4441 3366 4485 et
3392 4434 3528 4487 vertit

1946 4509 2003 4564 in
2035 4528 2116 4566 me
2148 4513 2363 4583 spiritus
2386 4515 2655 4585 sapientia!
2681 4533 2700 4571 :
2734 4525 2783 4571 et
2805 4521 3068 4590 pra-posui
3093 4520 3239 4576 illam
3284 4525 3453 4594 regnis
3474 4535 3527 4579 et

1947 4604 2174 4671 sedibus,
2203 4614 2252 4660 et
2286 4605 2493 4661 divitias
2521 4606 2653 4661 nihil
2687 4608 2816 4663 duxi
2841 4610 2898 4663 in
2924 4614 3310 4682 comparatione
3343 4612 3526 4680 illius;

1946 4709 2041 4747 nec
2071 4695 2368 4765 comparavi
2394 4695 2475 4749 illi
2499 4695 2724 4766 lapidem
2749 4699 3051 4768 pretiosum,
3088 4702 3337 4771 quoniam
3375 4719 3527 4771 omne

1946 4801 2137 4839 aurum
2173 4787 2229 4840 in
2258 4788 2644 4857 comparatione
2685 4787 2830 4843 illius
2859 4804 3021 4845 arena
3063 4802 3139 4846 est
3169 4793 3378 4863 exigua,
3402 4802 3524 4848 tan-

1945 4890 2103 4945 quam
2132 4873 2297 4929 lutum
2323 4877 2666 4931 arstimabitur
2684 4889 2955 4950 argentum
2983 4881 3038 4936 in
3060 4892 3333 4953 conspectu
3357 4882 3521 4938 illius.

1956 4966 2219 5022 Venerunt
2248 4974 2421 5022 autem
2447 4967 2575 5022 mihi
2599 4970 2775 5024 omnia
2808 4970 2942 5026 bona
2972 4968 3169 5043 paritei'
3193 4989 3309 5027 cum
3336 4972 3449 5039 illa,
3476 4984 3527 5028 et

1944 5057 2342 5118 innumerabilis
2380 5057 2622 5114 honestas
2650 5075 2744 5131 per
2770 5077 2956 5118 manus
3009 5061 3172 5129 illius,
3222 5073 3272 5117 et
3314 5063 3523 5119 (tetatus

1945 5156 2062 5204 sum
2108 5151 2164 5203 in
2208 5149 2471 5215 omnibus,
2527 5153 2775 5222 quoniam
2823 5154 3154 5209 antecedebat
3190 5172 3271 5211 me
3298 5156 3398 5211 ista
3431 5175 3523 5213 sa-

1947 5240 2163 5309 pientia,
2208 5247 2313 5294 etc.
2346 5240 2475 5295 Htec
2503 5242 2638 5297 enim
2677 5245 2951 5316 pretiosior
2995 5244 3121 5310 sole,
3156 5254 3206 5300 et
3235 5262 3391 5316 super
3412 5266 3525 5303 om-

1948 5346 2066 5384 nem
2096 5329 2484 5401 dispositionem
2516 5332 2809 5398 stellarum,
2838 5334 2944 5388 luci
2971 5346 3295 5405 comparata,
3326 5338 3527 5393 inveni-

1950 5430 2039 5475 tur
2063 5422 2250 5493 prior;
2277 5422 2359 5477 illi
2381 5424 2518 5478 enim
2539 5424 2767 5479 succedit
2795 5440 2916 5489 nox,
2938 5426 3197 5496 sapientia
3218 5438 3389 5484 autem
3420 5447 3524 5485 non

1950 5509 2177 5565 vincitur
2204 5511 2431 5567 malitia.
2477 5513 2699 5583 Attingit
2724 5528 2844 5583 ergo
2872 5530 2905 5567 a
2938 5514 3041 5582 ﬁne
3078 5532 3241 5586 usque
3267 5518 3338 5571 ad
3369 5518 3525 5587 ﬁnem

1950 5599 2176 5669 fortiter,
2222 5611 2271 5656 et
2312 5602 2539 5674 disponit
2590 5601 2768 5657 omnia
2813 5602 3061 5657 suaviter.
3092 5602 3245 5659 Hanc
3264 5607 3439 5660 amavi
3478 5617 3526 5660 ct

1947 5692 2201 5762 exquisivi
2243 5709 2275 5747 a
2303 5693 2574 5763 juventute
2602 5707 2737 5756 mea,
2763 5701 2814 5745 et
2839 5692 3053 5762 quaesivi
3083 5710 3197 5748 eam
3225 5695 3352 5749 mihi
3372 5712 3526 5765 spon-

1947 5797 2059 5837 sam
2090 5799 2374 5851 assumere,
2420 5792 2469 5836 et
2516 5798 2700 5837 amans
2736 5783 2905 5853 factus
2943 5799 3057 5838 sum
3112 5784 3295 5854 format
3336 5782 3523 5853 illius,
