3994 6464
613 367 717 422 943

1897 329 2251 423 smmum
2285 360 2579 424 ABBATIS
2985 350 3027 362 “’
3660 382 3724 437 ut

610 482 1006 554 generositatem
1050 480 1193 534 illius
1238 478 1519 551 gloriﬁcat,
1563 479 1957 534 contubernium
1995 480 2190 535 habens
2219 485 2270 544 Α
2295 481 2451 536 timor
2476 482 2685 536 Domini
2714 482 2829 550 ipsa
2871 490 2946 535 est
2992 482 3262 552 sapientia,
3303 492 3347 536 et
3389 487 3724 549 reccdereamalo

609 575 740 641 Dei;
775 573 862 628 sed
883 583 931 627 et
963 573 1193 628 omniunt
1218 571 1472 625 Dominus
1498 571 1678 625 dilexit
1725 571 1892 625 illam.
1927 570 2191 626 Sobrieta-

611 678 713 723 tem
738 667 876 721 enim
905 675 953 719 et
974 664 1304 736 prudentiam
1349 663 1517 729 docet,
1564 674 1610 718 et
1645 664 1930 734 justitiam,
1960 673 2007 718 et
2031 665 2194 718 uirtu-

611 767 734 820 tem,
765 754 951 827 quibus
979 752 1160 807 utilius
1186 750 1317 806 nihil
1350 750 1441 806 est'
1460 753 1513 805 in
1537 752 1641 805 vita
1689 750 2007 805 hominibus.
2057 749 2192 806 Pro-

609 856 724 916 pter
777 844 910 897 Itanc
966 842 1162 896 habebo
1215 840 1664 895 immortalitatem
1692 881 1707 906 ,
1772 849 1821 894 et
1885 842 2192 894 memoriam

612 945 862 991 aeternam
896 935 977 988 his
1012 934 1102 1005 qui
1127 942 1242 1004 post
1268 949 1348 986 me
1376 932 1543 1002 futuri
1581 942 1701 986 sunt
1728 931 2019 1003 relinquam
2040 947 2058 984 :
2087 932 2194 985 dis-

609 1042 801 1098 ponant
830 1023 1070 1096 populos,
1100 1034 1145 1078 et
1174 1024 1408 1078 nationes
1453 1023 1580 1077 mihi
1624 1031 1773 1076 erunt
1821 1021 2060 1075 subditw.
2109 1019 2196 1074 Ti-

610 1117 819 1171 mebunt
849 1132 927 1169 me
953 1115 1222 1170 audientes
1254 1129 1396 1183 reges
1422 1112 1691 1176 horrendi,
1713 1120 1761 1165 et
1782 1115 1836 1164 in
1859 1109 2194 1165 multitudine

610 1206 820 1261 uidebor
856 1206 1040 1270 bonus,
1072 1215 1117 1259 et
1158 1205 1211 1258 in
1240 1201 1371 1257 bello
1396 1202 1543 1273 [ortis
1576 1199 1725 1273 (Sap.
1756 1217 1852 1269 vn,
1887 1201 2045 1265 1-29;
2070 1215 2191 1265 vm,

612 1298 841 1369 4-745).

680 1388 1064 1443 Animadverte
1099 1393 1154 1441 et
1180 1385 1436 1455 intellige,
1483 1399 1516 1439 ο
1557 1381 1893 1439 nobilissime
1926 1389 1981 1437 et
2006 1381 2195 1437 claris-

555 1524 562 1529 .
611 1481 749 1536 sime
785 1496 902 1544 rex,
934 1481 1059 1549 quia
1098 1478 1359 1548 sapientia
1390 1477 1563 1532 virtus
1596 1475 1744 1546 regia
1773 1482 1877 1538 est,
1901 1490 2021 1543 qua:
2049 1474 2197 1528 inve~

612 1570 932 1642 stigabiliter
980 1584 1012 1623 a
1052 1569 1196 1640 regis
1225 1582 1432 1639 regum
1455 1565 1737 1636 praedivite
1772 1562 2016 1633 procedit
2073 1562 2191 1617 the-

611 1675 795 1727 sauro,
826 1667 880 1715 et
904 1675 1010 1714 non
1038 1656 1428 1729 negligentibus
1457 1662 1550 1710 aut
1578 1652 1847 1723 superbis,
1879 1650 2076 1706 invidis
2102 1657 2196 1704 aut

612 1753 894 1809 malevolis
926 1752 1111 1816 datur;
1139 1750 1231 1805 sed
1266 1748 1507 1811 mitibus,
1539 1745 1833 1800 humilibus
1860 1752 1915 1800 et
1957 1743 2194 1798 timenti-

2292 571 2633 643 intelligentia
2669 571 2810 642 (Iob.
2840 573 3149 638 “vnn-12,
3180 574 3265 637 l5,
3294 582 3337 626 et
3362 574 3534 645 seqq.).'

2362 662 2594 720 Grandis
2615 664 2757 719 enim
2799 664 2906 729 hic,
2932 680 3021 718 rex
3050 665 3355 730 clarissime,
3392 676 3444 720 ut
3466 669 3597 735 vides,
3620 685 3659 726 et
3680 677 3727 730 in-

2292 754 2621 825 vestigabilis
2643 753 2784 807 lania
2807 755 2873 810 de
2899 755 3157 824 sapientia
3182 764 3359 820 sonat;
3385 758 3508 827 regia
3528 759 3616 815 sine
3628 763 3727 818 dubio

2292 844 2466 898 virtus
2486 852 2589 909 est,
2613 843 2699 897 cui
2728 857 2835 897 non
2864 850 3206 911 comparatur
3246 858 3421 897 aurum
3453 847 3663 913 mundum,
3679 855 3728 906 vel

2293 935 2577 1005 obryzum,
2623 948 2723 988 nec
2765 933 3137 1002 adtequabitur
3176 942 3435 1003 argentum
3459 936 3726 1006 clarissimum,

2295 1042 2395 1082 nec
2432 1026 2712 1081 confertur
2748 1026 2947 1079 vitrum
2990 1024 3335 1093 perlucidum.
3371 1025 3423 1078 ln
3448 1027 3572 1096 cujus
3595 1044 3729 1101 compa

2295 1120 2505 1175 ratione
2529 1118 2667 1188 lapis
2696 1116 2905 1171 vilescit
2927 1117 3309 1186 sardonyches,
3329 1132 3419 1186 pro
3444 1118 3582 1173 nihilo
3597 1121 3730 1177 ducitur

2295 1209 2604 1280 sapphirus,
2625 1206 3034 1277 parvipenditur
3057 1207 3312 1276 topazius.
3328 1205 3485 1261 Aurea
3498 1224 3582 1263 non
3603 1215 3728 1281 magni-

2296 1300 2396 1355 ﬁce
2428 1300 2676 1355 feruntur
2710 1296 2948 1361 vascula,
2977 1295 3333 1350 mundissimae
3359 1312 3450 1350 non
3476 1300 3729 1367 appendealur

2296 1392 2565 1454 tincturze,
2589 1405 2691 1445 nec
2728 1388 2932 1458 aliquid
2963 1386 3185 1457 pretiosi
3220 1392 3272 1440 et
3298 1384 3421 1439 varii
3440 1388 3729 1443 aestimabuntur

2295 1479 2479 1551 lapilli.
2510 1477 2662 1543 Vere,
2699 1485 2758 1532 ut
2782 1479 2950 1539 vides,
2996 1477 3144 1548 regia
3162 1477 3327 1531 virtus
3361 1484 3436 1530 est
3468 1477 3675 1546 sapientia,
3699 1491 3729 1534 et

2297 1587 2328 1626 a
2351 1570 2569 1641 regibus
2594 1568 2828 1623 maxime
2856 1568 3145 1638 diligenda.

2367 1660 2539 1729 Dilige
2568 1674 2697 1729 ergo
2726 1658 2891 1723 illam,
2917 1674 2951 1713 ο
2980 1656 3275 1713 clarissime
3301 1673 3406 1723 rex,
3436 1657 3730 1728 utdiligarisab

2299 1752 2390 1807 illa
2422 1769 2435 1805 :
2470 1751 2652 1806 taliter
2670 1749 2818 1804 enim
2850 1764 2953 1804 vox
2983 1747 3100 1817 ejus
3127 1748 3182 1803 in
3208 1748 3485 1802 Proverbiis
3508 1757 3644 1803 sonat:
3664 1749 3728 1819 Ego

609 1846 714 1899 bus
746 1843 917 1899 Deum
952 1841 1285 1895 conceditur.
1311 1836 1450 1893 Vere
1479 1836 1623 1891 enim
1654 1835 1770 1889 sine
1804 1834 1964 1889 dubio
1990 1833 2195 1902 sapien-
2222 1841 2269 1899 Β
2296 1842 2567 1914 diligentes
2597 1858 2697 1909 me,
2722 1841 2914 1910 inquit,
2950 1840 3112 1911 diligo
3144 1854 3162 1893 :
3190 1849 3237 1895 et
3272 1841 3353 1911 qui
3378 1856 3507 1894 mane
3528 1841 3728 1910 vigilanti

610 1935 687 1988 tia
710 1936 883 1988 virtus
918 1940 1003 1987 est
1031 1930 1200 2002 regia,
1231 1929 1298 1984 ad
1338 1942 1474 1998 quos
1519 1925 1842 1997 specialiter,
1886 1932 1948 1978 ut
1985 1924 2227 1979 discant.

611 2022 954 2093 sapientiam,
983 2034 1162 2076 sermo
1189 2017 1535 2089 propheticus
1562 2016 1823 2071 clamitat.
1852 2014 2016 2085 Regia
2045 2028 2195 2067 nam-

610 2129 713 2183 que
740 2114 913 2167 virtus
947 2119 1032 2167 est
1062 2109 1344 2180 sapientia,
1376 2108 1501 2179 quia
1537 2108 1675 2161 bene
1707 2112 1996 2176 Operantes
2038 2118 2194 2174 reges

604 2206 885 2277 justiﬁcat,
920 2213 977 2260 et
1016 2204 1195 2259 lumen
1222 2202 1461 2257 scientia:
1498 2200 1603 2255 illis
1631 2195 2064 2266 inexstinguibile
2107 2210 2194 2249 ra-

611 2299 744 2363 diat,
767 2296 955 2351 oculos
979 2293 1160 2349 cordis
1187 2291 1472 2356 illuminat,
1500 2305 1690 2345 sensus
1713 2286 1911 2342 mentis
1939 2286 2189 2349 illustrat,

610 2385 865 2442 subtilem
928 2379 1257 2440 intéllectum
1313 2381 1618 2444 ministrat,
1674 2377 1901 2433 salutem
1949 2375 2192 2445 corporis

607 2486 853 2551 praestat,
908 2479 1250 2532 honestatem
1292 2473 1544 2530 moribus
1593 2467 1875 2534 concedit,'
1910 2469 2192 2529 thesauros

608 2569 849 2627 inﬁnitos
884 2567 1222 2637 multiplicat,
1253 2566 1505 2621 virtutem
1538 2564 1688 2634 regni
1713 2563 1951 2627 roborat,
1977 2569 2032 2615 et
2066 2576 2192 2630 par—

611 2661 827 2732 ticipem
852 2658 948 2714 Dei
981 2657 1234 2713 amicitia:
1261 2654 1560 2717 constituit,
1592 2653 1785 2723 spiritu
1824 2651 2099 2722 sapientiae
2136 2660 2192 2706 et

609 2749 935 2813 intellectus,
965 2746 1174 2801 consilii
1204 2754 1258 2800 et
1289 2743 1639 2817 fortitudinis,
1671 2742 1912 2797 scientiae
1938 2750 1993 2795 et
2022 2741 2194 2808 pieta-

609 2841 697 2905 tis,
728 2847 783 2895 et
822 2837 1031 2897 timoris
1065 2835 1278 2890 Domini
1320 2834 1509 2905 replet.
1548 2831 1829 2888 Justitiam
1877 2831 2094 2901 regibus
2139 2837 2193 2883 et

607 2932 986 3004 prudentiam,
1039 2926 1408 2983 fortitudinem
1443 2935 1497 2981 et
1540 2922 1950 2994 temperantiam
2005 2921 2189 2988 donat,

607 3025 866 3078 virtutem
890 3028 946 3075 et
968 3018 1314 3074 sobrietatem
1360 3015 1650 3080 ministrat,
1697 3013 1918 3069 stabiles
1964 3011 2096 3068 facit
2136 3012 2192 3067 in

609 3129 807 3188 regno,
849 3119 1028 3167 certos
1068 3109 1123 3164 in
1166 3108 1357 3174 verbo,
1398 3106 1580 3161 dulces
1620 3106 1674 3159 in
1715 3103 1960 3174 eloquio,
1992 3102 2192 3158 hilares

607 3180 858 3279 iuidato,
903 3203 958 3257 in
1006 3198 1372 3256 misericordia
1400 3199 1684 3261 humanos,
1731 3196 1784 3250 in
1816 3195 2190 3264 respondendo
2218 3180 2261 3241 C

606 3311 832 3362 suaves,
887 3293 941 3349 in
1011 3290 1367 3346 diseernendo
1430 3302 1678 3358 sagaces,
1728 3286 1780 3341 in
1832 3284 2190 3355 prosperitate

608 3395 800 3458 mites,
852 3390 909 3445 in
955 3387 1285 3445 adversitate
1340 3399 1602 3449 securos,
1656 3389 1846 3437 acutos
1889 3381 1943 3434 in
1992 3394 2186 3444 sensu,

605 3485 664 3540 in
715 3484 860 3539 laeto
911 3479 1178 3552 placidos,
1231 3477 1489 3533 candidos
1529 3475 1591 3531 in
1633 3472 1783 3528 vultu
1825 3480 1883 3527 et
1926 3470 2095 3527 fortes
2136 3470 2190 3523 in

606 3575 766 3632 bello.
827 3572 1103 3644 Sapientia
1150 3570 1373 3640 regibus
1418 3568 1661 3624 concedit
1704 3565 1815 3621 sibi
1836 3564 2051 3620 subdita
2080 3563 2191 3618 dis-

607 3674 757 3722 crete
813 3664 1096 3733 disponere
1152 3675 1350 3730 regna,
1409 3666 1465 3712 et
1527 3657 1763 3713 suaviter
1812 3654 2035 3725 populos
2079 3651 2191 3722 jam

609 3755 714 3813 sibi
752 3754 881 3810 facit
924 3753 1129 3809 servire
1179 3766 1478 3822 possessos.
1522 3750 1751 3804 Exteras
1799 3748 1963 3802 etiam
2005 3753 2194 3817 gentes

608 3849 825 3906 fortiter
862 3846 991 3903 facit
1024 3844 1293 3901 debellare
1335 3843 1593 3909 minaces,
1622 3851 1677 3897 et
1718 3841 1965 3895 nationes
2000 3837 2193 3908 subjici

607 3944 780 4009 diras,
824 3950 881 3998 et
926 3956 1081 4013 reges
1131 3939 1331 3996 calcari
1353 3939 1583 4004 feroces,
1626 3945 1767 3994 etut
1804 3937 1878 3992 ita
1906 3937 2105 4002 dicam,
2138 3936 2193 3990 in

608 4034 871 4106 sapientia
904 4040 1118 4089 constat
1147 4031 1294 4103 regni
1323 4030 1606 4099 dispositio
1641 4038 1855 4086 cuncta.
1882 4028 2194 4084 Thesaurus

608 4130 809 4186 etenim
849 4142 1079 4197 magnus
1120 4133 1203 4180 est
1238 4124 1532 4195 sapientia,
1569 4137 1733 4191 quam
1774 4121 1866 4192 qui
1903 4120 2190 4185 invenerit,

608 4220 846 4275 inveniet
899 4218 1098 4276 vitam,
1150 4224 1205 4270 et
1248 4215 1339 4284 qui
1384 4214 1716 4285 possederit,
1772 4212 2194 4268 immortalitatis

609 4309 830 4364 habebit
875 4321 1150 4365 coronam.
1183 4305 1492 4361 Thesaurus
1539 4312 1625 4359 est
1668 4290 1813 4358 enim
1850 4302 2063 4357 Domini
2103 4317 2194 4356 oc-

609 4399 790 4456 cultus
833 4406 888 4454 et
929 4411 1036 4453 non
1078 4396 1328 4451 omnibus
1374 4392 1772 4449 manilestatus.
1821 4392 1912 4446 Sic
1944 4392 2089 4446 enim
2128 4393 2194 4446 de

608 4489 874 4559 sapientia
896 4489 980 4542 vir
1007 4485 1399 4542 famosissimas
1420 4483 1521 4538 Job
1544 4492 1792 4547 testatur,
1821 4483 2008 4537 dicens
2038 4499 2051 4535 :
2088 4482 2191 4536 Sa—

607 4577 809 4650 pientia
854 4593 972 4632 vero
1000 4577 1086 4630 ubi
1132 4574 1429 4629 invenitur?
1469 4573 1661 4643 etquis
1694 4581 1767 4626 est
1806 4569 1950 4625 locus
1998 4571 2191 4625 intelli-

609 4668 839 4740 gentiae?
880 4669 1039 4723 nescit
1076 4668 1229 4724 homo
1271 4667 1493 4736 pretium
1535 4665 1670 4737 ejus,
1718 4680 1808 4717 nec
1840 4664 2100 4718 invenitur
2136 4664 2190 4717 in

610 4772 752 4817 terra
780 4760 1008 4815 suaviter
1049 4760 1346 4814 uiuentium.
1398 4758 1626 4827 Abyssus
1656 4757 1781 4810 dicit
1814 4770 1832 4809 :
1872 4755 1996 4810 Non
2025 4766 2099 4811 est
2136 4757 2191 4812 in

611 4869 728 4917 me;
761 4860 808 4906 et
844 4867 988 4906 mare
1017 4850 1248 4921 loquitur
1275 4863 1292 4901 :
1326 4849 1450 4904 Non
1474 4858 1551 4904 est
1576 4864 1797 4903 mecum.
1831 4846 1954 4902 Non
1981 4848 2193 4902 dabitur

611 4961 805 4999 aurum
851 4944 1100 5013 obryzum
1141 4958 1235 5013 pro
1271 4958 1351 5006 ea,
1399 4958 1490 4996 nec
1545 4941 1866 5012 appendetur
1918 4951 2191 5011 argentum

610 5037 670 5091 in
702 5036 1105 5091 commutatione
1151 5034 1287 5103 ejus.
1320 5033 1446 5089 Non
1492 5034 1784 5105 a'quabitur
1811 5034 1860 5088 ei
1896 5050 2086 5088 aurum
2115 5032 2192 5088 vel

611 5129 824 5193 vitrum”,
846 5144 937 5183 nec
958 5127 1414 5183 contmutabuntur
1439 5142 1532 5197 pro
1563 5143 1623 5180 ea
1652 5142 1776 5185 vasa
1806 5125 1927 5180 auri
1950 5138 1967 5176 :
1989 5124 2192 5180 excelsa

614 5230 663 5275 et
698 5220 976 5281 eminentia
1008 5235 1113 5275 non
1153 5218 1579 5274 memorabuntur
1619 5219 2006 5289 comparatione
2032 5218 2146 5288 ejus
2174 5236 2192 5274 :

616 5311 844 5379 trahitur
866 5319 1041 5367 autem
1072 5310 1331 5381 sapientia
1367 5309 1431 5363 de
1464 5308 1697 5375 occultis,
1731 5317 1836 5364 etc.
1891 5307 2039 5365 Unde
2072 5327 2193 5381 ergo

615 5402 874 5471 sapientia
902 5403 1076 5457 venit?
1116 5412 1165 5456 et
1207 5403 1323 5472 quis
1351 5410 1428 5456 est
1456 5401 1601 5456 locus
1644 5402 2038 5473 intelligentiw?
2064 5404 2195 5458 Abs-

620 5492 831 5547 condita
855 5502 930 5546 est
957 5493 1022 5547 ab
1060 5494 1223 5547 oculis
1248 5493 1478 5548 omnium
1506 5493 1800 5559 viventium,
1830 5497 2059 5550 volucres
2084 5496 2197 5551 cceli

620 5602 823 5656 quoque
844 5585 997 5640 latet.
1028 5585 1260 5640 Perditio
1284 5596 1332 5640 et
1360 5602 1499 5641 mors
1528 5585 1771 5639 dixerunt
1806 5601 1825 5640 :
1862 5586 2089 5642 Auribus
2111 5603 2201 5641 no-

624 5678 749 5731 stris
777 5677 1070 5731 audivimus
1096 5678 1292 5745 famam
1313 5679 1448 5748 ejus.
1481 5678 1619 5732 Deus
1638 5677 1880 5747 intelligit
1900 5680 2035 5733 viam
2060 5681 2197 5750 ejus,

628 5776 677 5820 et
704 5767 809 5837 ipse
839 5769 975 5823 novit
1013 5767 1181 5822 locum
1210 5768 1375 5836 illius,
1401 5778 1506 5825 etc.
1543 5769 1607 5824 Et
1636 5770 1769 5825 dixit
1792 5770 1991 5824 homini
2018 5785 2034 5825 .'
2068 5771 2201 5824 Ecce

2293 1951 2397 2001 me,
2428 1934 2688 1988 invenient
2715 1951 2795 1987 me
2839 1931 3022 2006 (Prov.
3047 1949 3169 1997 vni,
3214 1934 3319 2005 l7).
3360 1933 3472 1988 Tale
3507 1942 3617 1987 tuum
3636 1933 3728 1988 bonis

2293 2024 2503 2079 actibus
2554 2024 2761 2094 regium
2793 2038 3038 2094 praepara
3082 2034 3284 2093 pectus,
3323 2031 3379 2077 ut
3404 2033 3483 2077 tuo
3510 2038 3662 2092 semper
3682 2024 3727 2075 in-

2293 2130 2412 2171 esse
2440 2114 2666 2171 consilio
2699 2114 3014 2169 delectetur.
3045 2113 3273 2169 [uternis
3298 2124 3347 2169 te
3374 2114 3532 2168 doceat
3549 2113 3727 2179 cogitatio

2292 2208 2451 2261 nibus
2510 2205 2774 2275 quidquid
2819 2220 3011 2275 gerere
3056 2205 3219 2260 debes
3259 2204 3498 2274 operibus.
3539 2203 3655 2256 Suum
3679 2211 3727 2255 est

2292 2298 2435 2353 enim
2483 2296 2790 2360 consilium,
2838 2304 2895 2349 et
2939 2296 3027 2350 cui
3074 2295 3189 2349 vult
3232 2296 3429 2349 intimat
3449 2294 3573 2358 illud;
3603 2301 3727 2347 suam

2291 2386 2597 2456 prudentia,
2635 2393 2691 2440 et
2733 2384 2820 2440 cui
2857 2385 2968 2440 vult
3016 2385 3245 2456 porrigit
3290 2385 3449 2450 illam;
3482 2400 3557 2439 sua
3589 2381 3725 2438 estfor-

2292 2476 2486 2542 titudo,
2518 2485 2575 2531 et
2613 2476 2699 2530 cui
2740 2476 2856 2531 vult
2879 2477 3073 2531 tribuit
3108 2478 3279 2542 illam;
3320 2492 3458 2532 suum
3480 2485 3544 2531 est
3571 2488 3725 2543 ι’θςιιυω,

2291 2578 2347 2624 et
2376 2570 2462 2624 cui
2493 2568 2609 2625 vult
2635 2577 2692 2624 et
2723 2577 2985 2638 quantum
3032 2570 3147 2624 vult
3188 2569 3499 2625 commendat
3533 2567 3635 2620 illud.
3659 2565 3723 2619 Sin

2291 2660 2492 2715 etenim
2517 2674 2619 2714 vox
2649 2675 2747 2730 per
2772 2660 3115 2716 Salomonem
3150 2663 3201 2715 in
3234 2660 3508 2716 Proverbiis
3524 2659 3644 2712 taliter
3658 2655 3724 2710 cla—

2291 2749 2447 2805 mitat
2471 2766 2484 2803 ;
2518 2749 2630 2819 Ego
2658 2751 2912 2821 sapientia
2927 2751 3107 2805 habito
3133 2751 3186 2805 in
3212 2750 3432 2815 consilio,
3455 2760 3494 2803 et
3509 2747 3648 2801 eruditis
3665 2746 3720 2798 in-

2292 2850 2484 2895 tersum
2505 2841 2929 2911 cogitationibus.
2959 2841 3140 2895 Meum
3165 2852 3237 2896 est
3259 2841 3503 2896 consilium
3518 2838 3720 2917 tl'tttpllat.

2291 2948 2406 2984 mea
2443 2939 2519 2985 est
2562 2931 2862 3002 prudentia,
2902 2948 3015 2987 mea
3065 2942 3141 2987 est
3188 2932 3440 3001 fortitudo.
3468 2929 3723 2994 Permengu

2292 3030 2531 3092 regnant,
2559 3030 2607 3075 et
2627 3021 2920 3076 conditores
2942 3021 3117 3092 legum
3148 3022 3290 3092 justa
3325 3022 3570 3075 decernunt.
3591 3015 3723 3068 Periti

2291 3112 2550 3182 principes
2598 3112 2876 3181 imperant,
2916 3120 2967 3164 et
3011 3121 3244 3182 potentes
3280 3111 3521 3165 decernunt
3540 3104 3721 3176 justitiam.

2298 3201 2407 3274 Ego
2427 3202 2698 3272 diligentes
2726 3221 2806 3257 me
2828 3204 3011 3276 diligo,
3054 3215 3105 3259 et
3136 3207 3223 3277 qui
3252 3220 3392 3258 mane
3413 3200 3579 3271 vigilant
3598 3195 3643 3250 ad
3665 3210 3723 3253 ut.

2292 3292 2547 3348 invenient
2581 3312 2680 3348 me.
2714 3295 2919 3349 Mecum
2944 3307 3066 3350 sunt
3087 3297 3280 3351 divitia:
3318 3306 3363 3350 et
3399 3293 3551 3365 gloria,
3580 3302 3725 3358 opem-

2288 3384 2461 3455 perba:
2490 3395 2537 3439 et
2559 3385 2792 3455 justitia.
2826 3386 3015 3441 Melior
3050 3397 3128 3443 est
3168 3390 3300 3443 enim
3338 3387 3508 3456 [ructus
3530 3390 3725 3436 mensam

2290 3485 2342 3530 et
2369 3475 2543 3548 lapide
2566 3480 2812 3548 pretioso,
2839 3490 2887 3534 et
2916 3481 3180 3551 genimina
3209 3497 3319 3535 mea
3349 3486 3528 3549 argento
3551 3472 3670 3527 electo.
3687 3465 3723 3518 ll

2292 3568 2387 3625 viis
2416 3568 2632 3635 iustitia:
2670 3570 2902 3637 ambulo,
2927 3574 2979 3626 in
3019 3573 3191 3627 ntedio
3230 3573 3498 3627 semitartmt
3526 3561 3670 3636 ,ᾔειόὶάὴ
3693 3566 3725 3607 ⁸⁸

2293 3655 2452 3710 ditem
2474 3658 2746 3728 diligentes
2769 3677 2869 3726 me,
2886 3671 2934 3714 et
2954 3662 3227 3716 thesauros
3245 3676 3409 3716 eorum
3430 3655 3602 3728 repleam
3616 3648 3723 3720 (Ρνονσ

2294 3761 2411 3813 vin,
2451 3747 2539 3813 12,
2566 3748 2675 3819 Ν).
2708 3749 2851 3821 Ergo
2886 3766 3001 3817 rex,
3022 3761 3082 3806 ut
3106 3760 3344 3807 terrenos
3366 3750 3593 3803 thesauros
3609 3739 3726 3794 tibin-

2292 3839 2721 3913 pleatChristus,
2753 3851 2809 3897 et
2834 3843 3095 3899 concedat
3134 3852 3375 3904 aeternos,
3416 3839 3556 3894 clama
3575 3825 3725 3886 taeduit

2292 3928 2496 3995 cordis,
2512 3933 2684 3987 clama
2699 3940 2809 3987 tota
2831 3933 3129 3988 intentione
3146 3933 3352 3997 mentis,
3365 3940 3529 3986 etcum
3546 3922 3725 3977 Saloan

2293 4042 2399 4083 non
2431 4039 2611 4081 cesses
2636 4022 2705 4077 ad
2734 4021 3017 4095 Dominum
3045 4021 3267 4077 inlidere
3287 4034 3480 4091 preces;
3503 4029 3576 4069 ora
3589 4007 3724 4078 illim"

2293 4133 2386 4173 ora
2444 4116 2787 4184 frequenter,
2847 4127 2944 4167 ora
3001 4113 3294 4179 instanter,
3346 4126 3429 4166 ora
3481 4100 3725 4191 indesinenter

2294 4211 2484 4273 Deum,
2525 4212 2579 4262 et
2605 4206 2725 4261 dic:
2762 4205 2899 4259 Deus
2937 4215 3147 4275 patrum
3186 4219 3402 4261 meorum
3432 4209 3471 4254 et
3497 4192 3727 4280 Domitiani-

2292 4297 2614 4360 sericordiat,
2648 4295 2738 4365 qui
2769 4294 2937 4365 fecisti
2975 4298 3152 4350 omnia
3189 4298 3332 4351 verbo
3368 4304 3462 4353 tuo,
3498 4296 3534 4340 ct
3565 4279 3726 4349 εαρὶεηιιε

2286 4400 2385 4445 tua
2410 4387 2725 4443 constituisti
2748 4386 3010 4441 hominem
3034 4398 3091 4441 ut
3111 4387 3449 4442 dominaretur
3464 4374 3725 4432 creatumqw

2293 4490 2397 4536 ate
2424 4482 2568 4551 facta
2594 4489 2692 4543 est,
2718 4490 2774 4532 ut
2803 4478 3046 4549 disponat
3068 4482 3238 4535 orbem
3262 4487 3489 4531 terrarum
3514 4469 3555 4521 in
3575 4456 3726 4551 aqth

2292 4587 2341 4627 et
2365 4548 2602 4643 justitia,
2628 4581 2675 4626 et
2720 4572 2775 4627 in
2811 4548 3094 4626 directione
3138 4571 3304 4625 cordis
3338 4563 3558 4637 judicium
3576 4548 3726 4643 judicia

2290 4664 2376 4718 Da
2414 4664 2541 4718 mihi
2571 4664 2769 4718 sedium
2812 4671 3026 4716 tuarum
3074 4662 3376 4717 assistricem
3413 4644 3670 4721 Sapientiam.
3698 4637 3725 4682 ὅ

2292 4758 2400 4813 noli
2428 4777 2506 4814 me
2538 4759 2814 4831 reprobare
2835 4778 2868 4813 a
2895 4761 3071 4831 pueris
3110 4759 3233 4823 tuis,
3275 4751 3492 4826 quoniam
3516 4738 3725 4826 unus“?

2291 4869 2384 4922 ego
2405 4869 2543 4918 sunt,
2577 4862 2626 4908 et
2652 4854 2795 4923 ﬁlius
2821 4853 3031 4909 ancilla:
3062 4863 3181 4914 tute,
3219 4853 3363 4905 homo
3389 4842 3583 4912 inﬁmus
3606 4837 3639 4923 el
3663 4836 3724 4876 α’·

2293 4948 2382 5017 gui
2404 4921 2667 5017 temporis,
2699 4957 2745 5000 et
2776 4948 2947 5001 minor
2966 4947 3034 5001 ad
3056 4944 3357 5001 intellectum
3381 4930 3540 5009 judicii
3560 4921 3722 5017 et

2299 5014 2450 5093 Mitte
2488 5014 2635 5093 illam
2665 5039 2729 5094 de
2762 5040 2900 5094 caelis
2930 5042 3124 5094 sanctis
3160 5038 3281 5099 tuis,
3305 5042 3349 5087 et
3370 5049 3398 5084 a
3422 5024 3521 5081 sede
3555 5014 3724 5102 πωσηξίί·

2298 5128 2437 5183 dinis
2466 5138 2570 5182 tute
2615 5139 2669 5183 ut
2707 5146 2907 5183 meeum
2940 5130 3007 5183 sit
3036 5145 3083 5182 et
3121 5140 3313 5181 mecum
3352 5118 3536 5173 laboret,
3559 5113 3599 5159 υτ

2298 5219 2424 5289 quid
2467 5229 2733 5291 acceptum
2776 5220 2842 5274 sit
2873 5218 3013 5289 apud
3040 5228 3108 5271 te.
3155 5215 3260 5270 Scit
3300 5210 3422 5265 enim
3451 5199 3527 5257 illa
3550 5182 3723 5291 οπξηξίξῗ

2300 5271 2561 5380 intelligit,
2588 5271 2653 5364 ret
2683 5271 2918 5364 deducet.
2942 5326 3025 5363 me
3069 5309 3124 5362 in
3166 5302 3386 5375 operibus
3424 5291 3527 5347 meis
3551 5271 3721 5380 soluunt"

2300 5402 2552 5455 custodiet
2578 5402 2633 5454 in
2655 5417 2753 5454 sua
2774 5400 3024 5471 potentia,
3054 5409 3100 5453 et
3129 5405 3275 5451 erunt
3308 5393 3488 5455 accep“
3506 5383 3623 5471 “Em

2301 5504 2351 5547 et
2375 5494 2646 5564 disponam
2681 5459 2931 5563 populum
2976 5501 3121 5544 tuum
3158 5489 3309 5559 juste,
3347 5488 3388 5533 et
3411 5488 3484 5530 ero
3518 5465 3652 5532 ιιὶςηιη
3677 5459 3721 5497 ’δ’

2303 5585 2446 5638 dium
2472 5578 2636 5655 pairis
2666 5585 2767 5637 mei
2796 5583 2948 5654 (Sap.
2987 5600 3063 5647 ix,
3097 5583 3165 5654 Ι).
3644 5638 3682 5655 ﬂ

2379 5684 2537 5747 Vere,
2589 5701 2703 5748 rex,
2744 5684 2901 5738 beata
2935 5691 3019 5738 est
3042 5683 3207 5736 virtus
3246 5667 3509 5755 sapientiae;
3532 5651 3721 5755 elflmﬂ':

2309 5775 2454 5829 venit
2493 5789 2634 5841 eam,
2677 5775 2864 5829 beatus
2908 5773 3132 5828 cliieitur
3165 5771 3229 5826 ab
3271 5766 3369 5821 illa.
3407 5743 3617 5824 Sapientia
3649 5731 3721 5784 θῑιιε
