3994 6486
263 396 362 456 945

1697 390 1809 446 VIA
1849 387 2075 445 REGIA.

3410 379 3514 439 946

264 516 372 572 suis
395 513 559 568 vitam
584 517 867 583 praeparat,
895 509 1238 582 diligentibus
1277 524 1335 565 se
1370 508 1635 578 justitiam
1673 507 1831 561 mini-
1857 508 1907 567 Α
1988 506 2158 585 Dilige
2182 518 2334 575 ergo,
2367 519 2480 568 rex,
2512 504 2652 563 hanc
2675 502 3029 559 clarissimam
3054 502 3365 573 regiamque
3404 505 3517 559 vir-

263 612 417 666 strat,
442 602 747 658 amantibus
771 617 828 656 se
853 600 1192 670 prudentiam
1234 600 1435 655 donat:
1482 599 1573 668 qui
1604 598 1836 653 tenuerit

264 695 422 756 illam,
455 693 619 747 vitam
648 691 983 746 haereditabit
1010 698 1297 754 aeternam;
1329 689 1500 760 diligit
1527 688 1670 744 enim
1695 688 1835 741 Deus

265 788 411 842 illum
450 786 543 857 qui
602 784 777 854 diligit
823 784 1159 855 sapientiam.
1192 782 1249 837 In
1283 781 1577 837 tentatione
1595 777 1834 833 ambulat

264 892 382 932 cum
405 891 490 939 eo,
512 883 565 930 et
590 874 645 929 in
680 874 869 943 primis
904 873 1054 944 eligit
1074 888 1219 937 eum,
1240 883 1293 927 et
1321 871 1556 926 ﬁrmabit
1587 871 1759 935 illum,
1780 877 1835 924 et

265 967 365 1022 iter
402 966 632 1021 adducet
674 965 937 1020 directum
978 965 1046 1019 ad
1087 964 1259 1028 illum,
1304 970 1360 1018 et
1387 961 1680 1017 denudabit
1714 961 1835 1015 abs—

264 1072 423 1113 consa
466 1071 564 1111 sua
611 1056 705 1120 illi,
744 1063 801 1111 et
840 1055 1170 1111 thesaurizat
1193 1069 1356 1125 super
1378 1052 1528 1108 illum
1548 1051 1833 1108 scientiam

264 1157 316 1205 et
338 1147 669 1203 intellectum
691 1146 1010 1217 prudentiae.
1134 1188 1141 1195 .

876 1236 1105 1293 CAPUT
1144 1237 1208 1292 γ.

839 1326 917 1382 De
953 1325 1252 1397 prudentia.

330 1417 462 1474 Post
493 1415 940 1471 illuminationem
979 1428 1107 1483 ergo
1140 1412 1417 1483 sapientiae
1445 1413 1836 1481 thesaurosque

267 1511 524 1574 scientiae,
575 1515 791 1579 oportet
835 1507 985 1562 illum
1035 1507 1129 1576 qui
1164 1506 1313 1577 cupit
1359 1505 1565 1576 regiam
1609 1503 1839 1558 feliciter

267 1615 484 1657 currere
525 1600 690 1665 viam,
740 1597 967 1653 Domino
1007 1599 1260 1663 donante,
1298 1596 1507 1667 impleri
1528 1595 1833 1664 prudentia.

266 1693 429 1761 Regia
469 1692 670 1747 etenim
704 1691 876 1745 virtus
921 1697 1005 1745 est
1050 1687 1354 1759 prudentia,
1403 1695 1458 1741 et
1490 1702 1521 1741 a
1566 1685 1839 1755 prioribus

267 1784 480 1851 regibus
529 1781 752 1836 nimium
796 1780 1019 1845 dilecta;
1068 1779 1148 1832 sic
1198 1777 1340 1831 enim
1391 1776 1458 1830 de
1504 1775 1672 1830 David
1711 1788 1837 1843 rege
1939 1783 1995 1830 et
2018 1774 2267 1846 gloriam.

267 1873 525 1942 scriptum
564 1879 685 1926 est:
721 1869 1100 1941 Egrediebatur
1132 1884 1335 1939 quoque
1367 1867 1437 1921 ad
1480 1866 1658 1921 omnia
1699 1881 1843 1936 quw-
1870 1852 1917 1912 Β
2174 1868 2177 1869 ⁷

268 1978 468 2032 cunque
514 1962 738 2016 misisset
782 1976 899 2014 eum
947 1957 1095 2023 Saal,
1149 1967 1199 2013 et
1236 1958 1521 2029 prudenter
1566 1973 1620 2011 se
1658 1955 1842 2026 agebat

269 2050 320 2121 (1
348 2049 474 2121 Reg.
500 2065 653 2113 xvm,
678 2048 754 2121 5).
780 2049 1068 2104 Prudentia
1089 2048 1232 2104 enim
1262 2049 1415 2118 quasi
1448 2047 1842 2118 porrovidentia

267 2142 485 2197 dicitur.
536 2140 704 2196 Porro
741 2147 1017 2204 autemet
1055 2155 1086 2194 a
1132 2140 1287 2208 longe
1330 2139 1612 2208 providere
1635 2146 1847 2208 oportet

270 2250 450 2303 regem
488 2234 619 2302 quid
669 2248 831 2302 agere
871 2232 1083 2296 debeat,
1114 2247 1183 2286 ne
1221 2240 1343 2301 post
1369 2239 1549 2286 actum
1582 2231 1758 2302 egisse
1786 2246 1844 2286 se

269 2324 549 2394 poeniteat.
572 2322 766 2378 Omnia
789 2336 1019 2392 namque
1041 2337 1160 2391 quae
1188 2322 1299 2393 agit
1325 2330 1379 2376 et
1418 2336 1546 2392 erga
1584 2321 1753 2375 Deum
1792 2329 1847 2376 et

266 2429 399 2485 erga
441 2412 725 2477 homines,
778 2412 1069 2482 prudenter
1105 2426 1263 2483 agere
1304 2412 1464 2467 debet
1507 2419 1561 2467 et
1602 2412 1844 2481 provide.

268 2504 460 2565 Omnia
491 2504 660 2574 iuste,
701 2504 883 2560 omnia
910 2512 1077 2570 recte,
1121 2504 1300 2559 omnia
1333 2503 1605 2574 sapienter
1637 2511 1692 2560 et
1721 2518 1843 2557 cum

265 2595 550 2666 prudentia
578 2609 800 2652 necesse
832 2604 917 2649 est
961 2603 1020 2649 ut
1061 2592 1243 2660 faciat,
1276 2611 1345 2650 ne
1391 2595 1531 2664 regis
1570 2608 1733 2663 opera
1764 2594 1846 2648 vel

268 2685 512 2750 consilia,
532 2694 592 2740 ut
612 2694 927 2741 caeterorum
949 2687 1248 2753 hominum,
1287 2689 1726 2757 reprehensionis
1764 2704 1847 2745 re-

264 2776 473 2847 cipiant
515 2776 773 2849 linguam.
822 2775 924 2844 Qui
963 2778 1111 2832 enim
1155 2777 1316 2832 multa
1362 2777 1590 2834 Domino
1616 2779 1849 2835 donante

266 2867 552 2938 gubernat,
582 2882 806 2923 necesse
829 2874 912 2923 est
933 2875 993 2923 ut
1014 2867 1122 2924 alto
1150 2869 1376 2925 consilio
1400 2871 1695 2941 prudenter
1717 2887 1848 2927 cun-

272 2966 364 3014 cta
394 2959 661 3028 disponat.
705 2957 797 3014 Sic
839 2960 982 3015 enim
1020 2961 1468 3029 prudentissimus
1508 2961 1760 3018 Salomon
1792 2964 1849 3018 in
1888 2994 1891 2999 -

271 3050 582 3108 Proverbiis
612 3052 688 3107 ait
714 3070 727 3106 :
755 3045 864 3118 'Qui
888 3053 1094 3123 sapiens
1120 3062 1215 3117 est,
1248 3053 1415 3108 multa
1445 3055 1696 3125 gubernat
1725 3072 1851 3125 pra-

271 3144 473 3205 dentia.
512 3143 647 3199 Item
668 3144 783 3215 ipse
809 3145 887 3199 ait
914 3148 927 3197 ξ
959 3142 1229 3214 Sapientia
1266 3144 1617 3213 a'di/icabitur
1639 3145 1847 3211 domus,

269 3244 322 3289 et
361 3234 639 3305 prudentia
688 3233 1017 3289 roborabitur
1062 3230 1243 3305 (Prov.
1284 3248 1444 3298 xxw,
1490 3233 1566 3304 5).
1617 3232 1847 3290 Grandis

274 3328 423 3385 enim
448 3326 623 3383 virtus
644 3334 748 3395 est,
774 3326 1007 3381 maxime
1031 3325 1086 3381 in
1114 3334 1333 3397 pectore
1355 3326 1515 3396 regis,
1542 3326 1844 3396 prudentia,

271 3434 398 3490 qua:
425 3426 619 3475 cuncta
662 3419 953 3489 prudenter
988 3432 1152 3488 regna
1194 3417 1334 3488 regit
1368 3425 1531 3487 atque
1565 3418 1848 3490 gubernat.

267 3506 568 3568 Prudentia
611 3523 842 3579 namque
872 3500 1255 3565 ornamentum
1299 3518 1382 3567 cst
1409 3510 1651 3566 omnium
1680 3512 1849 3567 virtu-

1940 606 2129 662 tUtem,
2178 612 2299 666 qua:
2342 595 2439 649 tibi
2484 597 2633 666 regni
2679 596 3121 666 gubernationem
3164 596 3433 668 disponat,
3461 607 3518 654 et

1932 688 2311 744 discretionem
2363 687 2592 745 actionis
2646 686 2926 752 conferat;
2976 702 3096 756 qua:
3144 687 3239 742 tibi
3292 678 3512 759 gressus

1932 781 2111 848 operis
2137 779 2349 848 dirigat,
2397 787 2452 832 et
2495 779 2837 849 cogitationis
2879 788 3032 834 actus
3072 778 3352 848 disponat;
3395 796 3514 849 qua:

1932 866 2029 919 tibi
2053 866 2254 937 regiam
2280 865 2624 940 proiibusque
2651 864 2935 920 fecundam
2960 865 3207 932 aediﬁcet,
3257 874 3311 920 et
3351 867 3516 923 aediﬁ-

1934 958 2148 1013 tioatam
2188 959 2436 1024 roborat;
2483 973 2603 1027 qua:
2627 957 2726 1012 tibi
2766 967 3084 1012 ornamenta
3119 959 3382 1013 virtutum
3423 975 3516 1014 co-

1933 1051 2186 1120 piamque
2214 1051 2486 1105 ministret
2517 1058 2573 1104 et
2612 1063 2823 1113 rerum;
2865 1066 2984 1119 quae
3012 1052 3109 1105 tibi
3157 1054 3308 1123 regni
3346 1067 3515 1108 cornu

1934 1141 2206 1206 sublimet,
2254 1149 2309 1194 et
2346 1139 2567 1194 brachio
2611 1136 2982 1192 fortitudinem
3029 1141 3222 1204 donet;
3268 1158 3389 1211 qum
3432 1143 3515 1194 ori

1935 1237 2029 1283 tuo
2052 1230 2219 1300 legem
2242 1229 2488 1283 veritatis
2510 1227 2798 1292 ministret,
2830 1236 2887 1282 et
2904 1229 3055 1282 cordi
3079 1237 3170 1283 tuo
3190 1231 3517 1283 intellectum

1934 1320 2212 1389 sapientiae
2256 1318 2600 1389 multiplicet;
2653 1335 2772 1389 quae
2811 1319 2904 1372 tibi
2946 1318 3233 1373 multarum
3277 1319 3519 1388 gentium

1935 1409 2074 1464 colla
2121 1409 2407 1478 subjiciat,
2461 1417 2515 1463 et
2565 1417 2619 1463 te
2680 1410 2890 1464 cunctis
2953 1408 3234 1462 amabilem
3299 1410 3520 1469 reddat;

1936 1514 2058 1569 qua:
2112 1499 2452 1554 sermonibus
2499 1501 2606 1554 tuis
2652 1513 2875 1553 aureum
2920 1507 3300 1553 ornamentum
3351 1498 3524 1567 impo-

1938 1599 2070 1655 nat,
2135 1598 2190 1644 et
2244 1596 2558 1655 argenteum
2610 1603 2805 1648 munus
2858 1588 3017 1643 labiis
3064 1586 3344 1649 conferat;
3402 1602 3526 1657 qua:

1937 1682 2191 1752 operibus
2221 1682 2327 1736 tuis
2346 1679 2531 1753 iugem
2559 1681 2879 1746 custodiam,
2929 1695 3224 1751 congruam
3255 1679 3527 1735 ministret
3572 1680 3575 1683 λ

2550 1843 2777 1900 CAPUT
2825 1842 2912 1899 Vl.

2495 1937 2569 1991 De
2618 1936 2971 2008 simplicitate.

2014 2049 2204 2121 Magna
2227 2060 2312 2105 est
2336 2049 2552 2119 quidem
2581 2049 2877 2119 prudentia:
2911 2050 3086 2103 virtus
3125 2065 3137 2101 :
3179 2047 3275 2103 sed
3306 2061 3530 2104 necesse

1941 2149 2026 2197 est
2050 2150 2109 2195 ut
2137 2139 2501 2210 simplicitatis
2524 2140 2723 2194 virtute
2748 2147 3101 2208 temperetur.
3136 2138 3226 2193 Sic
3251 2135 3396 2192 enim
3423 2139 3532 2193 Do-

1943 2232 2124 2287 minus
2152 2232 2205 2286 in
2236 2231 2525 2301 Evangelio
2562 2230 2676 2284 ait:
2711 2230 2888 2283 Estote
2924 2228 3201 2301 prudentes
3242 2231 3399 2283 sicut.
3422 2245 3531 2283 ser-

1944 2332 2119 2394 pentes
2164 2332 2213 2376 et
2252 2321 2511 2393 simplices
2556 2322 2691 2375 sicut
2740 2319 2992 2373 columbae
3038 2318 3251 2390 (Matth.
3304 2335 3361 2384 x,
3415 2318 3526 2391 16).

1942 2414 2171 2469 Ambula
2192 2429 2341 2485 ergo,
2369 2414 2701 2469 nobilissime
2726 2428 2842 2478 rex,
2866 2414 2933 2468 de
2954 2413 3153 2467 virtute
3174 2413 3528 2477 in-virtutcm,

1943 2513 2001 2559 et
2036 2502 2240 2573 iugiter
2278 2503 2568 2574 proﬁciens
2590 2503 2643 2557 in
2674 2503 2888 2567 melius,
2918 2504 2986 2557 ab
3016 2503 3208 2557 itinere
3234 2517 3338 2558 non
3369 2503 3533 2558 decli-

1946 2610 2044 2651 nes
2067 2596 2245 2665 regio;
2283 2594 2377 2650 sed
2417 2595 2483 2649 de
2517 2595 2801 2665 prudentia
2832 2593 2885 2647 in
2918 2592 3267 2664 simplicitate
3307 2592 3534 2648 ﬁrmiter

1946 2700 2087 2756 pone
2120 2700 2385 2756 gressum.
2424 2682 2523 2739 Via
2570 2685 2714 2739 enim
2744 2685 2892 2755 regia
2920 2692 3003 2738 est
3033 2683 3370 2755 simplicitas,
3415 2693 3471 2738 et
3502 2699 3534 2737 a

1946 2775 2154 2830 sanctis
2178 2775 2399 2845 regibus
2434 2774 2731 2844 antiquitus
2766 2774 2982 2829 dilecta.
3015 2773 3307 2829 Laudabile
3335 2774 3535 2829 etenim

1951 2867 2017 2924 de
2042 2867 2142 2923 Job
2169 2867 2419 2921 laudabili
2460 2867 2577 2920 viro
2606 2866 2868 2921 Dominus
2905 2868 2996 2921 dat
3029 2867 3418 2933 testimonium,
3447 2866 3535 2921 di-

1950 2973 2080 3015 cens
2116 2957 2329 3014 diabolo
2361 2974 2386 3009 εΔ
2416 2957 2671 3028 Nunquid
2733 2958 3075 3013 considerasti
3119 2974 3322 3014 servum
3364 2973 3536 3011 meum

1951 3050 2076 3119 Job,
2101 3052 2240 3124 quod
2271 3069 2373 3106 non
2401 3053 2466 3106 sit
2491 3054 2537 3106 ei
2562 3051 2747 3107 similis
2781 3053 2837 3107 in
2873 3062 3030 3118 terra,
3057 3053 3208 3106 homo
3247 3049 3466 3122 simplex
3489 3061 3538 3104 et

1955 3152 2124 3203 rectus
2147 3158 2208 3195 ac
2228 3142 2412 3195 timens
2440 3140 2629 3208 Deum,
2655 3151 2702 3196 et
2726 3143 2965 3197 recedens
2993 3160 3023 3196 a
3050 3144 3188 3196 malo
3218 3141 3358 3214 (Job.
3392 3158 3429 3206 ι,
3456 3141 3534 3210 8).

1952 3232 2031 3290 De
2074 3232 2257 3305 Moyse
2300 3247 2515 3304 quoque
2563 3233 2842 3304 Scriptura
2891 3242 3277 3288 commemorat
3304 3233 3530 3286 dicens:

1953 3322 2087 3377 Erat
2122 3324 2430 3379 mitissimus
2470 3341 2626 3396 super
2670 3341 2845 3378 omnes
2875 3323 3107 3390 homines
3144 3324 3233 3394 qui
3261 3322 3540 3376 moraban—

1953 3421 2042 3467 tur
2062 3414 2117 3468 in
2146 3424 2289 3470 terra
2325 3413 2515 3487 (Nam.
2545 3430 2643 3477 xu,
2671 3413 2749 3484 3).
2783 3412 3104 3485 Specialiter
3144 3426 3376 3481 namque
3406 3411 3542 3466 liber

1956 3505 2248 3577 Sapientiae
2290 3506 2507 3577 regibus
2566 3521 2857 3577 regumque
2911 3504 3175 3560 ministris
3231 3504 3427 3559 clamat
3487 3513 3545 3558 et

275 3609 419 3667 tum,
440 3600 613 3673 gloria
634 3601 785 3656 verbi
812 3601 1080 3670 decusque
1112 3602 1399 3665 sermonis,
1432 3602 1570 3657 sicut
1594 3602 1855 3672 scriptum
1956 3598 2086 3654 dicit
2119 3618 2131 3653 :
2172 3597 2388 3669 Diligite
2407 3598 2694 3669 justitiam,
2732 3597 2821 3668 qui
2834 3596 3091 3667 judicatis
3116 3605 3330 3661 terram,
3358 3595 3541 3649 sentite

276 3698 364 3747 est
399 3709 412 3745 :
463 3690 837 3751 Ornamentum
881 3706 1098 3744 aureum
1151 3691 1419 3762 prudentis
1470 3692 1710 3746 doctrina
1735 3733 1752 3759 ,
1810 3704 1858 3750 et
1956 3688 2020 3744 de
2046 3688 2268 3743 Domino
2288 3690 2341 3743 in
2366 3689 2614 3755 bonitate,
2656 3698 2704 3742 et
2741 3690 2798 3742 in
2824 3686 3156 3758 simplicitate
3190 3686 3364 3741 cordis
3397 3700 3538 3758 gate-

280 3784 437 3854 quasi
481 3780 742 3836 brachiale
786 3781 841 3836 in
888 3781 1098 3835 brachio
1136 3782 1319 3841 dextro
1362 3775 1701 3852 (Ecclifxm,
1742 3784 1855 3857 24).
1960 3782 2056 3835 rite
2084 3780 2249 3845 illum,
2273 3782 2520 3852 quoniam
2559 3781 2848 3835 invenietur
2884 3781 2947 3834 ab
2991 3780 3069 3835 his
3097 3780 3185 3851 qui
3216 3797 3320 3835 non
3343 3789 3543 3840 tentant

279 3873 572 3929 Prudentia
601 3881 783 3928 custos
811 3879 891 3928 est
931 3875 1065 3939 oris,
1105 3873 1420 3943 gubernatio
1446 3875 1695 3942 actionis,
1725 3885 1861 3932 tem-
1959 3874 2109 3928 illum
2151 3874 2306 3947 (δίῳ.
2348 3892 2389 3941 ι,
2419 3874 2493 3946 1).
2525 3874 2862 3929 Generaliter
2892 3882 3071 3927 autent
3100 3883 3157 3927 et
3182 3873 3249 3927 de
3291 3872 3543 3927 omnibus

280 3961 530 4033 perantia
586 3961 804 4026 cordis,
867 3961 1450 4034 moderatioﬂinguze.
1513 3966 1862 4036 omniumque
1962 3966 2166 4020 sanctis
2203 3964 2455 4019 Salomon
2503 3965 2557 4019 in
2601 3964 2908 4020 Proverbiis
2942 3964 3056 4019 ait:
3104 3963 3419 4034 Simplicitas
3455 3963 3544 4033 ju-

282 4058 484 4109 statera
526 4051 813 4106 verborum
858 4059 914 4107 et
955 4052 1272 4124 punderatio
1321 4070 1523 4109 rerum.
1582 4056 1671 4111 Sic
1715 4058 1862 4112 enim
1962 4066 2160 4110 storum
2195 4057 2380 4126 diriget
2409 4072 2496 4110 eos
2526 4054 2705 4128 (Prov.
2739 4072 2814 4122 ιι,
2840 4058 2915 4125 5)·.
2951 4056 3055 4121 Qui
3088 4056 3320 4111 ambulat
3342 4055 3542 4126 εὔθηριὶ-

283 4142 547 4212 scriptum
568 4150 688 4198 est:
737 4140 898 4195 Verba
921 4143 1254 4213 prudentium
1297 4144 1352 4198 in
1384 4153 1578 4199 statera
1608 4147 1863 4217 pondera-

285 4237 481 4291 buntur
517 4235 702 4307 (lbid.,
738 4252 791 4295 v.7
821 4234 935 4307 28).
964 4235 1162 4291 lterum
1210 4236 1471 4307 scriptum
1508 4247 1591 4292 est
1621 4256 1633 4292 :
1663 4239 1864 4293 Auram

288 4338 440 4383 tuum
461 4336 509 4382 et
535 4334 808 4399 argentum
844 4336 992 4380 tuum
1018 4327 1209 4396 conﬂa,
1254 4336 1304 4382 et
1340 4328 1503 4383 verbis
1542 4330 1644 4384 tuis
1675 4330 1759 4400 fac
1785 4347 1867 4384 os-

289 4417 444 4484 tiola,
471 4425 518 4471 et
546 4417 718 4491 [renos
747 4417 827 4470 ori
847 4424 934 4470 tuo
964 4427 1126 4471 rectos
1155 4416 1332 4488 (Prov.
1356 4433 1546 4484 xxviii,
1575 4418 1688 4485 29;.
1723 4419 1866 4473 Rur-

1964 4147 2111 4212 citer,
2141 4145 2313 4200 salvus
2343 4146 2440 4200 erit
2462 4144 2647 4219 (Prov.
2677 4161 2870 4210 xxviii,
2902 4146 3009 4207 18).
3042 4145 3239 4200 Paulus
3262 4159 3394 4200 vero
3421 4147 3497 4201 ait
3526 4167 3540 4201 :

1975 4234 2103 4292 Volo
2146 4254 2233 4291 vos
2274 4236 2530 4307 sapientes
2551 4252 2661 4290 esse
2684 4237 2739 4296 in
2768 4237 2919 4301 bono,
2960 4245 3007 4290 et
3043 4236 3298 4306 simplices
3324 4238 3378 4291 in
3404 4237 3543 4293 malo

1968 4327 2145 4401 (Rom.
2176 4345 2286 4395 ενι,
2318 4330 2426 4401 i9).
2461 4329 2630 4385 Debet
2660 4329 2858 4384 etenim
2881 4329 3174 4386 electorum
3216 4329 3377 4385 corda
3409 4346 3541 4401 pru-

1968 4420 2150 4475 dentia
2197 4420 2251 4477 in
2293 4421 2493 4493 bonum
2534 4419 2734 4492 iugiter
2760 4435 2974 4486 acuere,
3014 4429 3069 4476 et
3118 4421 3431 4491 simplicitas
3477 4424 3546 4478 ab

293 4522 413 4562 sum
446 4507 704 4576 scriptum
734 4512 851 4561 est:
890 4504 1047 4576 Aperi
1092 4523 1149 4560 os
1195 4515 1343 4561 tuum
1389 4517 1552 4573 muto,
1597 4518 1644 4562 et
1693 4509 1867 4563 causis
1892 4546 1946 4606 Ι)
1970 4511 2216 4566 acumine
2246 4511 2546 4581 prudentia:
2574 4511 2886 4582 temperari,
2919 4526 2985 4566 ne
3010 4519 3105 4566 aut
3127 4512 3410 4581 prudentia
3432 4528 3548 4569 mo-

294 4599 528 4660 omnium
575 4597 804 4667 ﬁliorum
848 4599 935 4669 qui
987 4607 1370 4670 pertranseunt,
1416 4600 1561 4668 aperi
1602 4616 1659 4655 os
1697 4607 1865 4667 tuum,

294 4692 513 4753 decerne
536 4690 673 4760 quod
702 4690 909 4760 justum
948 4699 1042 4755 est,
1074 4699 1121 4745 et
1141 4690 1330 4760 judico
1370 4692 1574 4761 inopem
1603 4700 1652 4749 et
1674 4709 1869 4763 paupe-

298 4799 407 4837 rem
435 4779 617 4852 (Prov.
638 4796 788 4846 xxxx,
817 4780 893 4851 8).
934 4779 1073 4846 Quia
1115 4782 1179 4837 de
1217 4782 1392 4851 fructu
1440 4784 1545 4837 oris
1595 4785 1676 4837 sui
1716 4801 1875 4843 unus-

274 4862 513 4944 quisque
533 4869 809 4941 replebitur
834 4870 1004 4937 bonis,
1032 4881 1079 4925 et
1095 4872 1255 4941 juxta
1295 4888 1449 4943 opera
1476 4889 1728 4927 manuum
1749 4890 1873 4929 sua-

300 4978 419 5016 rum
455 4960 770 5016 retribuetur
794 4962 842 5016 ei
868 4960 1047 5035 (Prov.
1076 4979 1177 5028 xu,
1209 4963 1317 5029 li).
1346 4963 1633 5020 Malacbias
1659 4980 1873 5035 quoque

299 5068 368 5108 ex
396 5064 623 5121 persona
669 5051 878 5106 Domini
914 5069 926 5105 :
959 5051 1159 5118 Delevi,
1206 5054 1396 5122 inquit,
1426 5063 1635 5124 pactum
1680 5072 1872 5121 meum,

300 5145 440 5219 quod
468 5145 566 5216 fuit
592 5162 710 5205 cum
739 5162 820 5210 eo,
847 5147 962 5201 vita:
1004 5155 1052 5200 et
1096 5147 1262 5217 pacis,
1303 5157 1349 5201 et
1393 5148 1513 5201 dedi
1540 5149 1588 5202 ei
1615 5151 1871 5213 timorem,

302 5245 352 5290 et
379 5235 552 5291 timuit
579 5251 681 5301 me,
715 5243 761 5289 et
785 5252 816 5288 a
844 5234 979 5304 facie
1009 5236 1229 5289 nominis
1270 5237 1369 5290 mei
1391 5237 1626 5307 pavebat.
1655 5238 1761 5291 Lex
1786 5255 1873 5291 ve-

304 5326 478 5381 ritatis
503 5326 603 5396 fuit
626 5326 681 5380 in
709 5341 795 5379 ore
816 5326 950 5396 ejus,
981 5335 1027 5379 et
1070 5326 1316 5397 iniquitas
1339 5344 1440 5381 non
1468 5337 1543 5381 est
1579 5327 1782 5382 inventa
1822 5327 1877 5380 in

306 5416 459 5471 labiis
486 5416 618 5486 ejus,
655 5418 710 5470 in
729 5433 855 5486 pace
880 5426 926 5471 et
949 5418 1002 5471 in
1033 5419 1293 5487 (equitate,
1333 5417 1612 5474 ambulavit
1653 5436 1869 5483 mecum,

306 5519 354 5562 et
380 5507 566 5561 multos
590 5508 769 5562 avertit
814 5507 878 5562 ab
918 5508 1185 5579 iniquitate
1213 5508 1465 5579 (Malaclt.
1492 5527 1548 5573 ιι,
1578 5510 1654 5581 5).
1679 5510 1875 5566 Paulus

310 5600 376 5653 ad
402 5599 745 5655 Colossenses
776 5597 870 5670 (tv,
916 5600 969 5671 6)
1014 5601 1124 5655 ait:
1153 5600 1331 5656 Sermo
1379 5613 1538 5658 vester
1577 5620 1777 5674 semper
1825 5606 1876 5657 in

311 5690 482 5760 gratia
507 5689 616 5744 sale
649 5692 718 5744 sit
740 5691 995 5756 conditus,
1028 5703 1082 5747 ut
1111 5693 1285 5750 scietis
1310 5694 1517 5765 quando
1541 5703 1770 5765 oporteat
1794 5711 1877 5751 vos

320 5782 595 5855 unicuique
619 5782 939 5854 respondere.

1974 4603 2101 4657 dum
2129 4602 2469 4659 rectitudinis
2502 4603 2743 4668 excedat,
2771 4611 2865 4656 aut
2889 4603 3204 4674 simplicitas
3235 4604 3549 4675 ignorantia

1973 4689 2185 4744 fallacia
2212 4699 2502 4759 torpescat.

2045 4778 2212 4851 Regia
2239 4782 2439 4836 etenim
2463 4782 2549 4836 via
2579 4790 2665 4836 est
2696 4782 3031 4851 simplicitas,
3059 4799 3179 4854 quae
3210 4800 3393 4855 regum
3420 4771 3551 4838 sim.-

1973 4868 2187 4939 pliciter
2223 4870 2406 4941 dirigit
2446 4886 2683 4943 gressus,
2729 4881 2790 4928 ut
2832 4873 2900 4931 ad
2949 4875 3210 4941 coelestia,
3259 4889 3358 4943 per
3400 4876 3547 4947 regia

1973 4961 2276 5031 gradientes
2304 4962 2519 5029 itinera,
2559 4962 2788 5019 feliciter
2817 4966 3134 5034 perveniant
3165 4980 3345 5036 regna.
3377 4965 3548 5020 Curre

1975 5068 2129 5124 ergo,
2178 5067 2294 5120 rex,
2343 5054 2571 5110 ﬁrmiter
2602 5071 2700 5125 per
2744 5057 3101 5128 simpliciLatis
3152 5058 3365 5124 itinera,
3394 5067 3452 5112 ut
3480 5060 3547 5113 ad

1975 5165 2266 5219 perennem
2305 5149 2465 5204 citius
2492 5152 2775 5220 pervenias
2801 5153 2987 5218 vitam,
3028 5160 3083 5208 et
3126 5150 3549 5207 immortalitatis

1977 5239 2086 5293 cito
2114 5239 2346 5308 accipias
2371 5241 2610 5310 pnemia,
2655 5249 2710 5297 et
2736 5241 2874 5297 stola
2914 5241 3152 5297 induaris
3180 5242 3328 5311 pacis
3356 5253 3410 5297 et
3437 5242 3551 5313 glo-

1978 5339 2091 5386 riae.
2727 5339 2736 5353 °

2526 5405 2796 5463 CAPUT
2859 5406 2997 5462 Vll.

2578 5496 2655 5550 De
2681 5496 2952 5567 patientia.

2056 5608 2247 5664 Transi
2283 5610 2496 5675 iterum,
2530 5626 2643 5674 rex,
2674 5611 2741 5664 de
2782 5610 2979 5664 virtute
3010 5612 3062 5665 in
3093 5611 3372 5675 virtutem,
3398 5621 3455 5667 et
3482 5610 3551 5667 de

1984 5698 2326 5769 simplicitate
2384 5702 2437 5755 in
2491 5700 2804 5769 patientiam
2858 5699 3085 5756 feliciter
3111 5716 3250 5771 pone
3302 5703 3548 5773 gradum.

1986 5788 2204 5847 Posside
2228 5791 2560 5862 patientiam,
2611 5790 2653 5845 si
2699 5790 2781 5846 vis
2831 5800 2976 5846 tuam
3006 5790 3234 5848 dulciter
3278 5792 3552 5862 possidere
