4000 6462
615 366 723 420 9i7

1887 356 2236 417 SSIABAGDI
2274 353 2564 412 ABBATIS
3647 361 3708 416 9:3

611 483 868 538 animam.
898 477 988 534 Sic
1011 477 1154 533 enim
1179 478 1318 534 Deus
1347 484 1534 532 auctor
1562 483 1762 530 nostrae
1791 473 1979 530 salutis
2015 480 2070 526 et
2093 486 2186 542 pa-
2213 474 2266 533 Α
2289 469 2466 522 dicens
2488 483 2506 520 :
2532 465 2796 520 Descende
2820 465 2873 519 in
2901 465 3109 518 domum
3155 464 3280 534 regis
3323 462 3466 529 Inda,
3501 477 3537 520 et
3567 468 3708 539 laques

611 575 691 630 cis
715 575 770 628 in
791 570 1083 642 Evangelio
1106 572 1182 625 ait
1227 588 1241 624 :
1286 570 1350 624 In
1383 571 1635 641 patientia
1657 577 1825 624 vestra
1861 564 2189 637 possidebitis

609 664 816 718 animas
853 672 1044 720 vestras
1069 661 1218 732 (Luc.
1268 677 1380 727 ut,
1423 660 1530 730 I9).
1564 659 1816 714 Salomon
1840 671 2067 729 quoque
2101 655 2187 710 di-

608 756 686 811 cit
716 772 729 808 :
760 753 1010 817 Doctrina
1040 753 1134 807 viri
1179 769 1272 824 per
1305 753 1609 822 patient'am
1657 751 1906 814 noscitur,
1943 757 1991 802 et
2023 746 2191 817 gloria

609 847 727 918 ejus
767 854 840 902 est
870 845 1048 915 iniqua
1087 843 1419 914 prwtergredi
1465 841 1646 913 (Prov.
1687 857 1814 903 xix,
1845 837 1956 906 li).
1995 836 2192 891 Paulus

610 951 826 1008 quoque
854 935 931 996 ait
962 952 975 990 :
1008 933 1222 988 Induite
1245 951 1328 988 vos
1367 949 1488 1002 ergo
1513 933 1646 985 sicut
1681 929 1828 984 electi
1853 927 1972 990 Dei,
1999 925 2191 988 sancti,

609 1037 658 1080 et
695 1026 871 1080 dilecti
901 1027 1097 1079 viscera
1138 1023 1526 1084 misericordite,
1557 1021 1944 1096 benignitatem,
1980 1015 2193 1071 humili-

609 1128 789 1181 tatem,
817 1116 1146 1177 modestiam,
1185 1113 1511 1182 patientiam,
1559 1120 1923 1180 supportantes
1953 1108 2188 1166 invicem,

609 1217 657 1258 et
704 1206 959 1258 donantes
1007 1201 1376 1271 vobismetipsis
1415 1201 1462 1254 si
1505 1201 1622 1269 quis
1666 1199 1916 1253 adversus
1966 1196 2194 1266 aliquem

609 1297 761 1351 habet
793 1294 1103 1366 querelam:
1131 1293 1265 1346 sicut
1299 1290 1554 1354 Dominus
1599 1289 1810 1343 donavit
1837 1288 1997 1350 vobis,
2033 1287 2108 1340 ita
2147 1291 2194 1338 et

609 1402 697 1440 vos
728 1384 953 1457 (Coloss.
994 1398 1079 1448 ιιι,
1124 1381 1190 1435 i2
1231 1391 1279 1435 et
1306 1379 1491 1451 seqq.).
1517 1378 1653 1433 Nam
1684 1379 1826 1447 quod
1867 1385 1923 1430 et
1958 1377 2062 1432 ista
2090 1375 2196 1430 vir-

611 1485 699 1530 tus
747 1473 1053 1544 principum
1089 1471 1260 1526 virtus
1289 1471 1375 1533 sit,
1411 1469 1666 1524 Salomon
1693 1471 1746 1523 in
1771 1468 2082 1524 Proverbiis
2117 1475 2193 1521 tee

610 1575 803 1628 statur,
851 1566 1034 1620 dicens
1061 1581 1074 1617 :
1106 1560 1369 1616 Patientia
1413 1561 1608 1615 lenitur
1634 1561 1891 1631 princeps,
1923 1567 1970 1613 et
2015 1557 2194 1627 lingua

609 1657 783 1712 mollis
813 1656 1006 1726 frangit
1044 1654 1289 1708 duritiem
1339 1653 1522 1724 (Prov.
1574 1668 1698 1716 xxv,
1749 1652 1856 1722 15).
1907 1649 2196 1720 Apostolus

611 1762 741 1802 vero
770 1747 837 1801 ad
865 1747 1081 1800 eosdem
1110 1744 1384 1814 principes
1423 1744 1644 1809 clamat,
1674 1743 1859 1797 dicens
1891 1760 1905 1794 :
1938 1740 2196 1810 Corripite

2295 564 2366 617 ibi
2395 563 2598 619 verbum
2637 561 2756 624 hoc,
2791 570 2838 614 et
2878 559 3016 612 dices
3047 571 3064 608 :
3094 557 3223 610 Audi
3255 558 3435 610 verbum
3468 558 3639 625 Domini,
3659 582 3710 619 ια

2289 653 2459 720 Juda,
2493 654 2582 724 qui
2610 652 2756 706 sedes
2795 667 2954 720 super.
2978 648 3165 704 solium
3209 647 3400 701 David:
3427 660 3472 702 tu
3495 661 3531 703 et
3547 656 3638 707 servi
3653 660 3711 720 lsi,

2291 755 2339 800 et
2367 742 2589 814 populus
2614 751 2752 804 tuus,
2779 741 2870 810 qui
2895 737 3218 809 ingredimini
3238 753 3322 806 per
3343 746 3492 806 portas
3514 739 3711 797 istas.llet

2291 835 2416 888 dicit
2441 833 2696 887 Dominus
2719 846 2737 884 :
2761 830 2944 885 Facite
2965 828 3220 900 judicium
3256 837 3301 882 et
3319 828 3558 898 justitiam,
3586 843 3620 885 et
3643 834 3713 889 litt-

2294 936 2403 979 rate
2431 925 2478 979 vi
2509 939 2806 994 oppressum
2855 923 2920 976 de
2967 935 3124 974 manu
3173 919 3538 984 calumniatoris,
3557 934 3593 975 et
3625 927 3713 978 stre-

2293 1031 2436 1080 nam,
2458 1024 2505 1068 et
2533 1013 2808 1085 pupillum,
2835 1022 2883 1066 et
2919 1012 3126 1065 viduam
3157 1009 3307 1063 nolite
3341 1012 3598 1074 contristari,
3621 1031 3714 1084 neque

2294 1108 2600 1178 opprimatis
2626 1107 2800 1177 inique
2823 1119 2838 1157 :
2863 1115 2910 1159 et
2933 1105 3233 1174 sanguinem
3265 1103 3542 1156 innocentem
3559 1121 3604 1157 ne
3621 1108 3716 1172 ιιι»-

2292 1198 2430 1251 datis
2457 1197 2512 1250 in
2539 1196 2652 1250 loco
2677 1198 2796 1250 isto.
2825 1194 2883 1248 Si
2922 1195 3059 1248 enim
3106 1193 3338 1262 facientds
3377 1192 3563 1261 feceritis
3593 1195 3714 1247 terim

2294 1286 2457 1352 istud,
2494 1286 2852 1356 ingredientur
2890 1301 2982 1353 per
3008 1293 3184 1353 portas
3208 1282 3378 1334 domus
3413 1281 3541 1350 hujus
3558 1299 3714 1351 regesti-

2293 1379 2471 1433 dentes
2492 1377 2555 1431 de
2579 1388 2726 1448 gente
2753 1375 2941 1438 David,
2983 1391 3138 1444 super
3172 1373 3397 1427 thronum
3420 1373 3529 1442 ejus,
3550 1384 3585 1427 et
3612 1392 3715 1428 aut.

2293 1469 2471 1523 dentes
2499 1485 2686 1522 currus
2711 1477 2758 1522 et
2779 1484 2958 1538 equos,
2981 1467 3079 1536 ipsi
3101 1474 3146 1519 et
3177 1465 3322 1529 servi,
3341 1475 3381 1517 et
3404 1465 3580 1534 popqu
3597 1482 3714 1518 cons.

2297 1563 2450 1629 Quod
2471 1563 2519 1616 si
2538 1579 2639 1616 non
2664 1561 2934 1616 audieritis
2976 1560 3130 1614 verba
3177 1560 3317 1626 hac;
3349 1560 3397 1613 in
3423 1561 3646 1628 memetipso
3667 1561 3718 1628 ju-

2296 1654 2427 1717 ravi,
2457 1653 2583 1706 dicit
2613 1652 2889 1715 Dominus,
2925 1651 3050 1721 quia
3100 1651 3155 1704 in
3198 1649 3496 1704 solitudinem
3517 1651 3591 1703 erit
3610 1649 3717 1701 domu

2297 1744 2407 1797 Itwc
2430 1742 2647 1814 (Jerem.
2677 1760 2818 1808 nm,
2847 1743 2982 1813 1-5).
3015 1743 3184 1811 Dilige
3215 1757 3334 1812 ergo
3350 1739 3585 1810 justitiam,
3603 1756 3677 1803 rex,
3692 1743 3718 1794 si

610 1838 887 1911 inquietos,
934 1835 1274 1893 consolamini
1326 1835 1704 1906 pusillanimes,
1754 1833 1999 1903 suscipite
2046 1831 2195 1900 inﬁr~
2221 1823 2268 1881 B
2296 1833 2382 1887 vis
2419 1841 2676 1902 perpetua
2713 1831 2818 1886 frui
2847 1833 2980 1898 vita,
3022 1833 3068 1888 si
3112 1833 3193 1886 vis
3222 1833 3451 1886 honorari
3490 1831 3532 1884 in
3559 1840 3719 1900 perpetuo

609 1945 746 1993 mos,
775 1928 1026 1998 patientes
1052 1935 1212 1980 estote
1235 1926 1306 1980 ad
1333 1942 1509 1980 omnes
1536 1924 1588 1997 (l
1620 1924 1800 1978 Tltess.
1823 1939 1882 1995 v,
1908 1921 2016 1994 M).
2041 1921 2194 1976 Jaco-

610 2017 714 2072 bus
734 2016 1008 2086 apostolus
1027 2015 1102 2069 ait
1122 2033 1134 2067 :
1159 2013 1427 2069 Patientia
1455 2024 1628 2068 autem
1647 2029 1776 2084 opus
1794 2013 2079 2084 perfectum
2104 2011 2195 2065 ha-

613 2107 794 2162 bet:ut
813 2107 927 2160 sitis
946 2105 1162 2175 perfecti
1183 2115 1232 2160 et
1261 2106 1468 2176 integri,
1489 2106 1545 2160 in
1567 2104 1710 2160 nullo
1732 2104 2027 2173 deﬁcientes
2046 2102 2190 2174 (Jac.

610 2215 654 2264 ι,
682 2199 758 2270 4).
791 2197 971 2252 Virtus
988 2211 1118 2268 ergo
1143 2211 1264 2266 qua:
1287 2196 1418 2250 lenit
1439 2195 1727 2265 principes,
1760 2203 1815 2248 et
1843 2194 2001 2249 docet
2024 2193 2196 2248 corri-

611 2304 742 2360 pere
769 2287 1058 2358 inquietos,
1087 2294 1143 2341 et
1162 2301 1297 2357 opus
1317 2300 1498 2356 regum
1517 2286 1582 2339 ad
1603 2284 1896 2355 perfectum
1927 2283 2192 2354 perducit,

610 2381 730 2435 sine
763 2378 924 2434 dubio
949 2378 1121 2432 virtus
1160 2387 1244 2432 cst
1287 2377 1452 2447 regia.
1496 2375 1722 2430 Ambula
1768 2389 1896 2446 ergo
1923 2389 2022 2444 per
2049 2389 2190 2439 eam,

609 2471 899 2526 mitissime
938 2486 1057 2535 rex,
1087 2479 1142 2524 et
1180 2470 1341 2540 dilige
1366 2485 1509 2534 eam,
1541 2469 1667 2540 quia
1696 2484 1924 2525 currens
1949 2485 2047 2539 per
2070 2483 2194 2523 eam

610 2577 719 2616 non
744 2561 964 2617 habebis
1000 2560 1398 2623 olfendiculum,
1444 2561 1539 2615 sed
1578 2559 1791 2630 plenum
1835 2569 1891 2614 et
1928 2569 2193 2615 aeternum

611 2653 668 2707 in
691 2652 874 2707 futuro
898 2651 1145 2708 invenies
1182 2651 1452 2722 gaudium.
1499 2650 1689 2721 Magna
1730 2651 1874 2706 enim
1912 2660 1996 2707 est
2024 2653 2196 2707 virtus

610 2743 892 2814 patientia,
936 2759 1055 2813 quae
1097 2742 1380 2802 laedentem
1419 2758 1479 2801 se
1521 2759 1629 2799 non
1657 2743 1823 2810 laedit,
1851 2744 1946 2799 sed
1986 2745 2192 2816 diligit;

563 2853 734 2908 ,quaa
775 2835 1054 2907 injurianti
1097 2836 1322 2910 injurias
1365 2836 1610 2902 remittit,
1649 2850 1757 2891 non
1787 2837 1994 2901 reddit;
2028 2835 2195 2908 [qum]

613 2930 701 2984 cui
729 2945 925 2985 nocere
951 2937 1131 3000 potest
1173 2943 1278 2982 non
1324 2936 1502 2993 nocet,
1552 2927 1646 2982 sed
1687 2928 1881 2996 parcit.
1930 2927 2197 2982 Patientia

613 3029 698 3076 est
727 3035 845 3089 qua:
888 3035 988 3075 nos
1033 3020 1146 3074 Deo
1193 3019 1554 3084 commendat,
1587 3027 1640 3074 et
1675 3033 1706 3074 a
1753 3017 1910 3072 malis
1947 3019 2200 3074 omnibus

615 3112 852 3167 custodit
878 3121 932 3166 et
953 3120 1151 3166 servat.
1184 3111 1300 3181 Ipsa
1330 3118 1412 3166 est
1441 3127 1561 3181 qua:
1600 3113 1735 3167 iram
1765 3121 2056 3182 temperat;
2084 3112 2199 3182 ipsa

2292 1925 2361 1980 ab
2385 1938 2469 1980 ea.
2505 1923 2776 1994 Scriptum
2803 1932 2887 1979 est
2911 1925 3056 1980 enim
3085 1943 3098 1978 :
3131 1922 3187 1978 Si
3207 1923 3416 1995 sequeris
3442 1922 3718 1992 justitiamtp-

2292 2017 2574 2088 prehendes
2604 2017 2774 2082 illam,
2803 2027 2851 2071 et
2889 2017 3075 2071 indues
3099 2016 3246 2086 quasi
3283 2014 3493 2084 poderem
3517 2013 3719 2074 honoris,tt

2292 2107 2602 2162 inhabitabis
2643 2123 2761 2160 cum
2806 2123 2888 2170 ea,
2937 2113 2987 2159 et
3032 2114 3252 2175 proteget
3296 2114 3342 2157 te
3385 2105 3431 2156 in
3457 2102 3718 2169 sempiternis,

2293 2210 2342 2255 et
2381 2200 2434 2254 in
2481 2201 2566 2254 die
2606 2199 2887 2271 agnitionis
2934 2199 3161 2253 invenies
3207 2198 3543 2268 ﬁrmamentum
3581 2191 3718 2262 (Euri.

2295 2307 2412 2356 vm,
2436 2291 2514 2361 5).

2366 2386 2442 2439 'I‘u
2474 2399 2604 2454 ergo
2632 2399 2754 2439 cum
2786 2383 2862 2438 sis
2905 2396 2998 2436 rex
3030 2383 3084 2436 in
3118 2389 3281 2444 terra,
3309 2386 3364 2432 ut
3405 2377 3468 2432 sis
3491 2374 3594 2428 ﬁlius
3625 2370 3720 2438 Regis

2297 2477 2348 2532 in
2399 2476 2559 2540 cmlo,
2595 2474 2756 2544 dilige
2777 2472 3042 2542 judicium
3081 2480 3135 2527 et
3169 2471 3433 2542 justitiam.
3468 2466 3623 2520 Imitare
3642 2475 3718 2528 ope-

2296 2570 2448 2624 ribus
2475 2583 2636 2638 quem
2661 2568 2879 2622 Patrem
2908 2567 3113 2621 clamas
3138 2562 3468 2619 sermonibus.
3493 2558 3612 2628 Dilige
3625 2553 3718 2622 justi-

2297 2660 2426 2714 tiam
2455 2669 2511 2714 et
2553 2673 2780 2729 operare
2807 2659 2862 2712 in
2892 2673 2985 2724 ea;
3019 2658 3146 2726 quia
3187 2656 3340 2709 Pater
3366 2663 3472 2707 tuus
3494 2647 3655 2705 cmlestis
3673 2644 3721 2697 di-

2295 2749 2412 2820 ligit
2438 2757 2492 2803 et
2529 2757 2785 2818 operatur
2811 2748 2864 2801 in
2887 2761 2972 2801 ea.
2999 2747 3121 2818 Ipse
3151 2746 3290 2800 enim
3317 2743 3385 2798 ait
3407 2758 3487 2812 per
3507 2737 3718 2793 Jercm'nm:

2297 2839 2411 2909 E90
2443 2839 2848 2893 sum'Dominus
2875 2837 2966 2908 qui
3018 2836 3160 2906 facio
3209 2831 3602 2889 misericordianet
3627 2820 3721 2892 judi-

2299 2931 2438 2984 cium
2467 2939 2514 2984 et
2547 2931 2816 3000 justitiam
2851 2928 2907 2981 in
2949 2936 3093 2981 terra
3127 2943 3144 2980 :
3177 2926 3284 2980 lta'c
3311 2925 3434 2979 enim
3456 2922 3600 2993 placent
3630 2913 3721 2972 mihi.

2299 3023 2373 3075 ait
2404 3021 2659 3075 Dominus
2715 3021 2930 3090 (Jerem.
2962 3035 3040 3086 ut,
3076 3019 3192 3090 Ἃ).
3231 3017 3372 3072 Totis
3415 3013 3571 3069 viribus
3591 3004 3724 3061 tuisde-

2300 3113 2399 3168 bes
2445 3113 2645 3170 imitari
2686 3113 2860 3178 illum,
2903 3127 3026 3166 cum
3073 3127 3179 3181 quo
3209 3101 3384 3181 speras
3405 3107 3548 3161 vivere
3568 3103 3604 3156 in
3633 3106 3724 3151 ater-

613 3210 698 3257 est
744 3217 864 3273 qua:
917 3202 1151 3274 linguam
1202 3201 1465 3267 refrenat;
1512 3202 1627 3274 ipsa
1678 3212 1763 3260 est
1803 3218 1922 3274 quae
1960 3211 2197 3259 mentem
2224 3201 2268 3263 C
2301 3220 2448 3260 num.
2476 3203 2566 3260 Sic
2604 3206 2746 3259 enim
2779 3204 3038 3259 Dominus
3065 3219 3160 3274 per
3192 3203 3480 3276 prophetam
3507 3189 3725 3250 Etechielm

611 3295 905 3366 gubernat;
932 3294 1047 3366 ipsa
1070 3303 1154 3350 est
1181 3309 1301 3367 quae
1323 3309 1507 3364 pacem
1533 3295 1798 3359 custodit;
1827 3296 1938 3366 ipsa
1962 3302 2044 3350 est
2083 3309 2203 3364 qua:

613 3384 950 3455 disciplinam
999 3385 1274 3441 moderate
1311 3384 1547 3456 peragit;
1589 3384 1705 3454 ipsa
1742 3385 1982 3444 libidinis
2033 3387 2202 3456 impc»

614 3487 730 3531 tum
759 3477 990 3548 frangit;
1028 3479 1142 3548 ipsa
1185 3477 1384 3533 furoris
1426 3477 1736 3533 violentiam
1765 3479 2091 3552 comprimit,
2121 3479 2203 3533 in-

613 3567 868 3620 cendium
925 3567 1213 3622 simultatis
1263 3567 1589 3639 exstinguit,
1639 3577 1856 3624 coercet
1904 3570 2200 3639 potentiam

615 3656 866 3720 divitum,
912 3656 1117 3712 refovet
1159 3658 1394 3732 inopiam
1443 3674 1760 3732 pauperum,
1801 3658 1929 3714 facit
1970 3659 2202 3714 humiles

614 3745 670 3800 in
695 3748 986 3817 prosperis,
1027 3747 1195 3804 fortes
1245 3749 1299 3804 in
1347 3750 1612 3815 adversis,
1643 3757 1834 3804 contra
1876 3749 2101 3818 injurias
2145 3758 2203 3805 et

615 3837 972 3895 contumelias
1012 3839 1192 3906 mites,
1241 3840 1566 3895 tentationes
1611 3848 1900 3910 expugnat,
1951 3855 2204 3910 persecu-

617 3929 794 3982 tiones
837 3927 1050 3983 tolerat.
1083 3928 1199 3999 Ipsa
1225 3938 1306 3985 est
1330 3946 1449 4001 quae
1474 3929 1597 3985 ﬁdei
1628 3938 1826 3986 nostra:
1855 3928 2204 3987 fundamenta

617 4021 831 4096 fortiter
851 4023 1057 4089 munit;
1090 4023 1204 4093 ipsa
1231 4034 1313 4079 est
1353 4041 1472 4094 qua:
1502 4025 1834 4080 incrementa
1865 4025 1979 4096 spei
2004 4034 2206 4081 nostra

613 4113 922 4168 sublimiter
963 4116 1240 4190 provehit;
1291 4116 1404 4186 ipsa
1460 4132 1558 4172 nos
1605 4125 1664 4171 ut
1708 4127 1890 4173 tenere
1934 4117 2204 4190 possimus

616 4205 761 4258 viam
791 4185 1014 4270 Christi,
1045 4185 1338 4278 gubernat;
1390 4208 1506 4278 ipsa
1546 4217 1607 4264 ut
1637 4208 1734 4265 filii
1762 4209 1857 4264 Dei
1883 4185 2200 4282 perSEvere-

619 4304 759 4361 tuus,
791 4297 1097 4370 confirmat.

691 4387 840 4442 Ilauc
879 4403 1010 4462 ergo
1048 4405 1190 4455 ama,
1231 4406 1346 4457 rex,
1373 4393 1647 4458 virtutem,
1685 4394 1825 4448 hanc
1853 4393 2036 4464 dilige,
2065 4393 2204 4452 banc

620 4492 741 4530 cum
783 4479 978 4548 gaudio
1003 4487 1058 4534 et
1086 4483 1214 4536 totis
1256 4483 1461 4541 viribus
1507 4482 1758 4553 amplecti
1803 4483 2022 4539 festina.
2063 4483 2204 4541 Vere

2303 3297 2381 3351 ait
2411 3315 2423 3350 :
2464 3294 2555 3350 Vir
2577 3297 2622 3350 si
2655 3296 2812 3366 fuerit
2829 3296 3037 3365 justus,
3064 3303 3112 3348 et
3146 3294 3317 3364 fecerit
3335 3289 3554 3363 judicium
3584 3292 3618 3336 et
3632 3278 3725 3350 justi

2298 3390 2450 3452 tiam,
2489 3388 2542 3441 in
2579 3388 2838 3442 montibus
2870 3403 2970 3440 non
2999 3386 3301 3448 comederit,
3336 3393 3378 3435 et
3408 3379 3550 3433 oculos
3571 3384 3726 3427 suum

2302 3481 2546 3536 levaverit
2576 3481 2644 3534 ad
2677 3477 2820 3533 idola
2862 3479 3048 3532 domus
3081 3477 3248 3531 Israel
3278 3490 3296 3527 :
3322 3485 3364 3528 et
3399 3485 3569 3526 uxorem
3591 3459 3727 3535 pronai

2301 3575 2384 3628 sui
2412 3591 2515 3628 non
2550 3572 2838 3638 violaverit,
2882 3579 2931 3625 et
2956 3570 3026 3624 ad
3069 3568 3331 3624 mulierem
3371 3555 3728 3619 menstrualeam

2303 3667 2610 3728 accesserit;
2641 3675 2688 3719 et
2717 3664 2978 3718 hominem
3008 3679 3114 3717 non
3141 3655 3518 3717 contristaverit;
3543 3650 3668 3721 piguit
3682 3641 3729 3692 ά·

2303 3758 2459 3812 bitori
2488 3757 2806 3822 reddiderit;
2837 3767 2886 3810 et
2916 3756 3118 3810 nudum
3142 3753 3388 3826 aperuerit
3408 3749 3730 3832 vestimentaqu-

2303 3868 2420 3906 nem
2448 3867 2601 3906 suum
2627 3850 2876 3904 esurienti
2913 3849 3147 3913 dederit;
3191 3865 3282 3918 per
3305 3846 3399 3899 vim
3430 3838 3535 3895 nihil
3569 3834 3729 3900 ιυρισιῑί

2304 3941 2373 3994 ad
2411 3955 2627 3994 usurant
2667 3957 2770 3993 non
2813 3937 3238 4002 commodaverit,
3287 3944 3330 3990 et
3369 3930 3556 4000 amplius
3592 3929 3730 3976 παλαί’

2303 4032 2535 4102 ceperit;
2593 4031 2658 4084 ab
2713 4030 2990 4101 iniquitate
3053 4028 3293 4083 averterit
3351 4025 3511 4094 faciem
3549 4026 3672 4072 sunt,
3704 4013 3730 4055 α

2307 4121 2560 4179 iudicium
2591 4138 2769 4175 verum
2793 4121 2967 4189 fecerit
2995 4121 3132 4174 inter
3161 4120 3322 4174 virum
3359 4125 3402 4170 et
3426 4114 3581 4172 virum,
3605 4107 3639 4157 in
3653 4113 3730 4169 ριιτ·

2304 4213 2462 4284 ceptis
2494 4213 2619 4266 meis
2643 4210 3004 4274 ambulaverit,
3037 4220 3086 4263 et
3119 4209 3323 4280 judicia
3348 4222 3448 4258 mea
3472 4189 3732 4285 custodieriltl

2306 4282 2468 4374 faciat
2501 4304 2789 4367 veritatem,
2823 4302 2906 4355 llic
2924 4302 3106 4371 justus
3143 4312 3238 4367 est,
3275 4300 3369 4354 vita
3395 4297 3516 4355 rit-et,
3543 4290 3596 4342 ait
3626 4282 3732 4380 Dami-

2306 4413 2403 4451 nus
2435 4395 2652 4466 (Ezeclt.
2707 4409 2864 4458 xvtu,
2896 4393 3032 4465 5-9).
3068 4393 3238 4464 Dilige
3279 4405 3418 4460 ergo,
3449 4400 3542 4444 rex,
3563 4374 3733 4468 justitiam

2304 4494 2360 4542 et
2381 4484 2668 4554 judicium,
2701 4500 2822 4554 quae
2862 4493 2946 4540 est
2969 4485 3053 4540 via
3083 4485 3248 4555 regia,
3279 4490 3329 4537 et
3359 4496 3387 4534 a
3428 4472 3636 4548 prioribus
3655 4475 3734 4529 regl-

620 4569 764 4623 cnim
791 4571 938 4639 regia
979 4571 1062 4626 via
1107 4583 1211 4640 est,
1241 4585 1295 4628 et
1319 4589 1416 4644 per
1445 4588 1503 4629 se
1528 4575 1836 4642 gradientes
1880 4574 2110 4630 feliciter
2137 4577 2204 4631 ad
2233 4575 2284 4633 D
2309 4577 2413 4635 bus.
2463 4575 2758 4645 antiquitus
2804 4575 2951 4628 trita.
3005 4574 3110 4629 Per
3144 4589 3260 4629 eam
3309 4566 3582 4627 desiderium
3615 4558 3734 4611 boum“

622 4670 849 4727 regnum
909 4661 1153 4732 perducit
1200 4673 1482 4720 mternum.
1543 4664 1685 4720 Cave
1733 4680 1802 4720 ne
1847 4665 2085 4722 declines
2139 4667 2208 4722 ad

621 4745 904 4803 dexteram
933 4759 1026 4804 aut
1070 4753 1136 4806 ad
1158 4753 1456 4808 sinistram.
1487 4753 1636 4812 Scito
1661 4755 1788 4824 quia
1815 4755 1956 4811 sicut
1995 4757 2208 4812 Domini

621 4850 706 4895 est
735 4842 930 4897 bonum
956 4845 1232 4915 patientia,
1262 4848 1335 4901 ita
1359 4847 1557 4902 diaboli
1581 4847 1782 4917 malum
1813 4856 1898 4904 est
1925 4849 2208 4918 impatien-

625 4931 720 4985 tia.
754 4932 820 4986 Et
857 4933 992 4989 sicut
1025 4935 1113 4993 ille
1143 4936 1195 4992 in
1221 4953 1328 5010 quo
1358 4937 1622 4994 inhabitat
1648 4946 1702 4993 et
1724 4945 1909 4992 manet
1937 4938 2203 5005 Christus,

622 5026 836 5096 patiens
866 5028 1169 5097 invenitur;
1203 5032 1274 5086 ita
1325 5033 1612 5102 impatiens
1643 5049 1852 5103 semper
1897 5034 1986 5088 ille
2025 5035 2210 5090 existit

625 5114 778 5186 cujus
823 5128 1056 5174 mentem
1105 5121 1300 5176 diaboli
1347 5123 1586 5191 nequitia
1637 5123 1896 5193 possidet.
1935 5123 2015 5178 Tu
2056 5141 2206 5190 vero,

628 5225 748 5275 rex,
779 5213 981 5282 regiam
1013 5213 1154 5267 viam
1189 5222 1330 5277 tene,
1371 5222 1427 5270 et
1461 5229 1568 5269 non
1597 5214 1836 5269 declines
1884 5215 1952 5270 ab
1979 5231 2063 5281 ea,
2114 5217 2209 5272 sed

630 5306 734 5360 ista
765 5307 905 5363 felici
937 5309 1197 5378 beataqne
1225 5309 1442 5374 virtute,
1474 5309 1526 5363 in
1571 5323 1692 5363 eam
1731 5325 1851 5378 qua:
1879 5319 2102 5366 vocatur
2121 5310 2208 5380 ju-

631 5399 802 5465 stitia,
828 5401 1058 5457 actionis
1089 5411 1192 5456 tum
1223 5400 1450 5456 feliciter
1477 5416 1616 5472 pone
1641 5403 1852 5472 pedem.

1159 5512 1428 5568 CAPUT
1487 5512 1663 5567 VIII.

1248 5583 1327 5637 De
1343 5583 1578 5652 justitia.

705 5673 856 5740 Quod
883 5673 1062 5744 regale
1101 5674 1174 5729 sit
1201 5672 1432 5728 olIicium
1468 5673 1644 5728 facere
1682 5673 1946 5742 justitiam
1988 5683 2042 5728 et
2073 5673 2213 5742 judi-

639 5765 801 5831 cium,
837 5766 1100 5824 Jeremias
1137 5775 1381 5832 testatur,
1416 5767 1508 5823 ubi
1537 5785 1549 5822 :
1575 5767 1645 5822 Et
1668 5771 1910 5841 prmcepit
1933 5768 2212 5837 Dominus,

2302 4667 2466 4738 justis
2504 4666 2750 4731 dabitur;
2782 4682 2882 4736 per
2904 4681 3023 4721 eam
3050 4666 3116 4721 de
3146 4663 3380 4734 angustia
3403 4656 3514 4728 justi
3541 4645 3736 4706 liberabunv

2309 4772 2428 4826 iur;
2461 4776 2556 4830 per
2589 4775 2708 4816 cam
2737 4775 2920 4816 semen
2953 4774 3138 4814 eorum
3171 4759 3223 4812 in
3250 4765 3485 4812 aeternum
3507 4738 3734 4830 fundabitut;

2307 4824 2570 4924 per-illam
2601 4853 2797 4907 domus
2819 4867 3005 4906 eorum
3035 4850 3313 4920 plurimam
3345 4842 3541 4913 accipiet
3560 4824 3734 4924 fortitudi-

2308 4959 2451 4998 nem.
2481 4943 2631 4998 Illam
2673 4943 2904 4998 tenendo
2940 4943 3042 4998 erit
3087 4941 3335 4996 memoria
3356 4934 3496 5008 justis
3519 4914 3736 5018 cum

2307 5034 2437 5098 bus;
2487 5033 2634 5088 illam
2665 5033 2941 5103 sequendo
2971 5032 3143 5086 sancti
3181 5005 3449 5099 diligemur
3471 5037 3497 5075 a
3521 5017 3625 5076 Deo;
3650 5005 3735 5103 ί¹¹³ξ¹¹

2308 5093 2661 5181 custodiendo
2701 5093 3083 5182 esaltabuntur
3125 5125 3192 5178 ab
3235 5093 3323 5184 eo;
3356 5118 3483 5172 illam
3510 5093 3736 5165 observando

2309 5215 2812 5273 honorificabuntur
2852 5215 2922 5270 ab
2967 5230 3068 5280 eo;
3113 5215 3164 5269 in
3192 5212 3274 5269 illa
3303 5208 3492 5265 fidendo
3513 5198 3737 5264 absquctcr-

2312 5324 2434 5363 rore
2454 5317 2617 5363 erunt
2633 5307 2784 5375 quasi
2814 5305 2916 5361 leo.
2940 5305 3266 5362 Laborantes
3287 5303 3339 5357 in
3361 5315 3417 5354 ea
3435 5284 3735 5351 benedictionem

2312 5405 2710 5466 consequentur
2737 5405 3026 5460 atternam;
3075 5403 3348 5466 operaan
3373 5402 3478 5444 cum
3513 5381 3580 5436 illa
3612 5379 3738 5427 mm?"

2314 5492 2435 5548 dem
2483 5490 2750 5559 accipient
2797 5490 3208 5560 sempiternam;
3256 5487 3384 5542 sicut
3427 5477 3628 5544 scriptum
3657 5466 3733 5516 (⁵⁵⁸³

2315 5587 2473 5644 Datio
2506 5586 2603 5640 Dei
2627 5596 2892 5656 permanet
2909 5586 3092 5656 justis,
3115 5593 3162 5638 et
3197 5577 3455 5636 benedictio
3479 5572 3570 5641 ejus
3593 5565 3630 5616 ίη
3655 5566 3736 5652 mf"

2317 5677 2490 5733 cedent
2519 5677 2634 5746 ejus
2665 5675 2876 5745 festinat
2909 5675 3097 5744 (Eccli.
3129 5690 3165 5738 ι,
3211 5671 3282 5742 7).
3319 5670 3431 5723 llaec
3462 5657 3612 5718 cstvia
3634 5657 3734 5712 ﬁt“.

2315 5784 2411 5840 per
2439 5745 2623 5837 quam,
2657 5783 2771 5834 res,
2802 5767 3050 5838 gradiens
3071 5769 3176 5824 cito
3213 5760 3467 5836 pervenies
3493 5751 3546 5808 ad
3565 5745 3734 5818 P9"?eun
