4000 6458
270 341 374 400 969

1716 337 1826 395 VIA
1867 336 2095 393 REGIA.

3428 333 3534 390 950

268 468 454 526 regna.
493 452 600 512 Sed
641 460 878 525 tempera
917 452 1208 525 justitiam,
1247 460 1305 509 et
1345 451 1680 509 crudelitatis
1715 450 1856 507 solli-
1881 453 1927 512 Α
1954 447 2271 519 populorum
2302 447 2639 519 constipatur
2667 447 2923 513 catervis,
2945 444 3056 502 illic
3094 445 3276 503 choris
3302 449 3533 504 comita-

270 546 376 600 cite
394 558 526 600 cave
551 542 846 600 sinistram.
877 542 1204 616 Temperata
1232 544 1433 600 etenim
1457 541 1625 612 justia
1653 542 1858 612 regiam

270 644 416 692 tenet
435 636 596 692 viam.
624 636 779 704 Quod
801 638 848 692 si
867 645 1026 694 caute
1050 652 1158 693 non
1195 646 1552 709 temperetur,
1576 637 1631 693 in
1662 636 1858 691 crude-

269 729 474 786 litatem
501 729 610 786 cito
638 730 918 786 dilabitur.

880 823 1110 881 CAPUT
1151 824 1249 880 IX.

890 914 969 971 De
985 915 1218 986 judicio.

339 1000 446 1059 Sed
488 1017 557 1058 ne
593 1002 699 1059 hoc
731 1003 828 1059 tibi
870 1004 1102 1069 eveniat,
1149 1003 1464 1060 salutariter
1498 1012 1553 1060 te
1601 1003 1856 1061 admonet

267 1093 561 1162 scriptura,
588 1093 772 1149 dicens
806 1113 819 1148 :
850 1093 917 1148 In
938 1093 1232 1164 judicando
1264 1103 1373 1149 esto
1402 1095 1615 1165 pupillis
1645 1097 1854 1151 miseri-

267 1203 383 1241 cors
404 1196 461 1240 ut
480 1196 648 1257 pater,
673 1196 722 1242 et
740 1205 833 1259 pro
862 1189 972 1242 viro
993 1188 1151 1242 matri
1180 1186 1393 1242 illorum
1414 1204 1433 1242 :
1458 1197 1505 1242 et
1534 1189 1636 1242 eris
1667 1196 1722 1241 tu
1751 1187 1855 1242 vel-

268 1287 324 1332 ut
370 1277 516 1347 filius
546 1277 801 1335 Altissimi
841 1279 1105 1347 obediens,
1142 1289 1192 1334 et
1230 1281 1557 1336 miserebitur
1582 1282 1658 1336 tui
1684 1283 1851 1353 magis

263 1386 423 1441 quam
448 1379 619 1424 mater
643 1369 835 1443 (Eccli.
864 1387 938 1436 iv,
971 1370 1082 1442 10).
1109 1371 1210 1428 Job
1244 1386 1461 1443 quoque
1483 1371 1560 1426 ait
1597 1387 1612 1426 :
1649 1370 1849 1427 Oculus

264 1460 344 1533 fui
372 1476 533 1525 εωοο,
576 1470 626 1515 et
662 1478 751 1532 pes
788 1460 978 1516 claudo
1023 1476 1042 1514 :
1078 1471 1228 1533 pater
1258 1478 1404 1517 eram
1454 1479 1761 1534 pauperum,
1799 1473 1849 1518 et

263 1566 479 1604 causam
502 1566 661 1621 quam
682 1552 992 1617 nesciebam,
1024 1551 1423 1623 diligentissime
1449 1552 1843 1623 inuestigabam,

263 1638 588 1693 conterebam
625 1638 793 1694 molas
815 1641 1004 1711 iniqui,
1032 1650 1080 1695 et
1108 1640 1173 1695 de
1194 1640 1437 1695 dentibus
1465 1640 1610 1695 illius
1637 1624 1877 1710 aufere:

263 1727 384 1783 bam
409 1730 662 1799 prtedam.
692 1728 912 1784 Flebam
952 1730 1218 1798 quondam
1246 1747 1403 1800 super
1423 1747 1483 1787 eo
1505 1732 1596 1802 qui
1624 1731 1844 1801 afflictus

257 1826 393 1882 erat,
424 1826 471 1872 et
494 1818 907 1889 compatiebatur
931 1820 1109 1873 anima
1135 1836 1249 1873 mea
1277 1821 1498 1891 pauperi
1524 1819 1648 1893 (Job
1689 1836 1841 1887 χχιι,
1876 1817 1921 1877 Β

266 1908 378 1980 15).
409 1907 542 1963 Nam
568 1918 625 1964 et
644 1910 786 1967 lianc
813 1911 1016 1982 regiam
1043 1926 1165 1967 esse
1193 1911 1448 1966 virtutem
1469 1927 1564 1968 rex
1591 1899 1857 1971 Salomon

264 2000 545 2070 approbat,
583 1999 772 2057 dicens
803 2018 816 2056 :
861 2001 973 2055 Rex
993 2003 1090 2071 qui
1099 2001 1299 2069 iudicat
1330 2004 1385 2057 in
1407 2004 1623 2057 veritate
1653 2019 1849 2074 paupe-

264 2106 370 2156 res,
398 2090 617 2144 thronus
641 2091 756 2161 ejus
783 2091 838 2145 in
873 2100 1124 2145 (eternum
1145 2091 1448 2160 firmabitur
1480 2092 1663 2164 (Prov.
1694 2108 1845 2157 ms,

266 2182 377 2254 14).
432 2182 490 2238 Si
521 2184 603 2239 vis
628 2198 781 2255 ergo,
812 2198 847 2238 ο
894 2199 1014 2249 rex,
1057 2191 1118 2237 ut
1144 2185 1369 2240 thronus
1403 2192 1528 2240 tuus
1554 2200 1585 2239 a
1620 2184 1849 2241 Domino

265 2272 532 2341 ﬁrmetur,
564 2289 673 2329 non
716 2288 896 2330 cesses
919 2272 1218 2345 justifieare
1258 2289 1551 2345 pauperem
1594 2284 1648 2330 et
1676 2275 1850 2346 pupil-

265 2363 397 2426 lum,
423 2379 529 2419 non
573 2378 755 2420 cesses
787 2364 1078 2420 subvenire
1116 2364 1292 2419 viduae
1325 2373 1381 2419 et
1407 2379 1693 2436 oppresso,
1739 2381 1849 2422 non

265 2467 450 2509 cesses
476 2452 767 2509 defendere
788 2454 1051 2509 advenam
1073 2462 1128 2509 et
1151 2453 1475 2520 desolatum,
1505 2454 1728 2510 subveni
1749 2455 1823 2511 mi
1838 2489 1850 2498 ο

263 2558 409 2608 sero,
439 2543 588 2599 eleva
610 2544 900 2615 iacentem,
926 2544 1097 2600 solida
1122 2542 1486 2611 confractum,
1523 2544 1768 2602 conforta
1794 2554 1850 2602 et

268 2633 465 2687 robora
506 2632 729 2699 lassum,
776 2634 980 2689 divitiis
1020 2649 1128 2689 non
1178 2649 1361 2690 cesses
1409 2634 1599 2691 fulcire
1642 2636 1854 2692 mendi-

266 2738 423 2790 cum,
443 2723 510 2779 de
536 2738 698 2779 manu
718 2726 1024 2796 peccatoris
1047 2740 1155 2781 non
1175 2740 1357 2783 cesses
1374 2726 1609 2783 liberare
1627 2743 1849 2799 Oppres-

267 2828 411 2869 sum.
456 2815 593 2871 Audi
625 2815 769 2886 quod
806 2817 1022 2889 regibus
1051 2832 1347 2890 regumque
1363 2816 1636 2887 iudicibus
1666 2820 1849 2875 Domi-

268 2923 374 2962 nus
414 2921 511 2978 per
564 2908 734 2964 David
783 2909 1027 2965 clamitat
1047 2910 1233 2967 dicens
1261 2928 1274 2965 :
1301 2910 1550 2968 Judicate
1590 2930 1749 2986 egeno
1797 2923 1847 2968 et

264 2996 467 3072 pupillo
509 3013 528 3051 :
569 2997 817 3053 humilem
871 3008 920 3053 et
967 3016 1246 3070 pauperem
1284 3000 1596 3071 justificate.
1644 3002 1848 3073 Eripite

265 3105 567 3159 pauperem,
606 3099 655 3143 et
699 3106 916 3160 egenum
976 3091 1041 3143 de
1092 3107 1251 3143 manu
1296 3093 1585 3161 peccatoris
1629 3092 1846 3149 liberate

1962 549 2053 596 tur
2092 540 2382 612 angelicis;
2416 539 2506 595 hic
2532 539 2812 595 hominum
2840 537 3184 593 multitudine
3213 538 3535 606 delectatur,

1957 631 2068 688 illic
2106 646 2228 687 cum
2271 629 2583 702 angelorum
2624 630 2792 686 choro
2834 628 3067 694 lietatur,
3103 628 3191 683 hic
3224 627 3301 683 illi
3346 630 3534 685 militia

1958 722 2168 792 imperii
2207 721 2563 791 obtemperat,
2592 719 2704 776 illic
2729 720 2784 775 in
2809 718 2998 774 militia
3031 717 3411 788 Redemptoris
3435 734 3533 775 ex-

1955 814 2153 881 sultat;
2193 814 2284 870 hic
2311 814 2449 870 stola
2478 812 2704 869 vestitus
2747 812 2915 884 regali
2955 813 3197 878 nitescit,
3232 812 3342 869 illic
3363 811 3536 884 gloria

1955 904 2384 960 immortalitatis
2408 903 2667 975 refulget;
2700 904 2790 959 hic
2824 904 2969 975 regis
2993 903 3297 960 diademata
3331 911 3533 973 portat,

1955 994 2065 1050 illic
2098 995 2293 1067 gaudio
2325 994 2708 1050 exsultationis
2735 994 3004 1057 resultat;
3033 993 3125 1050 hic
3158 995 3363 1050 terreni
3392 994 3536 1065 regis

1954 1085 2096 1144 filius
2123 1087 2414 1154 vocitatur,
2468 1086 2578 1142 illic
2605 1086 2846 1143 caelestis
2873 1086 3037 1157 Regis
3068 1086 3212 1142 filius
3248 1082 3537 1141 confirma-

1952 1186 2080 1245 tur;
2108 1179 2197 1235 hic
2222 1179 2423 1235 terreni
2459 1179 2610 1249 regni
2636 1177 2898 1234 decenter
2918 1192 3170 1249 magnam
3198 1177 3538 1248 capitvhaire-
3602 1230 3613 1243 ,

1951 1269 2195 1335 ditatem,
2237 1270 2347 1326 illic
2374 1268 2615 1327 caelestis
2655 1269 2804 1341 regni
2839 1268 3051 1324 felicem
3086 1268 3314 1324 feliciter
3337 1268 3537 1340 accipit

1949 1364 2276 1435 portionem.
2305 1362 2432 1419 Haec
2461 1372 2523 1418 ut
2545 1362 2641 1419 tibi
2663 1362 2896 1427 eveniat,
2924 1360 3226 1415 clarissime
3266 1376 3380 1426 rex,
3407 1360 3537 1416 totis

1948 1456 2158 1511 viribus
2178 1455 2428 1511 laborare
2449 1470 2557 1510 non
2585 1470 2796 1519 cesses;
2826 1453 3003 1508 nullus
3027 1460 3081 1507 te
3104 1451 3315 1508 felicior
3335 1454 3462 1518 erit,
3488 1453 3538 1508 si

1950 1546 2048 1602 tibi
2101 1546 2238 1612 lucc,
2291 1546 2585 1602 auxiliante
2639 1545 2888 1621 Domino},
2926 1543 3195 1608 evenerit;
3248 1541 3426 1596 nullus
3482 1550 3536 1597 te

1949 1636 2299 1691 transcendet
2327 1635 2381 1690 in
2406 1635 2597 1708 gloria,
2626 1636 2672 1693 si
2712 1635 2827 1690 haec
2851 1635 2945 1690 tibi
2976 1650 3007 1688 a
3036 1633 3264 1689 Domino
3305 1631 3537 1689 feliciter

1948 1724 2113 1785 fuerit
2138 1725 2351 1784 collata.

2579 1793 2808 1852 CAPUT
2845 1794 2913 1851 Χ.

2491 1883 2570 1942 De
2606 1879 3009 1944 misericordia.~

2020 2003 2123 2070 Qui
2158 2000 2328 2068 enini,
2375 2000 2606 2056 Domino
2636 1999 2946 2069 adiuvante,
2978 1998 3066 2067 pie
3095 1997 3243 2066 cupit
3272 2009 3538 2067 pauperes

1947 2098 2004 2145 et
2032 2090 2245 2155 viduas,
2276 2090 2513 2144 advenas
2538 2096 2595 2143 et
2620 2086 2854 2158 pupillos
2882 2083 3191 2149 defendere,
3222 2083 3534 2138 misericor-

1950 2183 2114 2248 diter,
2138 2182 2186 2238 si
2216 2182 2379 2248 valet,
2405 2196 2597 2238 eorum
2621 2181 2861 2252 inopiam
2903 2180 3059 2235 bonis
3091 2179 3205 2234 suis
3229 2176 3537 2235 debet-abs-

1950 2282 2182 2345 tergere,
2230 2280 2286 2329 et
2335 2273 2738 2329 mendicitatem
2787 2286 2978 2328 eorum
3023 2270 3386 2341 eleemosynis
3428 2268 3536 2325 fre-

1948 2369 2182 2434 quenter
2200 2363 2360 2418 debet
2381 2362 2593 2418 fulcire.
2618 2360 2772 2417 Sicut
2799 2361 3061 2432 scriptum
3093 2368 3177 2415 est
3211 2377 3223 2413 :
3250 2358 3382 2424 Fili,
3404 2357 3537 2413 elec-

1948 2469 2220 2525 mosynam
2259 2453 2506 2525 pauperis
2546 2469 2609 2507 ne
2639 2452 2944 2523 defraudes,
2993 2460 3043 2506 et
3087 2449 3267 2506 oculos
3306 2462 3425 2505 tuos
3472 2467 3537 2505 ne

1949 2557 2267 2603 transvertas
2286 2565 2321 2603 a
2342 2564 2590 2619 paupere.
2607 2547 2852 2601 Animam
2876 2545 3188 2601 esurientem
3215 2561 3277 2599 ne
3290 2545 3536 2615 despexe-

1949 2644 2024 2697 ris
2050 2684 2063 2707 ,
2095 2652 2144 2697 et
2186 2660 2291 2698 non
2335 2658 2608 2713 exasperes
2649 2658 2929 2714 pauperem
2980 2643 3037 2696 in
3071 2642 3250 2713 inopia
3283 2659 3402 2698 sua.
3428 2640 3535 2696 Cor

1947 2732 2119 2804 inopis
2138 2749 2202 2787 ne
2221 2733 2488 2805 amiseris,
2513 2742 2562 2786 et
2589 2749 2693 2786 non
2712 2732 2990 2802 protrahas
3012 2731 3196 2785 datum
3224 2731 3536 2802 angustian-

1949 2822 1988 2875 ti
2012 2835 2031 2873 :
2055 2822 2373 2893 rogationem
2398 2819 2737 2877 contribulati
2757 2839 2820 2879 ne
2845 2821 3068 2892 abjicias
3090 2836 3108 2874 :
3134 2831 3309 2877 etnon
3329 2829 3534 2877 avertas

1949 2909 2146 2980 faciam
2174 2921 2321 2965 tuam
2350 2910 2421 2964 ab
2462 2925 2621 2981 egeno
2649 2922 2668 2961 :
2699 2909 2765 2964 ab
2799 2910 2951 2981 inope
2995 2927 3061 2965 ne
3107 2920 3311 2966 avertas
3355 2908 3535 2965 oculos

1948 3009 2085 3056 tuos.
2126 3001 2342 3057 Declina
2390 3002 2609 3073 pauperi
2648 3002 2760 3056 sine
2790 3002 3007 3056 tristitia
3041 3018 3224 3057 aurem
3261 3011 3425 3065 tuam,
3483 3010 3534 3056 et

1951 3092 2108 3145 redde
2132 3092 2361 3146 debitum
2390 3100 2559 3158 tuum,
2591 3101 2641 3146 et
2672 3091 2927 3163 responde
2953 3090 3033 3145 illi
3053 3091 3277 3163 paciﬁca
3303 3092 3359 3146 in
3383 3107 3536 3146 man-

268 3178 678 3278 f-Psal.-u_xx1,
718 3182 798 3254 5).
840 3182 975 3239 Uuic
1001 3185 1282 3240 sententiae
1324 3186 1660 3241 concordans
1710 3183 1848 3240 liber
1873 3165 1921 3278 ρ
1950 3183 2222 3238 suetudine
2254 3183 2442 3253 (Eccli.
2476 3199 2552 3248 iv,
2590 3184 2614 3237 ί
2650 3193 2697 3237 et
2728 3182 2917 3256 seqq.).
2952 3182 3176 3255 Propter
3220 3183 3532 3278 mandatum

267 3269 682 3332 Ecclesiasticus
706 3274 782 3327 ait
824 3291 837 3326 :
872 3273 1059 3336 Libera
1086 3291 1204 3330 eum
1239 3276 1330 3347 qui
1357 3276 1611 3347 injuriam
1649 3276 1852 3347 patitur

267 3361 335 3416 de
383 3379 543 3417 manu
587 3363 795 3435 superbi
824 3363 1014 3437 (Eccli.
1067 3380 1145 3431 Iv,
1173 3364 1251 3437 9).
1301 3365 1469 3420 Isaias
1498 3364 1850 3419 nihilominus

270 3454 576 3525 prmdicans
597 3455 674 3509 ait
699 3471 711 3508 :
738 3453 971 3521 Quterite
989 3456 1271 3527 judicium,
1299 3457 1562 3513 subvenite
1583 3472 1855 3526 oppresso,

259 3544 505 3616 judicate
522 3544 746 3617 pupillo,
767 3544 1029 3616 defendite
1044 3546 1257 3601 viduam
1283 3588 1297 3613 ,
1323 3556 1371 3601 et
1392 3546 1553 3606 venite
1576 3556 1626 3601 et
1646 3548 1853 3618 arguite

269 3650 374 3700 me,
398 3634 526 3689 dicit
556 3635 834 3691 Dominus.
863 3634 921 3695 Si
949 3635 1142 3706 fuerint
1161 3645 1373 3707 peccata
1402 3639 1570 3692 vestra
1595 3647 1651 3691 ut
1680 3637 1849 3691 cocci-

270 3741 418 3791 num,
458 3726 611 3797 quasi
657 3727 749 3782 nia:
799 3726 1219 3793 dealbabuntur;
1268 3738 1317 3783 et
1360 3728 1407 3783 si
1441 3728 1637 3798 fuerint
1691 3729 1851 3785 rubra

267 3817 424 3888 quasi
448 3817 776 3882 vermiculus,
808 3817 949 3873 velut
998 3817 1126 3873 lana
1152 3817 1273 3873 alba
1297 3826 1471 3875 erunt.
1497 3816 1557 3874 Si
1575 3818 1850 3879 nolueritis

269 3918 319 3963 et
348 3908 622 3965 audieritis
647 3926 747 3974 me,
777 3910 912 3967 bona
933 3919 1085 3966 terra:
1104 3910 1381 3965 comedetis
1409 3909 1540 3982 (Isa.
1569 3926 1608 3977 ι,
1640 3910 1847 3984 17-19).

273 3997 408 4055 Vide
426 4015 555 4072 ergo
579 4008 633 4056 et
660 4000 944 4072 diligenter
964 4003 1203 4067 attende,
1232 4020 1266 4057 o
1296 4018 1414 4068 rex,
1443 4003 1574 4073 quid
1599 4002 1850 4059 defenso-

174 4144 181 4150 .
272 4089 423 4146 ribus
459 4090 675 4146 eveniat
699 4105 1025 4162 pauperum;
1052 4106 1112 4146 se
1144 4091 1253 4146 illis
1280 4104 1400 4147 esse
1420 4091 1737 4158 debitorem,
1768 4107 1853 4147 se-

272 4198 382 4253 que
433 4182 761 4239 redditorem
789 4183 1107 4253 pronuntiat
1158 4183 1323 4250 Deus,
1374 4183 1517 4239 nivis
1560 4184 1850 4240 candorem

270 4272 650 4343 peccatoribus
670 4274 952 4343 promittit,
982 4281 1037 4330 et
1070 4273 1207 4330 alba:
1224 4274 1361 4330 lanae
1381 4263 1711 4333 munditiem
1736 4276 1853 4347 pol-

273 4362 505 4425 licetur:
538 4373 811 4434 postremo
841 4366 983 4422 bona
1014 4374 1173 4423 terrae
1195 4368 1479 4423 comedere
1503 4369 1713 4435 tribuit,
1746 4378 1852 4425 ter-

271 4469 350 4511 rae
377 4453 583 4509 scilicet
602 4454 744 4510 illius
767 4456 833 4510 de
862 4471 967 4525 qua
988 4457 1245 4527 scriptum
1282 4466 1366 4513 est
1392 4477 1404 4512 :
1433 4458 1612 4512 Sancti
1634 4458 1685 4512 in
1707 4468 1849 4514 terra

272 4562 373 4601 sua
406 4547 639 4619 duplicia
684 4550 1019 4619 possidebunt
1062 4549 1196 4622 (Isa.
1239 4568 1351 4617 LXI,
1404 4552 1513 4624 Π),
1565 4553 1712 4608 etde
1741 4567 1849 4622 qua

273 4636 559 4696 Psalmista
602 4639 679 4693 ait
707 4658 720 4693 :
751 4638 920 4694 Credo
955 4642 1129 4695 videre
1166 4641 1301 4696 bona
1326 4642 1543 4700 interra
1571 4645 1851 4698 virentium

275 4726 451 4798 (Ρεαι.
478 4742 640 4795 mi,
671 4728 781 4801 ιδ).
829 4729 984 4785 Vides
1006 4731 1132 4801 quia
1156 4730 1297 4786 bona
1322 4716 1485 4787 terra:
1503 4739 1718 4787 aeternae
1744 4732 1852 4788 illis

274 4823 495 4893 regibus
529 4825 917 4891 conceduntur,
947 4826 1036 4895 qui
1076 4826 1166 4881 hic
1210 4841 1506 4899 pauperum
1538 4826 1852 4884 defensores

276 4915 537 4969 existunt.
584 4914 692 4971 lllis
731 4916 784 4970 in
819 4931 1000 4972 escam
1043 4914 1250 4971 fructus
1294 4924 1510 4971 aeterna:
1537 4918 1852 4978 conceditur

276 5010 458 5067 terrae,
484 5004 576 5073 qui
594 5005 683 5059 hic
700 5018 961 5074 pauperes
985 5006 1162 5061 sciunt
1187 5004 1475 5061 defendere
1502 5005 1610 5077 pie.
1640 5006 1849 5064 fructus

276 5093 510 5163 optimos
530 5094 737 5149 scilicet
756 5094 1089 5165 augelnrum,
1123 5093 1329 5149 fructus
1358 5104 1612 5158 aeternos,
1643 5095 1851 5153 fructus

276 5193 587 5256 perpetuos,
610 5185 817 5241 fructus
839 5186 1177 5242 dulcissimos
1200 5193 1256 5240 et
1296 5186 1717 5253 amantissimos,
1736 5189 1850 5258 ple-

278 5290 379 5330 nos
420 5276 702 5331 saturitate
729 5283 782 5330 ct
814 5275 1159 5347 pinguedine,
1201 5275 1600 5345 plenosilietitia
1640 5283 1694 5333 et
1721 5293 1851 5348 gau.

277 5366 387 5431 dio,
419 5365 608 5435 plenos
643 5365 898 5421 felicitate
930 5376 984 5422 et
1019 5367 1208 5438 gloria.

349 5457 395 5512 0
420 5472 584 5527 quam
628 5458 785 5512 beata
825 5466 909 5512 est
936 5458 1044 5511 vita
1089 5474 1277 5531 regum
1309 5447 1601 5530 iustorum,
1648 5476 1769 5532 quae
1794 5472 1848 5518 et

278 5547 370 5603 liic
396 5547 779 5617 temporalibus
799 5549 962 5603 rebus
985 5545 1116 5603 fulta
1151 5550 1387 5615 nitescit,
1416 5559 1472 5606 et
1504 5551 1559 5606 in
1588 5558 1847 5609 teternum

278 5654 402 5693 cum
453 5639 657 5710 angelis
696 5638 1073 5695 immortaliter
1115 5642 1403 5711 requiescit
1444 5642 1577 5698 :hic
1619 5644 1849 5700 terrenis

280 5728 518 5799 nutritur
560 5729 789 5797 deliciis,
837 5728 946 5786 illic
998 5730 1168 5803 gloria
1218 5731 1446 5789 vestitur
1487 5732 1726 5801 decoris;
1758 5733 1846 5791 hic

1950 3290 2158 3328 assume
2179 3290 2459 3345 pauperem
2485 3288 2502 3326 :
2528 3282 2577 3329 et
2600 3284 2810 3345 propter
2828 3274 3059 3344 inopiam
3081 3274 3197 3343 ejus
3218 3289 3282 3326 ne
3296 3272 3531 3327 dimittas

1949 3370 2328 3422 eum'vacuum.
2353 3364 2620 3420 Conclude
2651 3364 3029 3435 elemosynam
3054 3366 3110 3420 in
3150 3380 3243 3419 cor
3265 3364 3532 3435 pauperis,

1950 3466 1999 3511 et
2023 3456 2135 3509 ha'c
2159 3472 2255 3527 pro
2284 3466 2333 3510 te
2384 3455 2620 3510 exorabit
2659 3456 2724 3510 ab
2753 3456 2895 3510 omni
2920 3453 3079 3510 malo.
3131 3453 3302 3526 Super
3327 3463 3536 3513 scutum

1950 3547 2193 3618 potentis,
2240 3556 2287 3601 et
2317 3564 2474 3617 super
2511 3545 2750 3601 lanceam
2797 3547 3047 3601 adversus
3086 3545 3357 3601 inimicum
3385 3553 3533 3599 tuum

1950 3638 2194 3710 purgabit
2242 3636 2433 3707 (Eccli.
2464 3653 2618 3702 XXIX,
2650 3638 2737 3703 12,
2770 3636 2857 3704 l5,
2889 3635 2999 3703 l8).
3042 3635 3147 3692 Sed
3171 3644 3225 3692 et
3261 3636 3405 3706 quod
3430 3636 3535 3690 ista

1951 3731 2124 3786 virtus
2153 3731 2223 3785 sit
2248 3730 2416 3802 regia,
2456 3745 2553 3784 rex
2584 3728 2838 3786 Salomon
2883 3729 2937 3784 in
2964 3728 3275 3784 Proverbiis
3295 3728 3529 3793 indicat;

1953 3822 2031 3876 ait
2054 3821 2201 3877 enim
2224 3836 2239 3876 :
2272 3820 2640 3875 Misericordia
2656 3829 2704 3875 et
2728 3821 2920 3875 veritas
2940 3819 3241 3874 custodiunt
3263 3834 3451 3890 regem,
3483 3830 3535 3873 et

1952 3914 2232 3968 roboratur
2272 3913 2547 3967 clementia
2606 3913 2827 3966 thronus
2870 3911 2983 3981 ejus
3037 3908 3220 3981 (Prov.
3274 3926 3376 3976 xx,
3417 3909 3529 3981 28).

1953 4002 2122 4059 David
2142 4019 2357 4075 quoque
2382 4012 2490 4058 tam
2514 4004 2580 4060 de
2598 4017 2658 4058 se
2676 4018 2839 4073 quam
2862 4011 2918 4057 et
2944 4003 3010 4057 de
3033 4001 3283 4060 omnibus
3299 4001 3536 4057 eleemo-

1951 4111 2114 4166 synas
2143 4095 2569 4150 misericorditer
2611 4093 2938 4149 facientibus
2966 4092 3042 4147 ait
3073 4107 3097 4150 ξ
3116 4091 3311 4146 Beatus
3341 4094 3420 4146 vir
3442 4093 3532 4163 qui

1952 4184 2193 4257 intelligit
2213 4201 2370 4255 super
2396 4201 2611 4256 egenum
2639 4194 2686 4239 et
2706 4201 2985 4256 pauperem
3014 4197 3032 4237 :
3064 4185 3119 4238 in
3144 4184 3229 4239 die
3250 4183 3391 4238 mala
3413 4183 3537 4239 libe-

1953 4276 2089 4330 rabit
2116 4292 2235 4331 eum
2255 4274 2510 4330 Donﬁnus
2536 4274 2709 4347 (Psal.
2734 4291 2823 4340 XL,
2853 4273 2925 4348 i).
2949 4272 3049 4333 Job
3070 4289 3284 4344 quoque
3306 4274 3548 4345 simplex,

1953 4378 2009 4425 et
2052 4376 2231 4423 rectus
2268 4384 2333 4424 ac
2363 4370 2558 4423 timens
2591 4369 2781 4433 Deum,
2829 4369 2898 4423 de
2935 4382 2995 4423 se
3033 4382 3199 4423 verax
3252 4367 3532 4438 proferens

1954 4459 2346 4523 testimonium,
2388 4458 2711 4515 fiducialiter
2743 4460 2822 4514 ait
2865 4478 2877 4514 :
2912 4458 2972 4515 Si
3002 4461 3184 4531 negavi
3211 4459 3351 4532 quod
3395 4458 3532 4515 vole-

1954 4547 2097 4613 bant,
2127 4548 2462 4619 pauperibus,
2501 4558 2551 4603 et
2588 4547 2766 4603 oculos
2794 4548 2967 4605 vidua:
3000 4556 3298 4619 exspectare
3326 4547 3446 4618 feci.
3472 4546 3531 4606 Si

1952 4640 2150 4695 comedi
2174 4639 2465 4696 buccellant
2477 4640 2834 4705 meamsolus,
2858 4648 2909 4694 et
2931 4622 3036 4695 adh
3058 4639 3280 4695 comedit
3298 4638 3531 4711 pupillus

1951 4746 2019 4786 ex
2049 4748 2131 4785 ea.
2168 4730 2331 4803 (Quia
2354 4731 2420 4784 ab
2441 4731 2668 4801 infantia
2692 4748 2807 4785 mea
2831 4731 2990 4785 crevit
3016 4748 3216 4786 mecum
3239 4732 3529 4794 miseratio,

1952 4833 2000 4878 et
2026 4824 2091 4878 de
2126 4832 2273 4878 utero
2314 4824 2501 4877 matris
2542 4839 2671 4877 mete
2697 4840 2903 4895 egressa
2948 4832 3023 4879 est
3049 4825 3295 4894 mecum.)
3333 4822 3396 4877 Si
3437 4823 3530 4877 de-

1951 4914 2098 4986 spexi
2140 4924 2460 4986 pereuntem,
2482 4930 2542 4969 eo
2582 4915 2722 4985 quod
2753 4932 2856 4969 non
2881 4915 3119 4970 habuerit
3144 4915 3524 4977 indumentum,

1954 5015 2003 5059 et
2027 5004 2219 5076 absque
2244 5004 2560 5076 operimento
2585 5021 2883 5076 pauperem.
2934 5002 2994 5059 Si
3026 5022 3126 5059 non
3157 4997 3529 5057 benedia'ernnt

1953 5097 2085 5151 mihi
2104 5096 2271 5151 latera
2292 5097 2428 5167 ejus,
2460 5106 2507 5150 et
2535 5097 2598 5150 de
2624 5096 2895 5151 velleribus
2924 5098 3097 5151 ovium
3124 5112 3357 5149 mearum
3392 5094 3529 5149 cale-

1956 5187 2128 5257 factus
2170 5196 2279 5247 est.
2321 5187 2382 5243 Si
2431 5185 2592 5241 levavi
2635 5204 2792 5259 super
2812 5186 3066 5259 pupillum
3100 5204 3311 5241 manum
3336 5202 3526 5259 meum,

1956 5202 2128 5257 [actus
2170 5202 2279 5247 est.
2321 5202 2381 5243 Si
2431 5202 2590 5241 levavi
2635 5204 2792 5259 super
2812 5202 3066 5259 pupulum
3100 5204 3311 5241 manum
3418 5204 3526 5253 am,

1955 5277 2110 5332 eiam
2137 5293 2255 5332 cum
2282 5278 2506 5333 viderem
2536 5294 2616 5333 me
2640 5280 2695 5333 in
2724 5288 2875 5351 porta
2896 5278 3212 5347 superiorem
3238 5292 3257 5331 :
3278 5202 3529 5341 hu'stqeerus

1956 5384 2101 5423 meus
2131 5385 2161 5422 a
2176 5367 2430 5438 junctum
2476 5386 2575 5425 sua
2612 5369 2790 5435 cadat,
2831 5377 2880 5423 et
2910 5368 3178 5422 brachium
3212 5365 3382 5423 meum
3404 5366 3529 5427 tum

1953 5458 2064 5511 suis
2097 5459 2311 5513 ossibus,
2346 5457 2710 5530 confringatur
2736 5457 2878 5528 (Job.
2914 5473 3063 5520 xxxx,
3115 5456 3202 5522 i6,
3252 5457 3364 5530 22).
3412 5457 3528 5514 Non

1954 5550 2098 5604 enim
2129 5550 2304 5621 tepide
2345 5559 2436 5607 aut
2465 5551 2617 5609 tarde
2654 5564 2754 5604 nec
2782 5549 3119 5605 formidando
3161 5551 3529 5623 eleemosynas

1953 5657 2177 5714 erogare
2196 5644 2374 5707 debet,
2398 5644 2487 5714 qui
2511 5658 2574 5696 ex
2604 5642 2710 5697 illis
2742 5640 2974 5697 feliciter
2998 5642 3365 5697 thesaurisare
3409 5658 3531 5713 spe-

1953 5743 2035 5792 rat
2064 5736 2117 5791 in
2144 5735 2298 5792 caelo.
2347 5735 2480 5791 Cum
2508 5745 2697 5803 magna
2729 5731 2927 5789 mentis
2970 5732 3242 5790 hilaritate
3270 5733 3519 5804 pauperi-
