4000 6456
648 307 748 364 951

1925 299 2275 360 SMARAGDI
2312 304 2606 362 ABBATIS
3681 321 3743 376 bii

646 422 751 479 bus
772 420 1029 477 debemus
1053 418 1422 490 eleemosynas
1448 416 1597 482 dare,
1626 416 1842 488 quando
1871 416 1973 487 ipsi
1996 417 2224 474 Domino
2249 422 2299 482 Α
2322 419 2539 488 pliciter
2572 420 2913 490 postmodum
2952 420 3161 487 reddat,
3202 420 3255 476 in
3301 424 3576 494 pauperibus
3599 429 3744 493 ειαω..

650 513 768 569 sine
796 512 960 567 dubio
1002 511 1181 577 datur,
1211 510 1357 579 quod
1392 509 1716 579 pauperibus
1760 509 2002 563 hilariter
2030 524 2225 579 eroga-

648 609 759 656 tur.
806 600 925 671 lpse
971 614 1203 669 namque
1238 598 1499 652 Dominus
1555 599 1608 652 in
1651 595 1856 666 judicio
1906 598 2011 663 his,
2066 599 2156 668 qui
2196 613 2228 651 a

648 690 857 747 dextris
888 690 1006 760 ejus
1039 696 1200 743 erunt
1229 688 1473 743 dicturus
1525 696 1608 742 est
1659 704 1673 741 :
1741 684 1937 752 Venite,
1976 686 2232 741 benedicti

649 780 833 836 Patris
872 781 995 843 mei,
1021 777 1277 849 possidete
1302 786 1544 848 paratum
1571 775 1714 830 vobis
1740 791 1954 846 regnum
1981 793 2013 828 a
2038 775 2231 829 consti-

648 876 851 930 tutione
869 871 1073 926 mundi.
1103 869 1317 924 Esurivi
1345 869 1505 934 enim,
1535 875 1584 922 et
1604 868 1831 922 dedistis
1860 868 1985 922 mihi
2007 867 2233 933 mandu-

648 983 812 1031 care;
851 964 1012 1029 sitivi,
1053 971 1103 1017 et
1124 961 1342 1041 dedistis
1364 960 1565 1025 bibere;
1605 960 1788 1030 hospes
1818 975 1985 1025 eram,
2006 967 2054 1011 et
2077 956 2232 1012 coll-e-
2300 996 2305 1001 .

648 1060 799 1130 gistis
828 1072 944 1121 me;
967 1054 1161 1119 nudus,
1186 1062 1235 1107 et
1264 1052 1601 1123 coeperuistis
1622 1067 1736 1111 me;
1763 1050 2024 1118 infirmus,
2041 1058 2087 1102 et
2109 1048 2230 1102 visi-

607 1196 611 1201 .
649 1152 800 1206 tastis
822 1166 935 1215 me;
957 1149 1014 1204 in
1043 1163 1252 1203 carcere
1281 1162 1450 1210 eram,
1487 1153 1536 1198 et
1558 1142 1768 1199 venistis
1803 1141 1872 1194 ad
1895 1156 1977 1194 me
2005 1139 2220 1209 (Matth.

651 1257 777 1306 xxv,
808 1240 901 1305 54,
927 1240 1040 1309 56).
1071 1238 1182 1293 Illis
1209 1244 1390 1291 autem
1423 1232 1899 1304 interrogantibus,
1935 1238 1991 1284 et
2014 1230 2231 1300 quando

651 1334 768 1387 haec
796 1331 1053 1387 fecissent
1081 1330 1222 1386 scire
1249 1327 1569 1390 volentibus,
1602 1324 1939 1395 respondens
1971 1323 2231 1377 Dominus

653 1424 731 1478 ait
761 1441 775 1477 :
807 1422 1034 1489 Quando
1055 1421 1252 1491 fecistis
1294 1420 1385 1473 uni
1410 1436 1475 1473 ea:
1515 1418 1597 1472 Itis
1631 1415 1885 1488 fratribus
1923 1414 2054 1481 meis
2076 1413 2232 1481 mini-

651 1517 775 1581 mis,
804 1515 930 1570 mihi
951 1512 1145 1583 fecistis
1173 1511 1361 1583 (Ibid.,
1390 1527 1521 1575 vers.
1547 1510 1659 1580 40).

724 1609 885 1680 Ergo,
913 1613 1104 1672 rex,ut
1128 1606 1196 1659 ab
1217 1604 1429 1674 origine
1456 1602 1640 1658 mundi
1666 1610 2023 1673 praeparatum
2057 1598 2232 1670 perci-

654 1702 772 1775 pias
825 1713 1071 1771 regnum,
1121 1697 1284 1753 debes
1325 1694 1652 1767 pauperibus
1708 1693 2078 1762 eleemosynas
2122 1688 2231 1744 fre-

652 1800 883 1864 quenter
925 1790 1204 1861 porrigere
1243 1794 1466 1879 propter
1500 1784 1795 1840 Christum.
1821 1782 1974 1837 lllum
2004 1781 2147 1838 enim
2177 1780 2230 1834 in
2258 1788 2306 1847 B
2334 1784 2593 1854 gationis;
2621 1793 2668 1836 et
2694 1783 2758 1836 de
2806 1782 3119 1853 negligentia
3152 1792 3243 1836 tua
3267 1799 3423 1853 purga
3456 1793 3497 1835 te
3518 1800 3607 1836 cunt
3632 1785 3749 1851 pauit.
3846 1780 3847 1819 ἶ

653 1890 914 1938 :eternum
946 1879 1149 1936 senties
1175 1871 1575 1940 retributorem,
1605 1875 1649 1929 si
1669 1890 1766 1944 pro
1793 1873 1883 1929 illo
1907 1871 2253 1943 pauperibus-

655 1977 904 2032 hilariter
931 1971 1242 2044 porrexeris
1274 1983 1500 2042 panem;
1548 1966 1729 2022 abillo
1754 1973 2012 2021 aeternam
2037 1977 2230 2017 conse-

655 2065 841 2137 queris
874 2061 1318 2123 misericordiam,
1350 2059 1396 2114 si
1424 2073 1522 2127 pro
1550 2057 1642 2111 illo
1670 2056 1879 2125 plenam
1906 2052 2231 2124 pauperibus

656 2156 963 2227 porrexeris
988 2155 1286 2209 dexteram.
1319 2151 1503 2221 Neque
1540 2150 1685 2205 enim
1713 2147 1908 2203 mereri
1949 2147 2044 2201 Dei
2070 2145 2233 2204 mise-

657 2248 949 2305 ricordiam
976 2246 1194 2316 poterit,
1228 2245 1320 2315 qui
1343 2244 1651 2299 misericors
1670 2250 1724 2297 et
1753 2242 1865 2310 ipse
1892 2256 1997 2294 non
2027 2238 2226 2301 fuerit;

657 2348 752 2396 aut
775 2338 1086 2408 impetrabit
1108 2337 1174 2392 de
1197 2337 1373 2392 divina
1397 2336 1596 2405 pietate
1618 2332 1816 2403 aliquid
1839 2331 2108 2402 precibus,
2138 2328 2231 2398 qui

614 2458 617 2463 -
662 2432 731 2487 ad
752 2445 968 2502 precem
1008 2428 1258 2500 pauperis
1280 2442 1387 2482 non
1415 2426 1580 2482 fuerit
1610 2426 1900 2480 humanus.
1930 2421 2021 2477 Sic
2052 2420 2229 2491 Spiri—

658 2531 748 2587 tus
774 2521 1020 2579 veritatis
1058 2535 1155 2590 per
1184 2518 1527 2573 Salomonem
1555 2516 1684 2573 dicit
1717 2533 1731 2569 :
1769 2513 1872 2580 Qui
1901 2513 2107 2567 obturat
2135 2528 2231 2567 au-

658 2628 769 2666 rem
794 2628 945 2666 suam
987 2610 1056 2664 ad
1082 2608 1360 2665 clamorem
1388 2607 1657 2677 pauperis,
1700 2613 1747 2658 et
1776 2604 1883 2673 ipse
1911 2602 2156 2656 clamabit
2181 2612 2231 2656 et

659 2720 765 2758 non
786 2702 1096 2757 exaudietur
1134 2698 1315 2769 (Prov.
1346 2714 1458 2762 XXI,
1493 2696 1602 2766 M).
1636 2693 1873 2764 Rapbael
1898 2708 2112 2765 quoque
2141 2709 2233 2748 an-

658 2791 812 2863 gelus
832 2798 893 2846 ut
914 2790 1251 2859 eleemosyna
1280 2787 1513 2841 libenter
1533 2801 1598 2839 ac
1617 2784 1837 2856 largiter
1865 2783 1959 2839 ﬁat
1983 2785 2233 2838 hortatur

658 2881 1024 2948 nos,dicens:
1054 2879 1203 2933 Bona
1231 2886 1305 2932 est
1332 2877 1502 2931 oratio
1532 2893 1648 2931 cum
1666 2876 1898 2946 jejunio,
1929 2884 1979 2929 et
2007 2874 2229 2930 eleemo-

657 2988 791 3041 syna
816 2970 983 3040 magis
1009 2984 1167 3040 quam
1196 2968 1466 3021 thesauros
1500 2967 1621 3019 auri
1650 2965 1947 3030 recondere,
1983 2966 2231 3036 quoniam

658 3062 983 3131 eleemosgna
1034 3078 1066 3115 a
1113 3069 1279 3114 morte
1301 3058 1510 3125 liberat,
1540 3067 1591 3119 et
1637 3059 1752 3129 ipsa
1778 3067 1853 3112 est
1885 3074 2002 3130 qua:
2042 3067 2230 3129 purgat

2326 523 2515 578 synam
2546 519 2717 579 rogat.
2750 510 2842 564 llle
2871 517 2924 564 te
2947 509 3125 566 facere
3149 510 3261 565 vult
3287 512 3338 569 in
3371 522 3588 571 :eteruutn
3610 521 3745 582 honori.

2328 597 2540 654 ﬁcando
2589 599 2896 664 sublimem,
2938 608 2994 654 et
3037 601 3092 659 in
3134 603 3440 673 pauperibus
3475 620 3499 659 a
3535 615 3575 663 te
3608 624 3746 678 parm

2328 691 2531 774 expetit
2565 691 2845 748 honorem.

2929 805 3153 862 CAPUT
3202 805 3289 862 Kl.

2638 914 2707 972 Ut
2733 916 2975 986 operibus
3000 917 3254 972 Dominus
3280 919 3548 977 honorem.

2402 1051 2667 1122 Operihus
2716 1054 2861 1110 enim
2909 1054 3288 1110 misericordia:
3335 1054 3555 1110 honorari
3592 1058 3749 1117 Dominus

2296 1200 2299 1207 ,
2330 1145 2730 1213 comprobatur,
2768 1144 2905 1199 sicut
2936 1144 3199 1214 scriptum
3241 1150 3358 1197 est:
3390 1141 3480 1207 Qui
3517 1144 3749 1202 calumniatur

2329 1241 2581 1301 egentem,
2609 1234 2886 1303 exprobrat
2912 1234 3101 1303 factori
3126 1234 3239 1304 ejus
3270 1250 3287 1287 :
3319 1235 3515 1287 honorat
3539 1248 3665 1291 eum
3685 1257 3749 1292 ιιι

2330 1325 2418 1396 qui
2446 1325 2719 1379 miseretur
2736 1327 2981 1396 pauperis
3007 1322 3188 1397 (Prov.
3220 1341 3325 1391 xiv,
3346 1326 3448 1396 5|).
3470 1326 3577 1381 [tem
3597 1329 3749 1385 Salomon

2330 1416 2406 1469 ait
2430 1430 2444 1469 :
2470 1414 2597 1480 Fili,
2621 1417 2821 1470 honora
2843 1415 3033 1481 Deum,
3056 1425 3106 1471 et
3130 1415 3335 1477 valebis.
3353 1414 3493 1472 Jesus
3515 1418 3623 1472 ﬁlius
3639 1418 3748 1475 Sino

2331 1509 2407 1565 ait
2435 1525 2447 1562 :
2478 1507 2694 1565 Honora
2722 1508 2891 1563 Deum
2912 1526 2977 1563 ea:
3014 1517 3124 1563 tota
3153 1508 3326 1562 anima
3365 1518 3468 1573 tua,
3513 1519 3551 1563 et
3572 1511 3750 1577 hortantia

2331 1600 2646 1661 sacerdotes,
2693 1611 2742 1655 et
2787 1617 3051 1671 propurga
3102 1612 3151 1654 te
3197 1618 3311 1654 cum
3356 1600 3566 1655 brachiis.
3607 1601 3664 1654 Da
3693 1602 3749 1654 illis

2332 1700 2553 1764 partem,
2587 1690 2722 1744 sicut
2746 1691 3053 1745 mandatum
3083 1701 3157 1745 est
3185 1693 3299 1755 tibi,
3327 1692 3618 1761 primitiarum
3636 1703 3750 1761 etpu-

2336 1876 2531 1931 Datum
2575 1877 2905 1930 brachiorum
2933 1884 3164 1936 tuorum,
3192 1884 3242 1928 et
3270 1876 3549 1943 sacrificium
3568 1875 3752 1941 sanctiﬁca-

2334 1973 2490 2026 tionis
2518 1972 2702 2040 offeres
2730 1969 2980 2035 Domino,
3001 1979 3052 2023 et
3078 1969 3230 2023 initia
3255 1978 3539 2029 sanctorum,
3568 1976 3603 2019 et
3624 1968 3750 2035 parun

2333 2064 2539 2136 porrige
2559 2080 2772 2117 manum
2798 2072 2965 2127 tuam,
3009 2070 3063 2116 ut
3087 2062 3385 2132 perficiatur
3403 2059 3639 2130 propitiatio
3656 2068 3685 2110 et
3706 2058 3750 2109 bt-

2334 2155 2556 2213 nedictio
2586 2164 2678 2207 tua
2718 2152 2908 2224 (Eccli.
2953 2168 3053 2216 vn,
3086 2152 3180 2217 55,
3207 2151 3317 2221 56).
3340 2150 3479 2211 Nam,
3512 2148 3619 2217 quod
3636 2147 3750 2201 other

2331 2246 2502 2300 virtus
2525 2244 2644 2300 sine
2685 2244 2847 2299 dubio
2889 2244 3063 2303 virtus
3090 2244 3235 2315 regia
3266 2243 3351 2306 sit,
3381 2241 3479 2311 regi
3502 2241 3625 2293 David
3647 2237 3749 2291 Domi

2332 2351 2434 2390 nus
2462 2335 2678 2397 clamat,
2728 2341 2784 2396 et
2808 2349 2907 2404 per
2932 2348 3055 2387 eum
3103 2335 3171 2387 ad
3199 2330 3599 2388 honoriﬁcandum
3620 2344 3658 2381 se
3675 2326 3749 2380 alios

2332 2441 2490 2497 reges
2518 2434 2796 2496 provocat,
2826 2426 3009 2483 dicens
3035 2444 3047 2479 :
3079 2424 3404 2491 Sacri/icium
3427 2421 3568 2474 laudis
3589 2417 3747 2483 honoriﬁ-

2332 2517 2468 2571 cabit
2496 2532 2578 2570 me
2604 2530 2621 2567 :
2652 2525 2700 2569 et
2742 2514 2850 2569 illic
2899 2515 3020 2579 iter,
3054 2531 3159 2586 quo
3214 2513 3466 2569 ostendam
3514 2510 3574 2563 illi
3611 2508 3749 2562 salsum

2304 2623 2505 2660 .nteum
2557 2603 2731 2676 (Psal.
2784 2621 2928 2671 suis,
2960 2604 3074 2677 25).
3122 2605 3257 2661 Nam
3299 2606 3404 2674 ipse
3431 2602 3563 2658 David
3582 2600 3751 2654 mdes:

2304 2746 2307 2747 ν
2332 2697 2450 2767 ipso
2474 2697 2637 2753 dicit:
2658 2696 2955 2766 Conﬁtebor
2976 2696 3095 2763 tibi,
3120 2697 3336 2752 Domine
3360 2696 3484 2750 Deus
3507 2693 3752 2757 meus,irtoto

2300 2790 2488 2857 _corde
2536 2806 2670 2855 meo,
2721 2798 2771 2843 et
2800 2787 3106 2860 gloriﬁcabo
3137 2805 3322 2843 nomen
3356 2797 3487 2841 tuum
3520 2787 3557 2838 is
3573 2793 3749 2839 «ternum,

2328 2883 2576 2953 quoniam
2604 2882 2796 2936 bonum
2822 2890 2895 2935 est
2916 2880 3087 2953 (Psal.
3121 2897 3319 2945 Lxxxv,
3349 2878 3445 2949 12).
3477 2878 3637 2946 Dignum
3661 2871 3750 2925 enim

2331 2984 2387 3029 et
2420 2975 2625 3044 justum
2656 2982 2739 3027 est
2774 2980 2834 3027 ut
2858 2986 2958 3042 pro
3000 2971 3256 3026 omnibus
3296 2960 3750 3032 hominibusan

2330 3066 2620 3122 noriticent
2646 3064 2835 3127 Deum,
2857 3062 2984 3132 quia
3004 3062 3383 3145 pro.omnibus
3402 3054 3637 3114 hominibus
3652 3053 3751 3145 bono

659 3160 892 3221 peccata,
948 3159 996 3204 et
1042 3149 1169 3220 facit
1217 3148 1447 3204 invenire
1510 3148 1920 3204 misericordiam
1964 3157 2013 3202 et
2069 3149 2230 3203 vitam
2259 3171 2304 3235 ρ
2334 3155 2618 3213 rmcantur
2649 3154 2718 3208 ab
2744 3169 2829 3209 eo,
2870 3139 3262 3217 Ηοηοισὶηέειιε,
3284 3167 3319 3207 ο
3343 3165 3495 3219 reges,
3518 3147 3653 3203 Deum,
3678 3139 3749 3209 quia

660 3251 911 3306 aeternam
961 3241 1112 3312 (Tob.
1149 3258 1254 3308 xu,
1295 3242 1371 3313 8).
1405 3241 1629 3298 Revelat
1672 3241 1895 3313 angelus
1919 3248 1975 3296 et
2002 3238 2234 3299 allirmat

656 3336 1011 3408 eleemosynis
1044 3337 1334 3406 petitiones
1382 3344 1598 3395 nostras
1632 3333 1879 3390 ellicaces
1925 3332 2063 3399 ﬁeri,
2092 3332 2233 3388 elec-

655 3427 899 3498 mosynis
941 3427 1108 3490 vitam
1152 3428 1219 3483 de
1262 3427 1517 3498 periculis
1570 3426 1784 3492 redimi,
1818 3424 2171 3495 eleemttsynis
2200 3437 2231 3477 a

655 3528 835 3575 morte
857 3520 1068 3583 animas
1092 3520 1330 3579 liberari.
1363 3520 1535 3586 Quam
1564 3518 1766 3575 bonum
1790 3516 1891 3573 tibi
1919 3517 2040 3581 erit,
2073 3530 2106 3571 ο
2135 3529 2232 3581 no-

656 3608 920 3671 bilissime
958 3624 1079 3674 rex,
1111 3625 1272 3678 quam
1314 3608 1468 3664 dulce
1520 3616 1577 3664 et
1624 3622 1811 3673 suave,
1861 3606 2078 3676 quando
2117 3607 2233 3675 ipse

659 3706 894 3763 creator,
928 3700 1235 3768 redemptor
1258 3706 1312 3752 et
1339 3700 1663 3769 gubernator
1692 3707 1817 3753 tuus
1846 3712 2029 3753 coram
2052 3698 2229 3752 omni-

656 3788 758 3843 bus
799 3788 1004 3859 augelis
1036 3796 1093 3844 et
1131 3789 1489 3859 archangelis,
1541 3788 1887 3859 patriarchis,
1925 3789 2228 3858 prophetis,

655 3884 715 3931 et
740 3877 1017 3947 apostolis,
1049 3878 1320 3950 totiusque
1342 3880 1547 3945 mundi,
1572 3878 1821 3935 videlicet
1843 3878 1966 3935 cteli
1995 3887 2049 3935 et
2074 3886 2232 3936 terrae

656 3970 897 4025 exercitu
933 3980 1280 4041 congregato,
1308 3971 1405 4026 tibi
1432 3972 1499 4026 ad
1539 3971 1819 4028 dexteram
1838 3987 1993 4027 suam
2018 3972 2230 4026 miseri-

655 4062 891 4117 corditer
911 4063 1203 4119 constituto
1241 4063 1417 4121 taliter
1453 4062 1616 4120 fuerit
1644 4079 1766 4119 cum
1795 4064 2008 4119 caeteris
2028 4063 2231 4118 allocu-

656 4158 781 4207 tus:
814 4148 1012 4216 Venite,
1046 4150 1298 4207 benedicti
1333 4148 1512 4210 Patris
1541 4152 1676 4217 mei,
1704 4153 1961 4222 possidete
1987 4161 2231 4222 paratum

655 4241 797 4299 vobis
824 4257 1037 4312 regnum
1067 4258 1099 4295 a
1124 4241 1488 4296 constitutione
1513 4242 1695 4305 mundi
1717 4241 1932 4314 (Matth.
1965 4257 2094 4304 xxv,
2115 4222 2227 4312 '54).

728 4337 889 4407 Ergo,
931 4337 1216 4393 mitissime
1241 4345 1406 4406 atque
1446 4335 1744 4391 clarissime
1772 4350 1889 4400 rex,
1922 4335 2026 4390 (ide
2048 4334 2227 4404 plena,

655 4436 838 4482 mente
865 4428 1077 4494 devota,
1106 4431 1416 4500 operatione
1442 4430 1720 4493 continua,
1746 4428 1976 4484 Domino
2000 4424 2111 4481 Deo
2139 4435 2229 4482 tuo

2305 3281 2309 3285 ο
2335 3247 2425 3305 ille
2446 3247 2596 3317 prior
2615 3245 2994 3302 honorificavit
3021 3260 3141 3300 vos.
3167 3245 3309 3299 Illius
3332 3242 3505 3297 etenim
3528 3253 3604 3291 vox
3620 3230 3751 3303 persa-

2333 3341 2606 3395 lomonem
2651 3338 2853 3393 clamat
2884 3345 2941 3393 et
2986 3336 3120 3391 dicit
3153 3354 3166 3389 :
3198 3335 3308 3406 Ego
3343 3330 3560 3400 sapientia
3593 3320 3750 3379 labini!

2333 3429 2568 3492 consilio,
2598 3436 2647 3483 et
2670 3426 2893 3491 eruditis
2914 3427 3168 3480 intersum
3192 3420 3566 3495 cogitationibus.
3588 3413 3752 3469 Mutua!

2334 3518 2610 3574 consilium
2645 3526 2694 3572 et
2722 3519 2966 3588 (equites,
2995 3533 3111 3571 mea
3153 3526 3226 3570 est
3244 3511 3509 3587 prudentia,
3532 3522 3616 3561 mea
3633 3498 3753 3565 ullat-

2332 3610 2520 3665 titudo.
2571 3609 2677 3664 Per
2721 3625 2804 3663 me
2841 3625 2984 3678 reges
3034 3615 3274 3675 regnant,
3326 3614 3372 3659 et
3401 3602 3544 3671 legum
3572 3592 3753 3649 condiam

2322 3701 2473 3771 justa
2500 3700 2805 3761 decernunt.
2831 3695 2937 3753 Per
2959 3714 3043 3753 me
3078 3698 3335 3767 principes
3358 3695 3586 3764 imperant,
3605 3690 3754 3751 NW"

2334 3800 2409 3846 tes
2436 3791 2720 3848 decernunt
2751 3789 3040 3859 justitiam.
3074 3787 3190 3858 Ego
3229 3776 3475 3856 diligentes
3497 3794 3560 3832 me
3582 3772 3700 3859 diligo,
3726 3772 3754 3815 ti

2330 3883 2423 3953 qui
2450 3882 2514 3936 de
2557 3896 2708 3933 mane
2741 3858 2961 3949 vigilant
3007 3878 3075 3931 ad
3105 3894 3210 3943 me,
3262 3874 3495 3935 invenient
3519 3882 3595 3924 me.
3634 3858 3753 3914 κιαι

2332 3982 2451 4033 sunt
2482 3971 2676 4025 divitia:
2702 3980 2750 4023 et
2781 3968 2951 4040 gloria
2995 3966 3180 4039 (Prov.
3210 3984 3325 4033 vui,
3358 3954 3672 4045 12,Η,18).⁸
3733 4036 3741 4045 ἢ

2404 4062 2773 4125 llonorilieare
2810 4076 2962 4132 ergo,
2995 4074 3110 4126 rex,
3137 4061 3299 4116 debes
3338 4057 3454 4112 totis
3476 4050 3632 4106 viribus
3652 4041 3756 4132 Domi-

2332 4167 2463 4207 num
2496 4151 2667 4217 Deum
2705 4128 2898 4217 tuum;
2914 4151 3005 4220 qui
3032 4158 3238 4205 tantam
3277 4148 3375 4217 iam
3404 4144 3489 4201 tibi
3513 4133 3675 4194 contulit
3696 4128 3755 4180 be

2303 4246 2475 4311 .dem,
2504 4254 2559 4300 et
2589 4253 2797 4300 tantum
2843 4245 3017 4301 adhuc
3047 4245 3297 4316 promisit
3345 4244 3583 4297 honorem.
3605 4229 3671 4284 llic
3692 4222 3754 4316 l3?

2316 4337 2429 4392 tibi
2460 4338 2611 4407 regni
2641 4337 3020 4402 eruditionem,
3054 4336 3385 4407 prudentiam
3408 4331 3576 4402 pariter
3589 4332 3731 4414 contos

2308 4436 2387 4482 vet
2432 4425 2831 4491 fortitudinem;
2870 4425 2980 4481 illic
3004 4441 3132 4482 vero
3157 4435 3365 4483 {eterna}
3379 4424 3486 4477 vita:
3506 4411 3755 4488 promisilw

3734 4313 3755 4363 it

657 4519 974 4588 obsequium
1011 4535 1255 4590 praepara
1284 4535 1298 4574 :
1331 4521 1397 4575 da
1428 4520 1647 4575 Christo
1676 4519 1731 4573 in
1771 4527 1912 4573 terra
1938 4517 2230 4572 vestimen—
2254 4520 2307 4579 D
2332 4520 2736 4574 mortalitatem.
2787 4518 2885 4573 llic
2923 4526 2976 4573 te
3024 4527 3295 4575 terrenum
3339 4511 3498 4570 evexit
3524 4509 3568 4562 in
3594 4505 3752 4590 reguli“;

657 4615 793 4672 tum,
820 4615 880 4662 ut
899 4608 967 4663 ab
994 4608 1084 4665 illo
1113 4609 1333 4664 cmleste
1358 4608 1591 4678 recipias
1625 4608 2030 4672 indumentum;
2059 4607 2126 4662 da
2152 4606 2230 4663 ci-

653 4698 784 4753 bum
832 4706 888 4753 et
928 4708 1134 4769 potum,
1156 4707 1217 4753 ut
1243 4715 1365 4757 cum
1396 4699 1689 4764 Abraham,
1717 4698 1870 4754 Isaac
1899 4707 1955 4754 et
1975 4696 2145 4757 Jacob
2161 4698 2229 4771 ad

654 4788 962 4855 convivium
993 4789 1256 4843 merearis
1306 4790 1591 4860 pervenire
1628 4798 1909 4845 :eternum.
1962 4790 2091 4856 Qua:
2138 4790 2228 4848 illa

654 4878 761 4934 erit
804 4879 901 4934 tibi
944 4887 1150 4934 teterna
1204 4879 1416 4944 lastitia;
1466 4896 1629 4949 quam
1662 4881 1883 4951 grandis
1917 4888 1972 4934 et
2017 4896 2227 4935 summa

655 4968 842 5039 gloria,
873 4971 1089 5039 quando
1120 4971 1215 5026 tibi
1246 4971 1470 5041 cmperit
1499 4970 1759 5026 Dominus
1800 4971 2105 5026 retribuere
2128 4984 2227 5041 pro

656 5060 886 5117 terrenis
920 5060 1181 5126 coelestia,
1210 5076 1310 5132 pro
1346 5060 1727 5130 temporalibus
1751 5060 2101 5129 sempiterna,
2128 5073 2229 5128 pro

654 5150 885 5207 modicis
921 5165 1134 5221 magna,
1165 5166 1263 5221 pro
1285 5150 1502 5205 caducis
1538 5152 2052 5221 permanentia,pro
2081 5150 2230 5206 fuca—

656 5238 728 5295 tis
752 5240 1258 5310 pcrmanentia,pro
1282 5239 1564 5308 fragilibus
1589 5241 1913 5305 ﬁrmissima,
1933 5256 2031 5310 pro
2052 5250 2228 5307 trans-

2330 4609 2441 4664 illic
2462 4609 2558 4664 tibi
2578 4609 2796 4664 caeleste
2817 4608 3063 4678 promisit
3090 4606 3387 4676 imperium.
3404 4601 3491 4656 Hic
3507 4595 3585 4653 tibi
3596 4585 3753 4678 gaudiali!

2330 4698 2627 4767 temporale
2672 4698 2961 4762 concessit,
2993 4697 3101 4752 illic
3121 4698 3364 4768 gaudium
3387 4698 3604 4747 aeternum
3629 4685 3752 4749 proﬂl'

2333 4791 2421 4845 sit.
2455 4774 2553 4844 llic
2600 4790 2832 4859 amplam
2865 4789 3013 4858 regni
3043 4789 3190 4843 dedit
3231 4785 3577 4843 htereditatem,
3600 4770 3753 4859 illitam:

2329 4882 2625 4953 piissimam
2662 4848 2896 4951 paradisi
2925 4848 3190 4951 “promisit
3234 4874 3596 4949 possessionem.
3623 4860 3686 4914 llic
3710 4848 3753 4949 Il;

2333 4971 2611 5032 ﬂuentiam
2638 4971 2691 5025 iu
2745 4972 2946 5026 divitiis
2983 4972 3361 5034 subministrat,
3388 4966 3483 5020 illic
3505 4964 3646 5029 postea
3672 4957 3753 4999 δαν

2334 5063 2585 5133 pieudam
2607 5071 2893 5132 praeparat.
2914 5061 3009 5118 Hic
3032 5070 3083 5115 te
3094 5060 3206 5129 jam
3232 5057 3385 5129 regali
3403 5045 3751 5133 vestivitptlrl’m'

2332 5132 2444 5207 unc
2480 5152 2675 5207 vestiet
2698 5153 2873 5208 adhuc
2896 5151 3311 5207 immortalitatis
3347 5145 3485 5202 stola.
3514 5132 3684 5199 asciam
3703 5135 3752 5174 α’

2329 5244 2427 5314 piti
2458 5251 2548 5305 tuo
2582 5243 2759 5312 posuit
2785 5243 3087 5299 diademata
3115 5242 3276 5312 regia,
3301 5237 3387 5295 sed
3409 5233 3503 5289 illic
3519 5226 3651 5314 adhuc
3664 5222 3753 5314 πιέξξ

655 5330 910 5387 euntibus
948 5331 1328 5401 permansura!
1378 5330 1535 5400 Ergo.
1582 5346 1697 5393 rex,
1732 5330 1799 5386 de
1837 5330 2098 5386 reditibus
2123 5330 2227 5393 tuis
2331 5310 2518 5389 uitatis
2542 5310 2707 5403 ponet
2752 5349 3026 5389 coronam.
3070 5310 3320 5402 Hic'jam
3356 5310 3752 5403 concessit

655 5386 965 5491 portionem
1011 5417 1095 5473 fac
1154 5418 1380 5472 Domino
1429 5386 1541 5484 tbo,
1592 5418 1997 5486 possessionum
2054 5428 2225 5474 terre-
2332 5440 2517 5496 regna,
2542 5386 2650 5479 illic
2668 5424 2815 5479 dabit
2843 5424 3065 5492 grandia
3090 5386 3507 5479 etinbnarrabilia

654 5478 851 5568 atrium
872 5510 964 5591 .l'ac
987 5511 1083 5565 tibi
1117 5511 1433 5582 participem
1456 5478 1751 5574 Christum,
1778 5517 1911 5565 utet
1939 5509 2027 5565 ille
2051 5510 2226 5564 cohm-
2592 5478 2904 5581 multiplicia
2928 5528 3169 5578 munera,
3196 5511 3299 5565 illic
3318 5499 3532 5578 promisit
3552 5478 3752 5591 ΔΞ

624 5606 843 5669 ,rcdem
870 5576 923 5659 ie
948 5574 1421 5676 faciat-regnorum
1448 5606 1767 5663 caelestium.
1790 5604 1882 5659 ille
1906 5605 2106 5660 etenim
2132 5605 2227 5657 tibi
2310 5613 2594 5677 perpetua
2635 5574 2817 5674 regna.
2867 5604 2965 5658 llic
3021 5574 3379 5659 sinevtristit'ia
3427 5589 3546 5649 dedit

661 5699 840 5760 omnia
865 5712 985 5767 dua:
1016 5699 1182 5755 babes
1204 5700 1489 5768 concessit,
1517 5708 1571 5756 et
1595 5716 1624 5755 a
1660 5709 1711 5755 te
1731 5713 1890 5770 quam
1922 5698 2015 5752 tibi
2046 5705 2233 5751 centu-
2339 5668 2603 5767 tempora,
2635 5693 2739 5750 illic
2767 5694 2989 5763 perenni
3009 5703 3063 5759 ct
3088 5696 3197 5750 sine
3238 5692 3335 5756 ﬁne
3355 5684 3484 5741 dabit
3515 5677 3650 5731 vivere
3672 5668 3747 5713 τπυ·
