4000 6458
213 351 317 409 955

1546 401 1557 417 ,
1615 346 1727 402 VIA
1767 344 1998 401 suam.

3352 352 3457 409 954

211 466 311 522 Hic
328 464 476 521 dedit
499 464 698 521 habere
722 462 974 523 virtutem
999 462 1283 527 incastris,
1312 461 1422 517 illic
1444 460 1594 516 dabit
1614 460 1781 516 socie-
1807 462 1859 521 Α
1884 459 2000 529 Ipse
2026 458 2220 514 iterum
2252 460 2306 515 in
2335 460 2622 532 Evangelio
2650 460 2804 517 diviti
2832 462 2908 516 ait
2936 477 2951 519 :
2984 458 3046 517 Si
3086 462 3159 518 vis
3199 460 3457 531 perfectus

213 564 377 611 tatem
406 554 613 610 felicem
635 569 755 609 cum
784 553 1005 623 angelis.
1036 552 1135 606 llic
1158 560 1403 611 terrenas
1428 550 1781 619 multiplices-

213 661 315 716 que
364 643 588 700 contulit
633 643 867 705 divitias,
910 641 1018 695 illic
1063 640 1310 696 caelestes
1361 652 1782 707 communesque

213 752 334 795 cum
362 735 566 790 sanctis
601 735 849 788 omnibus
876 733 1140 802 promisit,
1172 743 1404 786 aeternas
1432 731 1551 786 illas
1596 729 1785 784 videli-

214 833 317 889 cet,
341 825 407 879 de
435 823 628 892 quibus
664 823 740 876 ait
766 822 1055 892 Apostolus
1081 840 1093 875 :
1120 820 1259 886 Quia
1287 820 1468 874 oculus
1491 836 1595 873 non
1631 819 1781 881 vidit,

215 932 303 970 nec
337 915 483 968 auris
513 913 726 975 audivit,
775 929 865 966 nec
904 913 958 965 in
982 928 1071 965 cor
1092 910 1315 964 hominis
1363 910 1618 973 ascendit,
1663 924 1783 978 qua:

212 1002 524 1080 prteparavit
552 1003 694 1059 Deus
734 1003 798 1057 iis
823 1003 912 1073 qui
939 1000 1161 1071 diligunt
1184 1000 1332 1053 illum
1365 999 1416 1070 (Ι
1449 998 1572 1054 Cor.
1608 1014 1671 1063 ιι,
1699 997 1778 1068 9).

778 1116 785 1120 “
805 1098 1030 1166 CAPUT
1068 1108 1181 1163 XII.

648 1179 727 1237 De
756 1181 967 1234 decimis
992 1188 1040 1232 et
1068 1178 1333 1248 primitiis.

281 1269 591 1327 llonoriftca
619 1284 749 1339 ergo
767 1309 781 1334 ,
814 1284 908 1323 rex
936 1268 1232 1323 clarissime
1250 1308 1264 1330 ,
1297 1266 1538 1322 moribus
1566 1274 1621 1320 et
1648 1265 1782 1320 acti-

220 1366 318 1419 bus
349 1362 455 1417 tuis
481 1361 764 1415 Dominum
792 1360 956 1414 Deum
988 1367 1135 1413 tuum
1162 1375 1176 1424 ;
1219 1358 1513 1412 honorifica
1558 1356 1782 1411 decimis

212 1464 267 1510 et
312 1452 602 1525 primitiis,
652 1459 707 1505 et
747 1451 995 1505 omnibus
1041 1449 1403 1505 oblationibus
1444 1449 1499 1503 in
1539 1449 1649 1501 vita
1693 1456 1783 1501 tua

213 1544 498 1599 Dominum
527 1541 696 1595 Deum
731 1549 910 1605 tuum,
942 1540 1083 1594 sicut
1122 1540 1381 1608 scriptum
1412 1546 1532 1593 est:
1565 1536 1706 1603 Fili,
1734 1540 1782 1591 si

213 1634 391 1700 habes,
419 1632 631 1703 benefac
659 1642 854 1697 tecum,
884 1640 932 1686 et
956 1631 1066 1685 Deo
1093 1631 1278 1700 dignas
1305 1629 1588 1685 oblationes
1616 1630 1780 1698 offer:

213 1742 410 1780 memor
432 1733 538 1779 esto
564 1724 811 1794 quoniam
831 1738 969 1775 mors
997 1737 1098 1775 non
1120 1721 1294 1774 tardat
1320 1719 1505 1790 (Eccli.
1535 1734 1643 1783 xxv,
1669 1717 1777 1790 11).

212 1813 346 1868 Nam
366 1804 424 1869 et
450 1813 505 1868 in
530 1814 646 1883 lege
671 1812 926 1867 Dominus
949 1812 1266 1881 prrecipiens
1294 1810 1415 1865 filiis
1439 1810 1604 1864 lsrael
1621 1850 1636 1876 ,
1663 1810 1739 1864 ait
1764 1827 1777 1864 :
1808 1798 1856 1857 Β

213 1906 436 1972 Quando
462 1904 790 1976 compleveris
818 1904 1071 1957 decimam
1100 1913 1402 1956 cunctarum
1429 1902 1638 1972 frugum
1664 1911 1783 1955 tua-

149 2016 155 2021 -
214 2013 365 2062 rum,
397 2013 534 2049 anno
572 1995 894 2049 decimarum
930 1994 1114 2061 tertio,
1146 1993 1296 2047 dabis
1336 1992 1501 2045 levita?
1541 2002 1587 2044 et
1628 1991 1785 2045 adve-

214 2104 327 2151 ntu,
358 2093 406 2139 et
446 2084 644 2156 pupillo
685 2093 734 2138 et
774 2083 980 2148 vidum,
1026 2092 1081 2136 ut
1123 2082 1393 2136 comedant
1430 2082 1567 2135 intra
1604 2090 1782 2148 portas

212 2184 330 2237 tuas
351 2215 365 2238 ,
397 2182 446 2227 et
473 2182 815 2228 saturentur:
847 2170 1169 2245 loquerisque
1192 2171 1246 2224 in
1272 2179 1545 2240 conspectu
1572 2167 1783 2223 Domini

217 2264 309 2318 Dei
334 2263 430 2319 tui.
461 2262 665 2318 Abstuli
692 2261 831 2338 quod
858 2260 1241 2329 sanctiﬁcatum
1267 2267 1341 2313 est
1367 2260 1431 2312 de
1456 2259 1609 2311 domo
1635 2275 1748 2311 mea
1766 2297 1782 2323 ,

210 2361 258 2413 et
286 2351 404 2403 dedi
444 2349 576 2403 illud
613 2349 779 2407 levitas
818 2358 867 2403 et
908 2350 1149 2414 adventu,
1178 2356 1226 2401 et
1263 2347 1460 2419 pupillo
1491 2364 1551 2399 ac
1583 2347 1778 2410 viduae,

212 2443 344 2501 sicut
365 2441 574 2512 jussisti
602 2441 730 2494 mihi
752 2456 770 2494 :
802 2457 904 2494 non
944 2439 1200 2510 prwterivi
1238 2438 1488 2492 mandata
1528 2448 1648 2503 tua,
1692 2454 1783 2491 nec

207 2548 328 2585 sum
355 2530 544 2585 oblitus
570 2531 772 2602 imperii
800 2531 897 2584 tui.
935 2528 1059 2583 Non
1085 2528 1285 2584 comedi
1324 2545 1388 2583 ex
1426 2529 1504 2582 eis
1542 2529 1597 2582 in
1639 2526 1783 2581 luctu

209 2637 355 2683 meo,
406 2636 497 2674 nec
533 2622 771 2690 separavi
816 2637 878 2674 ea
921 2621 975 2674 in
1020 2619 1249 2690 qualibet
1286 2619 1649 2685 immunditia,
1690 2635 1783 2672 nec

210 2708 431 2779 expendi
471 2726 535 2763 ea:
561 2709 642 2763 his
668 2694 951 2780 quidquam
979 2711 1034 2763 in
1065 2726 1119 2763 re
1149 2708 1360 2781 funebri
1390 2709 1407 2780 (
1436 2708 1589 2763 Deut.
1617 2698 1781 2774 xxvi,

214 2800 407 2854 12-14
430 2800 470 2872 ).
501 2801 618 2871 Ipse
648 2802 843 2856 iterum
876 2801 1131 2856 Dominus
1166 2818 1264 2871 per
1303 2800 1618 2857 Malacltiam
1657 2816 1783 2871 pro-

211 2892 430 2961 phetam
459 2892 535 2945 ait
559 2910 571 2945 :
603 2891 799 2961 Inferte
828 2909 1028 2946 omnem
1057 2892 1310 2946 decimam
1336 2892 1392 2945 in
1431 2892 1702 2957 horreum,
1733 2900 1781 2945 et

213 2964 280 3033 sit
308 2980 452 3034 cibus
478 2980 532 3034 in
561 2980 714 3034 domo
740 2997 854 3035 mea
872 3021 887 3046 ,
914 2990 959 3033 et
985 2981 1199 3052 probate
1223 2997 1302 3035 me
1329 2998 1483 3051 super
1506 2980 1624 3046 hoc,
1655 2981 1781 3036 dicit

214 3071 493 3127 Dominus.
526 3072 586 3127 Si
614 3090 715 3134 non
744 3089 993 3143 aperuero
1031 3072 1170 3127 vobis
1210 3082 1502 3125 cataractas
1545 3072 1691 3138 cwli,
1732 3082 1781 3126 ct

213 3162 447 3232 effudere
474 3161 613 3216 vobis
643 3162 1043 3217 benedictionem
1070 3180 1229 3234 usque
1257 3162 1325 3215 ad
1364 3163 1739 3217 abundantiam
1761 3205 1776 3231 ,
1806 3147 1849 3208 C

213 3263 264 3307 et
296 3253 567 3323 increpabo
594 3269 688 3323 pro
715 3252 854 3306 vobis
884 3252 1212 3307 devorantem
1233 3294 1246 3318 ,
1278 3264 1325 3308 et
1360 3270 1461 3309 non
1489 3264 1781 3324 corrumpet

214 3345 419 3414 fructus
448 3354 601 3400 terra:
627 3354 807 3399 vestrm
826 3385 841 3409 ,
874 3361 964 3398 nec
992 3346 1088 3399 erit
1117 3344 1309 3398 sterilis
1341 3346 1486 3400 vinea
1527 3346 1581 3399 in
1618 3363 1745 3415 agro
1766 3385 1783 3412 ,

213 3434 341 3487 dicit
368 3434 623 3498 Dominus
648 3436 987 3495 exercituum.
1012 3434 1080 3488 Et
1109 3435 1280 3489 beatos
1306 3452 1390 3490 vos
1415 3436 1581 3490 dicent
1609 3453 1784 3490 ontnes

216 3526 608 3599 gentesr'eritis
637 3527 772 3579 enim
803 3535 940 3580 terra
967 3525 1344 3593 desiderabilis,
1375 3527 1502 3582 dicit
1534 3526 1785 3587 Dominus

216 3617 537 3672 exercituum
567 3616 585 3685 (
610 3614 840 3670 Malach.
872 3631 963 3681 ιιι,
991 3614 1083 3679 10,
1116 3616 1174 3668 ii
1204 3615 1244 3686 ).

290 3705 426 3761 Vide
454 3719 583 3775 ergo
611 3713 665 3760 et
693 3706 989 3783 prudenter
1012 3706 1281 3777 intellige,
1310 3705 1611 3761 clarissime
1658 3722 1749 3763 rex
1770 3747 1784 3773 ,

216 3797 527 3873 largitorem
558 3800 755 3856 bonum
774 3839 787 3863 ,
818 3800 1188 3877 optimumque
1215 3798 1489 3864 datorem,
1531 3800 1623 3868 qui
1664 3814 1786 3854 cum

216 3890 317 3943 tibi
348 3890 763 3952 innumerabiles
791 3891 1070 3962 regiasque
1096 3891 1302 3945 dederit
1325 3891 1557 3956 divitias,
1587 3891 1639 3945 in
1669 3891 1790 3951 hor-

217 3994 316 4034 reo
358 3978 558 4034 inferre
592 3978 757 4053 jussit
794 3988 1002 4034 tantum
1031 3981 1265 4036 decimas
1294 3990 1349 4036 et
1389 3982 1672 4053 primitias.
1707 3980 1788 4036 Tu

216 4087 344 4128 eum
391 4072 566 4126 adhuc
607 4072 661 4125 in
708 4080 850 4125 terra
893 4072 1100 4139 positus
1141 4071 1366 4126 decimis
1395 4072 1598 4125 honora
1627 4079 1789 4139 atque

213 4164 506 4236 primitiis,
554 4162 643 4217 ille
683 4178 814 4216 vero
860 4170 912 4216 te
958 4162 1011 4215 in
1056 4161 1195 4216 coelo
1231 4161 1549 4215 collocatum
1587 4159 1789 4221 divitiis

218 4242 413 4317 ditabit
454 4254 731 4325 angelicis.
776 4253 1103 4319 Considera,
1136 4268 1231 4307 rex
1251 4294 1265 4319 ,
1291 4268 1454 4324 quam
1495 4252 1665 4307 dulcis
1692 4253 1788 4308 tibi

217 4348 327 4405 erit
355 4347 585 4402 societas
613 4361 797 4416 regum
820 4345 1084 4414 justorum
1105 4385 1120 4409 ,
1152 4359 1311 4413 quam
1354 4344 1533 4398 suavis
1573 4344 1788 4401 collatio

217 4437 681 4510 patriarcharum,
725 4451 885 4505 quam
927 4435 1081 4490 dulce
1127 4435 1456 4490 consortium
1501 4435 1789 4504 propheta-

218 4543 383 4593 rum,
438 4542 599 4597 quam
653 4525 951 4581 clarissima
1005 4525 1333 4596 germanitas
1382 4524 1742 4594 apostolorum
1771 4566 1785 4589 ,

219 4633 383 4689 quam
430 4616 552 4670 licta
594 4614 825 4685 dignitas
870 4622 1195 4693 martyrum,
1244 4629 1404 4683 quam
1448 4613 1789 4669 excellentis-

222 4711 363 4765 sima
408 4707 577 4777 gloria
618 4707 923 4778 virginum,
955 4721 1115 4774 quam
1160 4704 1487 4760 delectabilis
1528 4712 1584 4757 et
1622 4704 1789 4758 hono-

222 4799 393 4854 randa
433 4797 712 4868 aequalitas
749 4792 1092 4868 angelorum,
1135 4811 1294 4865 quam
1337 4795 1461 4851 felix
1492 4795 1600 4849 vita
1639 4795 1790 4849 inex.

221 4888 549 4959 stinguibilis
575 4903 797 4942 manens
827 4888 881 4940 in
910 4887 1101 4941 sarcula
1132 4886 1467 4941 smculorum.
1498 4885 1649 4940 llunc
1678 4894 1787 4945 tam

222 4979 481 5050 grandem
506 4987 560 5034 et
591 4978 1032 5043 lnenarrabilem,
1075 4994 1203 5044 rex,
1243 4979 1474 5046 accipies
1512 4978 1564 5031 in
1609 4976 1789 5031 futuro

221 5071 537 5126 thesaurum
563 5110 576 5133 ,
607 5070 651 5123 sl
681 5069 838 5125 modo
862 5069 1087 5124 decimis
1114 5076 1168 5125 et
1202 5069 1455 5142 primitiis
1501 5076 1647 5122 tuum
1693 5069 1789 5123 hoc

222 5163 592 5218 norilicavcris
619 5162 805 5220 Deum.
846 5214 851 5221 ,

803 5253 1027 5308 CAPUT
1062 5253 1198 5311 Xlll.

537 5343 603 5398 Ut
632 5346 904 5398 thesaurus
934 5343 987 5396 in
1016 5343 1138 5397 caelo
1170 5343 1465 5404 collocetur.

298 5438 365 5492 Et
390 5444 449 5490 ut
475 5438 759 5490 thesaurus
786 5449 965 5488 rerum
993 5441 1298 5487 nostrarum
1325 5434 1378 5487 in
1408 5431 1543 5487 cmlo
1568 5431 1793 5489 colloce-

228 5536 340 5587 tur.
382 5527 633 5581 admonet
676 5539 774 5578 nos
815 5522 1070 5576 Dominus
1113 5523 1165 5576 in
1210 5523 1530 5593 Evangelio,
1568 5524 1789 5582 dicens:

231 5612 599 5669 Thesaurizate
627 5624 797 5675 autem
827 5614 963 5667 vobis
992 5615 1259 5667 thesauros
1289 5615 1339 5667 in
1371 5614 1494 5667 caelo
1522 5629 1537 5664 :
1580 5615 1667 5667 ubi
1698 5632 1787 5667 ne—

226 5716 329 5776 que
367 5718 541 5773 wrugo
583 5719 741 5774 neque
787 5702 924 5756 tinea
967 5701 1243 5756 demolitur
1279 5705 1295 5773 (
1327 5701 1510 5756 Matth.
1543 5718 1625 5768 Vl,
1655 5701 1723 5755 ΞΟ
1746 5703 1783 5769 ).

1810 4486 1864 4546 D

1883 571 2025 620 esse,
2069 555 2227 621 vade,
2269 555 2428 617 vende
2469 572 2587 626 qua:
2623 557 2814 621 habes,
2844 566 2893 611 et
2933 557 3002 611 da
3040 555 3383 627 pauperibus,
3411 566 3460 610 et

1883 644 2094 698 habebis
2142 646 2444 700 thesaurum
2500 647 2556 700 in
2606 647 2773 713 creto;
2825 658 2873 702 et
2925 649 3071 712 veni,
3124 663 3335 718 sequere
3380 662 3462 701 me

1885 739 1901 803 (
1929 734 2119 789 Matth.
2146 751 2237 789 xu
2259 776 2274 799 ,
2302 735 2364 789 21
2394 735 2436 806 ).
2483 735 2817 791 Thesaurum
2865 752 2996 807 ergo
3040 745 3187 791 tuum
3228 737 3280 790 in
3322 736 3462 792 coelo

1883 836 2050 891 pone,
2100 823 2396 887 clarissime
2441 840 2569 890 rex,
2622 825 2711 880 ubi
2756 842 2862 881 non
2908 827 3101 881 timeas
3145 827 3358 881 hostem
3400 834 3456 879 et

1883 923 2338 985 expugnatorem,
2389 915 2481 969 ubi
2528 931 2636 971 non
2685 916 2879 973 timeas
2923 917 3194 990 occultum
3244 916 3452 982 furem,

1884 1011 2044 1072 atque
2088 1003 2384 1069 latronem,
2428 1020 2588 1074 quem
2631 1020 2822 1074 rapere
2866 1022 2971 1060 non
3009 1007 3183 1075 possit
3206 1006 3452 1075 publicus

1880 1092 2063 1163 prmdo
2088 1102 2249 1163 atque
2278 1102 2572 1163 grassator.
2616 1093 2796 1148 Patria
2840 1094 2983 1148 enim
3029 1105 3120 1151 tua
3161 1097 3450 1164 paradisus

1882 1191 2003 1238 est:
2054 1185 2110 1238 in
2156 1185 2332 1256 patria
2379 1185 2521 1240 enim
2571 1192 2660 1239 tua
2708 1186 3052 1255 postmodum
3100 1195 3454 1261 recepturus,

1880 1273 2207 1344 multiplices
2257 1275 2419 1331 debes
2456 1276 2749 1331 recondere
2790 1275 3091 1329 thesauros.
3140 1277 3361 1347 Magnus
3403 1286 3455 1333 te

1882 1362 1991 1418 illic
2033 1364 2319 1419 charorum
2347 1380 2604 1419 numerus
2629 1371 2945 1433 exspectat;
2988 1373 3271 1433 parentum
3291 1406 3306 1431 ,
3338 1365 3453 1422 fra-

1881 1462 2024 1509 trum
2070 1463 2231 1525 atque
2275 1470 2523 1510 sororum
2570 1457 2788 1526 copiosa
2830 1456 2985 1510 turba
3031 1455 3142 1511 illic
3188 1464 3242 1511 te
3268 1458 3454 1513 videre

1881 1544 2152 1599 desiderat
2192 1544 2258 1598 de
2298 1559 2395 1598 sua
2416 1544 2529 1613 jam
2562 1544 2965 1600 immortalitate
2990 1559 3179 1600 secura
3198 1585 3215 1610 ,
3245 1546 3338 1601 sed
3366 1547 3461 1600 ad-

1880 1633 1987 1687 huc
2014 1632 2080 1687 de
2113 1642 2204 1688 tua
2234 1633 2408 1688 salute
2452 1635 2703 1690 sollicita.
2751 1635 2963 1691 Chorus
3007 1637 3208 1692 etenim
3254 1644 3308 1691 te
3352 1636 3512 1692 illic"

1879 1724 2310 1792 patriarcharum
2334 1733 2647 1794 exspectat,
2674 1742 2933 1781 numerus
2956 1727 3343 1796 prophetarum
3368 1729 3460 1783 de-

1884 1814 2119 1877 siderat,
2149 1812 2516 1883 apostolorum
2547 1823 2602 1869 et
2628 1816 2869 1869 omnium
2903 1828 3214 1877 sanctorum
3254 1834 3458 1877 cuneus

1884 1920 2108 1960 cernere
2149 1905 2316 1975 cupit.
2364 1903 2408 1960 Ο
2451 1922 2611 1975 quam
2649 1907 2869 1977 grandis
2911 1908 3094 1962 laetitia
3123 1918 3206 1963 est
3231 1910 3299 1964 ad
3328 1910 3459 1965 isto-

1884 2010 2003 2049 rum
2044 1996 2286 2050 omnittrn
2326 2006 2635 2053 sanctorum
2674 1998 2961 2068 pervenire
2989 2001 3356 2067 consortium;
3386 2002 3456 2058 ad

1884 2090 2109 2145 istorum
2139 2091 2379 2146 omnium
2405 2090 2615 2145 felicem
2654 2091 2839 2146 venire
2876 2092 3246 2161 complexum!
3283 2092 3454 2161 Quam

1884 2194 2093 2234 sutuma
2125 2187 2179 2233 et
2207 2188 2463 2249 perpetua
2509 2178 2739 2234 felicitas
2782 2180 2891 2236 illic
2933 2181 3298 2251 apostolorum
3341 2182 3455 2253 glo-

1885 2271 2056 2327 riosos
2080 2284 2305 2326 cernere
2334 2272 2566 2337 choros;
2603 2270 2712 2325 illic
2747 2271 3133 2341 prophetarum
3177 2274 3454 2329 exsultan-

1886 2360 2021 2413 tium
2067 2374 2295 2413 numcro
2340 2359 2604 2417 interesse
2654 2368 2906 2426 sacrato;
2960 2362 3100 2416 inter
3147 2362 3450 2433 virginum,

1883 2458 2216 2520 martyrum,
2270 2448 2638 2504 confessorum
2685 2457 2740 2505 et
2790 2452 3029 2507 omnium
3074 2468 3175 2522 pro
3227 2455 3454 2513 Domino

1885 2538 2332 2607 triumphantium
2374 2539 2718 2597 candidatum
2757 2554 2989 2600 cuneum
3018 2541 3283 2598 interesse
3321 2559 3449 2598 san-

1884 2629 2130 2685 ctorum!
2176 2629 2320 2697 Ergo
2364 2637 2426 2683 ut
2466 2629 2535 2683 ad
2572 2629 2801 2685 istorum
2839 2632 3128 2697 merearis,
3158 2648 3289 2697 rex,
3321 2632 3451 2688 felix

1884 2645 2130 2685 ciorum:
2176 2645 2250 2683 ur
2286 2645 2320 2681 o
2364 2645 2426 2683 ut
2466 2645 2535 2683 au
2572 2645 2801 2685 tswrum
2839 2645 3128 2697 merearis,
3158 2648 3289 2697 rex,
3321 2645 3451 2688 telis

1884 2720 2216 2776 consortium
2238 2645 2577 2790 [geningerm
2602 2721 3052 2790 patrimoniorum
3082 2730 3295 2778 tuorum
3321 2740 3453 2794 quo-

1887 2810 2013 2863 tidie
2036 2809 2088 2862 in
2111 2808 2248 2863 coelo
2277 2809 2558 2864 thesauros
2578 2824 2777 2878 repone
2804 2812 2995 2876 bonos,
3015 2819 3071 2866 et
3089 2812 3199 2866 noli
3219 2815 3454 2870 condere

1882 2898 2087 2953 malos..
2121 2897 2262 2952 Sunt
2302 2898 2502 2953 etenim
2552 2899 2788 2953 thesauri
2831 2900 2991 2964 mali,
3023 2900 3162 2955 sicut
3201 2904 3256 2957 et
3290 2904 3451 2970 boni,

1884 2988 2024 3043 sicut
2052 2987 2312 3056 scriptum
2343 2995 2427 3042 est
2456 3005 2468 3041 :
2499 2986 2681 3042 Bonus
2719 2991 2872 3042 homo
2912 2988 2976 3042 de
3011 2989 3255 3045 thesauro
3281 2995 3453 3048 cordis

1882 3079 1964 3131 sui
1988 3078 2185 3147 profert
2214 3077 2425 3131 bonum.
2458 3076 2527 3131 Et
2555 3076 2728 3132 malus
2754 3078 2907 3132 homo
2935 3079 3000 3133 de
3026 3078 3165 3134 malo
3201 3082 3450 3138 thesauro

1881 3168 2078 3239 profert
2105 3167 2301 3221 malum
2331 3168 2500 3239 (Luc.
2528 3185 2581 3222 vt
2602 3210 2616 3233 ,
2641 3170 2710 3223 45
2730 3170 2772 3241 ).
2802 3171 2972 3237 Quem
3011 3172 3155 3225 enim
3192 3173 3445 3242 superbia

1883 3258 2068 3318 inflat,
2120 3258 2397 3312 iracundia
2443 3258 2776 3324 inﬂammat,
2824 3260 3092 3329 rapacitas
3138 3261 3444 3331 inquietat,

1885 3350 2179 3407 crudelitas
2209 3349 2483 3415 stimulat,
2513 3350 2735 3408 ambitio
2764 3350 3028 3415 delectat,
3060 3352 3224 3407 libido
3262 3354 3449 3423 pracci-

1883 3438 2053 3509 pitat,
2100 3437 2230 3506 quid
2273 3437 2421 3492 aliud
2459 3438 2591 3495 facit
2633 3453 2796 3507 quam
2832 3441 3113 3497 thesauros
3150 3441 3452 3511 iniquitatis

1886 3531 1988 3584 sibi
2032 3529 2280 3600 reponit?
2305 3530 2382 3583 De
2412 3529 2612 3588 talibus
2638 3530 2783 3587 enim
2812 3530 3011 3587 Paulus
3036 3534 3309 3602 apostolus
3337 3536 3452 3589 ait:

1890 3621 2131 3677 Tradidit
2156 3619 2276 3675 illos
2306 3620 2448 3676 Deus
2478 3621 2533 3675 in
2563 3622 2836 3691 reprobum
2874 3639 3083 3691 sensum
3104 3663 3119 3689 ,
3165 3632 3222 3677 ut
3259 3624 3459 3693 faciant

1886 3729 1948 3766 ea
1996 3728 2113 3782 qua:
2161 3729 2265 3766 non
2306 3712 2649 3778 conveniunt,
2695 3712 2916 3784 repletos
2961 3715 3104 3771 omni
3153 3715 3457 3785 iniquitate,

1888 3802 2089 3859 malitia
2108 3842 2121 3868 ,
2142 3803 2490 3872 fornicatione
2507 3843 2523 3869 ,
2554 3804 2776 3858 avaritia
2794 3844 2810 3870 ,
2842 3807 3070 3876 nequitia
3090 3846 3105 3870 ,
3128 3805 3305 3877 plenos
3329 3808 3461 3860 invi-

1888 3893 2011 3958 dia,
2039 3892 2320 3948 homicidio
2339 3934 2354 3956 ,
2392 3894 2750 3959 contentione,
2785 3893 2907 3949 dolo
2926 3935 2941 3960 ,
2979 3894 3345 3965 malignitate;
3370 3913 3460 3950 su-

1887 3999 2166 4048 surrones,
2205 3982 2556 4048 detractores,
2593 3982 2703 4037 Deo
2740 3984 2983 4050 odibiles,
3026 3985 3457 4052 contumeliosos,

1888 4073 2153 4139 superbos,
2183 4071 2369 4136 elatas,
2400 4072 2692 4129 inventores
2720 4073 3006 4141 malorum,
3032 4075 3331 4144 parentibus
3357 4092 3461 4130 non

1889 4162 2179 4217 obedientes
2199 4202 2213 4225 ,
2244 4162 2542 4232 insipientes
2558 4203 2571 4225 ,
2598 4162 2990 4233 incompositos,
3015 4166 3128 4221 sine
3153 4166 3426 4234 affectione
3442 4206 3458 4233 ,

1889 4251 2078 4321 absque
2113 4251 2335 4320 fwdere,
2375 4252 2487 4307 sine
2519 4252 2879 4307 misericordia
2921 4254 3107 4326 (Rom.
3135 4271 3151 4308 ι
3175 4295 3190 4320 ,
3218 4256 3385 4312 28-51
3412 4257 3458 4327 ).

1888 4339 1965 4395 Dc
1996 4340 2190 4408 quibus
2219 4349 2273 4394 et
2299 4340 2482 4395 subdit
2506 4358 2518 4394 :
2552 4340 2704 4406 Quod
2730 4344 3014 4398 secundum
3040 4344 3285 4400 duritiem
3311 4356 3457 4403 tuam

1889 4440 1936 4484 et
1964 4430 2285 4500 impaenitens
2315 4446 2405 4483 cor
2437 4429 2758 4484 thesaurizas
2785 4432 2875 4485 tibi
2913 4435 3047 4487 iram
3083 4434 3137 4488 in
3171 4435 3255 4490 die
3291 4437 3385 4492 ira:
3411 4445 3461 4493 et

1892 4523 2214 4577 reuelationis
2232 4522 2367 4597 justi
2384 4522 2579 4592 judicii
2605 4522 2699 4582 Dei
2728 4524 2746 4595 (
2770 4522 2923 4579 Rom.
2956 4541 3029 4590 ιι,
3054 4525 3151 4596 5).

2471 4639 2697 4695 CAPUT
2736 4640 2874 4694 XIV.

1894 4726 2112 4799 Qualem
2132 4736 2181 4782 et
2197 4738 2446 4799 quantum
2469 4731 2770 4784 thesaurum
2791 4732 2845 4784 in
2868 4732 2971 4785 vita
2992 4733 3090 4786 sibi
3108 4734 3261 4787 homo
3282 4751 3459 4788 recon-

2031 4798 2167 4851 derit
2187 4798 2382 4862 ,talem
2404 4807 2452 4852 et
2477 4808 2677 4853 tantum
2695 4810 2809 4870 post
2836 4812 3052 4855 mortem
3073 4803 3313 4856 inveniet.

1962 4889 2183 4956 Qualem
2206 4890 2518 4944 thesaurum
2542 4898 2595 4942 et
2616 4900 2874 4960 quantum
2899 4893 3266 4962 unusquisque
3284 4893 3461 4947 adhuc

1894 4979 2081 5040 vivens
2122 4978 2284 5033 homo
2323 4977 2377 5033 in
2419 4977 2558 5032 emlo
2598 4980 2927 5043 reconderit,
2971 4980 3130 5035 talem
3170 4987 3226 5034 et
3254 4989 3461 5035 tantum

1893 5077 2017 5143 post
2043 5075 2274 5123 mortem
2305 5067 2561 5122 inveniet.
2607 5067 2697 5123 Sic
2722 5070 2865 5124 enim
2902 5069 3101 5124 Paulus
3137 5070 3204 5124 ad
3242 5068 3463 5125 Galatas

1895 5159 1972 5217 ait
2001 5177 2013 5211 :
2045 5157 2224 5211 Nolite
2256 5174 2462 5222 errare,
2503 5156 2644 5213 Deus
2681 5176 2782 5213 non
2823 5160 3114 5213 irridetur:
3154 5158 3284 5224 Qute
3319 5160 3457 5214 enim

1895 5248 2219 5302 seminaverit
2249 5248 2423 5313 homo,
2442 5247 2552 5302 ha’c
2577 5256 2625 5301 et
2652 5258 2822 5303 metet.
2844 5248 3103 5313 Quoniam
3127 5248 3215 5317 qui
3242 5250 3461 5302 seminat

1896 5341 1951 5393 in
1985 5355 2139 5392 carne
2173 5356 2300 5401 sua,
2337 5338 2401 5392 de
2436 5355 2593 5393 carne
2630 5348 2678 5393 et
2719 5348 2868 5393 metet
2907 5338 3285 5407 corruptionem
3313 5354 3331 5391 :
3368 5340 3459 5408 qui

1895 5440 2071 5483 autem
2116 5431 2337 5483 seminat
2386 5430 2450 5483 de
2498 5429 2716 5500 spiritu,
2762 5429 2825 5481 de
2869 5428 3058 5496 spiritu
3100 5437 3250 5481 ntetet
3300 5429 3461 5483 vitam

1893 5531 2159 5574 a'ternam.
2200 5518 2405 5572 Bonum
2444 5528 2618 5573 autem
2659 5518 2936 5587 facientes,
2983 5532 3083 5569 non
3111 5515 3458 5584 deﬁciamus;

1893 5620 2115 5678 tempore
2142 5610 2276 5661 enim
2303 5624 2398 5661 suo
2425 5616 2670 5665 metemus
2696 5623 2798 5659 non
2824 5605 3138 5673 deﬁcientes.
3167 5604 3307 5674 Ergo
3333 5605 3459 5661 dum

1890 5711 2087 5773 tempus
2114 5700 2379 5763 habemus,
2406 5713 2676 5767 operemur
2700 5696 2884 5751 bonum
2914 5695 2982 5749 ad
3011 5710 3205 5766 omnes,
3230 5695 3456 5755 minime
