4000 6512
625 379 732 435 955

1919 358 2271 417 summam
2309 358 2599 415 auarus
3684 366 3746 424 οδε

625 497 696 554 ad
721 490 1031 550 domesticos
1052 487 1175 557 ﬁdei
1201 485 1220 558 (
1243 482 1420 539 Galat.
1446 496 1534 545 vt.
1562 476 1759 549 7-10).
1785 474 2041 531 Salomon
2069 488 2203 543 quo-
2228 476 2279 538 Α
2303 488 2482 544 greges
2504 510 2518 537 ,
2550 470 2694 526 ultra
2726 485 2903 524 omnes
2928 469 3018 539 qui
3048 466 3263 538 fuerunt
3290 479 3403 524 ante
3424 486 3493 524 ate
3515 472 3561 526 in
3581 472 3746 532 Περι-ιω.

625 603 733 662 que
763 588 877 641 ait:
910 582 1014 649 Qui
1045 580 1265 635 seminat
1299 575 1661 646 iniquitatem,
1696 578 1849 662 metet
1888 566 2079 662 mala:
2093 564 2200 631 Qui

625 657 827 753 pronus
874 684 950 730 est
997 672 1067 726 ad
1118 665 1566 729 misericordiam,
1619 660 1949 717 benedicatur
1997 657 2196 731 (Prov.

627 749 744 826 im
763 809 778 834 ,
802 766 918 821 7-8
941 764 981 835 ).
1007 763 1158 827 Esto,
1184 774 1303 823 rex,
1332 770 1537 828 pronus
1565 753 1633 809 ad
1659 749 2110 815 misericordiam,
2140 756 2202 803 ut

628 858 893 916 merearis
932 870 964 909 a
1010 855 1121 909 Deo
1169 850 1414 919 accipere
1459 846 1735 918 gratiam:
1779 842 1983 898 semina
2023 839 2204 895 dando

628 948 955 1023 pauperibus
984 945 1041 1000 in
1067 941 1322 1013 praesenti
1349 937 1577 1002 saeculo,
1608 950 1729 1005 quae
1756 933 1871 1004 ipse
1897 944 2022 986 cum
2059 929 2203 984 mul-

630 1039 800 1110 tiplici
826 1037 1012 1092 fenore
1040 1031 1285 1089 metiaris
1313 1030 1370 1084 in
1397 1029 1599 1082 futuro.
1644 1024 1796 1079 Mitte
1825 1035 2021 1093 panem
2050 1027 2204 1073 tuum

633 1130 689 1185 in
716 1126 1069 1183 esurientium
1091 1124 1325 1186 viscera,
1353 1127 1414 1174 ut
1436 1133 1562 1173 eum
1587 1115 1936 1185 multiplicem
1962 1110 2212 1169 invenias

633 1219 690 1276 in
715 1226 915 1273 acterna
952 1214 1149 1285 patria.
1193 1211 1285 1267 Sic
1324 1210 1468 1285 enim
1499 1207 1755 1263 Salomon
1787 1205 1863 1259 ait
1891 1221 1904 1257 :
1939 1201 2089 1257 Mitte
2112 1217 2207 1271 pa-

632 1324 752 1364 rtem
777 1315 923 1360 tuum
945 1320 1100 1375 super
1118 1308 1442 1356 transeuntes
1465 1312 1629 1369 aquas
1651 1309 1669 1348 :
1691 1295 1814 1363 quia
1837 1298 1951 1363 post
1974 1298 2207 1358 tempora

631 1397 801 1454 multa
828 1396 1055 1451 invenies
1080 1392 1230 1447 illum
1260 1392 1279 1462 (
1300 1389 1467 1445 Eccli.
1499 1404 1553 1442 χι
1576 1428 1591 1454 ,
1621 1387 1648 1441 1
1675 1385 1717 1459 ).
1745 1383 1888 1452 Quid
1915 1388 2000 1437 est
2025 1388 2207 1435 autem

637 1504 802 1560 super
827 1492 1168 1541 transeuntes
1197 1498 1367 1553 aquas
1394 1481 1611 1535 mittere
1636 1491 1854 1548 panem,
1879 1473 1981 1528 nisi
2009 1486 2209 1543 paupe-

638 1578 793 1634 ribus
821 1583 876 1631 et
901 1575 1215 1646 egentibus,
1246 1580 1301 1627 et
1331 1571 1397 1626 de
1425 1571 1527 1625 hoc
1565 1567 1764 1623 saeculo
1805 1562 2210 1619 transeuntibus

638 1669 1040 1738 eleemosynam
1070 1664 1244 1720 dare?
1271 1662 1410 1730 Quid
1437 1669 1520 1717 est
1549 1674 1701 1725 vero,
1732 1655 1860 1711 Post
1887 1653 2053 1709 inulta
2082 1662 2210 1706 tem-

637 1773 768 1828 pora
794 1757 1020 1811 invenies
1043 1754 1224 1820 illum,
1253 1754 1353 1809 nisi
1378 1753 1432 1808 in
1465 1752 1646 1806 futuro
1673 1747 1868 1804 saeculo
1894 1743 2209 1801 retributio-

640 1847 727 1902 nis
754 1861 822 1904 ex
852 1845 944 1901 illo
970 1845 1182 1916 largum
1204 1844 1436 1914 accipies
1460 1839 1795 1912 praemium?

1231 1950 1456 2006 CAPUT
1503 1948 1619 2002 XV.

1071 2020 1145 2075 De
1172 2037 1277 2075 non
1303 2020 1515 2089 ﬁdendo
1543 2019 1760 2073 divitiis.

708 2113 780 2169 Et
815 2111 941 2183 quia
984 2110 1081 2166 tibi
1117 2110 1379 2165 Dominus
1419 2107 1845 2164 misericorditer
1881 2106 2059 2177 regias
2084 2120 2214 2162 con-

637 2204 804 2260 cessit
830 2203 882 2257 in
910 2201 1162 2272 praesenti
1193 2199 1390 2255 saeculo
1415 2207 1471 2253 et
1500 2198 1679 2270 largas
1706 2197 1952 2262 divitias,
1984 2196 2213 2251 solerter

639 2308 802 2365 agerc
842 2290 1037 2357 debes,
1071 2298 1130 2346 ut
1156 2290 1355 2346 multas
1393 2289 1636 2344 invenias
1674 2301 1741 2342 ex
1784 2287 1889 2342 illis
1930 2287 1983 2341 in
2027 2286 2212 2341 futura

639 2385 815 2460 patria
842 2384 1123 2455 repositas.
1155 2382 1339 2455 Neque
1362 2383 1508 2439 enim
1535 2381 1651 2436 alia:
1672 2381 1940 2437 veraciter
1967 2379 2211 2434 dicendae

638 2484 770 2532 sunt
794 2476 1019 2540 divitiae,
1052 2475 1155 2529 nisi
1184 2474 1288 2529 illae
1316 2488 1435 2544 quae
1460 2473 1515 2527 in
1544 2472 1752 2528 caelesti
1796 2471 2051 2525 thesauro
2090 2466 2214 2523 feli-

640 2566 781 2621 eiter
806 2573 933 2620 sunt
973 2564 1278 2620 reconditae.
1320 2562 1459 2617 Audi
1496 2576 1657 2633 ergo,
1702 2576 1827 2626 rex,
1860 2558 2175 2630 Apostolum
2197 2597 2213 2622 ,

643 2666 700 2715 et
727 2658 834 2713 noli
865 2657 1135 2713 conlidere
1163 2656 1217 2710 in
1255 2654 1475 2711 caducis
1512 2653 1672 2708 istius
1705 2651 1991 2721 praesentis
2030 2648 2214 2705 saeculi

642 2748 877 2813 divitiis,
925 2746 1019 2802 sed
1062 2744 1117 2800 in
1159 2744 1267 2799 illis
1294 2744 1358 2799 de
1386 2742 1582 2813 quibus
1607 2741 1935 2812 pauperibus
1978 2739 2216 2809 erogatis

644 2839 923 2895 caelestem
948 2839 1260 2893 thesaurum
1286 2836 1638 2893 aedillcaveris
1667 2854 1679 2890 :
1715 2836 1791 2890 ait
1830 2835 1976 2890 enim
2017 2834 2216 2890 Paulus

644 2930 922 3000 apostolus
947 2948 960 2983 :
988 2929 1250 2983 Divitibus
1272 2928 1431 2999 hujus
1454 2927 1633 2982 swculi
1673 2928 1893 2999 praecipe
1918 2944 2021 2981 non
2047 2927 2216 2981 subli-

647 3036 730 3075 me
750 3033 948 3089 sapere,
972 3035 1135 3089 neque
1157 3035 1366 3090 sperare
1388 3020 1444 3073 in
1467 3019 1663 3073 incerto
1690 3019 1997 3073 divitiarum
2013 3057 2033 3087 ,
2052 3019 2142 3075 sed
2163 3020 2218 3074 iu

645 3107 756 3163 Deo
781 3108 891 3163 vivo
917 3107 1045 3179 (qui
1067 3118 1280 3179 priestat
1320 3108 1465 3163 nobis
1508 3111 1685 3164 omnia
1716 3109 1922 3164 abunde
1942 3110 2011 3163 ad
2037 3110 2219 3180 fruen-

643 3198 828 3270 dum),
853 3198 977 3253 bene
997 3215 1169 3269 agere,
1192 3199 1374 3255 divites
1397 3199 1515 3269 ﬁeri
1536 3201 1589 3255 in
1611 3200 1758 3255 bonis
1781 3179 2044 3271 operibus,
2063 3200 2220 3270 facile
2245 3179 2292 3242 (ἶ

645 3288 872 3343 tribuere
895 3328 910 3355 ,
938 3289 1321 3344 communicare
1344 3331 1359 3356 ,
1391 3291 1747 3346 thesaurizarc
1772 3290 1870 3346 sibi
1904 3291 2220 3361 fundamen-

645 3387 756 3432 tum
782 3378 971 3433 bonum
993 3379 1049 3433 in
1070 3379 1339 3449 futurum,
1365 3391 1419 3434 ut
1445 3381 1832 3452 apprehendant
1858 3397 2030 3435 ueram
2060 3382 2220 3436 vitam

646 3469 665 3540 (
690 3468 721 3523 1
751 3468 884 3524 Tim.
914 3486 997 3535 vi,
1027 3470 1191 3527 17-19
1214 3470 1254 3537 ).
1286 3472 1433 3541 Opus
1459 3472 1603 3527 enim
1632 3472 2023 3528 misericordim
2052 3470 2219 3540 etju—

646 3559 811 3614 stitite
835 3560 1206 3629 patrocinatur
1230 3562 1433 3617 homini
1454 3570 1576 3631 post
1596 3570 1845 3627 mortem,
1865 3578 1969 3616 non
1995 3563 2214 3617 divitiae.

648 3649 743 3705 Sic
769 3652 913 3705 enim
940 3650 1192 3706 Salomon
1220 3653 1296 3706 ait
1322 3670 1335 3707 :
1369 3653 1493 3708 Non
1515 3654 1797 3725 proderunt
1827 3653 2024 3707 divitiw
2051 3655 2105 3708 in
2132 3654 2218 3708 die

646 3742 903 3798 ultionis:
931 3743 1142 3813 justitia
1176 3753 1355 3799 autem
1397 3745 1636 3800 liberabit
1674 3762 1707 3798 a
1744 3754 1929 3799 morte.
1959 3744 2097 3810 Quia
2123 3746 2213 3816 qui

647 3831 864 3901 conﬁdit
898 3833 953 3886 in
983 3833 1175 3888 divitiis
1212 3836 1356 3899 suis,
1400 3845 1647 3889 corruet:
1678 3835 1814 3905 justi
1855 3844 2031 3888 autem
2066 3836 2221 3906 quasi

645 3924 816 3977 uirens
860 3921 1045 3993 folium
1087 3925 1449 3995 germinabunt
1496 3922 1703 3996 (Eccli.
1729 3941 1782 3991 v,
1821 3924 1925 3991 10;
1966 3923 2124 3980 Prov.
2150 3941 2216 3993 x,

646 4016 683 4074 2
708 4058 723 4083 ,
758 4029 806 4073 ct
834 4032 917 4083 χι,
946 4019 1016 4075 28
1040 4019 1077 4091 ).
1109 4019 1278 4076 David
1308 4036 1522 4090 quoque
1551 4020 1627 4075 ait
1652 4037 1665 4075 :
1700 4019 1878 4075 Nolite
1921 4035 2131 4091 sperare
2163 4020 2216 4074 in

647 4109 927 4180 iniquitate
947 4152 961 4178 ,
991 4121 1039 4165 et
1068 4113 1279 4183 rapinas
1319 4111 1475 4166 nolite
1514 4113 1895 4184 concupiscere.
1926 4112 2137 4167 Divitiae
2171 4128 2218 4166 si

645 4201 891 4272 afﬂuant,
934 4202 1094 4257 nolite
1135 4220 1226 4258 cor
1265 4221 1523 4275 apponere
1568 4202 1762 4275 (Psal.
1792 4221 1915 4268 LXI,
1948 4205 2008 4259 ll
2039 4206 2079 4275 ).
2126 4204 2219 4260 Ille

645 4291 850 4347 divitiis
882 4306 977 4348 cor
1010 4294 1260 4364 apponit,
1298 4296 1389 4364 qui
1439 4295 1492 4349 in
1539 4294 1672 4365 ipsis
1721 4294 2051 4364 singularem
2099 4308 2220 4349 esse

646 4383 960 4439 lelicitatem
995 4386 1187 4441 credit.
1227 4385 1332 4441 Iste
1364 4388 1443 4442 sic
1475 4387 1581 4442 illis
1612 4402 1708 4442 cor
1739 4386 1994 4457 apponit,
2025 4394 2218 4440 utnon

645 4471 777 4526 velit
807 4487 896 4527 res
920 4472 1247 4543 pauperibus
1272 4489 1518 4546 erogare,
1547 4475 1641 4529 scd
1668 4475 1845 4545 magis
1870 4489 1964 4529 eas
1990 4474 2214 4528 amlrirc.

647 4560 763 4617 Non
792 4564 907 4618 vult
934 4580 1124 4619 aurum
1155 4581 1311 4620 suum
1340 4565 1645 4634 expendere
1668 4606 1682 4629 ,
1712 4566 1807 4620 sed
1836 4565 2045 4620 calcare
2072 4583 2083 4618 :
2118 4580 2216 4634 pa—

647 4650 901 4705 trimonia
928 4667 1024 4707 sua
1050 4668 1155 4708 non
1186 4654 1299 4709 vult
1325 4654 1511 4724 egenis
1538 4653 1756 4725 largiri,
1790 4654 1884 4709 sed
1914 4655 2217 4711 hacrcdihus

647 4749 973 4812 congregata
998 4757 1232 4798 servare.
1262 4743 1328 4797 Et
1356 4743 1475 4798 ideo
1501 4751 1625 4814 post
1650 4753 1881 4798 mortem
1910 4744 2042 4798 nihil
2070 4744 2219 4799 inve-

647 4829 835 4896 niunt,
879 4831 1004 4900 quia
1050 4832 1103 4886 in
1146 4833 1254 4887 vita
1298 4835 1623 4904 pauperibus
1664 4834 1799 4889 nihil
1844 4834 2109 4889 tribuunt.
2143 4835 2219 4891 De

647 4920 845 4992 quibus
871 4937 1108 4992 congrue
1135 4922 1418 4978 Psalmista
1461 4926 1536 4979 ait
1563 4939 1578 4979 :
1606 4925 1946 4979 Dormierunt
1976 4942 2219 4979 somnum

645 5024 832 5076 suum,
873 5021 922 5066 et
962 5012 1091 5066 nihil
1130 5012 1432 5067 invenerunt
1477 5032 1654 5069 omnes
1699 5015 1795 5069 uiri
1835 5015 2137 5068 divitiarum
2163 5015 2218 5068 in

646 5101 885 5157 manibus
921 5104 1031 5157 suis
1060 5103 1078 5175 (
1101 5101 1249 5158 Psal.
1278 5122 1439 5171 Lxxv,
1466 5105 1562 5178 6).
1594 5106 1676 5160 Ad
1703 5108 1849 5161 hunc
1877 5107 2038 5162 linem
2069 5106 2222 5161 Salo-

647 5206 773 5246 mon
818 5193 884 5249 de
925 5194 1126 5251 divitiis
1164 5197 1276 5251 suis
1314 5204 1675 5266 computatam
1722 5197 2050 5252 sententiam
2095 5212 2218 5267 pro-

646 5281 800 5337 duxit
817 5325 831 5347 ,
856 5285 946 5339 ubi
974 5287 1049 5341 ait
1074 5305 1086 5340 :
1113 5286 1444 5357 Magniﬁcavi
1469 5304 1625 5358 opera
1647 5303 1785 5354 mea,
1808 5288 2068 5356 aediﬁcavi
2093 5288 2221 5342 mihi

646 5370 828 5426 domos
847 5413 861 5438 ,
892 5383 941 5428 et
974 5375 1205 5445 plantavi
1244 5379 1418 5431 vineas
1439 5417 1454 5444 ,
1483 5376 1584 5446 feci
1620 5376 1798 5431 hortos
1820 5418 1834 5443 ,
1864 5379 2104 5447 pomaria
2126 5419 2140 5443 ,
2172 5385 2221 5432 et

646 5466 850 5519 conseri
878 5483 939 5520 ea
968 5469 1139 5522 cuncti
1173 5471 1370 5539 generis
1408 5467 1701 5533 arboribus,
1736 5478 1783 5523 et
1818 5470 2056 5525 exstruxi
2091 5471 2222 5525 mihi

646 5552 873 5621 piscinas
902 5574 1155 5628 aquarum
1172 5599 1186 5624 ,
1220 5568 1275 5613 ut
1302 5560 1576 5632 irrigarem
1602 5560 1789 5616 silvam
1817 5560 2077 5632 lignorum
2104 5575 2221 5631 ger-

648 5646 978 5703 minantium.
1029 5649 1245 5706 Possedi
1289 5670 1461 5709 seruos
1503 5666 1551 5710 et
1597 5653 1854 5721 ancillas,
1900 5654 2218 5725 multamque

647 5732 907 5812 familiam
942 5738 1132 5807 habui,
1171 5752 1407 5798 armenta
1440 5760 1642 5816 quoque
1687 5752 1736 5799 et
1786 5760 2001 5816 magnos
2044 5745 2215 5823 ovium

2237 1823 2286 1884 B

2245 4524 2297 4584 D

2301 561 2422 616 lem.
2453 562 2523 616 Et
2552 562 2662 616 vidi
2688 562 2741 616 in
2770 563 2850 616 his
2881 562 3125 616 omnibus
3160 563 3430 616 vanitatem
3459 574 3501 616 et
3529 567 3747 636 afﬂictione:

2302 652 2498 717 animi,
2527 660 2575 705 et
2606 651 2738 705 nihil
2763 667 3071 722 permanere
3097 650 3195 705 sub
3225 651 3331 706 sole
3358 652 3375 721 (
3398 651 3550 707 Eccle.
3570 673 3669 727 seqq.
3688 675 3710 712 ιι
3722 662 3745 731 ).

2372 743 2579 815 Largus
2612 744 2757 798 enim
2793 743 3007 798 divitias
3045 743 3489 814 Psalmograpbus
3519 745 3748 806 haberem

2303 834 2557 900 damnat,
2592 836 2688 895 sed
2717 849 2785 889 ne
2822 851 2918 891 cor
2949 835 3065 895 illis,
3091 845 3389 905 apponatur
3418 845 3561 891 vetat.
3589 838 3672 894 Non
3693 844 3747 898 tibi

2305 924 2480 987 oberit
2507 924 2821 983 divitiarum
2850 926 3204 996 congregatio
3224 926 3367 996 iusta
3387 967 3402 991 ,
3429 927 3470 982 si
3497 927 3750 991 adlueritdis

2305 1014 2533 1070 tributio
2569 1015 2742 1084 larga.
2791 1014 2873 1069 Ex
2922 1015 3030 1069 illis
3073 1016 3223 1070 enim
3266 1032 3450 1072 munus
3489 1019 3749 1081 miseriorem:

2305 1103 2489 1175 egenis
2516 1104 2852 1175 porrigitur;
2882 1119 2951 1159 ex
2978 1105 3087 1161 illis
3123 1121 3416 1177 pauperum
3445 1109 3621 1168 auditas
3644 1116 3751 1182 ορθτί,

2307 1201 2430 1258 tur;
2463 1207 2529 1247 ex
2557 1192 2663 1248 illis
2690 1195 3103 1266 peregrinorum
3134 1196 3312 1266 inopia
3340 1197 3609 1268 suppletur;
3631 1215 3676 1255 ex
3693 1204 3751 1259 illis

2305 1282 2631 1352 pupillorum
2680 1285 2898 1341 miseria
2943 1287 3289 1358 detergitur:
3337 1302 3401 1343 ex
3446 1289 3539 1345 illis
3573 1292 3751 1348 viduarum

2308 1374 2502 1430 solatia
2531 1375 2872 1444 tribuuntur;
2902 1392 2969 1432 ex
3001 1377 3111 1432 illis
3136 1378 3474 1433 esurientium
3497 1379 3630 1436 fames
3649 1384 3750 1453 repet

2307 1466 2435 1522 litur
2460 1485 2475 1534 ;
2506 1483 2572 1523 ex
2613 1468 2720 1523 illis
2749 1468 3041 1525 sitientium
3076 1470 3199 1526 sitis
3226 1469 3467 1541 fugatur;
3496 1488 3550 1527 ex
3572 1473 3650 1528 illis
3668 1476 3750 1528 inﬁr-

2309 1565 2572 1619 mantium
2603 1565 2868 1621 desideria
2894 1568 3253 1638 supplentur;
3286 1584 3352 1624 ex
3377 1568 3470 1625 illis
3494 1570 3749 1640 accipientes:

2308 1654 2544 1711 miseriis
2573 1654 2976 1726 liberabuntur,
3006 1667 3067 1735 et
3094 1658 3314 1715 illarum
3344 1660 3502 1715 ﬁdelis
3529 1661 3752 1731 dispensata

2311 1744 2367 1799 in
2402 1744 2583 1803 futuro
2613 1746 2895 1813 dilabitur.

2895 1836 3127 1894 CAPUT
3161 1838 3301 1895 XVI.

2416 1926 2495 1982 De
2520 1945 2623 1982 non
2648 1926 2923 1999 gloriando
2950 1930 3004 1984 in
3030 1931 3247 1995 divitiis,
3276 1931 3363 1985 sed
3390 1932 3438 1985 in
3462 1931 3690 1986 humilitate.

2381 2017 2523 2087 Ergo
2561 2017 2665 2072 illa:
2700 2017 2900 2073 divitiae
2939 2035 3061 2089 qua:
3101 2020 3159 2074 in
3200 2020 3402 2094 caelesti
3433 2022 3749 2076 condunturthe-

2311 2122 2506 2173 sauro,
2534 2118 2859 2179 permanent
2888 2109 2940 2163 in
2973 2118 3242 2166 aeternum
3266 2129 3280 2177 ;
3322 2120 3373 2168 et
3403 2112 3505 2167 ista:
3531 2128 3620 2182 quae
3642 2121 3748 2171 tenta

2315 2205 2402 2252 tur
2449 2197 2503 2252 iu
2552 2198 2748 2254 smculo
2785 2200 3025 2267 caduco,
3060 2210 3345 2258 transeunt
3385 2210 3434 2258 et
3472 2212 3656 2273 pereunt.
3684 2203 3747 2257 lion

2314 2288 2655 2361 gloriandum
2689 2298 2801 2356 est,
2835 2289 2976 2345 sicut
3012 2308 3117 2347 nec
3150 2291 3506 2348 conﬁdendum
3529 2292 3570 2346 in
3595 2292 3750 2361 perituris

2316 2379 2519 2437 divitiis
2539 2419 2554 2445 ,
2587 2379 2683 2434 sed
2720 2381 2900 2449 potius
2938 2381 3237 2437 laetandum
3270 2390 3325 2437 et
3356 2381 3625 2453 gloriandum
3647 2388 3698 2435 est
3718 2381 3747 2432 in
3848 2390 3849 2419 ξ

2324 2471 2487 2526 bonis
2513 2473 2830 2544 magnisque
2859 2473 3177 2531 virtutibus.
3211 2474 3344 2529 Nam
3372 2475 3483 2545 quia
3505 2482 3654 2544 oportet
3672 2472 3749 2526 ωτι·
3848 2520 3849 2545 γ

2318 2566 2401 2615 tes
2427 2575 2536 2614 non
2565 2560 2617 2614 in
2649 2561 2849 2617 divitiis
2880 2562 3101 2632 gloriari
3131 2563 3227 2619 sed
3250 2564 3303 2621 in
3324 2563 3593 2626 humilitate,
3607 2559 3747 2614 lacubus

2318 2658 2551 2705 testatur
2589 2647 2822 2707 dicens:
2864 2650 3135 2708 Glorietur
3178 2663 3351 2715 autem
3395 2653 3534 2723 frater
3565 2648 3702 2704 humilis
3717 2648 3750 2699 is

2319 2739 2639 2795 exultatione
2666 2757 2763 2796 sua
2788 2755 2807 2794 :
2837 2742 2977 2797 dives
3008 2752 3186 2798 autem
3214 2746 3268 2799 in
3292 2742 3624 2797 humilitatem
3641 2736 3745 2809 (lu.

2319 2849 2338 2888 ι
2357 2873 2371 2899 ,
2398 2833 2496 2904 9).
2528 2832 2646 2888 Noli
2674 2848 2801 2904 ergo
2837 2832 2891 2888 in
2921 2834 3128 2890 divitiis
3152 2833 3405 2907 gloriari,
3425 2848 3529 2895 rex,
3550 2830 3666 2885 sedili
3679 2828 3747 2881 hu-

2319 2922 2569 2978 militate.
2603 2922 2732 2978 Esto
2761 2922 2978 2978 humilis
2997 2964 3013 2990 ,
3042 2931 3164 2979 esto
3193 2924 3247 2979 in
3276 2922 3540 2978 humilitate
3559 2917 3742 2976 lundams;

2320 3015 2566 3085 quamvis
2602 3015 2677 3070 sis
2708 3014 2979 3081 sublimis,
3012 3032 3242 3088 magnus
3277 3024 3330 3071 et
3364 3028 3587 3074 summus,
3608 3006 3739 3064 humili-

2320 3111 2489 3159 tatem
2520 3112 2662 3158 tene.
2697 3102 2789 3159 Sic
2814 3105 2959 3160 enim
2986 3106 3254 3177 scriptum
3286 3112 3399 3159 est:
3430 3101 3593 3166 Quanto
3612 3110 3746 3165 manu

2323 3213 2377 3251 es
2396 3237 2410 3262 ,
2442 3195 2663 3250 humilia
2692 3205 2741 3250 te
2767 3197 2824 3250 in
2851 3197 3116 3264 omnibus,
3146 3206 3192 3251 et
3221 3212 3389 3250 coram
3412 3192 3590 3247 Domino
3608 3185 3743 3240 inuria

2323 3286 2553 3357 gratiam
2582 3298 2593 3311 '
2622 3286 2872 3356 quoniam
2902 3302 3098 3357 magna
3137 3286 3362 3359 potentia
3391 3283 3473 3336 Dei
3495 3278 3635 3339 solius,
3655 3285 3685 3328 et
3708 3271 3743 3323 al

2321 3377 2604 3432 humilibus
2650 3377 2940 3431 honoratur
2974 3376 2992 3450 (
3021 3377 3189 3433 Eccli.
3225 3394 3315 3442 ιιι,
3340 3376 3404 3432 20
3426 3374 3461 3447 ).
3492 3371 3615 3426 Vides
3646 3378 3741 3434 ενεοι

2322 3489 2449 3536 rex,
2482 3472 2609 3541 quia
2641 3471 2688 3527 si
2712 3471 3072 3529 humilitatem
3107 3472 3357 3535 tenueris,
3388 3465 3570 3525 habebis
3588 3459 3738 3530 gratiam,

2323 3562 2548 3617 habebis
2577 3570 2632 3617 et
2659 3562 2886 3633 gloriam
2907 3603 2923 3629 ,
2955 3563 3182 3641 insuper
3207 3572 3260 3619 et
3293 3562 3465 3617 anima:
3492 3564 3573 3610 tua:
3597 3546 3739 3641 invenies

2321 3654 2583 3725 requiem.
2627 3654 2718 3712 Sic
2755 3655 2902 3711 enim
2938 3634 3198 3712 Dominus
3229 3665 3347 3709 tuus
3373 3634 3740 3731 redemptore!“-

2322 3752 2440 3799 ctor
2468 3753 2612 3809 tuus,
2631 3753 2845 3800 creator
2871 3754 2925 3801 et
2953 3746 3284 3818 gubernator
3308 3751 3443 3806 tuus,
3466 3748 3507 3793 te
3525 3745 3639 3804 quem
3654 3737 3741 3793 εθίίυι

2323 3832 2521 3889 debeas
2560 3834 2744 3901 docet,
2784 3842 2839 3889 et
2878 3836 3007 3904 quid
3044 3836 3253 3891 discere
3285 3833 3435 3889 debes
3464 3826 3740 3912 tulimus?

2322 3923 2435 3988 dit,
2468 3924 2653 3979 dicens
2683 3943 2696 3979 :
2735 3902 2933 3980 Discite
2964 3944 2995 3980 a
3024 3943 3106 3986 me
3134 3928 3256 3999 quia
3288 3923 3414 3978 mitis
3442 3933 3535 3973 sum
3557 3921 3592 3968 et
3614 3902 3737 3999 hastili:

2322 4013 2511 4076 corde;
2537 4022 2585 4068 et
2613 4014 2885 4070 invenietis
2912 3989 3429 4086 requiem'animabus
3451 4003 3593 4061 uestri!
3610 3989 3737 4067 (Μσυίι

2322 4122 2408 4169 x1,
2435 4107 2504 4161 29
2526 4107 2566 4177 ).
2604 4106 2749 4161 idem
2791 4107 2903 4177 ipse
2937 4084 3200 4164 Dominus
3230 4120 3322 4179 per
3346 4099 3602 4174 prophetam
3624 4084 3739 4141 clam“

2322 4205 2378 4254 et
2406 4198 2539 4252 dicit
2573 4216 2585 4252 :
2619 4198 2702 4252 Ad
2727 4216 2878 4270 quem
2905 4208 3079 4261 autem
3116 4199 3405 4271 respiciam,
3433 4190 3517 4245 nisi
3537 4184 3588 4239 ad
3606 4188 3739 4251 ΡαίΡα·

2321 4289 2498 4345 culum
2517 4331 2532 4354 ,
2563 4298 2609 4343 et
2641 4291 2921 4344 contritum
2959 4293 3147 4361 spiritu
3168 4332 3182 4359 ,
3218 4299 3265 4344 et
3298 4289 3551 4342 trementem
3575 4276 3736 4327 sermoni“

2321 4396 2461 4434 meos
2489 4380 2507 4450 (
2532 4379 2645 4434 lsa.
2679 4396 2836 4445 LXVI,
2865 4380 2900 4435 2
2926 4380 2991 4451 )?

2396 4470 2453 4527 Si
2491 4441 2575 4527 vis
2601 4487 2731 4546 ergo
2760 4480 2820 4527 ut
2848 4441 2997 4528 adite
3021 4473 3278 4549 respiciat
3303 4468 3453 4526 Deus,
3477 4441 3734 4549 sublimem

2322 4562 2463 4627 ciat,
2503 4538 2769 4632 glorilicet
2804 4570 2859 4617 et
2894 4538 3141 4630 exultet:
3164 4560 3373 4619 humilia
3410 4566 3453 4609 te
3480 4538 3735 4642 in;

2322 4652 2485 4710 illius.
2520 4653 2611 4710 Sic
2638 4655 2781 4709 enim
2807 4654 3039 4711 Jacohus
3070 4656 3336 4729 apostolus
3363 4649 3463 4706 ait:
3492 4632 3734 4729 Humilia-qut

2321 4744 2377 4800 in
2404 4755 2682 4816 conspectu
2706 4744 2955 4811 Domini,
2983 4756 3029 4801 et
3059 4745 3302 4801 exaltabit
3327 4756 3404 4795 vos
3431 4731 3559 4807 (Jac.
3580 4737 3638 4783 tv,
3657 4709 3730 4816 “ll;

2322 4837 2427 4892 Per
2454 4839 2593 4894 hanc
2628 4838 2773 4892 enim
2810 4840 3009 4910 regiam
3049 4836 3357 4896 humilitatis
3376 4830 3495 4885 viam
3524 4811 3732 4910 ρυφυηξφ

2323 4938 2379 4982 et
2426 4928 2682 4984 infulatus
2730 4892 3057 4986 fortissimus
3094 4948 3189 4986 rex
3221 4923 3375 4986 David
3405 4927 3452 4976 et
3479 4905 3660 4971 sacerdos
3680 4892 3729 4947 ﬁl“

2321 5017 2484 5072 mitcr
2508 5034 2732 5076 currens
2759 5019 3027 5076 clamabat
3052 5039 3064 5074 :
3097 5021 3333 5081 Domine,
3360 5028 3449 5066 non
3470 5012 3528 5060 est
3549 4992 3729 5081 exultauit

2320 5124 2410 5163 cor
2438 5124 2633 5175 meum,
2684 5128 2848 5183 neQuc
2875 5111 3000 5166 elati
3027 5124 3148 5166 sunt
3179 5108 3309 5166 oculi
3334 5101 3458 5164 mei;
3484 5102 3602 5160 ηεικε

2325 5198 2339 5212 ι
2412 5201 2423 5212 ι
2476 5186 2505 5212 ι’
2725 5204 2737 5212 .
3029 5205 3041 5212 .
3174 5206 3184 5212 .
3254 5197 3351 5212 ..ι-ι
3407 5211 3414 5212 ,
3451 5196 3567 5212 -.η-,ιο
3600 5188 3662 5212 m.

2319 5198 2423 5253 lavi
2467 5186 2525 5255 in
2559 5204 2794 5273 magnis,
2827 5220 2988 5274 neque
3022 5205 3079 5261 in
3115 5197 3416 5258 mirabilibus
3446 5196 3567 5254 ευμεν

2323 5286 2427 5344 non
2454 5291 2722 5346 humiliter
2744 5293 3026 5347 sentiebam
3044 5334 3059 5353 .
3088 5293 3180 5348 sed
3205 5282 3408 5347 exaltari
3428 5260 3724 5391 animiisz

2330 5378 2343 5391 ρ
2376 5379 2411 5391 ιλ
2484 5379 2495 5391 ι
2754 5383 2767 5391 .
2837 5382 2867 5391 Α
2889 5382 2899 5391 ι
2966 5382 3014 5391 ι-
3248 5382 3259 5391 .
3376 5379 3404 5391 ιι
3435 5366 3567 5391 ..ἒ-1η(

2323 5378 2513 5451 (Psal.
2543 5397 2715 5448 cxxx,
2748 5383 2807 5444 ι,
2835 5382 2870 5437 e
2889 5382 2929 5455 ).
2964 5382 3152 5453 Magna
3180 5382 3311 5438 enim
3338 5379 3410 5430 est
3435 5352 3720 5461 virwslffff:

2321 5478 2403 5526 tas
2422 5512 2435 5537 ,
2467 5479 2519 5531 et
2553 5473 2813 5529 mirabilis
2845 5475 3075 5545 genitrix
3104 5474 3328 5531 omnium
3349 5473 3407 5520 ἐί
3434 5440 3718 5563 θάυθῗιῖξξιέιῖ

2320 5531 2512 5615 tutum.
2565 5561 2671 5618 Sed
2718 5578 2826 5618 non
2845 5531 2983 5620 vhmc
3030 5566 3200 5620 virtus
3241 5564 3444 5617 humana
3485 5531 3716 5654 ξξίυῗξῖκωῖ

2317 5668 2588 5725 quoquam
2623 5652 2871 5720 sumitur,
2906 5658 3000 5713 sed
3036 5650 3424 5712 misericorditer
3446 5653 3471 5691 a

2318 5711 2547 5802 voluerit
2583 5746 2811 5819 largitur
2838 5711 2870 5803 τ’
2893 5711 3012 5819 (ιιιῴ
3043 5711 3182 5806 ideo
3203 5711 3332 5805 inter
3367 5735 3546 5793 virtutes
3576 5711 3698 5769 91ml"

3844 5040 3847 5073 l

3750 6156 3850 6356 Α

3526 6354 3750 6410 μμ-
