4000 6510
194 398 312 456 957

1646 398 1752 453 VIA
1795 398 2022 456 REClA.

3355 400 3459 454 958

194 513 443 570 maxime
473 512 732 566 honorata
769 509 1063 580 consurgit,
1099 509 1226 579 quia
1251 523 1372 563 eam
1401 506 1656 576 majestas
1689 508 1774 563 di-
1802 512 1854 570 Α
1879 508 1962 562 lus
1984 508 2168 564 domus
2199 519 2303 564 tua:
2331 511 2552 565 comedit
2576 526 2658 565 me
2689 509 2860 583 (Psal.
2885 509 3096 581 vatn).
3139 509 3313 578 Quam
3333 527 3457 567 sen-

191 607 334 660 vina
369 604 656 673 dignanter
691 603 998 672 assumpsit.
1039 602 1173 656 Nam
1206 603 1350 672 quod
1377 610 1432 656 et
1457 601 1574 656 haec
1604 601 1778 657 virtus

194 694 356 766 regia
389 694 490 758 sit,
528 693 827 762 priscorum
867 706 1054 761 regum
1085 701 1207 746 acta
1239 699 1525 746 testantur.
1559 690 1778 746 Saulem

196 784 498 854 superbum
531 782 818 836 humilians
847 782 1103 836 Dominus
1130 783 1206 835 ait
1234 800 1246 835 :
1276 779 1406 835 Cum
1432 797 1565 834 esses
1587 796 1780 850 parvu-

196 875 288 930 lus
317 876 369 929 in
400 873 564 928 oculis
594 874 696 926 tuis
716 913 730 937 ,
762 883 916 942 caput
944 874 996 926 in
1021 873 1258 926 tribubus
1285 870 1454 926 Israel
1480 871 1653 941 factus
1678 888 1731 924 es
1756 888 1777 936 ,°

198 967 457 1033 unxitque
490 974 536 1018 te
571 964 824 1018 Dominus
857 965 912 1017 in
951 980 1119 1033 regem
1149 979 1304 1032 super
1333 961 1504 1016 Israel
1535 961 1606 1032 (Ι
1641 961 1773 1031 Reg.

197 1072 307 1119 xv,
341 1055 406 1108 i7
428 1054 468 1126 ).
516 1054 584 1108 Et
627 1062 711 1108 est
754 1053 1100 1108 subauditio:
1149 1052 1281 1107 Cum
1327 1061 1384 1106 tu
1428 1059 1481 1106 te
1523 1066 1776 1120 magnum

199 1143 534 1200 existimasti
568 1143 623 1197 in
656 1143 828 1198 oculis
856 1144 963 1198 tuis
983 1185 997 1208 ,
1024 1158 1220 1212 parvus
1247 1151 1303 1198 et
1333 1141 1576 1212 abiectus
1601 1142 1778 1196 factus

198 1254 266 1294 es
297 1238 350 1292 in
381 1238 552 1292 oculis
580 1237 734 1292 meis.
764 1237 898 1291 Nam
929 1237 1098 1292 David
1129 1252 1251 1292 cum
1282 1236 1476 1291 Michol
1507 1235 1614 1289 ﬁlia
1644 1235 1778 1290 Sau-

198 1329 304 1393 lis,
345 1343 410 1383 eo
449 1328 591 1397 quod
631 1343 687 1382 se
727 1327 1061 1383 humiliasset
1105 1328 1481 1398 reprehendit,
1515 1327 1632 1380 ait:
1663 1326 1773 1379 Lu-

198 1420 358 1485 dam,
391 1428 437 1472 et
469 1418 620 1473 vilior
642 1418 768 1486 [iam
795 1417 1069 1488 plusquam
1099 1418 1270 1488 factus
1300 1435 1414 1471 sum
1434 1457 1448 1481 ,
1479 1426 1525 1470 et
1557 1433 1644 1470 ero
1672 1416 1773 1469 hu-

199 1510 344 1565 milis
376 1510 430 1562 in
468 1508 633 1563 oculis
669 1511 798 1563 meis
833 1509 941 1580 (II
971 1509 1097 1580 Reg.
1128 1526 1180 1563 vt
1203 1551 1216 1575 ,
1244 1510 1316 1564 22
1343 1510 1381 1580 ).
1417 1510 1580 1564 Vides
1613 1523 1770 1578 ergo,

199 1617 331 1667 rex,
364 1601 490 1671 quia
517 1616 656 1656 unus
683 1617 748 1656 ex
782 1601 884 1656 illis
911 1600 977 1655 de
1005 1601 1153 1671 regni
1182 1601 1313 1655 solio
1339 1615 1438 1668 per
1467 1599 1773 1669 superbiam

201 1700 292 1747 est
334 1689 575 1758 deiectus
596 1731 610 1754 ,
643 1699 696 1743 et
741 1690 878 1744 alius
905 1690 970 1744 ad
1002 1691 1154 1761 regni
1182 1689 1406 1760 gloriam
1435 1705 1534 1758 per
1559 1688 1775 1742 humili-

201 1789 372 1837 tatem
413 1787 495 1836 est
536 1789 773 1836 evectus.
822 1781 973 1837 Unde
1017 1791 1070 1836 et
1111 1783 1166 1834 in
1197 1781 1302 1834 illis
1333 1779 1613 1849 impletum
1642 1787 1767 1834 est:

203 1873 347 1939 Quia
372 1874 538 1928 omnis
563 1875 651 1944 qui
676 1891 729 1928 se
754 1873 1078 1938 exaltarerit,
1107 1873 1505 1927 humiliabitur:
1532 1881 1581 1926 et
1604 1889 1692 1943 qui
1717 1889 1771 1926 se

199 1965 585 2032 humiliaverit,
631 1966 948 2020 exaltabitur
993 1965 1012 2037 (
1039 1965 1230 2019 Matth.
1258 1981 1427 2030 xxtn,
1457 1965 1525 2018 12
1546 1964 1585 2032 ).
1623 1964 1773 2020 Unus

197 2071 268 2110 ex
299 2055 400 2109 illis
429 2072 552 2111 cum
583 2058 635 2110 in
667 2056 839 2111 oculis
868 2057 980 2110 suis
1009 2055 1199 2111 fuisset
1227 2056 1490 2121 elevatus,
1522 2056 1575 2110 in
1601 2055 1772 2110 oculis

201 2148 417 2203 Domini
453 2146 602 2214 ‘iuste
647 2157 730 2202 est
777 2147 1131 2203 humiliatus:
1182 2147 1317 2203 alius
1362 2163 1484 2203 cum
1525 2147 1577 2200 in
1603 2147 1772 2203 oculis

197 2237 317 2292 suis
347 2237 621 2290 humiliter
647 2237 837 2292 fuisset
863 2237 1166 2306 despectus,
1189 2238 1242 2291 in
1271 2237 1441 2292 oculis
1462 2237 1556 2291 Dei
1577 2237 1771 2291 decen-

195 2337 285 2382 ter
329 2337 410 2382 est
456 2327 738 2382 exaltatus.
786 2327 1016 2382 llumilia
1059 2337 1112 2384 te
1153 2344 1312 2399 ergo,
1342 2341 1469 2393 rex,
1502 2328 1555 2381 in
1599 2327 1770 2382 oculis

195 2417 339 2480 tuis,
371 2425 429 2470 ut
471 2418 728 2472 exalteris
768 2419 824 2472 in
866 2418 1035 2472 oculis
1074 2419 1321 2483 Domini;
1354 2419 1480 2488 quia
1510 2427 1769 2487 quantum

195 2506 455 2560 humilior
482 2505 648 2561 fueris
687 2508 740 2561 in
772 2516 1061 2576 conspectu
1091 2517 1215 2575 tuo,
1249 2516 1456 2564 tantum
1484 2510 1770 2581 gloriosior

191 2597 308 2653 eris
341 2598 393 2654 in
423 2609 712 2670 conspectu
740 2599 1024 2654 Altissimi.

761 2688 988 2743 CAPUT
1038 2688 1197 2744 XVII:

853 2779 931 2833 De
976 2798 1122 2850 pace.

265 2869 435 2923 Nemo
477 2869 622 2925 enim
662 2886 720 2925 se
758 2870 897 2939 apud
937 2870 1104 2924 Deum
1146 2871 1316 2942 magis
1343 2872 1574 2938 exaltat,
1603 2890 1766 2945 quam

191 2960 287 3029 qui
317 2974 376 3014 se
404 2960 545 3028 apud
573 2960 918 3029 semetipsum
945 2967 1163 3028 propter
1190 2961 1354 3014 Deum
1384 2961 1651 3016 humiliat.
1684 2962 1767 3018 Ad

190 3051 297 3105 hoc
328 3049 471 3103 enim
503 3065 532 3103 a
565 3049 790 3104 Domino
817 3051 1035 3104 humilis
1073 3050 1357 3115 exaltatur,
1404 3060 1463 3106 ut
1502 3053 1642 3108 ﬁlius
1671 3053 1766 3108 Dei

189 3150 248 3195 et
275 3140 449 3195 haeres
477 3139 677 3195 Christi
704 3149 946 3195 vocetur.
980 3140 1210 3195 Tantum
1241 3149 1324 3196 est
1359 3149 1418 3196 ut
1452 3157 1643 3213 pacem
1681 3158 1767 3197 se-

187 3240 410 3301 quatur,
448 3233 573 3302 quia
612 3247 802 3302 pacem
837 3247 1079 3301 qumrere
1111 3233 1303 3298 debet,
1336 3242 1392 3288 et
1431 3235 1582 3303 sequi
1622 3235 1762 3290 ﬁlius

183 3321 359 3392 pacis.
410 3320 612 3376 Taliter
639 3321 782 3374 enim
811 3337 910 3376 nos
938 3321 1192 3376 admonet
1215 3322 1502 3392 Apostolus
1533 3323 1718 3378 dicens
1743 3342 1758 3378 :

188 3410 386 3464 Pacem
412 3411 687 3481 sequimini
714 3427 833 3464 cum
858 3411 1096 3466 omnibus
1119 3421 1167 3466 et
1193 3414 1623 3479 sanctimoniam,
1652 3414 1762 3468 sine

182 3519 292 3571 qua
335 3517 437 3555 non
481 3500 714 3555 videbitis
760 3501 922 3555 Deum
951 3501 969 3573 (
997 3501 1155 3556 Hebr.
1185 3519 1293 3568 xu,
1324 3504 1390 3557 Μ
1410 3503 1450 3575 ).
1484 3503 1600 3573 ipse
1628 3520 1762 3574 quo-

184 3605 294 3662 que
323 3590 582 3646 Dominus
612 3592 664 3646 in
695 3592 988 3662 Evangelio
1015 3593 1092 3647 ait
1120 3611 1133 3646 :
1167 3592 1320 3648 Beati
1345 3596 1552 3664 paciﬁci
1583 3612 1602 3650 :
1630 3613 1760 3666 quo-

182 3682 333 3737 niam
359 3681 456 3751 ﬁlii
485 3681 583 3736 Dei
609 3683 928 3738 vocabuntur
953 3683 971 3755 (
993 3683 1182 3739 Matth.
1206 3701 1270 3750 v,
1301 3685 1394 3757 9).
1423 3686 1558 3740 Nam
1586 3696 1642 3741 et
1669 3687 1758 3742 in-

182 3780 269 3826 ter
295 3787 392 3828 sua
423 3773 603 3826 divina
632 3773 880 3829 mandata
908 3783 962 3828 et
985 3775 1295 3844 magisteria
1321 3775 1574 3830 salutaria
1595 3817 1608 3841 ,
1637 3792 1760 3847 pas-

184 3861 330 3916 sioni
373 3861 486 3931 jam
537 3863 814 3930 proximus
861 3863 962 3917 hoc
1013 3863 1169 3918 nobis
1217 3873 1546 3934 prmeeptum
1593 3878 1758 3936 atque

181 3952 494 4008 mandatum
519 3955 914 4008 commendavit
937 3953 1184 4010 Salvator
1205 3955 1637 4012 custodiendum.
1666 3958 1758 4012 Ait

179 4043 326 4097 enim
354 4057 368 4096 :
399 4043 589 4097 Pacem
615 4060 782 4097 meam
808 4045 874 4097 do
904 4045 1042 4099 vobis
1073 4045 1264 4116 (Joan.
1291 4062 1382 4100 xxv
1401 4087 1415 4112 ,
1442 4046 1510 4100 27
1530 4050 1571 4117 ).
1606 4047 1756 4104 Hanc

180 4140 342 4197 nobis
389 4139 760 4195 hatreditatem
808 4143 1106 4196 ascendens
1155 4142 1412 4196 Dominus
1456 4143 1509 4196 in
1559 4143 1754 4198 cmlum

180 4232 435 4300 reliquit;
463 4239 518 4286 et
543 4233 693 4301 sequi
717 4248 837 4287 eam
862 4249 958 4303 per
983 4247 1139 4288 suum
1167 4232 1538 4288 ﬁdelissimum
1571 4249 1754 4304 regem

179 4320 349 4376 David
369 4330 531 4390 atque
552 4323 865 4391 pr0phetam
894 4323 1199 4378 mandavit:
1231 4322 1438 4378 Diverte
1464 4342 1495 4377 a
1518 4323 1678 4388 malo,
1705 4334 1753 4379 et

182 4409 267 4480 fac
296 4410 486 4464 bonum
509 4423 528 4463 :
558 4411 760 4480 inquire
785 4428 993 4481 pacem,
1021 4422 1070 4466 et
1094 4430 1397 4484 persequere
1422 4431 1536 4468 eam
1565 4416 1583 4486 (
1600 4413 1749 4470 Psal.

1883 599 2105 654 tentiam
2132 601 2188 654 in
2207 600 2418 655 actione
2439 617 2536 655 sua
2569 601 2831 656 Dominus
2853 600 3120 656 veraciter
3142 601 3453 672 complevit,

1881 693 2096 759 quando
2132 691 2426 746 vendentes
2461 700 2516 746 et
2559 700 2802 746 ementes
2831 691 2898 746 de
2923 691 3120 762 templo
3147 689 3458 761 ilagellatos

1880 780 2199 835 eliminavit.
2245 781 2379 835 Nam
2407 791 2465 836 et
2492 781 2726 838 Phineas
2753 781 2894 839 ﬁlius
2919 781 3162 836 Eleazari
3188 796 3290 850 pro
3337 782 3456 838 zelo

1879 869 2216 925 rectitudinis
2245 878 2463 940 pactum
2486 885 2517 923 a
2553 870 2779 925 Domino
2816 871 3014 925 meruit
3043 871 3287 939 accipere
3313 884 3455 925 sem-

1876 962 2074 1031 piterni
2102 961 2410 1017 sacerdotii.
2462 961 2553 1015 Ait
2591 963 2734 1016 enim
2779 963 3037 1018 Dominus
3082 963 3147 1016 ad
3189 962 3405 1033 Moysen
3433 979 3447 992 ο

1880 1048 2102 1106 Phineas
2137 1051 2280 1120 ﬁlius
2304 1051 2549 1106 Eleazari
2574 1051 2674 1121 ﬁlii
2714 1051 2892 1106 Aaron
2920 1053 3205 1106 sacerdotis
3264 1055 3453 1107 avertit

1875 1143 2012 1196 iram
2043 1158 2210 1195 meam
2231 1159 2264 1195 a
2307 1142 2433 1211 ﬁliis
2457 1141 2628 1196 Israel
2655 1158 2674 1204 ;
2723 1143 2847 1208 quia
2885 1142 2997 1196 zelo
3023 1158 3135 1196 meo
3168 1151 3455 1196 commotus

1877 1242 1952 1286 est
1971 1242 2151 1286 contra
2179 1249 2299 1297 eos;
2347 1242 2533 1286 utnon
2586 1234 2694 1303 ipse
2723 1232 2946 1286 delerem
2997 1232 3136 1300 ﬁlios
3182 1231 3350 1286 Israel
3399 1233 3454 1285 in

1877 1325 1988 1378 zelo
2025 1341 2171 1379 meo:
2202 1325 2398 1378 idcirco
2427 1324 2635 1395 loquere
2682 1323 2751 1377 ad
2793 1338 2908 1376 eum
2935 1337 2951 1374 :
2980 1320 3117 1375 Ecce
3150 1321 3217 1374 do
3256 1323 3304 1375 ei
3351 1338 3450 1391 pa-

1877 1434 1983 1472 cem
2009 1417 2214 1486 [aderis
2238 1417 2360 1482 mei,
2385 1426 2434 1470 et
2454 1417 2552 1470 erit
2575 1425 2683 1470 tam
2707 1415 2805 1485 ipsi
2831 1429 2990 1484 quam
3015 1413 3200 1467 semini
3225 1413 3340 1482 ejus
3362 1431 3456 1482 pa-

1877 1519 2014 1562 ctum
2043 1508 2320 1562 sacerdotii
2351 1507 2742 1577 sempiternum,
2769 1506 2892 1576 quia
2918 1503 3116 1557 zelatus
3139 1511 3214 1558 est
3235 1503 3451 1573 probeo

1874 1617 1971 1655 suo
1994 1599 2180 1671 (Nam.
2219 1615 2345 1664 xxv,
2371 1598 2478 1668 ll).
2506 1599 2571 1652 Et
2604 1607 2655 1652 te
2683 1612 2832 1667 ergo,
2859 1595 3142 1650 mitissime
3173 1609 3287 1660 rex,
3307 1594 3454 1648 zelus

1875 1690 2068 1744 domus
2094 1689 2305 1743 Domini
2333 1687 2727 1742 rationabiliter
2764 1686 3030 1749 comedat,
3057 1684 3110 1738 in
3161 1700 3267 1754 qua
3294 1682 3454 1738 domo
3534 1715 3540 1721 -

1876 1781 1972 1834 Dei
1994 1788 2050 1836 et
2089 1788 2147 1834 tu
2183 1779 2482 1834 membrum
2525 1793 2584 1833 es
2614 1777 2852 1833 Christi:
2884 1777 3080 1831 debent
3124 1774 3324 1830 etenim
3365 1790 3455 1829 ca-

1797 1854 1846 1915 Β
1872 1879 1969 1942 put
1994 1871 2145 1941 sequi
2173 1872 2434 1926 membra.
2479 1868 2539 1924 Si
2584 1871 2712 1939 quid
2743 1868 2882 1925 forte
2919 1883 3232 1938 perversum
3261 1868 3314 1922 in
3352 1868 3458 1924 Ec-

1871 1963 2034 2018 clesia
2054 1963 2254 2016 videris
2287 1961 2509 2026 Christi,
2537 1969 2722 2030 satage
2767 1960 3063 2028 corrigere,
3089 1967 3144 2014 et
3165 1957 3455 2014 emendare

1870 2067 1979 2106 non
2004 2066 2203 2106 cesses.
2230 2051 2288 2106 Si
2313 2052 2516 2106 videris
2546 2052 2783 2120 aliquem
2814 2052 2868 2106 in
2905 2052 3065 2106 domo
3088 2051 3204 2116 Dei,
3233 2067 3353 2121 qua:
3372 2059 3457 2106 est

1869 2143 2130 2208 Ecclesia,
2161 2158 2381 2197 currere
2405 2143 2474 2197 ad
2514 2143 2808 2207 luxuriam,
2838 2143 2905 2197 ad
2927 2143 3275 2207 ebrietatem,
3326 2159 3452 2212 pro-

1869 2233 2014 2298 bibe,
2032 2241 2176 2297 veta,
2207 2243 2368 2298 terre,
2398 2233 2442 2287 si
2495 2233 2642 2288 zelus
2669 2233 2860 2288 domus
2886 2233 2979 2288 Dei
3010 2231 3244 2289 comedit
3286 2243 3359 2289 te.
3391 2233 3451 2289 Si

1866 2325 2068 2380 videris
2106 2325 2358 2395 superbia
2407 2324 2648 2379 inﬂatum
2687 2366 2700 2392 ,
2754 2334 2849 2380 aut
2898 2326 3175 2381 iracundia
3228 2343 3449 2396 survum,

1867 2427 1961 2473 aut
2016 2417 2267 2473 violentia
2313 2419 2692 2482 temulentum,
2727 2428 2822 2473 aut
2875 2418 3044 2474 livore
3087 2417 3270 2476 fratris
3316 2423 3453 2478 invi-

1866 2507 2014 2571 dum,
2040 2514 2134 2560 aut
2170 2506 2390 2561 libidine
2418 2507 2717 2573 incensum,
2752 2515 2846 2562 aut
2877 2508 3105 2563 avaritia
3131 2511 3334 2578 rapina:
3362 2511 3453 2567 de-

1866 2597 2058 2661 ditum,
2085 2593 2179 2650 a'ut
2205 2596 2524 2652 crudelitate
2560 2597 2886 2662 violentum,
2935 2598 3169 2667 reprime
3215 2614 3406 2655 omnes
3433 2641 3448 2666 ,

1866 2689 2076 2744 minare
2096 2689 2366 2754 omnibus,
2399 2698 2453 2743 et
2483 2687 2694 2744 refrena
2732 2690 3073 2745 severissime
3093 2706 3302 2746 omnes.
3335 2691 3448 2747 Fac

1867 2780 2126 2849 quidquid
2159 2789 2314 2850 potes
2337 2796 2434 2850 pro
2470 2797 2700 2852 persona
2743 2797 2906 2851 quam
2932 2791 3131 2852 gestas,
3155 2799 3255 2852 pro
3288 2785 3448 2839 mini-

1867 2873 2034 2928 sterio
2059 2873 2221 2942 regali
2250 2873 2390 2942 quod
2405 2881 2606 2942 portas.
2623 2889 2722 2944 pro
2747 2875 2962 2929 nomine
2989 2875 3283 2931 Christiani
3305 2875 3448 2944 quod

1865 2961 2052 3029 habes,
2077 2976 2176 3032 pro
2203 2963 2320 3016 vice
2357 2963 2558 3017 Christi
2589 2978 2694 3032 qua
2720 2963 2980 3034 iungeris.
3014 2963 3130 3018 Noli
3160 2965 3442 3034 quiescere

1854 3052 2063 3139 ‘klﬂ‘al‘i
2089 3053 2384 3119 Christum,
2411 3053 2536 3122 quia
2565 3053 2804 3109 lucratus
2831 3069 2889 3109 es
2914 3070 2944 3108 a
2980 3053 3218 3120 Christo,
3245 3065 3299 3110 et
3324 3071 3448 3126 per-

1869 3145 1985 3198 ﬁcis
2012 3145 2066 3198 in
2098 3153 2150 3198 te
2177 3163 2190 3198 :
2220 3143 2373 3198 Zelus
2403 3145 2590 3199 domus
2619 3146 2840 3198 comedit
2867 3162 2968 3198 me.
2997 3145 3102 3200 iste
3122 3147 3266 3200 enim
3301 3148 3448 3202 zelus

1868 3233 2096 3288 salutem
2127 3230 2331 3298 tribuit,
2361 3233 2520 3288 ﬁdem
2557 3235 2771 3299 retinet,
2795 3235 3106 3304 pudicitiam
3130 3249 3332 3300 servat,
3361 3253 3445 3292 rc-

1865 3325 2183 3381 otitudinem
2209 3334 2394 3403 amat,
2440 3333 2495 3380 et
2520 3326 2820 3381 Ecclesiam
2854 3327 2948 3380 Dei
2983 3326 3214 3398 gloriosa
3240 3328 3444 3383 vivaci-

1864 3429 1973 3475 tate
2005 3419 2259 3474 custodit.

2451 3509 2679 3566 CAPUT
2706 3510 2850 3565 XIX.

2461 3601 2541 3655 De
2568 3601 2861 3656 clementia.

1931 3692 2200 3748 Memento
2226 3690 2351 3762 quia
2382 3692 2460 3747 sic
2490 3692 2652 3747 debes
2692 3706 2945 3748 exercere
2984 3692 3324 3748 rectitudinis
3354 3709 3444 3748 ze-

1859 3783 1993 3848 lum,
2018 3791 2076 3838 ut
2123 3782 2444 3838 humilitatis
2481 3790 2644 3852 atque
2683 3783 2980 3837 clementia:
3018 3797 3124 3835 non
3171 3782 3441 3852 relinquas

1859 3870 2281 3926 oIicium..Audi
2316 3873 2459 3940 quod
2483 3873 2742 3940 scriptum
2776 3879 2859 3926 est
2885 3890 2896 3923 :
2924 3870 3209 3925 Clementia
3230 3887 3436 3940 pra'pa-

1860 3971 1942 4016 rat
1968 3964 2127 4015 vitam
2149 3981 2166 4017 :
2196 3970 2242 4015 et
2265 3963 2477 4016 sectatio
2501 3961 3012 4026 malorum,mortem
3029 3957 3210 4029 (Prov.
3233 3975 3306 4024 xt,
3327 3959 3436 4032 l9).

1858 4054 1974 4109 Non
1998 4055 2141 4112 enim
2164 4055 2594 4124 parvipendenda
2619 4062 2701 4108 est
2723 4094 2738 4118 ,
2791 4053 2882 4108 sed
2926 4067 3265 4120 summopere
3295 4067 3441 4121 qua:-

1858 4143 2395 4212 renda,ﬁrmiterque
2425 4143 2653 4198 tenenda
2680 4143 2870 4208 virtus,
2895 4157 3013 4211 qua:
3036 4143 3188 4196 nobis
3213 4142 3437 4196 immor-

1856 4236 2018 4291 talem
2044 4244 2098 4290 ct
2124 4244 2382 4291 aeternam
2407 4244 2677 4305 prmparat
2713 4236 2900 4289 vitam.
2930 4233 3046 4288 Non
3084 4233 3228 4288 enim
3251 4234 3439 4288 turbu-

1856 4326 2001 4382 lento
2029 4328 2246 4392 animo,
2298 4328 2390 4382 sed
2436 4342 2558 4381 cum
2598 4325 2881 4379 clementia
2933 4324 3098 4378 debes
3153 4323 3438 4393 disponere

1857 4426 2070 4474 cuncta.
2097 4419 2352 4484 Quamvis
2382 4432 2510 4488 ergo
2555 4433 2686 4472 auro
2711 4417 2947 4471 nitescas
2975 4424 3028 4470 et
3048 4431 3305 4484 purpura,
3337 4416 3437 4470 hu-

181 4518 382 4564 xxxm,
411 4503 478 4557 l5
500 4503 539 4575 ).
575 4502 633 4558 Si
673 4505 813 4559 hanc
853 4505 997 4559 enim
1039 4495 1254 4560 sincero
1286 4507 1448 4562 corde
1477 4509 1627 4577 sequi
1658 4524 1753 4562 vo-
1777 4542 1830 4600 Β
1857 4508 2098 4563 utilitatis
2127 4523 2230 4562 non
2261 4509 2425 4563 debes
2480 4507 2712 4576 abjicere
2757 4506 3130 4571 clementiam;
3183 4505 3432 4575 quamvis

181 4594 468 4660 luerimus,
501 4594 697 4650 Christi
723 4596 965 4651 hatredes
989 4598 1230 4663 erimus;
1261 4599 1306 4652 si
1337 4607 1516 4654 autem
1546 4599 1749 4655 Christi

182 4687 422 4742 haeredes
467 4689 712 4756 cupimus
759 4703 912 4751 esse,
969 4689 1024 4744 in
1071 4689 1272 4745 Christi
1317 4706 1447 4761 pace
1494 4692 1750 4748 debemus

181 4777 405 4831 versari.
437 4777 495 4832 Si
525 4777 618 4832 ﬁlii
649 4778 742 4833 Dei
783 4795 996 4846 sumus,
1037 4782 1245 4853 paciﬁci
1283 4798 1402 4839 esse
1445 4784 1703 4839 debemus
1732 4803 1746 4839 :

181 4871 432 4941 paciﬁcos
472 4872 614 4926 enim
657 4882 868 4943 Oportet
904 4889 1023 4928 esse
1062 4875 1156 4930 Dei
1203 4874 1341 4931 ﬁlios
1380 4885 1435 4931 et
1473 4876 1706 4932 humiles
1731 4917 1746 4941 ,

183 4969 360 5016 mente
391 4961 576 5026 mites,
609 4964 769 5018 corde
799 4965 1098 5034 simplices,
1131 4983 1380 5022 sermone
1408 4984 1600 5038 puros,
1634 4969 1750 5024 auio

182 5067 270 5107 mo
299 5052 641 5119 innocentes,
672 5055 864 5109 aifectu
905 5058 1227 5123 concordes,
1273 5059 1501 5114 ﬁdeliter
1539 5060 1753 5116 sibimet

183 5142 508 5204 unanimiter
535 5145 887 5200 cohaerentes.

743 5232 969 5290 CAPUT
1007 5234 1189 5290 XVlll.

647 5323 728 5378 De
757 5323 868 5377 zelo
905 5323 1248 5380 rectitudinis.

253 5411 404 5476 Viam
431 5415 636 5486 regiam
659 5431 840 5487 perge,
867 5432 997 5482 rex;
1039 5434 1106 5473 ne
1121 5419 1358 5475 declines
1381 5421 1450 5476 ab
1481 5436 1543 5474 ea
1573 5438 1747 5492 neque

183 5507 250 5561 ad
297 5507 594 5572 dexteram,
633 5523 808 5582 neque
858 5509 924 5561 ad
967 5509 1276 5564 sinistram:
1307 5511 1387 5565 sic
1433 5513 1576 5566 enim
1626 5521 1748 5569 tene

184 5598 319 5652 viam
344 5598 663 5657 humilitatis
685 5608 740 5654 et
773 5599 944 5668 pacis,
977 5608 1035 5653 ut
1082 5615 1112 5654 a
1142 5600 1257 5655 zelo
1281 5616 1388 5655 non
1411 5603 1646 5658 declines
1671 5620 1748 5659 re-

186 5688 470 5743 ctitudinis.
531 5687 695 5752 Tene,
727 5688 963 5758 inquam,
993 5706 1118 5752 rex,
1172 5692 1528 5748 humilitatem
1565 5703 1619 5749 et
1653 5711 1748 5763 pa-

187 5794 329 5845 cem;
371 5788 424 5835 et
451 5780 518 5835 ad
570 5781 737 5836 Deum
775 5796 897 5836 cum
937 5782 1106 5837 David
1139 5782 1308 5839 clama
1331 5824 1346 5851 ,
1395 5792 1450 5839 et
1489 5785 1609 5840 dic:
1644 5784 1743 5841 Ze-

1857 4600 2022 4670 regali
2060 4600 2205 4655 cultu
2249 4602 2627 4671 resplendeas,
2669 4603 2736 4655 ab
2785 4599 3106 4655 humilitatis
3151 4597 3433 4653 clementia

1855 4706 1962 4744 non
1989 4692 2239 4758 recedas;
2289 4694 2534 4761 quamvis
2585 4691 2904 4762 pOpulorum
2951 4691 3027 4745 sis
3069 4690 3434 4745 circumdatus

1855 4781 2214 4846 multitudine,
2245 4794 2300 4836 tu
2331 4791 2506 4838 tamen
2531 4783 2673 4852 piam
2713 4781 3052 4837 clementiam
3089 4791 3210 4837 tene
3236 4800 3248 4835 :
3277 4798 3431 4850 rega-

1859 4874 1926 4929 lis
1954 4876 2094 4929 enim
2125 4876 2297 4929 virtus
2339 4885 2443 4941 est,
2475 4884 2529 4930 et
2559 4875 2823 4930 bonorum
2859 4891 3042 4945 regum
3090 4884 3271 4930 custos
3317 4881 3423 4931 est.

1853 4963 2005 5021 illam
2029 4967 2173 5022 enim
2193 4966 2560 5030 custodiendo,
2586 4965 2797 5023 illorum
2829 4967 3009 5037 proles
3030 4965 3352 5027 servabitur,
3375 4971 3430 5018 et

1853 5059 2082 5113 thronus
2112 5057 2324 5112 illorum
2356 5057 2692 5113 solidabitur.
2727 5056 2815 5112 Sic
2843 5059 2986 5112 enim
3017 5058 3278 5126 scriptum
3302 5063 3386 5111 est
3411 5076 3424 5110 :

1854 5151 2219 5208 Misericordia
2241 5160 2289 5204 et
2317 5153 2502 5206 veritas
2530 5153 2831 5207 custodiunt
2854 5170 3047 5222 regem,
3076 5161 3122 5206 et
3150 5153 3430 5205 roboratur

1851 5241 2119 5297 clementia
2147 5243 2362 5297 thromts
2398 5243 2509 5313 ejus
2548 5241 2729 5315 (Prov.
2762 5261 2852 5310 xz,
2884 5245 2992 5316 18).
3024 5241 3141 5312 ipsa
3161 5251 3244 5297 est
3271 5242 3419 5295 enim

1851 5347 1971 5402 qua:
1997 5333 2148 5387 Izates
2199 5334 2310 5404 regi
2339 5331 2467 5389 facit
2496 5337 2700 5390 servire
2748 5335 3002 5404 populos:
3034 5335 3145 5403 ipsa
3179 5340 3263 5386 est
3306 5345 3428 5401 qua:

1843 5423 2233 5492 jucundissime
2279 5424 2420 5495 regis
2479 5424 2608 5480 facit
2640 5425 2964 5480 hilarcscere
2993 5424 3198 5478 vultum
3221 5464 3236 5488 ,
3287 5422 3430 5477 sicut

1851 5514 2104 5570 Salomon
2157 5515 2266 5568 ait:
2298 5515 2364 5568 In
2388 5515 2656 5570 hilaritate
2704 5517 2874 5569 vultus
2928 5517 3060 5586 regis
3085 5557 3100 5582 ,
3159 5515 3298 5570 vita:
3326 5513 3429 5567 cle-

1849 5606 2043 5659 mentia
2069 5605 2184 5675 ejus
2207 5607 2338 5660 sicut
2360 5607 2522 5660 imber
2543 5608 2801 5659 serotinus
2837 5605 3018 5678 (Prov.
3041 5623 3156 5671 xvr,
3183 5606 3293 5678 15).
3310 5605 3427 5672 Ipsa

1849 5705 1935 5751 est
1961 5711 2081 5767 quae
2119 5699 2371 5754 omnibus
2412 5699 2465 5753 in
2494 5697 2693 5766 palatio
2724 5700 2864 5769 regis
2883 5699 3278 5767 jucunditatem
3322 5696 3425 5750 mis

1851 5787 2046 5844 nistrat
2080 5797 2240 5859 atque
2268 5789 2536 5853 laetitiam;
2571 5789 2685 5858 ipsa
2733 5800 2815 5847 est
2852 5807 2970 5862 quae
2993 5791 3204 5847 cunctis
3239 5786 3429 5864 pueris
