4000 6460
149 369 267 426 θϐΐ

1606 366 1718 423 VIA
1756 366 1890 423 REG
1897 366 1984 422 IA.

3320 364 3426 421 962

151 488 374 552 tavcrit,
399 486 794 552 hmniliabitur;
842 494 893 543 et
941 490 1031 559 qui
1058 504 1113 543 se
1141 487 1512 553 ltumiliaverit,
1540 485 1742 541 exalta-
1770 487 1821 546 Λ
1847 483 2135 554 rumpitur,
2150 482 2276 538 hinc
2302 480 2542 537 fraterna
2567 481 2805 540 Charitas
2835 482 3086 548 violatur,
3115 482 3242 538 hinc
3272 483 3425 538 adul~

154 576 306 630 bitur
334 575 549 645 (Matth.
591 593 747 642 xxm,
780 577 886 643 l2).
932 577 1047 646 Ipse
1080 591 1294 647 quoque
1340 576 1600 631 Dominus
1643 590 1742 645 per

152 664 450 722 Jeremiam
489 670 721 736 superbo
749 669 1085 723 comminans
1114 669 1227 721 ait:
1261 668 1397 737 Ecce
1423 683 1516 736 ego
1545 667 1615 720 ad
1657 676 1740 731 te,

152 759 399 837 superbe,
431 757 555 810 dicit
596 758 849 812 Dominus
874 758 1013 813 Deus
1033 760 1355 812 exercituum
1381 771 1399 811 :
1430 758 1571 823 Quia
1603 760 1742 812 venit

154 847 276 902 dies
312 856 455 913 tuus,
478 858 677 918 tentpus
712 848 1021 903 uisitationis
1052 857 1175 911 tum.
1198 858 1246 902 et
1281 849 1432 903 cadet
1455 850 1706 918 superbus
1725 889 1741 914 ,

155 946 211 991 et
231 948 456 1003 corruet,
474 948 523 993 et
551 956 653 993 non
691 940 787 992 erit
809 943 895 1009 qui
924 941 1133 993 suscitet
1160 956 1277 993 eum
1304 954 1322 990 :
1357 950 1406 993 et
1427 940 1741 995 succendam

154 1031 335 1098 ignem
362 1032 416 1084 in
446 1031 658 1084 urbibus
681 1031 817 1100 ejus,
840 1041 887 1085 ct
914 1032 1179 1086 devorabit
1223 1032 1397 1086 ontnia
1436 1034 1492 1087 in
1519 1033 1744 1087 circuitu

157 1118 281 1187 ejus
306 1119 519 1187 (Jerem.
553 1120 754 1191 L,.5l).

236 1207 453 1262 Grande
491 1207 689 1262 malum
741 1216 826 1263 est
872 1209 1147 1279 superbia,
1177 1227 1297 1282 quae
1344 1212 1614 1268 diabolum
1679 1214 1745 1268 de

160 1296 305 1353 ccelo
332 1298 597 1366 deposuit,
631 1306 687 1353 ct
741 1299 1012 1353 hominem
1070 1301 1135 1355 de
1184 1302 1439 1370 paradiso
1482 1302 1741 1372 proiecit;

159 1402 287 1458 qua:
309 1394 363 1440 et
388 1387 629 1457 quotidie
655 1388 722 1443 de
759 1396 903 1443 statu
935 1390 1277 1445 rectitudinis
1307 1393 1539 1447 miseros
1569 1393 1635 1446 ad
1664 1393 1746 1446 in-

160 1478 293 1534 fima
320 1479 536 1550 premit,
564 1487 619 1537 et
652 1489 774 1550 post
827 1480 1034 1535 obitum
1082 1485 1150 1537 ad
1196 1481 1407 1538 inferna
1455 1483 1738 1553 demergit.

163 1568 427 1639 Superbia
468 1570 617 1639 prius
665 1571 719 1624 in
749 1572 1076 1640 cogitatione
1114 1573 1289 1627 elevat
1342 1575 1614 1629 hominem
1638 1613 1653 1641 ,
1689 1582 1746 1629 et

161 1671 352 1733 postea
379 1662 580 1717 elatum
608 1664 818 1718 extollit
846 1664 896 1717 in
914 1679 1103 1733 opere;
1129 1665 1281 1735 prius
1311 1666 1365 1719 in
1388 1675 1598 1721 secreto
1624 1682 1744 1721 cor-

163 1754 252 1808 dis
273 1754 531 1808 tumidum
557 1754 704 1821 facit,
734 1763 789 1808 et
821 1764 1005 1824 postea
1053 1756 1106 1808 in
1151 1756 1367 1825 publico
1411 1757 1741 1827 praecipitem

162 1841 360 1896 reddit.
389 1842 516 1897 Inde
560 1843 775 1911 superbi
801 1821 1137 1897 extrinsecus
1151 1821 1379 1908 badunt,
1409 1821 1550 1899 unde
1579 1821 1742 1913 prius
1772 1821 1817 1879 Β

164 1931 350 1985 miseri
374 1931 697 1987 intrinsecus
723 1932 1022 1987 elevantur.
1060 1931 1213 1987 Iuste
1240 1934 1384 1988 enim
1412 1936 1574 1989 homo
1612 1950 1741 2005 pec-

164 2027 291 2076 cato
314 2021 617 2077 substratus
649 2020 830 2090 jacet,
881 2024 976 2093 qui
1040 2032 1317 2078 auctorem
1372 2039 1528 2079 suum
1556 2040 1745 2095 super-

163 2109 360 2166 biendo
382 2112 698 2166 contemnit.
732 2112 812 2166 Tu
846 2128 996 2182 ergo,
1026 2113 1445 2181 prudentissime
1472 2129 1586 2176 rex,
1615 2116 1745 2170 time

165 2205 374 2254 tantum
399 2208 455 2255 et
485 2216 613 2255 cave
653 2201 920 2270 superbia:
965 2201 1183 2256 malum.
1225 2202 1441 2258 Declina
1495 2206 1744 2261 servilem

166 2291 465 2357 sinistram,
496 2300 551 2347 et
576 2307 674 2362 per
703 2293 997 2356 dexteram,
1022 2308 1143 2363 qua:
1167 2302 1250 2349 est
1298 2297 1465 2366 regia,
1489 2297 1746 2352 velociter

165 2400 325 2442 curre
347 2388 510 2441 viam.
534 2388 705 2458 Dilige
734 2397 791 2443 et
815 2397 935 2444 tene
967 2390 1348 2455 humilitatem,
1375 2398 1432 2444 et
1457 2390 1599 2459 quod
1648 2389 1744 2443 tibi

168 2475 426 2532 Dominus
454 2492 550 2546 per
575 2477 911 2546 Scriptorum
959 2480 1157 2535 clamat
1181 2481 1465 2552 diligenter
1487 2484 1739 2547 attende;

169 2568 247 2622 ait
272 2568 415 2622 enim
445 2585 458 2618 :
497 2567 766 2622 Rectorem
794 2577 842 2623 te
864 2580 1169 2639 posuerunt,
1196 2572 1301 2625 noli
1321 2571 1500 2626 extolli
1522 2587 1540 2625 :
1563 2582 1670 2626 esto
1691 2573 1746 2625 in

170 2656 274 2711 illis
300 2656 451 2726 quasi
476 2673 611 2710 unus
656 2674 723 2711 ea:
760 2659 904 2728 ipsis.
936 2658 1130 2715 Curam
1159 2661 1371 2717 illorum
1398 2663 1550 2727 habe,
1581 2673 1629 2717 et
1669 2663 1745 2716 sic

170 2746 393 2811 conﬁde,
421 2756 470 2801 et
497 2749 639 2802 omni
652 2766 780 2802 cura
807 2759 898 2804 tua
919 2751 1164 2822 explicita
1191 2753 1450 2817 recumbe,
1472 2765 1529 2807 ut
1549 2754 1744 2809 lwteris

170 2846 377 2907 propter
401 2836 542 2903 illos,
564 2848 611 2894 et
639 2851 1002 2915 ornamentum
1030 2845 1214 2914 gratia:
1242 2846 1469 2917 accipias
1497 2862 1745 2903 coronam

172 2928 360 3001 (Eccli.
393 2947 567 2999 χχιιι,
596 2933 722 3006 1-5).
774 2932 787 2937 ’

741 3023 967 3081 CAPUT
1008 3026 1168 3081 XXII.

706 3113 785 3168 De
809 3115 918 3169 zelo
946 3126 995 3171 et
1022 3116 1200 3173 livore.

241 3220 426 3276 Zelarc
453 3232 507 3277 et
529 3224 767 3280 invidere
801 3225 1023 3282 alterius
1046 3226 1188 3282 bono
1212 3243 1318 3283 non
1362 3237 1446 3285 est
1480 3246 1703 3301 parvum
1725 3276 1739 3299 ,

169 3312 265 3368 sed
294 3314 495 3383 grande
519 3324 573 3369 et
600 3331 854 3387 magnum
877 3327 1179 3387 peccatum.
1205 3304 1459 3377 Diabolus
1487 3323 1627 3379 inter
1650 3326 1746 3379 ini-

170 3406 245 3459 tia
283 3406 465 3459 statim
492 3407 676 3461 mundi
704 3407 802 3462 zeli
833 3408 1000 3464 livore
1024 3426 1313 3480 percussus
1335 3414 1493 3482 periit
1513 3415 1743 3484 primus,

171 3505 227 3551 et
254 3497 332 3552 sic
361 3498 594 3568 perdidit
646 3498 799 3556 alios.
854 3501 1143 3571 Postquam
1196 3521 1323 3560 vero
1371 3508 1645 3563 hominem
1679 3510 1744 3563 ad

171 3588 456 3659 imaginem
488 3589 581 3644 Dei
608 3590 809 3645 factum
838 3595 1140 3664 conspexit,
1166 3596 1219 3650 in
1249 3596 1347 3650 zeli
1381 3597 1605 3653 livorem
1628 3614 1747 3669 pro—

170 3676 333 3749 rupit,
355 3687 411 3733 et
449 3679 719 3735 hominem
762 3683 1017 3738 miserum
1048 3687 1322 3741 suadendo
1367 3688 1617 3759 decepit:
1651 3689 1745 3744 sed

170 3779 227 3827 et
252 3771 541 3842 angelicam
577 3773 985 3840 beatitudinem,
1018 3791 1178 3845 quam
1227 3778 1481 3845 habebat,
1508 3779 1746 3835 miserri-

170 3876 292 3916 mus
321 3862 528 3929 amisit;
583 3873 636 3918 et
672 3878 737 3917 ex
758 3870 949 3930 ‘tunc,
998 3875 1057 3921 ut
1082 3869 1339 3937 scriptum
1383 3879 1461 3925 est
1492 3889 1504 3922 :
1538 3870 1746 3925 Invidia

171 3952 367 4007 diaboli
391 3970 529 4007 mors
552 3954 782 4008 introivit
809 3955 862 4009 in
890 3956 1063 4009 orbem
1086 3968 1342 4012 terrarum
1376 3959 1524 4030 (δίη).
1554 3961 1743 4031 ιι,2ί).

170 4043 455 4098 Imitantur
481 4051 660 4097 autem
690 4043 836 4097 illum
865 4046 954 4113 qui
987 4055 1111 4100 sunt
1140 4060 1206 4101 ex
1228 4057 1379 4116 parte
1406 4049 1590 4117 ipsius.
1621 4049 1748 4103 Imi-

170 4145 315 4191 tatus
357 4145 441 4191 est
486 4136 634 4190 illum
678 4135 810 4190 Cain
858 4135 1103 4207 iniquus,
1143 4147 1198 4193 ct
1224 4154 1322 4208 per
1372 4139 1470 4194 zeli
1522 4140 1746 4194 livorem

168 4228 304 4283 Abel
326 4227 546 4283 fratrem
594 4228 975 4297 suumiustum
1010 4229 1224 4284 occidit.
1250 4230 1354 4283 Per
1377 4230 1477 4284 zeli
1524 4231 1747 4285 livorem

172 4319 314 4373 Esau
336 4318 510 4374 factus
553 4329 636 4375 est
664 4321 912 4376 inimicus
954 4319 1106 4373 fratri
1143 4336 1242 4374 suo
1268 4320 1452 4373 Jacob.
1501 4319 1604 4374 Per
1646 4320 1746 4373 zeli

170 4414 397 4467 livorem
430 4430 461 4468 a
502 4412 762 4469 fratribus
794 4415 905 4470 suis
940 4413 1189 4469 venditus
1238 4422 1320 4468 est
1366 4413 1586 4484 Ioseph.
1639 4414 1746 4469 Per

1846 584 2054 631 teratur
2084 576 2306 637 veritas,
2339 575 2521 629 unitas
2565 576 2846 640 scinditur,
2875 576 2942 631 ad
2992 576 3227 631 haereses
3265 585 3426 648 atque

1845 669 2138 723 schismata
2164 667 2463 738 prosilitur,
2492 667 2619 721 dum
2655 668 2992 723 obtrectatur
3016 667 3389 724 sacerdotibus
3408 708 3424 736 ,

1844 760 2112 830 episcopis
2143 759 2430 813 invidetur.
2470 759 2545 812 De
2595 758 2713 813 zelo
2755 757 3019 827 superbus
3063 757 3321 825 ellicitur;
3355 759 3422 815 de

1845 850 1962 904 zelo
1987 860 2241 919 perverse
2267 848 2478 903 animus
2520 855 2777 902 mutatur.
2811 847 2926 903 Non
2972 855 3055 904 est
3098 850 3252 905 cibus
3301 850 3419 905 tali-

1843 942 1946 996 bus
1974 942 2150 1005 laetus,
2191 956 2299 995 non
2334 948 2418 995 est
2448 939 2919 1012 potusjucundus;
2951 943 3187 1011 suspirat
3211 958 3426 1013 semper

1844 1032 1912 1089 ad
1943 1034 2170 1088 alterius
2195 1034 2336 1089 bona
2362 1041 2418 1088 et
2447 1032 2771 1103 ingemiscit.
2820 1031 2956 1088 Ilinc
2983 1034 3161 1090 vultus
3210 1035 3425 1100 minax,

1845 1134 2028 1180 torvus
2058 1132 2328 1194 aspectus,
2354 1124 2524 1194 pallor
2561 1124 2612 1178 in
2672 1120 2809 1178 facie
2832 1163 2846 1189 ,
2899 1124 2951 1177 iu
2981 1124 3137 1179 labiis
3187 1134 3423 1190 tremor,

1845 1216 2046 1269 stridor
2072 1215 2126 1269 in
2150 1215 2421 1270 dentibus.
2452 1214 2589 1281 Quid
2618 1215 2768 1285 plura
2812 1215 3078 1271 referam?
3120 1218 3196 1274 De
3234 1219 3333 1273 zeli
3357 1219 3422 1273 li—

1842 1321 1974 1361 vore
2000 1306 2120 1362 fons
2141 1307 2382 1361 omnium
2411 1308 2660 1362 vitiorum
2687 1308 2980 1377 consurgit.

1915 1400 1995 1453 Tu
2024 1415 2175 1471 ergo,
2209 1401 2497 1456 mitissime
2522 1410 2682 1470 atque
2731 1403 3062 1457 nobilissime
3084 1417 3175 1457 rex
3202 1443 3217 1466 ,
3265 1402 3425 1473 diligo

1843 1504 2070 1556 omnes,
2120 1500 2176 1546 et
2243 1501 2469 1563 paterno
2506 1495 2778 1565 regalique
2823 1493 3019 1548 all‘ectu
3066 1492 3423 1563 complectere

1843 1589 2087 1645 cunctos,
2111 1590 2167 1636 et
2198 1590 2405 1637 tantum
2448 1590 2503 1638 et
2557 1594 2669 1638 tam
2713 1584 3074 1653 perniciosum
3107 1583 3214 1638 odii
3268 1595 3428 1640 caute

1843 1669 2023 1724 devita
2043 1670 2276 1734 malum;
2333 1672 2459 1741 quia
2493 1670 2724 1727 Iacobus
2761 1673 3036 1741 apostolus
3076 1673 3189 1727 ait:
3227 1670 3327 1725 Ubi
3349 1679 3454 1726 est.

1846 1757 1988 1812 zelus
2013 1768 2063 1813 et
2090 1762 2349 1814 contentio
2370 1802 2385 1826 ,
2434 1762 2507 1816 ibi
2551 1764 2903 1817 inconstantia
2943 1774 2991 1818 et
3027 1779 3176 1818 omne
3211 1780 3430 1833 pravum

1847 1847 1988 1919 (Jac.
2020 1865 2101 1914 ιιι,
2132 1849 2239 1921 16).
2266 1851 2426 1906 Vides
2469 1868 2597 1922 ergo
2622 1868 2785 1923 quam
2832 1853 3082 1909 lethil‘era
3133 1862 3216 1909 est
3244 1854 3429 1908 livoris

1845 1946 1901 1992 et
1923 1938 2133 1995 invidia:
2158 1941 2475 2011 indignatio.
2504 1942 2622 2013 Ipsa
2669 1951 2753 1998 est
2788 1959 2907 2013 quae
2946 1952 3139 1998 cuncta
3168 1944 3429 1999 virtutum

1846 2030 2086 2099 germina
2114 2040 2458 2097 concremat;
2508 2019 2633 2101 ipsa.
2660 2049 2779 2102 quae
2825 2033 3206 2087 cuncta'bona
3234 2034 3430 2088 ardore

1845 2121 2103 2191 pestifero
2132 2122 2385 2187 devorat;
2433 2122 2548 2191 ipsa
2578 2138 2699 2192 quae
2747 2137 2963 2177 sensum
2994 2124 3263 2188 comedit;
3313 2124 3431 2193 ipsa

1847 2230 1968 2284 quae
1986 2223 2174 2284 pectus
2195 2217 2333 2281 urit;
2374 2215 2488 2285 ipsa
2511 2231 2630 2285 qua:
2660 2224 2895 2271 mentem
2916 2215 3099 2281 allicit,
3129 2222 3184 2270 et
3209 2231 3303 2270 cor
3328 2217 3427 2270 ho-

1846 2313 2008 2366 minis
2031 2312 2185 2381 quasi
2214 2313 2457 2380 qumdam
2504 2311 2673 2380 pestis
2705 2312 2963 2380 depascit.
2991 2310 3255 2366 Occurrat
3301 2324 3431 2379 ergo

1847 2404 1965 2468 tibi,
1996 2418 2029 2459 ο
2053 2419 2170 2469 rex,
2212 2412 2398 2459 contra
2427 2403 2526 2458 zeli
2558 2403 2780 2457 livorem
2808 2402 2973 2457 animi
3000 2402 3214 2457 bonitas
3266 2403 3427 2472 plena

1846 2508 2106 2548 minuere:
2137 2494 2393 2548 adversus
2421 2493 2680 2548 invidiam
2708 2492 2947 2546 fraterna
2998 2491 3240 2546 charitas
3296 2506 3432 2561 pne-

1845 2592 2087 2655 paretur,
2113 2594 2169 2639 et
2195 2598 2345 2638 arma
2375 2583 2698 2639 dilectionis.
2736 2582 2942 2644 Pacem
2965 2597 3086 2636 ama
3111 2597 3236 2636 cum
3256 2581 3431 2636 omni—

1845 2680 1966 2743 bus,
1996 2668 2183 2748 pacem
2233 2679 2405 2734 retine
2448 2694 2569 2733 cum
2620 2676 2848 2732 cunctis.
2907 2675 2965 2729 In
3017 2673 3430 2729 mansuetudine

1847 2776 1902 2821 et
1933 2768 2199 2822 charitate
2246 2768 2573 2837 amplectere
2621 2780 2831 2821 omnes.
2862 2763 3031 2819 Stude
3080 2764 3133 2817 in
3189 2762 3351 2816 terris
3398 2774 3430 2814 a

1847 2859 2054 2913 cunctis
2082 2858 2389 2913 hominibus
2436 2857 2662 2913 dulciter
2691 2857 2903 2921 amari,
2945 2864 3006 2910 ut
3057 2854 3319 2909 mercaris
3365 2853 3421 2908 in

1847 2946 1985 3002 cmlo
2007 2962 2130 3002 cum
2160 2947 2364 3019 angelis
2388 2946 2618 3004 feliciter
2642 2947 2836 3001 lactari.

2422 3039 2648 3096 CAPUT
2682 3036 2864 3092 XXIII.

2128 3132 2205 3186 De
2228 3149 2330 3187 non
2358 3131 2617 3186 reddendo
2646 3129 2843 3183 malum
2870 3144 2964 3199 pro
2987 3128 3145 3182 malo.

1918 3224 2085 3294 Dilige
2115 3225 2417 3293 proximum
2445 3223 2583 3277 sicut
2608 3223 2862 3291 teipsum,
2888 3236 3025 3291 puro
3051 3220 3257 3286 animo,
3280 3235 3432 3276 men-

1847 3328 1899 3373 te
1931 3319 2143 3374 sincera
2175 3333 2189 3371 :
2228 3318 2303 3372 ita
2355 3325 2415 3371 ut
2442 3317 2486 3372 si
2516 3318 2679 3370 etiam
2707 3316 2759 3369 in
2791 3324 2842 3369 te
2871 3315 3196 3384 peccaverit,
3252 3316 3432 3370 dimit-

1848 3417 1949 3474 tas,
1979 3418 2035 3463 et
2061 3423 2169 3463 non
2201 3407 2395 3462 reddas
2423 3406 2622 3461 malum
2648 3421 2746 3476 pro
2784 3406 2959 3471 malo;
3003 3396 3143 3461 sicut
3170 3406 3430 3476 scriptum

1845 3510 1927 3557 est
1956 3517 1971 3555 :
2003 3502 2084 3556 Ne
2098 3502 2245 3557 dicas
2273 3515 2290 3553 :
2319 3500 2551 3555 Reddam
2589 3500 2785 3556 malum
2812 3519 2830 3565 ;
2857 3513 3094 3573 exspecta
3120 3502 3427 3570 Dominum,

1845 3605 1892 3647 et
1916 3592 2149 3647 liberabit
2175 3603 2224 3647 te
2247 3591 2427 3665 (Prov.
2454 3610 2545 3658 xx,
2572 3592 2685 3664 22).
2716 3594 2856 3663 Ergo
2877 3602 2931 3648 et
2955 3602 3008 3648 tu
3029 3608 3095 3649 ex
3123 3603 3235 3649 toto
3264 3595 3427 3650 cordo

1845 3685 1898 3740 in
1929 3693 1982 3740 te
2014 3685 2222 3739 dimitte
2265 3683 2526 3754 precanti,
2566 3692 2623 3738 et
2643 3693 2896 3753 exspecta
2927 3685 3118 3749 Deum,
3143 3694 3201 3738 ut
3240 3701 3270 3739 a
3297 3700 3425 3755 pro-

1845 3776 1965 3846 prio
2000 3776 2245 3830 libereris
2280 3783 2535 3845 peccato;
2579 3784 2635 3829 et
2668 3775 2778 3829 noli
2825 3775 3085 3829 vindicari
3118 3776 3170 3829 in
3203 3777 3424 3832 homine

1846 3868 1937 3938 qui
1972 3868 2026 3921 in
2061 3874 2114 3921 te
2156 3866 2458 3935 deliquerit.
2517 3866 2651 3933 Quia
2694 3866 2956 3935 scriptum
3018 3874 3101 3919 est
3131 3883 3143 3918 :
3177 3865 3281 3931 Qui
3316 3868 3432 3920 vin-

1845 3960 2015 4012 dicari
2041 3957 2170 4023 vult,
2195 3975 2226 4011 a
2264 3957 2489 4011 Domino
2519 3957 2739 4011 inveniet
2778 3957 3094 4021 vindictam;
3142 3966 3188 4011 et
3214 3968 3428 4029 peccata

1846 4049 1990 4102 illius
2015 4065 2227 4101 servans
2248 4048 2474 4101 servabit
2505 4062 2523 4099 :
2555 4047 2785 4117 relinque
2831 4048 3070 4117 proximo
3102 4056 3192 4101 tuo
3224 4048 3431 4102 nocenti

1846 4149 1930 4203 te;
1973 4149 2023 4192 et
2077 4148 2202 4193 tunc
2247 4140 2546 4209 deprecanti
2572 4140 2663 4193 tibi
2706 4146 2919 4209 peccata
2952 4137 3215 4192 solventur
3242 4137 3430 4209 (Eccli.

1848 4246 2039 4295 xxvm,
2092 4231 2166 4301 l).
2222 4231 2300 4283 Tu
2350 4245 2478 4285 vero
2510 4246 2632 4283 cum
2679 4231 2754 4284 sis
2786 4245 2900 4294 rex,
2950 4237 3006 4283 et
3058 4229 3253 4284 summi
3291 4230 3435 4298 regis

1848 4320 2011 4385 filius,
2058 4322 2271 4377 Patrem
2300 4330 2448 4375 tuum
2484 4321 2681 4375 bonum
2729 4321 2946 4375 imitare
2980 4321 3171 4385 Deum,
3222 4327 3277 4374 et
3305 4337 3430 4391 pro-

1847 4414 1997 4467 ximo
2027 4414 2266 4482 relinque
2300 4422 2544 4482 peccata,
2595 4420 2653 4465 ut
2682 4420 2737 4466 ct
2761 4420 2848 4466 tua
2888 4412 3234 4466 dimittantur
3272 4427 3302 4465 a
3328 4411 3435 4483 Do-

172 4502 275 4559 zeli
306 4503 526 4559 livorem
561 4504 729 4559 David
756 4505 1004 4559 inimicus
1025 4512 1077 4558 et
1128 4513 1439 4574 persecutor
1468 4504 1639 4560 lactus
1667 4514 1747 4560 est
1775 4514 1825 4573 1)
1852 4505 1998 4559 mino
2032 4506 2340 4560 commissa.
2389 4504 2496 4559 Fac
2522 4513 2576 4557 tu
2605 4504 2850 4574 proximo
2876 4510 2971 4557 tuo
3005 4503 3149 4572 quod
3177 4512 3232 4558 et
3276 4503 3356 4557 vis
3376 4512 3437 4559 ut

173 4593 344 4659 Saul;
381 4602 436 4649 et
469 4611 537 4651 ne
568 4596 777 4666 longius
801 4611 922 4649 eam
975 4596 1304 4649 recensendo
1350 4611 1447 4666 per
1475 4596 1741 4668 singulos,

170 4685 479 4761 Iudaeorum
522 4688 749 4758 p0pulus
789 4702 885 4757 per
936 4686 1034 4742 zeli
1066 4686 1288 4741 livorem
1336 4688 1602 4753 interivit,
1654 4689 1745 4758 qui

171 4776 392 4832 Christo
415 4777 604 4831 maluit
650 4778 890 4832 invidere
917 4793 1078 4847 quam
1104 4779 1345 4833 credere.
1376 4778 1483 4833 Zeli
1514 4780 1657 4833 enim
1686 4779 1749 4833 li-

170 4883 291 4935 vor,
315 4883 620 4938 quanquam
641 4870 799 4925 unius
834 4870 947 4924 vitii
998 4879 1284 4925 censeatur
1308 4872 1544 4935 nomine,
1570 4872 1750 4926 multi-

170 4960 344 5031 plices
370 4975 466 5030 per
498 4960 708 5016 diversa
756 4961 909 5016 initia
955 4970 1179 5032 generat
1205 4978 1400 5017 ramos.
1447 4963 1618 5019 Radix
1665 4972 1749 5018 est

171 5054 415 5107 omnium
441 5051 724 5117 malorum,
741 5060 797 5106 et
820 5052 938 5107 fons
967 5053 1239 5106 vitiorum.
1273 5052 1402 5107 lmle
1425 5054 1607 5107 odium
1631 5051 1751 5109 sur-

171 5143 274 5214 git,
293 5142 603 5197 animositas
623 5141 747 5196 inde
768 5142 1040 5212 procedit;
1075 5143 1356 5196 avaritiam
1380 5142 1528 5197 zelus
1550 5144 1751 5197 inflam-

174 5240 311 5297 mat,
341 5231 688 5286 ambitionem
712 5231 858 5286 zelus
884 5232 1100 5286 excitat.
1141 5231 1246 5286 Per
1272 5232 1513 5300 iniquum
1568 5232 1753 5288 livoris

175 5323 354 5380 zelum
379 5322 473 5377 Dei
496 5323 655 5377 timor
676 5323 959 5392 exponitur
977 5359 992 5387 ,
1038 5322 1404 5393 magisterium
1427 5322 1626 5378 Christi
1657 5340 1751 5379 ne-

175 5414 420 5485 gligitur,
450 5413 636 5481 judicii
665 5415 779 5469 dies
805 5428 913 5467 non
960 5414 1293 5483 providetur,
1327 5414 1546 5468 inflatur
1572 5431 1759 5485 super-

175 5507 289 5569 bia,
311 5505 671 5559 exacerbatur
715 5505 938 5569 saevitia,
970 5503 1193 5574 perfidia
1218 5506 1626 5574 prtevaricatur,
1655 5507 1757 5561 im-

174 5594 436 5665 patientia
463 5595 787 5658 concutitur,
816 5594 946 5648 furit
987 5594 1253 5648 discordia
1281 5635 1296 5660 ,
1347 5594 1602 5651 fervescit
1643 5597 1755 5663 ira;

176 5700 279 5742 nec
305 5701 362 5741 se
384 5685 494 5755 jam
516 5694 692 5758 potest
716 5686 965 5741 cohibere
986 5686 1070 5739 vel
1109 5700 1313 5756 regere,
1346 5688 1438 5757 qui
1470 5687 1643 5744 factu-3
1673 5699 1757 5745 est

176 5777 427 5832 subditus
453 5778 706 5848 potestati
735 5776 938 5833 alicnte.
964 5776 1098 5831 Hinc
1132 5792 1289 5832 omne
1316 5778 1462 5847 pacis
1485 5780 1755 5836 vinculum

1856 4597 2020 4653 iaciat
2052 4597 2147 4650 tibi
2183 4596 2325 4651 Deus
2351 4606 2474 4650 tuus
2505 4614 2518 4649 :
2551 4595 2659 4649 noli
2683 4609 2927 4665 qumrere
2955 4595 3020 4649 de
3050 4594 3296 4663 proximo
3316 4596 3438 4650 vin-

1854 4690 2078 4755 dictam,
2109 4705 2174 4744 ne
2217 4697 2543 4758 expetantur
2568 4704 2597 4741 a
2641 4696 2712 4753 te,
2742 4687 2970 4742 Domino
2993 4687 3321 4752 vindicante,
3344 4689 3437 4743 dc-

1856 4782 2002 4835 licta.
2052 4780 2178 4834 Noli
2210 4781 2343 4833 vinci
2382 4797 2413 4832 a
2441 4778 2601 4843 malo,
2655 4777 2746 4831 sed
2791 4780 2932 4831 vince
2976 4778 3030 4831 in
3071 4778 3204 4832 bono
3234 4777 3434 4831 malum

1856 4870 2031 4943 (Rom.
2073 4886 2170 4931 xu,
2214 4869 2326 4936 2i).
2382 4869 2535 4935 Quod
2581 4884 2687 4929 non
2735 4868 2818 4922 vis
2847 4876 2906 4922 ut
2938 4868 3033 4921 tibi
3073 4867 3236 4922 faciat
3269 4867 3432 4931 Deus,

1853 4963 1963 5017 ιιοιι
1995 4970 2051 5015 tu
2083 4961 2243 5015 homo
2271 4959 2447 5014 facere
2472 4960 2697 5014 homini.
2737 4960 2793 5014 In
2824 4968 3053 5030 utroque
3074 4960 3426 5013 Testamento

1854 5056 2116 5123 scriptum
2148 5053 2416 5123 reperitur
2444 5067 2460 5105 :
2494 5051 2648 5118 Quod
2667 5052 2759 5107 tibi
2787 5069 2888 5107 non
2917 5068 2991 5107 vis
3017 5050 3153 5121 fieri,
3176 5050 3331 5104 alteri
3373 5066 3437 5104 ne

1854 5146 2042 5216 facias.
2080 5146 2137 5201 Si
2165 5161 2296 5217 ergo
2343 5154 2496 5201 cavet
2530 5147 2815 5217 quisquam
2859 5146 3017 5201 alteri
3060 5144 3241 5200 facere
3291 5144 3435 5215 quod

1855 5253 2197 5309 nequaquam
2235 5237 2345 5294 vult
2384 5239 2454 5294 ab
2482 5238 2652 5295 altero
2690 5238 2917 5309 perpeti,
2965 5244 3120 5291 cavet
3154 5237 3339 5305 utique
3365 5249 3434 5291 ne

1855 5330 2106 5399 superbia
2136 5329 2310 5385 elatus
2356 5331 2662 5400 proximum
2698 5329 2985 5399 despiciat;
3037 5334 3194 5381 cavet
3220 5342 3289 5381 ne
3321 5341 3437 5380 am-

1857 5421 2064 5475 bitione
2085 5430 2386 5475 commotus
2425 5419 2647 5475 fratrem
2696 5420 2762 5474 ad
2793 5417 3129 5473 iracundiam
3158 5426 3430 5487 provocet,

1859 5520 2015 5568 cavet
2049 5528 2116 5568 ne
2160 5514 2372 5568 invidiae
2397 5528 2581 5568 morsu
2611 5511 2851 5567 dilaniet.
2884 5509 3017 5565 Cum
3053 5509 3280 5579 quisque
3305 5520 3438 5562 vero

1858 5604 2059 5675 cogitat
2079 5619 2141 5658 ea
2178 5603 2331 5657 alteri
2374 5603 2554 5658 facere
2575 5617 2695 5671 quae
2720 5601 2821 5655 sibi
2850 5601 2918 5653 ab
2953 5600 3126 5653 altero
3147 5598 3259 5651 vult
3293 5598 3432 5661 ﬁeri,

1858 5693 1976 5747 sine
1997 5693 2159 5748 dubio
2202 5701 2397 5762 pensat
2439 5701 2498 5747 ut
2537 5692 2693 5746 malis
2720 5691 2879 5755 bona,
2926 5698 2980 5744 et
3014 5691 3171 5746 bonis
3211 5689 3434 5744 meliora

1861 5784 2163 5851 retribuat,
2242 5785 2561 5853 procacibus
2630 5783 3095 5839 mansuetudinem
3164 5783 3433 5855 ostendat,
