4000 6458
705 372 810 429 963

1997 323 2345 418 SMARAGbI
2377 357 2667 414 sensus
3730 369 3797 425 ω

704 485 997 540 humilibus
1057 481 1283 554 gratiam
1342 480 1691 549 benignitatis
1740 478 2068 534 demonstret
2097 494 2111 543 ;
2185 491 2274 532 er-
2302 476 2349 536 A
2375 473 2562 544 ligant.
2588 471 2715 526 Haec
2742 484 2894 541 ergo,
2936 484 3053 537 rex,
3084 484 3157 526 ne
3186 469 3283 525 tibi
3302 470 3596 543 contingant,
3622 475 3787 536 rem“

703 577 949 633 rantibus
990 575 1133 629 viam
1198 571 1537 629 rectitudinis
1587 570 1946 633 demonstrat,
1998 567 2276 623 discordes

702 667 771 723 ad
824 682 1014 738 pacem
1063 673 1303 730 revocat,
1356 661 1663 719 necessaria
1712 659 2076 730 indigentibus
2117 656 2276 711 mini-

705 765 871 822 strat,
929 755 1154 811 alliictos
1221 756 1388 810 verbo
1441 751 1830 809 consolationis
1887 750 2164 813 sublevat,
2219 753 2278 802 et

702 859 895 907 cuncta
948 863 1067 919 quae
1111 847 1255 902 valet
1294 846 1560 917 proximis
1606 844 1837 900 ﬁdeliter
1877 841 2273 899 subministrat.

1262 957 1487 1014 CAPUT
1524 955 1713 1012 XXIV.

1188 1027 1265 1083 De
1304 1028 1629 1099 reprimenda
1657 1029 1762 1080 ira.

769 1122 904 1178 Nam
945 1121 1075 1192 quia
1110 1120 1251 1176 solet
1287 1120 1449 1174 homo
1487 1118 1692 1173 homini
1730 1131 1828 1188 per
1879 1117 2018 1173 iram
2054 1117 2281 1174 reddere

699 1213 1010 1275 vindictam,
1040 1211 1161 1267 ideo
1181 1224 1409 1280 peccare
1437 1223 1534 1278 per
1558 1208 1696 1263 iram
1722 1222 1820 1263 nos
1842 1207 2279 1279 Apostolus'pro-

698 1305 851 1360 hibet
902 1305 1087 1359 dicens
1109 1317 1125 1356 :
1151 1301 1451 1357 Irascimini
1487 1309 1538 1354 et
1571 1299 1729 1355 nolite
1764 1317 1999 1371 peccare.
2042 1299 2137 1355 Sol
2174 1314 2279 1354 non

698 1393 904 1448 occidat
941 1408 1096 1462 super
1121 1390 1451 1445 iracundiam
1478 1398 1723 1444 uestram.
1755 1387 1932 1442 Nolite
1953 1387 2125 1441 locum
2150 1387 2280 1441 dare

697 1481 906 1537 diabolo
933 1481 1147 1553 (Ephes.
1188 1497 1263 1543 IV,
1294 1479 1406 1548 26).
1458 1480 1624 1536 Vides
1647 1494 1795 1548 ergo,
1836 1477 2124 1533 mitissime
2152 1493 2275 1543 rex,

698 1573 827 1642 quia
861 1570 954 1642 qui
977 1587 1076 1642 per
1098 1573 1233 1625 iram
1260 1571 1317 1625 in
1347 1569 1573 1625 fratrem
1613 1569 1817 1639 expetit
1849 1566 2170 1635 vindictam,
2223 1568 2281 1624 in

703 1663 867 1718 corde
893 1677 991 1717 suo
1011 1661 1224 1717 diabolo
1261 1661 1392 1716 facit
1429 1660 1608 1716 locum
1632 1678 1647 1727 ;
1679 1667 1735 1716 et
1762 1675 1893 1716 vero
1915 1659 2054 1727 Soli,
2081 1660 2282 1730 quiest

697 1756 969 1821 Christus,
999 1745 1268 1827 quantum
1290 1757 1345 1811 in
1368 1756 1657 1827 semetipso
1681 1763 1784 1822 est,
1843 1754 1974 1811 facit
2003 1771 2276 1812 occasum.

2377 562 2477 628 ira,
2507 561 2689 617 omnia
2715 561 2941 631 dispone
2976 574 3096 615 cum
3118 559 3407 630 patientia;
3439 576 3589 618 sermo
3606 566 3788 627 minus

2375 660 2641 725 potestate
2660 652 2849 723 plenus
2877 658 2981 718 est,
3005 651 3093 709 cui
3121 665 3283 708 nemo
3297 652 3527 709 resistere
3545 667 3689 725 potest
3711 661 3788 732 Ergo

2377 762 2501 802 οιιω
2533 760 2668 816 pace
2720 744 2947 815 dispone
2992 758 3111 814 quae
3150 743 3468 814 disponenda
3514 756 3630 813 sunt,
3665 758 3787 811 etas

2379 834 2766 905 tranquillitate
2791 850 2918 906 rege
2946 850 3064 905 qua:
3098 835 3330 907 regenda
3353 844 3483 904 sunt,
3522 847 3636 894 utet
3662 856 3788 912 tegm
3860 834 3861 881 l

2381 927 2519 982 bene
2533 926 2743 995 etjuste
2754 928 3044 998 gubernes,
3058 936 3115 984 et
3128 929 3319 985 anima:
3329 933 3789 1001 tutepossessorisate

2380 1033 2509 1074 num
2533 1018 2757 1075 laeteris.

2964 1108 3192 1166 CAPUT
3228 1109 3389 1166 XXV.

2660 1197 2740 1253 De
2772 1215 2878 1253 non
2897 1200 3267 1255 consentiendo
3287 1200 3621 1258 adulatoribus.

2448 1287 2635 1344 Solent
2648 1300 2882 1358 namque
2893 1288 3205 1345 adulatores
3218 1289 3284 1344 ad
3296 1290 3586 1347 reddendum
3598 1289 3729 1347 malum
3739 1310 3789 1364 pro

2377 1380 2522 1435 bono
2550 1379 2652 1435 sibi
2673 1379 3078 1435 consentientes
3098 1379 3327 1436 incitare
3350 1389 3584 1451 potentes,
3616 1380 3788 1452 quidsi

2378 1478 2640 1526 aeternum
2664 1479 2971 1540 praeparent
3003 1470 3330 1535 incendium.
3355 1479 3410 1526 et
3443 1471 3535 1527 illis
3552 1473 3730 1543 ρει-πύεὴὶ
3746 1476 3788 1527 ἰη-

2380 1558 2558 1615 ferant
2581 1558 3005 1626 detrimentum;
3047 1575 3187 1631 quos
3210 1560 3498 1632 diligenter,
3539 1561 3788 1617 discretim:

2379 1667 2497 1719 rex,
2530 1651 2707 1707 vitare
2736 1660 3027 1716 memento,
3078 1659 3137 1707 et
3183 1651 3277 1721 qui
3304 1651 3408 1706 sint
3432 1651 3499 1707 illi
3530 1653 3787 1707 acutissima

2380 1748 2538 1796 caute
2571 1740 2849 1807 discutito,
2894 1749 2952 1796 et
2977 1741 3174 1797 talibus
3200 1741 3348 1796 nullo
3383 1742 3525 1796 modo
3550 1740 3787 1812 nulloun

698 1849 865 1905 Recte
891 1848 1089 1904 etenim
1114 1863 1212 1918 per
1260 1848 1431 1903 solem
1492 1847 1769 1913 Christus,
1795 1855 1851 1903 et
1879 1863 1978 1918 per
2024 1849 2278 1904 tenebras

2208 1863 2281 1904 .33
2308 1829 2356 1888 B
2382 1838 2471 1886 cto
2496 1831 2808 1886 consentire
2851 1831 3112 1902 digneris,
3169 1846 3240 1887 ne
3268 1840 3321 1887 te
3344 1831 3573 1888 lactantes
3599 1841 3708 1901 atque
3728 1834 3788 1887 la-

696 1937 942 1993 diabolus
970 1938 1302 2009 intelligitur.
1327 1936 1515 2008 Neque
1539 1937 1684 1994 euim
1711 1946 1941 2009 possunt
1964 1938 2018 1992 in
2041 1953 2151 1993 uno
2183 1938 2282 1994 ho-

696 2029 861 2084 minis
910 2029 1222 2099 pectusculo
1258 2027 1339 2085 sol
1368 2037 1425 2085 et
1456 2030 1695 2085 tenebrae
1728 2029 1937 2099 pariter
1978 2044 2284 2085 commora-

694 2119 742 2175 ri
783 2136 797 2176 :
828 2118 1107 2176 habitante
1134 2120 1334 2175 etenim
1369 2119 1489 2176 luce
1518 2119 1773 2191 fugantur
1825 2121 2080 2187 tenebrae,
2130 2135 2282 2176 com-

694 2212 1032 2266 morantibus
1079 2213 1317 2267 tenebris
1375 2211 1683 2267 excluditur
1733 2210 1847 2266 lux.
1903 2210 2091 2281 Neque
2136 2212 2282 2267 enim

695 2303 1023 2359 commorari
1070 2312 1251 2374 potest
1303 2320 1424 2359 cum
1468 2303 1829 2359 amaritudine
1885 2303 2132 2370 dulcedo,
2186 2311 2284 2359 aut

696 2408 822 2450 cum
872 2394 1076 2449 lumine
1105 2394 1300 2465 caligo,
1344 2401 1437 2449 aut
1475 2410 1596 2449 cum
1626 2410 1759 2465 pace
1788 2408 1989 2465 pugna,
2033 2401 2127 2449 aut
2157 2408 2280 2449 cum

695 2485 1089 2556 tranquillitate
1115 2492 1419 2556 tempestas.
1444 2485 1661 2555 Depone
1686 2501 1835 2558 ergo,
1851 2486 2138 2541 mitissime
2160 2501 2278 2553 rex,

693 2579 988 2634 auxiliante
1021 2579 1268 2644 Domino,
1301 2579 1459 2642 iram,
1500 2586 1556 2633 et
1579 2578 1687 2633 noli
1726 2595 1826 2647 per
1868 2579 2004 2633 iram
2055 2578 2280 2634 reddere

692 2672 1008 2727 vindictam.
1041 2671 1271 2727 Attende
1318 2670 1603 2741 diligenter
1626 2672 1753 2742 quid
1786 2671 1939 2726 Pauli
1965 2687 2065 2727 nos
2093 2671 2280 2726 admo-

694 2764 875 2818 nentis
898 2763 1041 2819 dicat
1070 2763 1358 2818 sententia.
1399 2762 1489 2820 Ait
1525 2762 1668 2818 enim
1708 2780 1722 2816 :
1760 2761 1915 2817 Nunc
1964 2771 2137 2817 autem
2186 2762 2280 2816 de-

691 2856 865 2926 ponite
887 2863 934 2909 et
958 2872 1044 2909 vos
1073 2871 1276 2909 omnem
1304 2855 1459 2919 iram,
1493 2854 1905 2924 indignationem
1934 2863 1980 2907 et
2015 2852 2274 2908 malitiam

693 2944 918 3017 (Coloss.
945 2964 1027 3009 ut,
1059 2946 1136 3017 8).
1166 2945 1399 3001 Iacobus
1423 2961 1640 3017 quoque
1677 2945 1810 3001 dicit
1839 2962 1852 2999 :
1879 2944 1974 2999 Ira
2007 2947 2149 3000 enim
2173 2945 2275 2999 viri

698 3036 963 3106 justitiam
987 3036 1084 3089 Dei
1112 3053 1216 3091 non
1242 3045 1489 3107 operatur
1510 3035 1710 3107 (Jac.1,
1739 3033 1851 3107 20).
1886 3035 2139 3092 Salomon
2166 3035 2271 3091 ait:

706 3126 865 3182 Zelus
894 3137 942 3181 et
978 3128 1254 3184 iracundia
1302 3131 1542 3184 minuunt
1573 3129 1703 3194 dies,
1729 3138 1777 3184 et
1799 3139 1921 3184 ante
1956 3140 2156 3202 tempus
2178 3132 2276 3185 ad-

2384 1922 2576 1976 dantes
2604 1935 2637 1974 a
2680 1920 2771 1975 via
2798 1919 3073 1976 divertant
3099 1921 3273 1993 regia,
3314 1930 3369 1976 et
3390 1936 3597 1992 gressum
3614 1924 3786 1993 opst-ista

2383 2010 2440 2065 in
2482 2010 2570 2064 via
2601 2008 2804 2065 faciant
2844 2025 3047 2082 ponere
3087 2025 3199 2067 non
3248 2019 3411 2068 recta.
3454 2011 3523 2068 De
3549 2012 3786 2068 talibuseaia

2381 2101 2750 2159 adulatoribus
2799 2103 3060 2173 scriptum
3089 2112 3216 2159 est:
3254 2102 3343 2158 Vir
3381 2104 3563 2175 iniquas
3590 2104 3788 2159 ladlllltl-

2382 2205 2502 2247 cum
2534 2207 2711 2255 suum,
2753 2199 2805 2245 et
2827 2191 2969 2246 ducit
2993 2208 3116 2247 eum
3136 2209 3232 2262 per
3257 2194 3389 2248 viam
3417 2211 3507 2248 non
3525 2194 3663 2249 bonan
3680 2193 3784 2265 (PM.

2381 2298 2495 2348 xvi,
2519 2282 2633 2353 29).
2659 2282 2860 2337 lterum
2887 2282 2955 2338 de
2982 2284 3320 2355 principibus
3338 2284 3426 2355 qui
3448 2285 3786 2341 consultantem.

2380 2373 2644 2430 latoribus
2690 2375 2953 2445 scriptum
2971 2382 3058 2430 est
3096 2394 3109 2430 :
3143 2373 3392 2447 Princeps
3425 2376 3503 2446 qui
3528 2375 3683 2432 libenter
3703 2375 3785 2428 util

2379 2467 2589 2524 uerbum
2606 2468 2887 2534 mendacii,
2908 2484 3086 2524 omnes
3109 2469 3373 2526 ministros
3391 2469 3523 2525 habet
3542 2465 3784 2539 impiosU’m.

2380 2574 2530 2625 xxix,
2590 2558 2856 2629 i2).ltem
2900 2559 2968 2614 de
2992 2559 3401 2616 adulatoribus:
3427 2558 3592 2630 Lingua
3611 2556 3784 2627 [ellum

2378 2659 2520 2705 amat
2540 2651 2809 2706 veritatem
2832 2667 2851 2706 :
2872 2658 2921 2706 et
2943 2666 3001 2705 os
3020 2650 3285 2707 lubricum
3304 2659 3526 2721 operatur
3537 2649 3664 2702 nim
3678 2644 3783 2716 (Pus.

2378 2758 2527 2809 xxvi,
2566 2742 2683 2814 28).
2738 2743 2874 2798 item
2910 2744 2977 2799 de
3031 2742 3512 2799 consentientibus:
3538 2737 3657 2794 italu
3680 2733 3785 2788 obdit

2377 2833 2570 2905 lingua
2601 2835 2794 2907 iniqua:
2826 2848 2846 2889 :
2875 2844 2927 2890 et
2978 2834 3164 2908 fallax.
3190 2836 3487 2907 obtemperat
3520 2832 3625 2886 labiis
3651 2827 3786 2883 acsts-

2376 2926 2523 2981 cibus
2562 2925 2742 2998 (Prov.
2767 2942 2904 2994 xvu,
2940 2925 3018 2999 4).
3072 2926 3157 2982 Tu
3181 2942 3329 2999 ergo,
3363 2925 3784 2984 clarissimorum

2377 3019 2717 3075 adulatorum
2737 3019 2978 3075 lubricas
3008 3018 3420 3090 mortiferasque
3443 3018 3606 3079 ruinas,
3619 3007 3784 3067 etucsnb

2377 3111 2675 3166 amicorum
2708 3111 2887 3181 specie
2940 3110 3159 3166 illorum
3194 3119 3250 3167 te
3292 3109 3535 3180 decipiant
3570 3103 3667 3161 male
3701 3111 3781 3155 sant

693 3220 843 3273 ducet
865 3227 1123 3273 senectam
1158 3221 1433 3291 cogitatus.
1464 3220 1654 3293 (Eccli.
1685 3188 1814 3287 xxx,
1846 3220 1959 3291 26).
2001 3188 2120 3291 Ipse
2144 3238 2272 3292 quo-
2299 3191 2344 3255 ρ
2374 3202 2621 3258 ranula!-
2645 3192 2786 3256 Αυάἶ
2813 3201 2943 3271 (inid
2985 3202 3051 3257 de
3083 3202 3195 3293 illis
3229 3202 3586 3293 scriptumcle

695 3323 801 3378 que
850 3307 1110 3364 Dominus
1139 3317 1344 3374 noster,
1370 3310 1537 3366 totius
1563 3310 1818 3366 Ecclesia:
1843 3326 1955 3366 sum
1982 3325 2273 3367 ornamen-

696 3406 813 3453 tum
864 3405 919 3453 et
943 3398 1127 3462 decus,
1178 3398 1500 3468 praedicator
1543 3409 1599 3454 et
1636 3401 1845 3465 doctor,
1877 3400 2179 3470 exemplum
2217 3408 2275 3457 et

694 3486 893 3553 forma,
924 3496 1158 3552 creator,
1198 3489 1524 3560 gubernator
1549 3498 1604 3545 et
1629 3498 1828 3557 rector,
1857 3491 1925 3547 ab
1944 3491 2025 3545 ira
2047 3506 2148 3547 nos
2170 3489 2275 3545 fra-

694 3577 799 3632 tris
827 3578 1047 3632 omnino
1072 3592 1377 3645 removens,
1412 3579 1487 3633 ait
1515 3596 1528 3634 :
1556 3579 1738 3634 Omnis
1759 3579 1851 3651 qui
1890 3581 2139 3635 irascitur
2165 3581 2276 3651 fra-

692 3666 761 3721 tri
789 3683 902 3729 suo,
944 3683 1063 3721 reus
1086 3669 1182 3721 erit
1197 3667 1402 3736 judicio
1450 3668 1665 3739 (Matth.
1717 3685 1772 3734 v,
1800 3669 1914 3741 22).
1962 3667 2273 3727 Cavendum

692 3762 776 3809 est
807 3770 936 3826 ergo
968 3755 1206 3811 maxime
1247 3756 1462 3825 regibus
1485 3756 1552 3811 ad
1596 3756 1846 3812 effectum
1894 3774 2048 3814 suam
2079 3760 2279 3829 perdu-

695 3862 821 3902 cere
852 3846 1008 3901 iram.
1040 3847 1226 3916 Neque
1262 3847 1408 3903 enim
1444 3848 1667 3918 aequalis
1686 3857 1770 3904 est
1797 3848 2082 3920 cujuslibet
2104 3850 2276 3906 homi-

694 3936 783 3991 nis
811 3952 931 3993 cum
960 3938 1039 3993 ira
1068 3939 1234 4010 regis.
1267 3940 1343 3995 De
1385 3940 1464 3995 ira
1487 3941 1630 4011 regis
1667 3941 1927 4011 scriptum
1958 3949 2043 3996 est
2073 3960 2086 3995 :
2118 3942 2273 3999 Sicut

694 4024 931 4095 fremitus
945 4027 1127 4095 leonis,
1148 4031 1223 4084 ita
1244 4031 1326 4084 ira
1341 4031 1476 4101 regis
1495 4029 1675 4101 (Prov.
1693 4047 1807 4098 xtx,
1826 4030 1933 4101 12).
1952 4032 2019 4087 Ει
2040 4032 2235 4089 iterum
2254 4047 2270 4088 :

2374 3312 2464 3351 ore
2500 3295 2688 3367 decipit
2701 3294 2925 3350 amicum
2948 3311 3103 3350 suum
3135 3292 3319 3367 (Prov.
3354 3310 3425 3358 x1,
3458 3290 3522 3358 9).
3552 3288 3648 3343 Item
3668 3280 3782 3337 deillis

2374 3383 2636 3455 scriptum
2661 3391 2746 3439 est
2774 3398 2789 3438 :
2824 3382 2928 3450 Qui
2970 3384 3149 3439 beatos
3201 3400 3291 3439 vos
3326 3383 3507 3445 dicunt,
3535 3378 3611 3447 ipsi
3638 3368 3783 3427 nitui-

2371 3472 2520 3543 piunt
2541 3489 2561 3534 .'
2594 3473 2834 3527 semitam
2860 3473 3049 3543 pedum
3072 3482 3358 3534 vestrorum
3376 3468 3627 3526 conturbant
3642 3460 3781 3531 (tum.

2376 3564 2486 3638 12).
2512 3564 2588 3621 Te
2628 3579 2758 3637 ergo
2787 3564 2916 3636 quid
2939 3565 3082 3621 inter
3112 3565 3249 3621 tales
3274 3578 3421 3638 agere
3455 3562 3628 3621 debeas,
3647 3551 3781 3623 Spiritu!

2373 3666 2592 3712 sanctus
2620 3672 2718 3727 per
2754 3656 2989 3711 divinam
3033 3655 3367 3728 Scripturam
3413 3654 3619 3709 admonet
3643 3644 3777 3699 dicens!

2375 3747 2648 3813 Quomodo
2688 3748 2940 3819 probatur
2985 3749 3042 3802 in
3098 3747 3406 3819 conﬂatorio
3446 3750 3673 3814 argentost,
3702 3741 3729 3785 ά
3753 3730 3780 3780 it

2373 3841 2586 3912 fornace
2635 3857 2826 3896 aurum
2868 3858 2887 3896 :
2927 3842 3003 3899 sic
3046 3842 3302 3899 probatur
3340 3842 3480 3897 homo
3520 3852 3590 3892 ore
3622 3823 3780 3885 iam“

2372 3930 2553 4005 (Prov.
2569 3948 2742 3997 xxvtt,
2755 3933 2866 4004 2i).
3049 3952 3056 3963 ·
3126 3952 3136 3964 ·
3299 3955 3307 3965 ·
3363 3970 3373 3977 υ
3544 3946 3549 3955 '

2442 4023 2584 4078 Ecce
2609 4022 2784 4092 qualis
2823 4024 2966 4079 inter
2998 4024 3330 4081 laudantium
3367 4006 3780 4081 'adulantiumqnelin'

691 4094 788 4170 Ira
819 4119 951 4187 regis
980 4094 1191 4174 nuntius
1209 4094 1585 4187 mortisll’rov.
1606 4136 1715 4186 xvr,
1736 4094 1843 4191 η).
1862 4094 2271 4194 Ergoquantum

2190 4138 2274 4178 um
2372 4128 2504 4184 guas
2533 4114 2713 4185 justus
2736 4122 2793 4168 et
2834 4122 3013 4170 rectus
3051 4116 3326 4172 invenitur
3344 4114 3561 4185 princeps
3593 4094 3770 4161 scilla”!

690 4206 920 4264 validior
939 4217 1023 4265 est
1041 4210 1122 4265 ira
1136 4210 1279 4282 regis
1290 4212 1357 4267 ad
1378 4212 1708 4268 reddendum
1723 4212 2034 4281 vindictam,
2067 4223 2270 4271 tantum

2199 4230 2274 4271 ιπι
2372 4206 2545 4263 cidior
2584 4215 2810 4278 argento
2837 4215 2893 4264 et
2911 4207 3111 4264 clarior
3153 4225 3306 4266 auro.
3349 4207 3462 4263 Haec
3494 4204 3555 4260 illi
3580 4202 3779 4291 temeti-eff

691 4301 1061 4359 alidclissimis
1098 4304 1313 4372 regibus
1340 4312 1636 4375 temperata
1658 4306 1819 4361 debet
1854 4321 1977 4363 esse
2010 4314 2066 4363 et
2089 4314 2271 4363 cauta.

2198 4314 2271 4363 ta.
2370 4301 2541 4368 nient,
2570 4302 2615 4357 si
2648 4302 2843 4357 divinat
2895 4302 3306 4359 concordaverit
3349 4300 3613 4370 Scriptura,
3643 4286 3778 4380 ubi

762 4392 844 4449 Tu
887 4408 1039 4458 vero,
1092 4395 1380 4450 mitissime
1406 4411 1522 4460 rex,
1579 4396 1624 4452 si
1670 4397 1755 4452 vis
1797 4413 1895 4468 per
1919 4399 2062 4455 hanc
2106 4415 2271 4471 quam

2198 4415 2271 4455 ,m
2386 4389 2636 4446 Voluntas
2660 4407 2837 4462 regum
2864 4390 3009 4446 labia
3039 4392 3193 4462 justa
3217 4405 3235 4445 :
3262 4392 3348 4464 qui
3394 4396 3515 4444 recte
3536 4371 3778 4471 Imma":

652 4490 657 4493 ‘
682 4483 974 4540 scribimus
999 4484 1245 4563 Regiam.
1270 4500 1494 4543 currere
1514 4487 1691 4552 Viam,
1731 4461 1873 4546 etad
1914 4461 2165 4562 superam
2195 4493 2232 4548 ft

2198 4493 2271 4548 fe-
2295 4543 2347 4563 n
2371 4488 2522 4551 getur
2578 4478 2761 4551 (Prov.
2806 4496 2920 4548 xvr,
2960 4461 3072 4553 15).
3122 4461 3410 4553 Diligenter
3447 4461 3778 4563 attende-ret,

688 4572 865 4629 liciter
893 4543 1206 4646 regiamque
1234 4558 1496 4632 scandere
1516 4579 1773 4649 patriam,
1829 4543 2145 4649 mansfuetus
2195 4592 2272 4639 at-
2294 4543 2348 4603 D
2373 4570 2497 4626 Vide
2521 4570 2567 4627 Si
2615 4571 2669 4626 in
2689 4579 2985 4643 θιοηερθοῐυ
3011 4574 3210 4628 summi
3257 4572 3391 4642 πεείε
3431 4567 3507 4623 me
3535 4557 3711 4649 dirigi?"

688 4678 798 4734 que
825 4636 1140 4721 mitissimus
1168 4674 1316 4732 esto;
1343 4675 1400 4722 et
1427 4667 1473 4722 si
1498 4636 1804 4740 proruperit
1830 4642 2131 4737 iracundia,
2177 4688 2268 4729 re-

2372 4671 2524 4718 reeta
2569 4636 2841 4734 loquitur;
2883 4664 3040 4720 debet
3061 4672 3116 4719 et
3165 4666 3219 4721 in
3250 4636 3514 4731 conspectu
3551 4663 3622 4709 tuo

685 4729 891 4823 stringe
951 4752 1135 4820 illam;
1191 4756 1236 4811 si
1268 4729 1727 4828 praeoccupaverit
1773 4767 2029 4827 mentem,
2082 4729 2269 4831 mitiga
2370 4755 2473 4826 risi
2496 4756 2588 4825 qui
2613 4729 2721 4810 ῐίοι)
2751 4755 3026 4813 adulantia
3065 4757 3162 4813 89d
3206 4771 3330 4811 vel“!
3359 4729 3563 4824 lilium“
3581 4729 3775 4838 mh,"

684 4859 838 4910 eam;
881 4844 925 4900 si
949 4847 1231 4901 emerserit
1280 4850 1482 4915 animo,
1529 4852 1826 4922 comprime
1855 4854 2034 4921 illam;
2065 4856 2109 4911 si
2160 4856 2264 4911 ira-

2192 4829 2270 4911 πξι-
2371 4863 2505 4917 spue
2548 4860 2678 4917 ergo
2697 4847 2766 4903 ab
2795 4848 3017 4904 auribus
3044 4848 3152 4904 tuis
3173 4845 3437 4918 suasorios

688 4935 899 4990 cundia:
945 4933 1095 4990 furor
1145 4937 1440 5006 pulsaverit
1476 4941 1742 5008 animum,
1784 4943 2057 5001 fraternus
2109 4961 2268 5002 amor

2193 4962 2268 5002 ιοι·
2369 4915 2649 4994 sermones
2664 4954 2679 5005 ;
2697 4953 2890 5009 respue
2902 4938 3153 4994 blandam
3168 4915 3478 4996 adulantium
3493 4915 3773 5009 ιίιιςωωεδαξθ

678 5024 1005 5094 comprimat
1033 5025 1204 5090 illam,
1233 5027 1473 5083 fraterna
1504 5006 1735 5087 dulcedo?
1761 5040 2029 5104 temperet
2051 5035 2263 5092 iracun-
2365 5031 2565 5085 etenim
2588 5006 2803 5096 sonant,
2824 5032 2917 5087 sed
2939 5031 3079 5086 male
3100 5032 3395 5103 decipiunt;
3417 5022 3613 5082 suaviter
3629 5006 3771 5104 cani-3”:

683 5114 845 5178 diam,
884 5114 1120 5170 fraterna
1143 5116 1381 5172 charitas
1411 5126 1675 5190 temperet
1704 5095 2123 5190 animositatem,
2149 5125 2262 5181 fra-
2364 5120 2458 5175 sed
2488 5120 2627 5176 male
2655 5095 2964 5188 maculant;
2986 5095 3499 5193 Dromilltlﬂldulc“:
3542 5108 3615 5169 κδ
3638 5095 3771 5173 W‘

682 5211 835 5257 terna
864 5202 1081 5258 dilectio
1116 5205 1325 5277 mitiget
1350 5206 1795 5279 indignationem.
1858 5212 2074 5271 Grande
2114 5217 2259 5272 enim
2364 5212 2623 5268 animam-

682 5294 873 5350 vitium
909 5302 992 5350 est
1038 5296 1318 5355 iracundia
1362 5314 1375 5351 :
1408 5315 1506 5369 per
1529 5300 1665 5357 iram
1699 5305 1960 5373 sapientia
1993 5308 2257 5376 perditur,

682 5398 781 5454 per
809 5384 947 5440 iram
966 5385 1180 5456 iustitia
1211 5387 1553 5458 relinquitur,
1578 5406 1679 5460 per
1698 5393 1833 5448 iram
1863 5396 2094 5453 societas
2115 5412 2262 5453 amo-

2926 5304 3153 5362 CAPUT
3189 5303 3368 5361 XXVI.

2837 5395 2916 5451 De
2934 5397 3165 5452 cavenda
3191 5395 3416 5451 auaritia.

683 5476 762 5531 ris
801 5477 1125 5544 dissolvitur,
1165 5495 1261 5549 per
1286 5481 1424 5536 iram
1446 5483 1598 5553 pacis
1636 5487 1924 5542 concordia
1963 5489 2251 5560 rumpitur,
2431 5483 2510 5539 Τιι
2552 5498 2703 5555 ersO.
2728 5500 2843 5549 rex,
2881 5500 2981 5541 nec
3012 5500 3112 5555 1)το
3136 5481 3494 5542 “maiorm”
3534 5464 3766 5560 “optumi

1113 5534 1123 5544 ,
1167 5534 1181 5549 ,
1212 5534 1221 5536 -
1288 5534 1594 5553 ,,,,,--r,.---
1641 5534 1924 5542 ,νην-ν.-.-
1964 5534 2080 5544 ......
2123 5534 2220 5545 ..υ--
2441 5534 2510 5539 ντ-
2559 5534 2703 5555 ν-υ“1
2728 5534 2843 5549 -ν-ι
2881 5534 2980 5541 "vv
3013 5534 3106 5555 r-'
3136 5534 3397 5542 —----""’
3432 5534 3437 5535 ’
3484 5534 3492 5541 '
3626 5534 3637 5535 ί

680 5581 779 5638 per
803 5567 939 5622 iram
971 5569 1056 5623 lex
1098 5570 1344 5627 veritatis
1389 5574 1686 5640 amittitur;
1743 5575 2033 5632 iracundiae
2063 5534 2256 5633 εῗίιιιιιἰ
2357 5573 2601 5639 neribUS.
2649 5588 2681 5627 α
2723 5583 2871 5629 recto
2903 5576 3156 5647 regioque
3183 5576 3403 5631 divertas
3447 5534 3766 5647 itinera???

684 5656 751 5711 lis
784 5656 1047 5727 agitatam
1077 5673 1274 5730 corpus
1309 5663 1513 5727 tremit,
1554 5663 1736 5734 lingua
1774 5663 2022 5730 balbutit,
2073 5656 2291 5719 vultus‘
2361 5663 2600 5719 avaritiae
2626 5664 2849 5731 malum,
2877 5640 3087 5722 rectum
3117 5667 3413 5738 regiumque
3435 5640 3766 5738 digneris

672 5747 931 5817 ignescit,
958 5763 1055 5805 cor
1077 5750 1344 5822 palpitans
1382 5753 1651 5819 trcmulat,
1682 5763 1735 5810 et
1770 5754 1912 5810 oculi
1953 5756 2151 5811 turbati
2172 5772 2257 5812 ea.
2362 5770 2629 5828 gressum.
2663 5756 2869 5828 Regum
2891 5760 3090 5816 etenim
3120 5736 3407 5831 specialiter
3427 5746 3645 5814 inutilia"s
3659 5736 3763 5786 3""-
