4000 6454
173 383 295 443 oss,
1616 368 1729 423 VIA
1770 365 1998 423 nscu.
3335 366 3441 423 θοσ

175 501 307 555 tiam
336 496 534 569 scripta
570 493 825 552 divinitus
852 486 1126 549 invenitur
1154 489 1442 546 sententia.
1493 487 1584 542 Ait
1609 484 1754 541 enim
1783 486 1833 545 Α
1860 500 1964 540 non
2011 484 2065 538 in
2100 483 2346 553 judicio;
2401 486 2626 539 amicum
2658 502 2811 540 suum
2848 487 3099 556 opprimet
3132 486 3351 557 frustra,
3391 495 3443 541 et

175 588 434 645 Salomon
474 588 532 642 in
573 586 882 642 Proverbiis
916 582 1067 639 :Rex
1104 582 1280 655 justus
1315 579 1469 651 erigit
1510 587 1705 633 terram
1740 588 1758 627 :
1860 574 2145 629 mercedem
2183 574 2297 644 ejus
2321 589 2425 628 non
2462 575 2639 630 reddet
2686 576 2755 631 ei.
2818 576 2922 643 Qui
2951 576 3116 631 dicit:
3139 576 3441 647 /Edi/icabo

174 681 259 737 vir
300 695 490 734 avarus
511 678 737 732 destruet
758 693 873 731 eam
910 673 1094 746 (Prov.
1136 688 1289 739 xxix,
1316 671 1394 741 4).
1441 669 1575 724 Item
1602 667 1758 738 ipse:
1860 666 1991 721 mihi
2010 666 2223 720 domum
2256 663 2454 731 laetam,
2494 674 2541 720 et
2562 666 2829 722 clunacula
2844 668 3075 739 spatiosa
3106 681 3125 720 :
3151 668 3242 739 qui
3263 680 3435 739 aperit

176 769 467 825 Conturbat
491 768 708 824 domum
748 784 900 822 suam
930 767 1025 837 qui
1047 774 1275 820 sectatur
1313 761 1588 817 avaritiam
1612 773 1631 811 :
1671 757 1761 829 qui
1860 759 1959 814 sibi
1978 750 2256 829 fenestras,
2299 760 2426 830 facit
2447 758 2715 830 laquearia
2736 761 2971 829 cedrino,
3011 762 3277 834 pingitque
3300 762 3448 816 sino-

175 870 354 915 autem
399 860 509 915 odit
554 875 811 925 munera,
859 858 993 911 vivet
1037 853 1231 928 (Prov.
1273 870 1364 919 xv,
1422 850 1545 924 27).
1584 849 1763 905 Domi-
1859 850 1979 921 pide
2010 849 2151 921 (Jer.
2204 865 2336 915 xxn,
2368 851 2479 921 15).
2512 850 2680 907 Isaias
2711 851 2909 908 talibus
2956 854 3154 909 clamat
3179 862 3234 910 et
3263 854 3439 910 dicit:

174 968 283 1009 nus
305 952 360 1008 in
384 952 679 1021 Evangelio
710 950 989 1021 discipulis
1009 950 1086 1003 ait
1113 967 1127 1003 :
1166 945 1354 1003 Cavete
1375 945 1440 1000 ab
1470 943 1612 1004 omni
1638 960 1762 997 ava-
1872 937 1961 994 Vw
1984 941 2075 1011 qui
2101 940 2419 1010 conjungitis
2438 940 2651 994 domum
2672 940 2743 994 ad
2768 941 3001 1008 domum,
3026 953 3075 998 et
3105 961 3291 1015 agrum
3312 963 3445 1017 agro

178 1042 306 1097 ritia
331 1042 495 1113 :quia
540 1058 644 1095 non
688 1042 744 1095 in
793 1038 1122 1094 abundantia
1166 1036 1479 1106 cujusquam
1512 1034 1617 1088 vita
1645 1031 1760 1101 ejus
1862 1030 2137 1102 copulatis,
2188 1030 2737 1101 usqueadtenninum
2774 1030 2894 1086 loci.
2952 1031 3208 1105 Nunquid
3233 1035 3444 1090 habita-

177 1141 277 1197 est,
298 1148 362 1185 ex
382 1130 463 1185 his
485 1146 603 1202 qua:
626 1129 851 1202 possidet
877 1126 1029 1199 (Luc.
1061 1142 1164 1192 xu,
1185 1125 1291 1196 15).
1322 1123 1459 1178 lluic
1480 1119 1761 1177 sententia:
1863 1121 1982 1176 bitis
2012 1138 2099 1176 vos
2143 1120 2246 1176 soli
2297 1122 2352 1176 in
2391 1122 2564 1176 medio
2607 1123 2907 1177 terrarum?
2958 1123 3026 1179 In
3055 1126 3273 1181 auribus
3314 1128 3445 1181 meis

178 1221 519 1279 concordans
556 1221 915 1277 Ecclesiastes
945 1221 1023 1275 ait
1056 1238 1069 1274 :
1093 1218 1312 1294 Avarus
1335 1233 1441 1271 non
1465 1213 1763 1285 implebitur
1860 1222 1981 1267 sunt
2003 1213 2135 1278 lucc,
2158 1212 2282 1266 dicit
2326 1212 2583 1268 Dominus
2612 1214 2953 1267 exercituum
2981 1213 3115 1286 (Isa.
3141 1231 3195 1282 v,
3222 1214 3299 1288 8).
3326 1216 3443 1274 Hoc

177 1311 402 1384 pecunia
430 1320 520 1366 :et
554 1312 644 1382 qui
671 1319 812 1364 amat
836 1309 1066 1375 divitias,
1104 1308 1333 1380 fructum
1372 1322 1476 1361 non
1510 1306 1763 1375 capietex
1862 1305 2039 1376 ipsum
2095 1314 2151 1360 et
2205 1305 2460 1362 Salomon
2501 1306 2754 1378 prohibet
2803 1306 2989 1362 dicens
3022 1324 3035 1361 :
3076 1307 3159 1363 Ne
3211 1311 3445 1381 attingas

179 1403 257 1458 eis
293 1401 490 1476 (Eccle.
521 1417 575 1468 v,
606 1401 683 1473 9).
730 1399 983 1456 Habacuc
1025 1412 1239 1470 quoque
1283 1395 1548 1467 prepheta
1581 1392 1757 1448 dicit:
1860 1394 2200 1467 parvulon
2215 1397 2500 1451 terminos:
2525 1404 2572 1452 et
2592 1395 3104 1468 agrumpupillorum
3126 1415 3189 1452 ne
3213 1399 3444 1455 introeas

188 1493 284 1549 Va:
329 1494 420 1565 qui
460 1500 735 1564 congregat
783 1492 1065 1546 avaritiam
1107 1489 1306 1545 malam
1347 1488 1490 1542 domi
1527 1498 1681 1541 sum:
1705 1494 1761 1540 ut
1864 1484 2045 1557 (Prov.
2083 1503 2240 1553 χχιιι,
2264 1487 2374 1560 10).

180 1586 253 1640 sit
284 1586 337 1639 in
376 1583 578 1639 excelsa
625 1584 779 1637 nidus
799 1582 935 1653 ejus,
972 1592 1020 1636 et
1041 1581 1255 1635 liberari
1276 1597 1330 1634 se
1348 1588 1496 1650 putat
1514 1577 1581 1632 de
1600 1592 1761 1631 manu
1934 1577 2052 1631 Tibi
2089 1593 2239 1647 ergo,
2269 1593 2390 1643 rex,
2420 1578 2761 1648 omnipotens
2780 1577 3041 1636 Dominus
3066 1579 3244 1650 ampla
3271 1588 3326 1636 et
3350 1579 3449 1638 Ilo-

181 1674 311 1730 mali
350 1674 577 1746 (Hahae.
619 1670 831 1745 11,19)!
870 1670 1068 1726 Paulus
1094 1671 1370 1741 apostolus
1403 1667 1660 1739 prredicat
1687 1666 1766 1721 di-
1865 1666 2007 1728 rida,
2032 1667 2342 1737 divitiisque
2389 1668 2549 1738 plena
2593 1669 2782 1724 tribuit
2832 1685 3020 1742 regna,
3055 1682 3452 1742 parentumque

181 1780 314 1822 cens
345 1784 358 1820 :
393 1763 575 1819 Omnis
604 1763 914 1834 fornicator,
958 1771 1049 1816 aut
1078 1759 1394 1822 immundus,
1431 1766 1522 1811 aut
1544 1771 1759 1821 avarus,
1791 1829 1831 1835 _
1867 1759 2181 1829 multiplicia
2239 1759 2423 1815 divisit
2480 1769 2535 1817 et
2590 1762 2834 1832 praedia;
2892 1764 3147 1819 liscornm
3213 1766 3447 1835 plurima

181 1856 321 1927 quod
341 1829 689 1909 estidolorum
712 1853 950 1917 servitus,
990 1868 1093 1906 non
1137 1849 1288 1904 habet
1323 1847 1679 1903 ha’reditatem
1703 1846 1759 1900 in
1791 1829 1836 1887 Β
1864 1852 2013 1908 dedit
2056 1852 2336 1924 vectigalia
2360 1893 2377 1919 ,
2425 1862 2479 1909 et
2527 1829 2823 1910 multorum
2873 1864 3153 1927 potentum
3201 1829 3440 1915 honora-

185 1964 342 2017 regno
365 1944 557 1999 Christi
589 1951 637 1997 et
657 1942 755 1997 Dei
777 1941 991 2013 (Ephes.
1014 1954 1068 2007 v,
1101 1938 1178 2011 3).

1892 1945 1939 2000 'it
1959 1961 2203 2013 munera,
2227 1946 2367 2001 unde
2394 1947 2542 2017 regia
2564 1946 2834 2004 fabricare
2853 1951 3028 2020 possis
3056 1950 3275 2021 palatia.
3305 1951 3452 2009 Cave

257 2038 337 2093 Tu
363 2051 514 2108 ergo,
561 2034 864 2105 largissime
896 2046 1013 2097 rex,
1058 2046 1179 2084 ama
1214 2024 1663 2089 misericordiam,
1704 2033 1763 2079 et

1892 2051 1932 2091 lC
1960 2051 2258 2107 pauperum
2281 2037 2536 2109 Iacrymis
2558 2039 2991 2111 miserorumque
3047 2041 3311 2111 impensis
3342 2043 3443 2098 tibi

186 2130 311 2201 fuge
343 2127 649 2193 avaritiam,
688 2132 749 2180 ut
768 2137 889 2179 cum
918 2121 1136 2177 Christo
1162 2119 1536 2175 hatreditatem
1559 2116 1762 2172 habere
1866 2126 2057 2183 domus
2072 2127 2371 2184 ωάίσεειυι-
2396 2130 2615 2200 rega1i5_

189 2219 448 2275 merearis
474 2225 748 2272 mternam.
803 2213 1065 2270 Omnibus
1085 2220 1203 2268 esto
1245 2209 1558 2273 muniﬁcus,
1591 2206 1764 2262 omni-

190 2318 290 2367 bus
326 2310 530 2381 largus,
550 2317 611 2363 ut
632 2323 730 2379 per
757 2314 807 2363 te
828 2294 934 2361 non
966 2304 1104 2360 male
1127 2305 1453 2365 destruatur,
1480 2301 1572 2357 sed
1594 2300 1766 2355 felici-

191 2409 277 2456 ter
299 2400 540 2471 erigatur
583 2399 735 2470 regni
767 2397 843 2452 tui
869 2405 1034 2451 terra.
1074 2392 1193 2448 Non
1229 2401 1292 2447 ut
1315 2405 1512 2447 avarus
1547 2391 1765 2445 domum

194 2500 340 2546 tuam
362 2489 674 2554 conturbes,
697 2487 790 2543 sed
822 2494 882 2540 ut
900 2485 1082 2555 largus
1104 2482 1360 2538 aediﬁces.
1385 2480 1601 2536 Grande
1620 2479 1764 2533 enim

189 2590 247 2637 et
268 2581 459 2651 ingens
480 2577 680 2633 malum
706 2585 790 2632 est
807 2576 1033 2629 avaritia
1066 2592 1079 2628 :
1108 2568 1770 2645 igniseniminexstingui-

196 2671 382 2727 biliter
405 2677 489 2724 est
529 2668 726 2723 ardens
750 2674 805 2723 et
834 2663 1235 2721 incessabiliter
1264 2677 1450 2717 urens.
1491 2659 1567 2715 De
1593 2658 1768 2712 avari-

194 2766 271 2822 tia
312 2764 458 2820 enim
489 2763 543 2817 in
586 2761 724 2816 libro
750 2758 894 2815 beati
925 2758 1026 2813 Job
1057 2757 1318 2827 scriptum
1366 2763 1487 2808 est:
1515 2750 1660 2822 Ignis
1681 2749 1771 2804 de-

196 2855 398 2911 vorabit
426 2850 764 2907 tabernacula
793 2865 993 2914 eorum,
1023 2848 1113 2919 qui
1140 2863 1357 2901 munera
1380 2844 1595 2898 libenter
1632 2842 1773 2896 acci-

194 2946 344 3017 piunt
385 2941 506 3016 (Job
532 2956 624 3006 xv,
660 2940 772 3012 34).
801 2938 1114 2995 Sicutenim
1133 2951 1329 3006 corpus
1360 2933 1637 2994 habitatin
1664 2947 1776 2987 ma-

199 3036 374 3093 teriali
400 3033 645 3098 aediﬁcio,
670 3031 749 3087 sic
776 3045 930 3085 mens
954 3029 1160 3084 habitat
1188 3029 1244 3082 in
1273 3025 1619 3097 cogitationis
1643 3038 1768 3078 con-

198 3127 321 3184 silio
346 3145 360 3181 :
386 3124 480 3181 sed
510 3124 648 3195 ignis
673 3119 1017 3176 tabernacula
1038 3119 1281 3183 devorat,
1308 3132 1431 3172 cum
1454 3122 1619 3170 aestus
1647 3127 1775 3168 ava-

198 3218 340 3273 ritias
368 3214 723 3286 cogitationes
750 3210 947 3266 mentis
975 3210 1238 3265 devastat.
1275 3206 1518 3261 Avaritia
1560 3204 1776 3259 modum
1805 3200 1851 3262 C

200 3312 435 3380 ignorat,
462 3312 943 3378 temperamentum
964 3302 1160 3367 nescit,
1192 3299 1356 3354 linem
1378 3296 1612 3353 habendi
1634 3302 1783 3367 post-

200 3398 374 3469 ponit,
424 3404 630 3450 etcum
665 3401 859 3448 cuncta
890 3392 1132 3453 devoret,
1186 3388 1527 3444 saturitatem
1568 3385 1784 3457 penitus

200 3489 394 3551 nescit,
425 3485 595 3541 esurit
640 3496 855 3551 semper
878 3488 933 3534 et
961 3477 1256 3543 mendicat,
1294 3476 1448 3545 inops
1476 3484 1560 3528 est
1579 3483 1629 3528 et
1651 3488 1785 3544 pau~

202 3584 416 3650 portate
454 3574 691 3644 repleta;
737 3579 792 3626 et
832 3586 955 3626 cum
996 3569 1254 3624 feralibus
1286 3574 1481 3622 cuncta
1533 3564 1787 3620 dentibus

204 3669 379 3733 rodat,
420 3666 596 3720 adhuc
632 3679 692 3719 se
719 3663 957 3734 jejunam
979 3659 1255 3715 horribilis
1285 3656 1573 3713 confitetur
1592 3663 1647 3710 et
1681 3655 1787 3710 cla-

205 3767 360 3825 mat;
408 3765 607 3814 etcum
641 3756 713 3811 sit
744 3768 911 3809 unum
938 3753 1158 3808 nomine
1182 3759 1339 3806 tenus
1367 3749 1578 3814 vitium,
1615 3746 1784 3802 multa

205 3849 395 3907 abillo
438 3846 542 3903 alia
576 3846 844 3919 pullulant
875 3853 932 3900 et
966 3850 1251 3915 emergunt
1288 3842 1440 3905 vitia,
1483 3841 1626 3896 sicut
1653 3840 1789 3896 scri-

205 3950 358 4014 ptum
415 3949 499 3997 est
551 3957 565 3993 :
616 3937 792 3992 Radix
841 3935 1073 3991 omnium
1111 3935 1375 3989 malorum
1429 3942 1505 3988 est
1558 3933 1787 3988 avaritia

208 4032 264 4106 (1
293 4031 427 4086 Tim.
455 4046 527 4095 vr,
560 4029 670 4100 I0).
719 4028 787 4082 Et
828 4042 935 4081 non
965 4026 1138 4081 solum
1167 4025 1378 4080 occulta
1408 4023 1662 4094 plurima,
1695 4025 1791 4079 sed

208 4133 268 4180 et
291 4130 480 4195 aperta
527 4127 752 4193 generat
803 4117 975 4173 multa
1002 4118 1163 4172 mala.
1215 4115 1343 4171 Inde
1381 4124 1569 4186 rugata
1610 4114 1793 4171 fronte

209 4219 270 4274 in
318 4222 586 4273 conventu
648 4212 998 4268 inveniuntur
1063 4209 1316 4274 falsarii;
1377 4207 1501 4263 inde
1557 4208 1613 4263 in
1671 4222 1790 4263 me-

208 4308 313 4365 dio.
334 4306 570 4363 civitatis
618 4303 838 4370 sicarii;
894 4301 1018 4357 inde
1044 4302 1098 4357 in
1120 4299 1613 4372 publicoveneiici;
1667 4300 1792 4355 inde

212 4404 403 4468 aperte
459 4395 663 4450 crimen
737 4392 1073 4458 admittitur;
1143 4391 1269 4447 inde
1334 4389 1510 4446 scelus
1575 4389 1793 4460 publice

213 4494 489 4558 operatur.

786 4568 1014 4627 CAPUT
1052 4566 1259 4624 XXVII.

327 4665 394 4722 Ut
416 4647 493 4721 de
516 4663 760 4736 impensis
798 4662 983 4717 alienis
1026 4662 1212 4717 domus
1242 4677 1344 4715 non
1373 4660 1683 4730 aediﬁcetur.

291 4758 374 4812 Tu
396 4771 547 4822 vero,
580 4770 614 4810 o
642 4769 758 4819 rex,
803 4753 949 4808 velut
996 4752 1334 4807 mundissimi
1376 4752 1519 4822 regis
1555 4751 1699 4806 Illius
1729 4751 1799 4806 ab

2429 2239 2658 2299 CAPUT
2696 2241 2932 2299 XXVIII.

1869 2343 1938 2401 Ut
1957 2364 2051 2419 pro
2070 2349 2282 2419 justitia
2310 2348 2554 2421 facienda
2581 2352 2728 2430 nulla
2769 2371 2802 2407 a
2821 2354 3092 2425 judicibus
3120 2359 3458 2430 requirantur

2543 2439 2782 2494 prtrmta.

1938 2529 2216 2587 Iudicibus
2257 2546 2389 2603 ergo
2430 2533 2537 2589 tuis
2566 2534 2822 2605 praecipe,
2865 2550 2986 2601 rex,
3031 2544 3091 2592 ut
3120 2538 3324 2595 nullum
3344 2554 3445 2609 pro

1864 2619 2075 2690 justitia
2095 2622 2377 2692 prtemium
2407 2623 2562 2679 istius
2584 2626 2767 2681 saeculi
2795 2629 3093 2698 requirant.
3126 2629 3367 2701 Praecipe
3390 2638 3452 2686 ut

1870 2728 1969 2782 pro
1989 2705 2360 2782 justojudicio
2398 2715 2712 2785 temporalia
2732 2717 2883 2774 lucra
2907 2735 3015 2776 non
3044 2730 3325 2792 appetant,
3354 2723 3454 2778 sed

1872 2812 2108 2869 veterna;
2154 2805 2462 2861 mercedem
2505 2822 2615 2863 non
2668 2812 2948 2879 requirant
2986 2813 3308 2883 perituram,
3357 2815 3456 2871 sed

1873 2909 2316 2964 permansuram;
2369 2912 2576 2967 pauper
2608 2915 2678 2954 an
2714 2901 2869 2957 dives
2915 2903 3006 2969 sit,
3055 2919 3279 2959 causam
3330 2920 3461 2976 per-

1876 2987 2109 3057 spiciam.
2128 3004 2234 3044 non
2254 3004 2570 3059 personam;
2609 2991 2664 3046 in
2687 2993 2941 3049 omnibus
2962 2994 3246 3050 veritatem
3275 3005 3456 3051 custo-

1877 3079 2048 3144 diant,
2090 3096 2199 3135 non
2241 3081 2553 3137 ambitionis
2600 3099 2844 3140 munera.
2898 3085 3000 3153 Qui
3030 3087 3316 3157 prementia
3342 3103 3462 3142 mu-

1883 3185 2013 3225 nera
2040 3168 2277 3237 allectat,
2328 3170 2564 3227 futuram
2591 3174 2819 3244 gloriam
2841 3191 2949 3232 non
2995 3186 3200 3245 sperat.
3236 3177 3338 3244 Qui
3368 3194 3461 3235 cu-

1881 3260 2040 3329 pidus
2073 3260 2163 3316 hic
2187 3261 2380 3333 recipit
2407 3278 2507 3333 pro
2541 3261 2753 3332 justitia
2783 3266 2944 3329 dona,
2996 3267 3227 3322 ulterius
3253 3276 3462 3323 aeterna

1881 3369 1988 3408 non
2015 3354 2245 3424 accipiet
2280 3355 2524 3424 praemia.
2553 3354 2756 3411 Contra
2783 3356 3206 3425 delinquentium
3217 3355 3465 3426 judicum

1880 3445 2203 3514 pravitatem
2228 3460 2327 3519 per
2362 3445 2581 3519 Moysen
2617 3447 2818 3502 dicitur
2849 3464 2863 3501 :
2893 3445 3046 3502 Iuste
3087 3447 3227 3520 quod
3260 3448 3465 3518 justum

1881 3545 1959 3589 est
1984 3537 2280 3609 exsequeris
2306 3529 2485 3607 (Deut.
2522 3553 2634 3603 xvx,
2661 3536 2775 3599 20).
2805 3535 2957 3593 Juste
2977 3553 3108 3608 ergo
3136 3536 3345 3607 justum
3374 3554 3471 3594 ex-

1883 3628 2148 3698 sequitur,
2195 3630 2289 3699 qui
2319 3628 2585 3700 justitiam
2612 3638 2836 3700 propter
2864 3630 3034 3686 Deurn
3068 3638 3306 3697 exercet,
3359 3645 3469 3685 non

1883 3725 2103 3786 propter
2127 3718 2431 3772 avaritiam.
2453 3716 2641 3774 Omnis
2660 3720 2752 3789 qui
2777 3727 2927 3775 recte
2946 3719 3178 3788 judicat,
3198 3727 3462 3777 stateram

1886 3807 1941 3861 in
1969 3824 2130 3863 manu
2161 3817 2369 3881 gestat;
2404 3810 2460 3864 in
2491 3818 2721 3880 utroque
2739 3826 2909 3880 penso
2927 3809 3201 3878 justitiam
3233 3819 3289 3866 et
3313 3810 3475 3865 mise-

1887 3900 2177 3956 ricordiam
2218 3911 2438 3971 portat:
2465 3903 2971 3974 sedperjnstitiam
3018 3904 3219 3974 promit
3259 3902 3472 3973 peccati

1888 3995 2236 4060 sententiam,
2280 4003 2337 4050 et
2360 4011 2459 4066 per
2499 3996 2926 4053 misericordiam
2970 3996 3182 4065 peccati
3208 4002 3476 4066 temperat

1890 4093 2108 4150 poenam
2136 4099 2150 4149 ;
2185 4090 2248 4137 ut
2265 4082 2414 4153 justo
2435 4084 2725 4141 libramine
2745 4086 2990 4156 quaedam
3034 4099 3134 4154 per
3156 4086 3469 4155 mquitatem

1891 4170 2142 4241 corrigat,
2165 4171 2412 4242 qutedam
2439 4188 2571 4228 vero
2599 4188 2698 4243 per
2735 4173 3140 4230 miserationem
3176 4172 3471 4246 indulgeat.

2466 4284 2695 4342 CAPUT
2730 4285 2919 4342 XXIX.

2056 4369 2140 4427 Ne
2174 4383 2369 4429 statera
2396 4373 2582 4430 dolosa
2616 4376 2915 4431 inveniatur
2936 4378 2992 4433 in
3021 4395 3180 4450 regno
3202 4388 3314 4436 tuo.

1970 4482 2207 4539 Prohibe
2236 4499 2390 4556 ergo,
2411 4484 2712 4554 iustissime
2736 4496 2898 4558 atque
2928 4489 3234 4545 rectissime
3260 4507 3370 4556 rex,
3410 4506 3479 4547 ne

1822 4549 1876 4609 D
1902 4581 2105 4628 statera
2141 4549 2328 4629 dolosa
2464 4575 2517 4629 in
2547 4592 2714 4647 regno
2744 4549 2859 4633 tuo.
2903 4577 3041 4633 Audi
3064 4579 3190 4649 quid
3220 4549 3483 4635 Dominus

1895 4650 2093 4735 populo
2132 4663 2295 4720 Israel
2322 4666 2572 4735 prohibet
2601 4668 2787 4723 dicens
2823 4686 2835 4722 :
2868 4667 2991 4723 Non
3032 4669 3242 4725 habebis
3267 4670 3321 4725 in
3360 4687 3482 4724 sac-

1900 4753 2019 4806 culo
2066 4752 2271 4807 diversa
2307 4755 2557 4824 pondera,
2600 4756 2776 4826 majus
2821 4767 2869 4811 et
2912 4759 3121 4824 minus;
3165 4776 3257 4812 nec
3295 4759 3393 4813 erit
3428 4758 3482 4811 in

221 4850 373 4907 omni
424 4864 648 4905 munere
693 4862 868 4903 nocuo
911 4846 1089 4917 regias
1125 4844 1407 4900 excutiens
1438 4844 1638 4901 munda
1684 4860 1804 4899 ma-
1902 4843 2059 4897 domo
2102 4853 2194 4898 tua
2235 4845 2443 4899 modius
2492 4846 2668 4917 major
2694 4855 2741 4901 et
2769 4848 2983 4914 minor;
3020 4849 3224 4920 pondus
3270 4848 3483 4903 habebis

223 4959 350 5009 nus,
379 4942 505 5013 quia
545 4940 805 5008 scriptum
833 4945 917 4994 est
960 4955 971 4990 ;
1010 4934 1114 5002 Qui
1153 4936 1350 4989 excutit
1374 4951 1562 4989 manus
1584 4951 1709 4989 suas
1733 4933 1800 4988 ab
1895 4935 2106 5006 justum
2128 4944 2176 4988 et
2197 4951 2394 5000 verum,
2417 4945 2464 4989 et
2494 4937 2701 4992 modius
2729 4938 2947 5010 atqualis
2966 4920 3014 4994 et
3054 4956 3202 4994 verus
3232 4941 3329 4994 erit
3353 4940 3445 4993 tibi
3468 4956 3486 4993 :

226 5032 372 5089 omni
410 5046 646 5095 munere,
666 5030 755 5100 qui
796 5028 1004 5082 obturat
1030 5040 1184 5079 aures
1209 5041 1333 5079 suas
1377 5041 1440 5079 ne
1477 5025 1660 5079 audiat
1681 5041 1805 5079 san—
1908 5036 1967 5081 ut
2008 5026 2173 5080 multo
2197 5036 2428 5096 tempore
2457 5028 2602 5081 vivas
2630 5045 2787 5099 super
2813 5040 3204 5101 terram,quam
3230 5029 3489 5084 Dominus

228 5125 532 5195 guinem,et
556 5120 751 5175 claudit
773 5118 952 5173 oculos
980 5132 1102 5170 suos
1142 5131 1207 5168 ne
1230 5115 1401 5169 rideat
1432 5116 1655 5180 malum,
1707 5115 1808 5170 iste
1909 5117 2051 5171 Deus
2089 5127 2211 5170 tuus
2253 5114 2453 5170 dederit
2505 5118 2619 5172 tibi.
2662 5119 3008 5173 Abominatur
3045 5120 3183 5173 enim
3232 5117 3491 5172 Dominus

228 5216 289 5270 in
318 5212 533 5269 excelsis
554 5211 804 5265 habitabit
832 5208 967 5279 (Isa.
1004 5221 1189 5273 xxxiv,
1221 5205 1331 5277 15).
1364 5206 1505 5277 Ergo
1525 5215 1586 5260 ut
1606 5221 1815 5261 merea-
1917 5207 2056 5261 Deus
2070 5201 2196 5260 tuus
2221 5221 2339 5259 eum
2377 5207 2466 5277 qui
2494 5207 2621 5277 facit
2656 5209 2768 5263 [ιωο
2802 5207 2979 5281 (Deut.
3024 5222 3150 5274 xxv,
3193 5206 3304 5278 15).
3347 5205 3494 5261 Salo-

235 5304 314 5358 ris
365 5303 423 5357 in
475 5301 691 5358 excelso
728 5300 916 5356 sedere
955 5297 1184 5353 feliciter
1225 5298 1441 5362 throno,
1495 5297 1815 5353 muneribus
1916 5313 2043 5354 mon
2071 5312 2285 5368 quoque
2310 5298 2423 5353 ait:
2454 5298 2784 5354 Abominatio
2808 5310 2883 5354 est
2907 5299 3047 5369 apud
3063 5298 3343 5353 Dominum
3359 5314 3493 5369 pon-

236 5411 539 5468 pauperum
572 5409 680 5449 non
718 5389 1015 5463 ainplitlces
1047 5389 1280 5451 tibimet,
1319 5396 1415 5443 aut
1457 5380 1692 5444 aedifices
1723 5389 1818 5444 do-

237 5501 389 5543 mum
419 5503 433 5540 :
460 5486 582 5555 quia
613 5484 872 5554 scriptum
902 5488 1021 5537 est:
1056 5479 1160 5546 Qui
1183 5480 1410 5549 cediﬁcat
1431 5480 1643 5534 domum
1665 5497 1817 5535 suam

238 5576 517 5647 impendiis
560 5574 766 5639 alienis,
800 5573 952 5644 quasi
997 5572 1087 5642 qui
1134 5569 1329 5640 colligit
1368 5569 1567 5640 lapides
1612 5587 1735 5628 suos
1763 5571 1818 5627 in

241 5669 412 5723 hieme
445 5667 634 5740 (Eccli.
673 5682 787 5733 xxi,
817 5666 894 5738 9).
933 5662 1201 5719 Jeremias
1224 5677 1435 5732 quoque
1457 5663 1533 5718 alt
1565 5682 1578 5719 :
1618 5662 1710 5719 Vae
1729 5665 1818 5735 qui

239 5759 476 5828 ‘cdi/icat
507 5761 719 5813 domum
765 5773 913 5813 suam
936 5756 988 5811 in
1012 5754 1296 5827 injustitia,
1333 5763 1380 5807 et
1424 5754 1690 5808 cenacula
1719 5771 1816 5808 sua

1915 5393 2017 5446 dus
2042 5401 2091 5446 et
2120 5391 2366 5461 pondus:
2392 5400 2586 5446 statera
2631 5392 2815 5447 dolosa
2859 5407 2960 5446 non
3004 5401 3079 5446 est
3132 5392 3266 5447 bona
3308 5389 3491 5464 (Prov.

1920 5497 2015 5548 xx,
2194 5481 2326 5536 Item
2355 5481 2470 5552 ipse
2501 5502 2513 5536 :
2552 5481 2764 5537 Statera
2819 5480 3002 5536 dolosa
3058 5458 3377 5538 abominatio
3421 5490 3497 5537 est
3528 5551 3543 5558 -
3623 5458 3627 5466 ι

1920 5572 2063 5642 apud
2126 5570 2430 5637 Dominum,
2490 5582 2538 5626 et
2594 5572 2797 5643 pondus
2847 5588 3055 5644 (equum
3109 5572 3348 5628 voluntas
3386 5573 3521 5643 ejus:

1924 5660 2108 5731 (Prov.
2151 5678 2231 5725 xi,
2257 5663 2371 5733 21).
2402 5662 2541 5716 Vere
2567 5661 2713 5715 enim
2740 5661 2959 5732 grandis
2982 5671 3065 5717 est
3092 5662 3352 5733 pravitas,
3376 5678 3506 5734 pro-

1922 5762 2044 5823 pter
2066 5764 2279 5810 terrena
2328 5752 2608 5810 commoda
2638 5753 2849 5808 Domini
2873 5745 3120 5812 deserere
3142 5754 3366 5824 judicia.
3406 5753 3508 5810 Do:
