4000 6452
660 345 767 403 987

1962 340 2312 401 SMARAGDI
2352 342 2639 399 ABBATIS
3694 358 3754 415 933

660 457 746 512 lus
772 455 915 512 enim
945 416 1189 510 occultus
1216 460 1269 507 et
1312 452 1634 508 diabolicum
1684 467 1840 523 opus,
1894 467 1994 523 pro
2017 462 2233 508 terreno
2262 455 2312 515 Α
2335 454 2429 508 stis
2455 462 2663 525 pactum
2689 452 2744 507 in
2764 462 3037 524 conspectu
3066 469 3202 521 meo,
3228 456 3281 509 in
3299 456 3439 512 domo
3462 461 3509 513 in
3524 466 3756 531 quinm.

660 546 811 602 lucro
831 542 1039 612 justum
1066 552 1121 598 et
1143 542 1389 612 legaliter
1415 543 1683 598 sancitum
1714 542 2085 596 fraudulenter
2113 557 2233 596 mu-

659 646 776 691 tare
815 635 1072 697 modium,
1137 641 1230 688 aut
1288 632 1549 688 divinitus
1609 633 1854 689 instituta
1900 639 2235 688 commutare

657 725 895 799 pondera
920 726 974 781 in
1002 724 1314 793 deceptione
1337 723 1599 778 fraterna.
1620 723 1666 778 A
1690 724 1914 779 Domino
1940 724 2086 779 enim
2125 731 2235 777 tra-

658 823 847 887 ditum,
890 822 957 876 ab
1005 820 1204 889 illoque
1250 818 1481 874 ﬁdeliter
1535 817 1918 873 confirmatum
1968 825 2232 882 tenemus,

659 914 784 987 quia
805 913 860 971 in
886 912 1170 968 dilectione
1196 910 1294 965 Dei
1336 917 1386 965 et
1410 910 1647 978 proximi
1675 918 1785 964 tota
1824 909 1909 963 lex
1956 909 2154 978 pendet
2180 916 2236 963 et

657 1002 930 1073 prophetae
960 1000 1174 1074 (Matth.
1214 1017 1348 1065 nn,
1379 999 1493 1071 40).
1519 1000 1659 1070 Ergo
1679 1000 1770 1069 qui
1795 1000 1979 1054 dolosa
2006 1008 2231 1065 statera,

658 1093 982 1147 autminore
1006 1092 1185 1147 modio
1220 1092 1565 1162 pondereque
1607 1090 1789 1145 dolose
1834 1089 2034 1158 decipit
2079 1089 2235 1144 inno-

658 1189 890 1246 centem,
942 1196 1046 1237 nec
1086 1182 1392 1251 proximum
1429 1181 1626 1251 diligit,
1663 1196 1823 1249 quem
1861 1179 2235 1239 fraudulenter

659 1270 983 1341 supplantat,
1030 1286 1132 1326 nec
1161 1270 1352 1335 Deum,
1379 1271 1533 1341 cujus
1562 1271 1708 1339 leges
1735 1285 1800 1325 ac
1840 1279 2112 1339 prmeepta
2139 1270 2233 1324 dc-

658 1361 891 1430 Spieicns
932 1360 1122 1416 calcat.
1171 1360 1236 1415 Et
1266 1360 1317 1415 in
1340 1360 1441 1415 hoc
1476 1360 1815 1415 convincitur
1845 1360 1971 1429 quia
1992 1359 2136 1429 leges
2179 1366 2235 1413 et

656 1450 1000 1522 prophetasa
1022 1467 1081 1506 se
1114 1451 1468 1507 inobediendo
1505 1452 1689 1521 procul
1727 1452 1961 1521 expellit,
2005 1453 2097 1522 qui
2145 1453 2230 1508 in.

656 1542 955 1597 obediendo
987 1550 1255 1612 praecepta
1285 1543 1499 1599 Domini
1520 1558 1629 1599 non
1656 1543 1911 1599 custodit.

1226 1654 1453 1712 CAPUT
1491 1655 1663 1710 XXX.

972 1725 1362 1781 Prohibendam
1401 1743 1465 1781 ne
1497 1728 1768 1796 captivitas
1794 1725 1907 1795 ﬁat.

2339 554 2448 597 tum
2479 554 2553 598 est
2595 559 2779 597 nomen
2809 559 2981 596 meum
3009 560 3166 614 super
3203 560 3336 599 eam.
3362 546 3423 599 Et
3451 555 3600 605 reveni
3618 557 3755 619 estis,a

2339 633 2755 689 commaculastis
2791 651 2977 689 nomen
3017 646 3296 689 meum:et
3322 637 3562 694 reduxistis
3581 652 3757 715 magnis-

2336 741 2435 795 que
2474 740 2678 778 servum
2718 741 2905 788 suum,
2942 732 2992 779 et
3032 725 3374 794 unusquisque
3407 729 3612 784 ancillam
3641 752 3754 803 sua,

2335 832 2465 886 quos
2488 815 2804 869 dimiseratis
2826 823 2879 867 ut
2905 825 3068 868 essent
3096 814 3243 868 liberi
3273 824 3320 868 et
3355 832 3455 871 sua
3484 827 3756 887 potestatum

2336 907 2653 977 subjugastis
2681 922 2791 969 eos,
2835 915 2894 958 ut
2931 906 3033 959 sint
3064 904 3203 959 vobis
3226 908 3356 959 servi
3391 914 3434 960 et
3467 911 3647 965 ancilla.
3675 914 3756 970 Pn-

2334 1008 2509 1068 pterea
2537 998 2647 1051 lucc
2689 997 2815 1050 dicit
2851 996 3105 1050 Domi-nus
3129 1011 3147 1048 .'
3180 996 3280 1051 Vos
3305 1014 3401 1051 non
3436 1001 3616 1056 audistis
3640 1022 3707 1069 ut,
3726 1022 3757 1061 ιι

2334 1087 2687 1157 prwdicaretis
2729 1085 3018 1139 libertatem
3063 1088 3404 1158 unusquisque
3440 1090 3571 1158 fratri
3610 1110 3703 1158 suo,
3730 1109 3755 1150 ιι

2336 1177 2685 1247 unusquisque
2705 1176 2871 1229 amico
2898 1192 2995 1229 suo
3018 1191 3036 1229 :
3064 1192 3181 1230 ecce
3208 1193 3298 1247 ego
3329 1178 3531 1247 pradico
3552 1180 3757 1237 robislila.

2335 1276 2515 1332 tatem,
2547 1268 2620 1320 ait
2648 1266 2922 1329 Dominus,
2951 1267 3020 1320 ad
3038 1266 3291 1336 gladium,
3317 1269 3382 1321 ad
3411 1275 3757 1341 pestem,ttedfs-

2334 1372 2469 1409 mem
2498 1370 2516 1407 :
2542 1365 2588 1411 et
2635 1356 2769 1409 dabo
2818 1373 2902 1410 vos
2949 1357 3003 1411 in
3046 1358 3428 1412 commotionem
3466 1362 3626 1415 cunctis
3656 1366 3757 1433 rogus

2333 1455 2486 1500 terra:
2517 1445 2649 1517 (Jer.
2683 1446 2875 1511 xxxw',
2908 1441 3017 1518 15).

2405 1536 2544 1591 Vere
2567 1537 2785 1592 obedire
2817 1537 2977 1593 debet
3010 1536 3173 1592 homo
3200 1538 3330 1603 Deo,
3354 1546 3406 1593 et
3432 1535 3532 1606 ejus
3562 1543 3756 1610 praaptis,

2334 1625 2390 1680 in
2421 1634 2683 1696 quantum
2726 1627 2815 1681 ille
2842 1626 3251 1695 possibilitatem
3293 1628 3499 1692 dederit,
3523 1629 3693 1683 obedire
3722 1632 3758 1683 Et

2333 1716 2476 1770 inter
2498 1716 2605 1770 alia
2627 1724 2891 1786 praecepta
2915 1713 3197 1781 salutaria,
3221 1723 3276 1771 et
3299 1731 3450 1786 opera
3471 1725 3603 1782 recta,
3624 1726 3758 1788 propter

729 1815 963 1872 Prohibe
986 1831 1138 1887 ergo,
1173 1815 1591 1871 clementissime
1616 1830 1729 1879 rex,
1767 1831 1833 1870 ne
1862 1816 1915 1870 in
1945 1830 2111 1886 regno
2139 1823 2230 1871 tuo
2257 1808 2306 1868 Β

2178 1830 2230 1871 ιο
2257 1808 2306 1868 Β
2333 1804 2556 1859 nimiam
2584 1804 2728 1859 illius
2772 1805 3091 1860 charitatem
3123 1805 3477 1875 unusquisque
3498 1805 3649 1860 liberos
3666 1807 3758 1859 debet

658 1910 944 1980 captivitas
973 1908 1084 1964 ﬁat.
1133 1909 1264 1964 Esto
1303 1908 1647 1964 ﬁdelissimus
1698 1906 1841 1962 illius
1871 1905 2048 1962 Patris
2091 1907 2232 1963 ﬁlius

658 2001 727 2055 ad
749 2016 908 2071 quem
936 1999 1173 2070 quotidie
1199 2000 1404 2056 clamas
1426 2015 1548 2053 cum
1576 1999 1789 2054 caneris
1814 1997 2103 2053 fratribus:
2124 1995 2232 2050 Pa-

658 2096 738 2140 ter
758 2098 954 2152 noster,
976 2088 1065 2158 qui
1087 2104 1140 2142 es
1169 2088 1223 2141 in
1252 2087 1391 2141 caalis
1417 2088 1631 2159 (Matth.
1656 2103 1730 2152 rt,
1754 2086 1830 2158 9).
1855 2087 2125 2156 Quidquid
2144 2086 2232 2141 il‘le

654 2191 847 2233 amans
888 2178 1081 2249 diligit,
1126 2186 1181 2233 et
1223 2188 1278 2232 tu
1327 2177 1532 2247 dilige:
1567 2176 1827 2247 quidquid
1870 2177 2101 2232 audiens
2144 2177 2233 2232 ille

656 2270 927 2340 prohibet,
957 2279 1012 2325 et
1035 2279 1091 2324 tu
1117 2270 1360 2340 prohibe.
1403 2270 1620 2325 Imitare
1646 2269 1796 2324 illum
1834 2268 2078 2332 ﬁdeliter,
2108 2283 2232 2323 cum

655 2374 767 2430 quo
811 2376 999 2433 speras
1039 2376 1270 2432 regnare
1310 2361 1639 2430 perenniter.
1702 2360 1820 2430 Ipse
1868 2360 2013 2415 enim
2063 2356 2229 2430 Moysi

655 2454 978 2523 praecipiens
1023 2454 1139 2509 ait:
1181 2453 1243 2509 Si
1289 2452 1635 2523 deprehensus
1666 2453 1825 2522 fuerit
1855 2453 2007 2507 homo
2042 2452 2233 2506 sollici-

653 2552 772 2597 tans
798 2542 1015 2613 fratrem
1041 2559 1195 2596 suum
1225 2543 1290 2595 de
1313 2542 1439 2611 ﬁliis
1465 2542 1656 2606 Israel,
1688 2553 1735 2596 et
1763 2542 1967 2597 vendito
1992 2559 2053 2596 eo
2080 2556 2230 2595 acce-

653 2635 789 2704 perit
806 2635 1056 2704 pretium,
1098 2634 1458 2702 interficietur,
1486 2643 1535 2688 et
1561 2633 1765 2702 auferes
1801 2632 1999 2687 malum
2027 2632 2091 2686 de
2118 2648 2228 2686 me-

653 2726 742 2779 dio
770 2727 847 2779 tui
875 2725 1054 2797 (Deut.
1096 2741 1210 2789 xxv,
1241 2725 1349 2795 l7).
1395 2725 1511 2795 Ipse
1531 2740 1743 2794 quoque
1766 2739 1867 2794 per
1906 2724 2073 2779 Amos
2107 2739 2233 2793 pro-

654 2813 876 2887 phetam
927 2813 1125 2868 clamat
1177 2823 1233 2867 et
1279 2813 1410 2869 dicit
1452 2832 1465 2866 :
1501 2813 1672 2884 Super
1729 2814 1893 2867 tribus
1952 2813 2229 2868 sceleribus

658 2901 840 2969 Gazar,
867 2914 917 2959 et
945 2921 1103 2974 super
1121 2914 1350 2976 quatuor
1379 2922 1483 2958 non
1512 2915 1804 2958 convertam
1831 2922 1945 2959 eam
1973 2922 2070 2959 :eo
2091 2904 2231 2976 quod

657 2993 1018 3046 transtulerint
1053 2994 1401 3063 captivitatem
1436 2996 1738 3065 perfectam;
1771 3005 1825 3049 ut
1863 2983 2229 3052 concluderent

657 3097 770 3136 eam
816 3083 872 3135 in
918 3081 1180 3137 ldumtea.
1225 3084 1354 3139 Item
1397 3085 1469 3139 ibi
1495 3092 1519 3139 ἐ
1548 3084 1717 3156 Super
1744 3086 1908 3140 tribus
1951 3087 2228 3142 sceleribus

2332 1895 2605 1951 dimittere
2643 1910 2848 1958 servos,
2883 1896 3234 1952 considerans
3259 1897 3384 1966 quia
3419 1911 3513 1950 non
3535 1897 3594 1950 illi
3622 1912 3685 1952 eos
3705 1912 3758 1951 ιιι

2330 1990 2451 2038 tura
2483 1984 2712 2054 subegit,
2753 1985 2849 2039 sed
2883 1985 3075 2054 culpa;
3106 1985 3412 2041 conditione
3431 1986 3553 2041 enim
3582 1986 3757 2054 aquilini

2331 2073 2500 2129 creati
2543 2089 2749 2139 sumus,
2777 2075 2870 2128 sed
2897 2074 3016 2129 aliis
3053 2073 3147 2129 alii
3176 2075 3331 2145 culpa
3371 2076 3567 2131 subacti.
3600 2075 3758 2129 Simnlet

2331 2162 2742 2220 considerantes
2761 2164 2886 2234 quia
2925 2165 2972 2219 si
3013 2164 3347 2230 dimiseritis,
3387 2165 3633 2220 dimittetur
3653 2166 3756 2220 vobis.

2331 2252 2467 2308 Nam
2496 2261 2553 2309 et
2591 2268 2712 2318 vos,
2749 2253 2980 2318 domine,
3017 2254 3376 2310 conditionale
3405 2255 3612 2325 opprimit
3631 2251 3756 2323 iugum.

2331 2340 2636 2397 Ilonoriﬁca
2685 2358 2842 2413 ergo,
2880 2341 3184 2411 iustissime
3237 2360 3302 2400 ac
3341 2344 3551 2415 piissime
3590 2359 3675 2408 rex,
3701 2358 3757 2413 pro

2329 2434 2579 2490 omnibus
2629 2434 2798 2489 Deum
2839 2443 3008 2504 tuum,
3061 2438 3214 2506 quia,
3242 2447 3303 2492 ut
3348 2438 3568 2507 scriptum
3595 2444 3667 2499 est,
3695 2434 3758 2489 Pu

2331 2526 2569 2582 omnibus
2593 2528 2955 2598 honoriﬁcavit
2987 2540 3058 2596 te,
3082 2530 3198 2586 sive
3238 2531 3293 2584 in
3325 2531 3481 2586 servis
3501 2530 3575 2585 tibi
3593 2528 3757 2589 subactis.

2330 2618 2445 2674 sive
2499 2619 2551 2673 in
2597 2619 2800 2675 divitiis
2840 2621 2935 2676 tibi
2977 2624 3273 2689 concessis,
3327 2640 3391 2678 ex
3430 2622 3519 2677 illis
3554 2621 3688 2675 liberos
3714 2618 3755 2670 fa

2331 2710 2539 2776 ciendo,
2568 2720 2621 2767 et
2646 2728 2710 2767 ex
2746 2713 2865 2768 istis
2889 2713 3263 2786 eleemosynas
3292 2714 3557 2777 tribuendo,
3579 2710 3758 2782 precepts

2331 2800 2472 2856 illius
2494 2803 2711 2858 obedire
2736 2818 2843 2857 non
2883 2819 3084 2859 cesses.
3115 2806 3249 2860 Esto
3276 2819 3541 2876 pauperum
3565 2811 3682 2873 pater.
3699 2812 3754 2867 Il“

2329 2893 2580 2964 pillorum
2619 2896 2872 2961 nutritor,
2920 2899 3288 2966 orphanorum
3337 2904 3538 2957 amator,
3567 2892 3750 2945 viduarum

2331 2999 2437 3054 que
2478 2986 2747 3053 defensor,
2791 2990 3205 3061 peregrinorum
3250 2990 3504 3049 educator,
3535 2984 3758 3046 omniumtu

2332 3077 2625 3130 secundum
2672 3077 2869 3148 regula:
2916 3079 3285 3133 ministerium
3325 3079 3544 3135 defensor
3573 3080 3759 3129 etrector.

659 3169 808 3241 Tyri,
848 3181 896 3226 et
920 3189 1077 3243 super
1110 3183 1338 3244 quatuor
1371 3192 1473 3229 non
1504 3186 1793 3231 convertam
1831 3194 1967 3242 eum,
2003 3195 2063 3232 eo
2087 3179 2224 3249 quod
2253 3166 2297 3229 C
2330 3168 2478 3231 Εειο,
2524 3169 2736 3224 Christo
2778 3171 3027 3236 donante,
3080 3172 3231 3229 illius
3274 3172 3437 3244 gratia
3474 3169 3684 3240 largieﬂles
3711 3178 3746 3217 εδ

654 3261 1000 3318 concluserint
1052 3267 1397 3335 captivitatem
1443 3268 1724 3339 perfectam
1772 3271 1825 3324 in
1866 3270 2128 3337 Iduma’a,
2178 3283 2227 3327 et

656 3369 762 3407 non
789 3355 1045 3409 recordati
1064 3366 1187 3409 sunt
1206 3357 1414 3427 ftrderis
1445 3360 1689 3429 fratrum.
1716 3362 1847 3415 ltem
1878 3363 1990 3432 ipse
2015 3381 2027 3416 :
2059 3363 2230 3433 Super

657 3442 823 3496 tribus
849 3442 1125 3498 sceleribus
1161 3444 1348 3509 Israel,
1384 3459 1431 3502 et
1456 3465 1613 3519 super
1633 3460 1861 3520 quatuor
1888 3468 1990 3505 non
2018 3468 2229 3506 conver-

654 3542 760 3586 tam
783 3550 902 3588 eum
923 3548 942 3586 :
970 3552 1063 3605 pro
1092 3553 1150 3589 eo
1171 3538 1310 3607 quod
1339 3541 1621 3594 vendiderit
1646 3558 1740 3611 pro
1764 3554 1976 3614 argento
1996 3545 2224 3613 justum,

656 3636 703 3679 et
724 3642 1001 3696 pauperem
1048 3644 1141 3699 pro
1170 3629 1530 3686 calceamentis
1558 3632 1735 3702 (Amos
1759 3650 1802 3699 I,
1831 3636 1863 3689 6
1890 3645 1939 3689 et
1962 3637 2027 3701 9;
2060 3654 2119 3699 ιι,
2147 3638 2223 3707 6).

728 3714 957 3785 Utjuste
992 3727 1047 3774 et
1074 3731 1222 3775 recte
1262 3736 1391 3792 erga
1435 3737 1622 3777 servos
1656 3735 1863 3795 agatur,
1898 3735 1954 3780 et
1982 3736 2043 3780 ut
2071 3728 2225 3783 liberi

657 3808 1017 3876 dimittantur,
1055 3810 1220 3867 Isaias
1265 3813 1464 3868 clamat
1496 3825 1551 3869 et
1579 3814 1750 3869 dicit:
1778 3815 1895 3870 Hoc
1937 3827 2019 3871 est
2060 3821 2226 3889 magis

648 3898 935 3969 jejunium,
965 3902 1103 3973 quod
1139 3902 1309 3973 elegi:
1334 3903 1558 3959 dissolve
1589 3905 1943 3977 colligationes
1989 3909 2227 3980 impieta-

654 3989 740 4053 tis,
771 3989 909 4044 solve
932 3992 1211 4060 fasciculos
1237 3994 1603 4065 deprimentes,
1630 3997 1830 4052 dimitte
1857 4016 1943 4053 eos
1970 4000 2060 4071 qui
2096 4018 2224 4055 con-

656 4077 813 4147 fracti
838 4090 981 4145 sunt,
998 4081 1204 4149 liberos,
1231 4094 1280 4137 et
1304 4101 1452 4139 omne
1475 4102 1606 4141 onus
1627 4086 1890 4159 disrumpe
1906 4089 2042 4157 (Isa.
2068 4108 2221 4159 mu,

655 4166 729 4237 6).
757 4169 1164 4229 Eeclesiastieus
1189 4170 1410 4246 quoque
1434 4191 1447 4229 :
1480 4176 1602 4230 Non
1627 4176 1789 4231 (tedas
1833 4196 2033 4233 servum
2061 4182 2114 4234 in
2142 4199 2224 4235 re-

654 4258 807 4312 ritate
823 4271 1137 4329 operantem,
1163 4280 1326 4334 neque
1354 4268 1727 4320 mercenarium
1757 4268 1966 4322 dantem
1991 4272 2221 4326 animum

652 4365 821 4403 suam.
855 4350 1045 4407 Servus
1084 4365 1322 4410 semotus
1367 4356 1433 4410 sit
1461 4357 1553 4410 tibi
1603 4357 1821 4413 dilectus
1846 4362 1997 4429 quasi
2042 4362 2220 4416 anima

653 4448 768 4503 tua,
804 4458 906 4495 non
943 4444 1222 4512 defraudes
1251 4445 1399 4500 illum
1425 4447 1678 4514 libertate,
1708 4467 1868 4521 neque
1896 4453 2097 4522 inopem
2124 4455 2216 4508 de—

2328 3257 2529 3328 pientia
2556 3260 2762 3329 plenus,
2796 3270 2913 3316 esto
2935 3262 3226 3332 prudentia
3255 3263 3506 3334 praeditus,
3529 3269 3619 3314 esto
3639 3252 3761 3323 simpli-

2328 3352 2492 3407 citate
2533 3336 2757 3418 ditatus,
2793 3363 2909 3408 esto
2954 3356 3219 3425 patientia
3261 3357 3510 3419 fuudatus,
3545 3350 3631 3406 zelo
3656 3358 3760 3401 tamen

2329 3443 2670 3499 rectitudinis
2704 3454 2937 3499 erectus.
2975 3444 3240 3502 Omnibus
3260 3457 3374 3502 esto
3394 3445 3522 3499 mitis
3538 3450 3657 3511 atque
3671 3434 3757 3507 νοεί-

2328 3531 2486 3599 ﬁcus,
2511 3536 2603 3589 sed
2631 3542 2806 3590 tamen
2853 3536 2967 3590 zelo
3004 3538 3344 3593 rectitudinis
3370 3549 3604 3592 accensas.
3631 3529 3670 3583 In
3689 3539 3759 3594 Ικτ·

2327 3624 2588 3692 quirendo
2609 3624 2876 3693 justitiam
2902 3636 3018 3681 esto
3048 3629 3313 3684 sollicitas
3340 3630 3598 3698 indagator,
3620 3624 3657 3675 in
3680 3615 3759 3683 dilu‘

2328 3715 2554 3770 dicando
2582 3717 2924 3772 cautissimus
2952 3728 3266 3785 exsecutor,
3294 3720 3365 3774 ita
3396 3729 3548 3773 tamen
3566 3723 3609 3769 ut
3631 3706 3758 3765 uisui

2327 3807 2509 3863 cordia
2554 3820 2764 3878 semper
2780 3807 2984 3877 judicio
3003 3821 3367 3880 praeponatur.
3407 3809 3625 3864 Memento
3646 3802 3758 3871 qui“

2327 3894 2554 3951 Domino
2598 3898 3019 3956 misericordiam
3058 3904 3312 3973 accipiet,
3347 3902 3431 3973 qui
3468 3898 3594 3954 fratri
3626 3888 3757 3949 miseri-

2326 3987 2562 4042 corditer
2587 3988 2891 4044 indulserit.

2396 4080 2520 4135 [hec
2552 4081 2597 4137 si
2624 4081 2907 4152 diligenter
2931 4098 3096 4153 agens
3142 4084 3458 4156 impleveris,
3484 4097 3562 4136 res
3584 4069 3761 4133 robonliii

2326 4170 2584 4226 Dominus
2638 4188 2861 4244 regnum
2902 4182 3069 4239 tuum,
3121 4176 3376 4231 exaltabit
3412 4173 3589 4232 solium,
3623 4173 3661 4219 οι
3687 4163 3760 4215 δη·

2326 4261 2504 4315 chium
2559 4262 2924 4330 conﬁrmabit,
2980 4268 3236 4335 quoniam
3280 4266 3425 4335 cujus
3469 4262 3562 4316 vult
3594 4254 3759 4312 ῡοωίιιιε

2323 4351 2605 4407 brachium
2674 4356 2994 4421 conﬁrmat,
3052 4367 3108 4411 et
3157 4360 3225 4413 ad
3273 4356 3547 4413 faciendam
3578 4345 3757 4405 victoriam

2325 4457 2479 4497 suum
2521 4445 2755 4515 gladium
2803 4463 2925 4501 cum
2973 4449 3175 4505 auxilio
3203 4457 3433 4519 prmstat.
3473 4446 3549 4501 Sic
3572 4441 3674 4497 enim
3703 4446 3757 4503 Ρη

654 4530 914 4603 relinquas
942 4534 1092 4590 illum
1120 4536 1309 4608 (Eccli.
1334 4554 1427 4604 vn,
1461 4540 1551 4606 22,
1580 4542 1691 4613 23).
1716 4515 1847 4596 Item
1878 4515 1993 4613 ipse
2018 4563 2031 4598 :
2059 4545 2120 4600 Si
2143 4558 2217 4602 est

2176 4558 2217 4602 st
2245 4515 2296 4574 D
2322 4533 2660 4590 Ezechielem
2691 4538 3009 4608 prophetam
3056 4540 3173 4595 ait:
3203 4515 3286 4595 -ΕἾ
3326 4536 3590 4609 confortabo
3625 4524 3756 4583 brachii

652 4620 747 4674 tibi
771 4638 945 4677 servus
973 4626 1164 4693 ﬁdelis,
1189 4629 1254 4682 sit
1282 4629 1374 4682 tibi
1401 4631 1550 4701 quasi
1586 4632 1762 4686 anima
1793 4643 1905 4700 tua,
1931 4637 2082 4705 quasi
2109 4638 2222 4707 fra-

651 4719 781 4764 trem
806 4709 881 4766 sic
901 4730 1017 4767 eum
1038 4727 1204 4772 tracta
1244 4718 1429 4791 (Ibid.,
1455 4737 1648 4786 χχχιιι,
1676 4724 1789 4793 51).
1816 4725 2224 4798 Βοιιιίιιιιςῒιιιο-

650 4818 756 4873 que
787 4820 886 4874 per
907 4804 1196 4865 Jeremiam
1237 4813 1431 4883 populo
1455 4813 1617 4870 Israel
1656 4818 1721 4873 de
1750 4820 1923 4875 servis
1952 4822 2055 4878 hoc
2074 4824 2222 4879 dedit

650 4906 992 4965 praeceptum.
1051 4902 1143 4956 Ait
1189 4905 1379 4958 enim:
1420 4905 1548 4961 Ha’c
1593 4909 1719 4962 dicit
1773 4910 2030 4967 Dominus
2080 4915 2219 4971 Deus

649 4982 820 5039 Israel
840 5004 860 5041 :
890 4987 999 5059 Ego
1036 4994 1265 5061 percussi
1300 4994 1466 5064 foedus
1496 5014 1612 5052 cum
1652 5002 1887 5070 patribus
1928 5007 2129 5072 vestris,
2160 5008 2216 5061 in

648 5075 732 5129 die
753 5094 855 5148 qua
878 5080 1036 5135 eduxi
1063 5100 1148 5137 eos
1185 5084 1249 5140 de
1283 5094 1423 5141 terra
1456 5088 1693 5160 .Egypti,
1730 5093 1793 5146 de
1817 5092 1968 5149 domo
1998 5098 2215 5151 servitu-

649 5168 714 5222 tis
743 5169 917 5223 dicens
941 5189 959 5227 :
992 5172 1123 5228 Cum
1148 5177 1386 5247 completi
1416 5179 1611 5248 fuerint
1637 5194 1828 5253 septem
1856 5188 2002 5253 anni,
2044 5188 2215 5243 diruit-

648 5267 722 5312 tat
762 5277 1111 5334 unusquisque
1137 5265 1351 5336 fratrem
1384 5286 1536 5323 suum
1566 5271 1845 5329 Ilebrteum
1870 5278 1959 5350 qui
1980 5280 2212 5335 venditus

647 5360 721 5405 est
753 5353 823 5419 ei,
858 5364 906 5408 et
928 5357 1133 5411 servivit
1161 5360 1256 5413 tibi
1275 5377 1368 5417 sea:
1405 5364 1597 5417 annis:
1628 5376 1674 5419 et
1703 5367 1929 5424 dimittes
1958 5388 2077 5425 eum
2101 5390 2132 5425 a
2164 5383 2213 5427 te

648 5442 895 5519 liberum;
921 5458 968 5501 et
999 5466 1102 5503 non
1125 5452 1404 5507 audierunt
1433 5464 1606 5523 patres
1634 5459 1784 5521 vestri
1808 5476 1910 5524 me,
1943 5478 2035 5515 nec
2064 5461 2216 5515 incli-

648 5545 899 5590 naverunt
929 5553 1106 5593 aurem
1128 5558 1298 5595 suam.
1337 5542 1405 5596 Et
1432 5547 1664 5601 conversi
1690 5548 1813 5603 estis
1839 5567 1924 5605 vos
1956 5551 2130 5615 hodie,
2165 5562 2213 5605 et

649 5623 842 5693 fecistis
863 5629 1001 5697 quod
1039 5642 1231 5686 rectum
1255 5643 1329 5687 est
1358 5635 1411 5688 in
1442 5636 1605 5691 oculis
1633 5640 1781 5705 meis,
1823 5651 1877 5694 ut
1899 5641 2214 5710 praedicare-

649 5714 716 5765 tis
745 5711 1030 5771 libertatem
1072 5723 1421 5792 unusquisque
1457 5728 1526 5779 ad
1552 5728 1775 5782 mairum
1814 5745 1987 5782 suum.
2017 5728 2082 5783 Et
2113 5731 2213 5783 ini-

2308 4628 2457 4697 .regis
2494 4628 2800 4699 Babylonis,
2846 4632 3081 4702 daboque
3131 4633 3363 4701 gladium
3411 4643 3556 4684 meum
3591 4625 3632 4678 is
3660 4630 3756 4672 ιω

2320 4718 2435 4787 ejus
2466 4735 2484 4772 :
2515 4729 2563 4772 et
2610 4720 2938 4791 confringam
2984 4725 3197 4777 brachia
3242 4720 3533 4781 Pharaonis,
3566 4724 3603 4768 tl
3632 4710 3755 4780 ματ-ί

2317 4813 2591 4881 gemitibus
2631 4813 2887 4883 interfecti
2924 4831 3099 4870 coram
3145 4816 3281 4884 faeie
3316 4816 3440 4885 ejus,
3482 4821 3522 4864 et
3552 4796 3755 4872 coulom“

2319 4898 2531 4955 brachia
2564 4902 2695 4972 regis
2718 4902 3022 4973 Babylonis,
3062 4916 3109 4958 et
3142 4906 3350 4959 brachia
3379 4896 3628 4957 Pharaonis
3650 4885 3755 4944 tota"

2318 4992 2461 5055 dent,
2510 4999 2557 5044 et
2583 4993 2743 5047 scient
2789 4995 2912 5065 quia
2959 5011 3051 5065 ego
3085 4995 3355 5060 Dominus,
3386 5009 3492 5050 cum
3518 4987 3662 5043 dedero
3692 4975 3755 5047 ll“

2316 5077 2461 5133 dium
2507 5098 2677 5135 meum
2703 5084 2757 5136 in
2797 5099 2958 5138 manu
2990 5087 3123 5155 regis
3166 5085 3457 5155 Babylonis,
3501 5066 3753 5135 “attenderit

2315 5187 2431 5225 eum
2461 5189 2614 5243 super
2639 5184 2831 5229 terram
2858 5175 3075 5247 ,Ἐρυμιὶ
3106 5178 3318 5248 (ΕιεεΙι.
3355 5192 3472 5238 xxx,
3500 5170 3600 5239 21)..

2385 5280 2521 5337 Nam
2570 5281 2722 5351 cujus
2748 5287 2861 5339 vult
2905 5288 3164 5345 Dominus
3207 5290 3470 5344 brachium
3510 5279 3752 5361 όθδίιίυίξ

2316 5369 2550 5442 frangit:
2583 5374 2696 5442 ipse
2728 5376 2871 5429 enim
2899 5385 2955 5431 et
2983 5377 3087 5433 hoc
3112 5379 3179 5435 ad
3208 5376 3521 5434 Ezechielem
3550 5356 3752 5423 dicit:l'ili

2314 5463 2558 5528 hominis,
2592 5465 2860 5520 brachium
2889 5465 3186 5525 Pharaonis
3215 5468 3344 5539 regis
3371 5462 3570 5535 confregi
3588 5473 3603 5510 :
3620 5465 3654 5509 et
3680 5460 3751 5503 κίε

2314 5568 2418 5605 non
2436 5563 2510 5606 est
2541 5553 2837 5607 obvolutum
2872 5565 2926 5608 ut
2956 5557 3309 5612 restitueretur
3332 5558 3377 5611 ei
3392 5553 3580 5611 sanitas,
3603 5553 3645 5597 Il
3663 5540 3749 5606 ll!"

2315 5652 2457 5695 retur
2487 5644 2698 5713 pannis,
2722 5653 2771 5699 et
2806 5644 3118 5714 fasciaretur
3151 5646 3387 5709 linteolis,
3426 5654 3476 5698 ut
3517 5643 3667 5704 me?“

2314 5722 2434 5807 (’0’?
2456 5743 2624 5803 1⁷0³³⁸1
2659 5713 2829 5787 “mere
2867 5735 3119 5804 gladium.
3152 5738 3417 5805 Propterea
3454 5733 3549 5785 lure
3574 5722 3665 5775 dicit
3684 5713 3748 5765 Do-
