4000 6454
201 347 307 407 969

1604 338 1765 396 ΥΙΤᾹ
1795 334 2015 394 REGIA;

3330 330 3435 384 970

198 464 374 519 minus
404 462 543 518 Deus
573 477 591 515 :
618 461 754 516 Ecce
770 477 865 532 ego
887 460 955 515 ad
979 459 1306 515 Pharaonem
1333 471 1500 527 regem
1522 454 1761 525 zEggpti,
1790 460 1844 519 Α
1867 451 1936 505 Ει
1963 451 2019 505 in
2054 448 2159 503 hac
2194 454 2345 502 turre
2387 444 2475 501 ille
2507 436 2831 508 defenditur,
2859 440 2949 511 qui
2980 441 3036 495 in
3081 420 3282 497 auxilio
3318 440 3437 511 ejus
3466 436 3484 501 ξ

195 566 248 610 et
281 555 632 609 comminuam
662 555 929 608 brachium
961 552 1075 622 ejus
1104 550 1259 620 forte,
1288 549 1377 603 sed
1405 546 1762 616 confractum;

198 645 445 718 dejiciam
466 646 734 703 brachium
761 645 825 699 de
846 659 1004 697 manu
1029 641 1143 712 ejus
1167 655 1184 693 :
1208 649 1255 695 et
1282 639 1575 708 dispergam
1603 635 1767 705 Egy-

198 746 346 807 ptunt
372 736 431 790 in
453 734 708 805 gentibus,
732 741 782 787 et
808 730 1062 787 ventitabo
1085 746 1170 783 eos
1191 730 1245 781 in
1272 727 1423 781 terris
1451 722 1762 796 (Ibitur).

199 826 275 880 Et
306 824 364 879 in
411 822 627 879 Psalmo
682 821 941 891 scriptum
983 826 1067 874 est
1106 836 1119 872 :
1157 818 1397 872 Avertisti
1445 814 1769 885 adjutorium

198 914 367 986 gladii
397 914 528 983 ejus,
577 922 628 967 et
652 930 775 983 .non
815 928 869 967 es
914 912 964 966 ei
1010 910 1298 965 auxiliatus
1331 909 1387 963 in
1422 906 1554 963 bello
1579 903 1766 978 (Psal.

201 1022 322 1071 vui,
353 1005 466 1075 M).
568 1052 573 1057 .

277 1096 431 1163 Quod
458 1105 635 1153 autem
657 1104 713 1152 et
731 1094 1029 1160 victoriam,
1054 1104 1343 1164 antequam
1374 1091 1486 1158 ﬁat,
1514 1088 1771 1146 Dominus

202 1185 502 1257 cognoscit,
555 1186 670 1255 ipse
707 1200 807 1255 per
850 1184 1190 1240 Ezechielem
1236 1183 1310 1237 ait
1344 1196 1360 1236 :
1394 1181 1472 1235 Tu
1513 1197 1658 1251 ergo,
1692 1174 1771 1247 ﬁli

205 1274 451 1339 hominis,
487 1274 597 1328 lucc
624 1273 751 1327 dicit
782 1272 1034 1327 Dominus
1064 1272 1244 1326 Deus:
1274 1271 1372 1325 Dic
1405 1270 1545 1323 omni
1577 1267 1771 1324 volucri

205 1371 253 1417 et
284 1362 535 1416 universis
559 1362 739 1417 avibus
762 1363 1062 1433 cunctisque
1086 1361 1259 1415 bestiis
1293 1362 1407 1431 agri
1430 1358 1455 1411 ε’
1473 1358 1770 1423 Conuenite,

204 1461 494 1523 properate,
554 1454 844 1507 concurrite
890 1453 1115 1522 undique
1151 1453 1220 1506 ad
1272 1453 1531 1507 victimam
1582 1465 1773 1516 meam,

203 1558 365 1612 quam
415 1558 510 1612 ego
564 1541 775 1596 immolo
806 1541 967 1607 vobis,
1014 1542 1273 1595 victimam
1324 1539 1573 1611 grandem
1620 1553 1776 1607 super

205 1640 404 1693 montes
442 1630 612 1685 Israel
660 1640 718 1685 ut
762 1631 1043 1685 comedatis
1079 1648 1311 1695 carnem,
1348 1640 1395 1684 et
1427 1629 1612 1684 bibatis
1647 1646 1774 1682 san-

1863 538 2140 594 conﬁdens
2165 535 2455 591 virtutibus
2492 544 2754 588 armatur.
2793 531 2982 587 Turris
3021 530 3166 585 enim
3197 530 3298 585 ista
3324 531 3436 584 vir-

1865 630 2067 686 tutibus
2104 637 2189 685 est
2230 627 2409 697 plena,
2454 638 2561 680 non
2613 624 2826 695 gladiis,
2873 628 3074 693 pugnat
3108 621 3274 676 verbo
3325 634 3436 674 non

1864 724 2072 795 prmlio,
2102 738 2203 777 nec
2225 720 2468 779 localiter
2494 717 2752 782 defendit,
2776 717 2873 774 sed
2894 715 3268 771 universaliter
3303 714 3442 769 invi-

1867 822 1954 869 cta
1972 812 2291 869 fortitudine
2314 811 2516 868 electos
2543 825 2669 865 suos
2694 808 2929 880 protegit
2957 817 3012 865 et
3046 806 3297 863 custodit.

2410 922 2638 979 CAPUT
2676 919 2893 974 XXXII.

2470 1013 2550 1067 De
2578 1011 2835 1065 oratione.

1940 1106 2073 1161 Nam
2118 1114 2173 1162 et
2210 1106 2314 1161 hoc
2347 1102 2662 1159 intuendum
2689 1109 2791 1166 est,
2820 1100 2945 1170 quia
2985 1100 3053 1156 ad
3091 1101 3195 1156 hoc
3222 1100 3446 1157 cmleste

1870 1198 2179 1270 praesidium
2211 1211 2307 1251 rex
2353 1194 2519 1249 David
2546 1192 2748 1248 orando
2776 1190 3051 1261 pervenit;
3081 1190 3161 1245 sic
3192 1190 3336 1246 enim
3360 1190 3443 1244 in-

1872 1289 2076 1342 choans
2100 1286 2266 1355 ccepit
2295 1303 2308 1338 :
2342 1283 2580 1347 Exaudi,
2627 1282 2783 1346 Deus,
2813 1282 3101 1334 orationem
3129 1297 3297 1334 meam
3328 1296 3446 1333 cum

1872 1379 2157 1449 deprecor:
2182 1386 2216 1430 a
2241 1378 2423 1430 timore
2444 1373 2644 1429 inimici
2668 1374 2808 1443 eripe
2836 1372 3066 1425 animam
3089 1386 3278 1425 meam.
3310 1368 3448 1424 Pro-

1875 1472 2050 1525 texisti
2089 1487 2171 1524 me
2206 1487 2240 1523 a
2277 1475 2527 1523 conuentu
2566 1463 2991 1533 malignantium,
3038 1478 3071 1515 a
3113 1460 3449 1514 multitudine

1875 1562 2203 1634 operantium
2241 1559 2590 1629 iniquitatem,
2619 1560 2725 1609 etc.
2769 1544 2942 1623 (Psal.
2980 1566 3132 1615 ιιιιι,
3166 1549 3241 1621 1.)
3292 1549 3358 1603 Et
3389 1550 3449 1603 tu
3526 1600 3533 1607 .

1876 1667 2029 1723 ergo,
2060 1650 2368 1705 ﬁdelissime
2393 1663 2511 1713 rex,
2552 1653 2614 1700 ut
2642 1643 2855 1699 Domini
2886 1642 3063 1712 possis
3103 1640 3303 1695 auxilio
3338 1638 3448 1693 iul,
3478 1690 3486 1719 τ

206 1720 445 1789 guinem;
500 1737 682 1775 carnes
733 1722 947 1790 fortium
1007 1721 1310 1785 comedetis,
1375 1731 1421 1774 et
1471 1721 1776 1790 sanguinem

1886 1710 1970 1795 tu;
1988 1749 2139 1794 tuum
2186 1737 2476 1794 defendere
2505 1752 2748 1807 regnum,
2789 1710 2905 1803 eius
2939 1734 3142 1805 iugiter
3170 1749 3336 1790 orans
3367 1748 3453 1788 re-.

206 1810 497 1879 principum
525 1820 677 1865 teme
701 1811 881 1866 bibetis
902 1824 921 1862 .°
947 1812 1171 1902 arietum
1214 1819 1263 1864 et
1285 1827 1559 1882 agnorum,
1588 1820 1635 1864 et
1660 1810 1769 1863 ltir-
1795 1803 1842 1862 B
1877 1832 2030 1902 quire
2048 1832 2375 1902 pmsidium.
2414 1800 2594 1902 Ipsi“;
2611 1800 2755 1884 enim
2783 1800 2956 1884 D'avid'
2970 1800 3117 1899 régis
3142 1828 3426 1882 innumera
3448 1861 3455 1869 _
3484 1800 3489 1807 ’

208 1916 409 1965 eorum,
437 1910 825 1973 taurorumque,
847 1911 894 1957 et
917 1901 1141 1956 altilium
1165 1910 1213 1955 et
1233 1902 1501 1972 pinguium
1522 1900 1772 1954 omnium.

207 1990 278 2046 Et
307 1994 582 2049 comedetis
609 1994 814 2064 adipem
842 1996 896 2048 in
930 1994 1227 2058 saturitate,
1265 2004 1314 2048 et
1348 1992 1526 2046 bibetis
1566 1992 1779 2061 sangui-

210 2100 328 2139 nem
366 2083 423 2137 in
458 2083 778 2150 ebrietatem,
828 2083 893 2137 de
926 2085 1154 2149 victima,
1186 2100 1341 2153 quam
1365 2098 1459 2153 ego
1500 2082 1777 2136 immolabo

209 2173 384 2229 nobis:
412 2183 460 2227 et
484 2173 852 2227 saturabimini
879 2189 1034 2243 super
1074 2189 1306 2226 mensam
1342 2188 1511 2226 meam
1550 2172 1614 2225 de
1648 2188 1778 2243 equo

208 2271 258 2317 et
285 2264 451 2334 equite
481 2262 629 2332 forti,
652 2273 700 2316 et
741 2262 805 2316 de
857 2261 1108 2315 universis
1146 2261 1271 2315 viris
1302 2259 1663 2329 bellatoribus,
1705 2262 1781 2315 ait

214 2349 471 2407 Dominus
502 2351 643 2408 Deus
672 2349 889 2423 (Ezech.
916 2348 1126 2421 χχχιιι).

708 2533 715 2541 .
764 2480 994 2537 CAPUT
1027 2479 1216 2535 XXXI.

525 2571 603 2628 De
626 2572 870 2644 prasidio
905 2573 1116 2626 Domini
1146 2574 1472 2645 requirendo.

254 2662 371 2721 ’Tu
414 2677 559 2738 ergo,
602 2667 903 2722 clarissime
952 2681 1072 2733 rex,
1101 2657 1163 2721 ut
1205 2666 1301 2721 tibi
1351 2667 1610 2723 Dominus
1639 2674 1694 2722 et
1730 2666 1786 2720 in

222 2757 445 2813 brachio
488 2756 882 2831 fortitudinem,
920 2765 976 2812 et
1015 2756 1070 2811 in
1115 2757 1255 2814 bello
1280 2757 1559 2813 victoriam
1603 2759 1785 2822 donet,

221 2847 388 2917 ipsius
417 2859 629 2916 semper
668 2848 886 2917 require
925 2848 1192 2914 solatium,
1224 2859 1279 2905 et
1317 2850 1384 2905 ad
1422 2847 1538 2918 ejus
1560 2846 1789 2917 confuge

216 2937 543 3007 prmsidinm.
569 2934 661 2992 Sic
684 2938 829 2993 enim
854 2940 1112 3010 scriptum
1140 2948 1259 2995 est:
1288 2938 1471 2993 Turris
1500 2938 1787 3009 fortissima

216 3044 404 3082 nomen
429 3027 643 3083 Domini
672 3042 690 3081 :
715 3030 782 3084 ad
810 3031 978 3101 ipsum
1022 3032 1185 3084 currit
1215 3031 1416 3101 justus,
1457 3039 1506 3085 et
1534 3030 1788 3085 exaltabi-

218 3131 307 3175 tur
332 3122 512 3194 (Prov.
561 3139 719 3188 xvm,
768 3124 879 3193 10).
918 3124 1068 3194 Ergo,
1094 3123 1237 3179 salus
1280 3138 1384 3178 non
1435 3122 1682 3177 consistit
1731 3122 1785 3176 in

222 3212 564 3268 multitudine
592 3213 793 3284 populi,
825 3228 925 3268 nec
953 3214 1006 3268 in
1040 3221 1311 3268 armatura
1355 3211 1656 3280 multiplici,
1689 3210 1783 3265 sed

223 3305 279 3360 in
308 3305 644 3361 invocatione
672 3306 906 3361 nominis
934 3302 1168 3361 Domini.
1202 3304 1422 3361 Stabilis
1444 3305 1587 3359 enim
1621 3311 1675 3359 et
1699 3303 1786 3357 in-

224 3408 483 3450 concussa
510 3396 673 3450 tutela
704 3404 788 3451 est
809 3396 1025 3451 caeleste
1060 3395 1400 3467 prmsidium;
1434 3395 1576 3465 quod
1602 3394 1728 3464 quia
1758 3409 1791 3448 a

224 3486 441 3556 regibus
463 3486 690 3541 sollicite
713 3488 783 3542 sit
806 3489 1173 3558 quaerendum,
1203 3488 1371 3542 David
1394 3503 1491 3543 rex
1518 3494 1601 3542 est
1626 3486 1795 3542 dulci-

229 3584 314 3631 ter
338 3576 648 3641 imitandus,
676 3578 767 3648 qui
794 3579 1021 3633 Domino
1046 3575 1331 3633 humiliter
1349 3576 1652 3647 supplicans
1678 3576 1754 3629 ait
1777 3592 1791 3628 :

236 3664 469 3731 Exaudi,
498 3665 656 3729 Deus,
680 3668 1087 3737 deprecationem
1117 3668 1317 3721 meam:
1344 3665 1550 3720 intende
1570 3662 1809 3719 orationi

234 3745 382 3811 mete.
414 3757 457 3811 A
488 3757 675 3826 ﬁnibus
706 3767 858 3812 terra:
886 3759 954 3812 ad
981 3768 1029 3812 te
1056 3757 1313 3812 clamavi:
1340 3757 1464 3811 dum
1492 3756 1797 3810 anxiaretur

230 3862 305 3899 co.
339 3837 531 3912 meum,
552 3848 608 3900 in
640 3857 786 3918 petra
818 3848 1058 3903 exaltasti
1090 3864 1191 3902 me.
1230 3847 1505 3902 Deduxisti
1537 3842 1640 3910 me,
1671 3844 1795 3915 quia

233 3937 402 4006 factus
428 3956 482 3993 es
509 3956 624 4009 spes
664 3957 776 3994 mea
799 3954 817 3993 .'
838 3942 1000 3995 turris
1039 3940 1361 4011 fortitudinis
1383 3958 1415 3993 a
1442 3940 1578 4010 facie
1599 3937 1797 3994 inimici

235 4018 405 4098 (Psal.
442 4044 531 4094 ιχ,
562 4029 634 4101 1).
663 4030 821 4085 Petra
846 4031 988 4084 enim
1028 4032 1118 4084 hic
1155 4040 1210 4085 et
1237 4031 1400 4083 turris
1427 4029 1698 4083 Christum
1728 4028 1800 4081 si-

243 4117 502 4188 gniﬁcant
526 4137 538 4172 :
563 4121 614 4174 in
637 4120 738 4175 hac
758 4120 900 4174 enim
928 4131 1079 4190 petra
1102 4128 1248 4174 recte
1279 4135 1336 4174 se
1355 4120 1647 4174 exaltatum
1675 4132 1801 4187 pro-

240 4209 471 4278 nuntiat,
494 4211 586 4282 qui
624 4211 678 4266 in
711 4210 814 4267 ﬁde
840 4210 980 4266 illius
1019 4226 1077 4267 se
1105 4209 1387 4275 fundatum
1428 4226 1536 4266 non
1570 4209 1795 4265 dubitat.

572 5786 1014 5869 PATnOL._CII.

1876 1922 2007 1978 bilia
2032 1923 2098 1977 de
2122 1921 2367 1978 oratione
2394 1922 2450 1977 in
2486 1920 2717 1977 Psalmis
2745 1919 2913 1975 habes
2941 1916 3206 1987 exempla.
3236 1917 3312 1970 De
3359 1911 3455 1968 Sa-
3490 1957 3504 1972 .

1877 2012 2091 2068 lomone
2114 2028 2329 2083 quoque
2349 2020 2422 2068 ~et
2460 2013 2549 2068 hic
2572 2024 2841 2081 perpauca
2866 2007 3119 2077 ponimus
3160 2004 3406 2075 exempla
3435 2021 3450 2057 :
3482 1992 3485 1993 ⁷
3536 2058 3543 2062 .

1877 2100 1972 2157 Ait
2012 2103 2158 2159 enim
2185 2121 2199 2156 :
2226 2101 2399 2172 Longe
2445 2110 2523 2155 est
2567 2100 2822 2153 Dominus
2858 2097 2925 2151 ab
2956 2096 3165 2166 impiis;
3194 2103 3240 2148 et
3265 2094 3458 2147 oratio-

1881 2209 1972 2247 nes
1993 2193 2263 2263 justorum
2291 2190 2537 2246 exaudiet
2568 2188 2749 2259 (Prov.
2782 2201 2875 2251 xv,
2904 2185 3019 2257 29).
3059 2183 3165 2249 Qui
3190 2190 3457 2237 conservat
3483 2243 3489 2251 .

1881 2281 2070 2356 legem,
2107 2281 2420 2353 multiplicat
2448 2280 2738 2334 orationem
2779 2275 2970 2348 (Eccli.
3001 2288 3164 2339 xxxv,
3206 2270 3282 2343 1).
3323 2272 3489 2337 Item,

1883 2375 2038 2444 ipse:
2067 2371 2253 2426 Oratio
2299 2372 2357 2425 in
2396 2368 2690 2424 humilitate
2726 2366 3014 2438 penetrabit
3058 2380 3224 2435 supen
3258 2362 3485 2439 montes

1886 2465 2078 2538 (Ibid.,
2105 2464 2236 2519 vers.
2260 2463 2376 2534 21).
2414 2461 2674 2517 Dominus
2711 2459 2765 2513 in
2794 2457 3084 2528 Evangelia
3113 2456 3191 2510 ait
3222 2472 3235 2509 :
3269 2454 3464 2510 Omnia

1883 2569 2205 2626 quaecunque
2239 2551 2488 2622 petieritis
2516 2551 2573 2604 in
2611 2550 2848 2603 oratione
2872 2548 3159 2613 credentes,
3197 2545 3489 2626 accipietis:

1888 2618 2250 2717 (Matth-ni,—
2261 2642 2381 2713 εἳ).
2415 2640 2640 2713 Vigilate
2668 2641 2844 2709 itaque
2867 2638 3007 2692 omni
3027 2646 3276 2706 tempore,
3299 2652 3462 2689 oran-
3480 2618 3493 2627 ’

1888 2744 1963 2791 tes
2004 2744 2059 2789 ut
2103 2734 2248 2804 digni
2291 2731 2586 2787 habeamini
2640 2730 2817 2800 fugere
2861 2743 2979 2798 qua:
3001 2726 3181 2796 futura
3230 2733 3486 2791 sunt,.et.

1889 2836 2029 2880 stare
2076 2834 2196 2878 ante
2256 2822 2425 2891 filium
2472 2810 2697 2874 hominis
2742 2817 2894 2889 (Luc.
2948 2831 3062 2880 χιιι,
3101 2813 3212 2883 56).
3266 2813 3466 2873 Paulus

1889 2931 2103 2988 quoque
2149 2915 2226 2969 ait
2253 2928 2268 2967 :
2295 2911 2536 2967 Orationi
2581 2911 2853 2975 instantes,
2904 2916 3110 2988 orantes
3160 2906 3302 2959 omni
3338 2915 3464 2959 tem-

1889 2982 2036 3081 pore,
2083 3009 2139 3062 in
2191 3006 2381 3078 spiritu
2412 3003 2684 3075 vigilantes
2730 3002 2787 3054 in
2822 2982 2963 3053 omni
2997 2998 3246 3052 instantia
3288 2995 3465 3066 (Rom.

1891 3116 1989 3164 xu,
2029 3100 2134 3163 12;
2167 3097 2360 3167 Ephes.
2392 3111 2468 3159 vi,
2500 3092 2608 3163 18).
2638 3092 2872 3148 Jacobus
2898 3099 3078 3143 autem
3115 3087 3282 3142 dicit:
3309 3084 3484 3151 Orate.

1890 3204 1984 3259 pro
2013 3188 2228 3241 invicem
2256 3195 2314 3239 ut
2342 3183 2611 3239 salvemini
2640 3196 2658 3232 :
2692 3179 2914 3233 multum
2951 3178 3087 3232 enim
3119 3175 3253 3230 valet
3282 3175 3468 3245 depre-

1895 3279 2031 3332 catio
2053 3277 2190 3346 justi
2230 3274 2446 3329 assidua
2475 3272 2618 3343 (Jac.
2644 3286 2700 3334 v,
2743 3268 2851 3339 16).
2880 3267 3013 3321 Nam
3042 3272 3097 3319 et
3126 3280 3225 3320 nos
3251 3278 3472 3318 oramus

1897 3379 2111 3435 semper
2138 3378 2262 3418 cum
2290 3360 2547 3430 Apostolo
2571 3373 2673 3428 pro
2704 3357 2878 3421 vobis,
2908 3364 2968 3410 ut
2988 3355 3239 3423 dignetur
3260 3366 3359 3407 vos
3380 3366 3479 3415 vos

1900 3456 2113 3511 catione
2145 3468 2243 3508 sua
2272 3451 2434 3515 Deus,
2460 3457 2517 3504 et
2539 3448 2760 3517 impleat
2779 3460 2993 3502 omnem
3016 3444 3349 3499 voluntatem
3374 3442 3476 3496 ho-

1900 3546 2111 3611 uitatis,
2136 3553 2192 3602 et
2231 3559 2368 3615 opus
2403 3542 2527 3601 ﬁdei
2572 3541 2629 3595 in
2674 3540 2893 3602 virtute,
2930 3543 2991 3592 ut
3021 3534 3349 3591 clariﬁcetur
3378 3546 3477 3615 no-

1898 3653 2024 3694 men
2052 3635 2263 3692 Domini
2299 3634 2467 3689 nostri
2498 3632 2627 3687 .Iesn
2653 3629 2855 3685 Christi
2901 3629 2956 3682 in
2985 3625 3157 3689 vobis,
3190 3632 3247 3679 et
3288 3638 3381 3678 vos
3418 3623 3472 3676 in

1893 3728 2008 3792 illo,
2049 3725 2346 3782 secundum
2376 3722 2604 3794 gratiam
2642 3719 2738 3775 Dei
2775 3716 2969 3793 nostri,
2994 3724 3050 3771 et
3086 3712 3298 3769 Domini
3340 3708 3471 3765 Jesu

1896 3819 2117 3875 Christi.
2156 3814 2479 3886 Conﬁdimus
2517 3823 2692 3868 autem
2720 3812 2784 3866 de
2812 3811 2952 3865 vobis
3001 3811 3057 3863 in
3080 3807 3305 3862 Domino
3339 3820 3475 3875 quo-

1901 3898 2043 3964 niam
2080 3925 2196 3978 qua:
2228 3906 2579 3977 praecipimus,
2624 3910 2671 3957 et
2700 3901 2895 3972 facitis,
2934 3898 3244 3978 etifacietis.
3293 3894 3477 3949 Domi-

1905 3920 2043 3964 niam
2080 3925 2196 3978 qua:
2228 3921 2579 3977 prtcctptmus,
2624 3920 2671 3957 et
2700 3920 2895 3972 laetus,
2934 3920 2982 3953 et
3020 3920 3244 3968 )acreus.
3293 3920 3475 3949 uanu-

1905 4018 2002 4056 nus
2024 4012 2198 4054 autem
2228 3998 2423 4067 dirigat
2460 3995 2622 4050 corda
2648 3984 2835 4049 'vestra
2863 3994 2917 4048 in
2965 3920 3221 4045 claritate
3267 3986 3385 4051 Dei,
3424 3994 3475 4039 et

1903 4088 2152 4163 patientia
2183 4089 2376 4144 Christi
2406 4088 2619 4160 (Ephes.
2649 4102 2733 4152 ιιι,
2760 4084 2837 4156 4).
2871 4084 3059 4137 Amen.

1904 4204 2133 4275 Erplicit
2153 4202 2282 4257 liber
2298 4199 2576 4272 Smaragdi
2598 4196 2820 4264 abbatis,
2844 4197 2933 4269 qui
2951 4194 3144 4249 dicitur
3158 4191 3261 4248 Vn
3280 4188 3449 4244 Bson
3461 4224 3475 4239 .

3079 5759 3156 5856 ει
