4000 6460
239 361 370 418 οη

1331 355 1510 411 ACTA
1550 353 2000 411 COLLATIONIS
2040 346 2371 410 ROMANIE.

3368 355 3471 410 9N

241 493 350 536 non
371 475 500 532 licet
521 489 626 531 non
651 475 888 533 credere,
921 468 1164 541 quisquis
1196 469 1262 524 ad
1307 469 1408 523 hoc
1432 469 1576 524 valet
1597 468 1800 538 pertin-
1827 472 1875 532 Α
1903 467 1988 522 dis
2015 465 2286 538 mysteriis
2310 477 2514 522 temere
2556 467 2853 537 loquamur,
2898 467 3058 522 detur
3097 467 3470 525 considerant“

242 583 388 643 gere.
413 566 678 623 --Itsst.
708 564 957 634 Nunquid
981 576 1090 617 non
1118 563 1253 617 bene
1291 563 1431 617 idem
1459 571 1586 616 tunc
1624 569 1807 616 aucto—

243 675 330 715 res
374 657 648 720 fecissem,
686 657 736 710 si
757 663 992 725 quatuor
1023 663 1234 708 tantum
1261 653 1503 709 addendo
1529 653 1762 723 syllabas
1786 694 1802 717 ,

241 757 351 802 tam
377 747 842 817 pernecessarium
865 745 988 799 ﬁdei
1019 753 1411 799 sacramentum
1438 744 1805 799 cunctisoein-

241 839 368 905 cepe
400 832 964 902 saeculisperspicuum
985 832 1342 887 redderetur?
1374 861 1444 874 --
1473 831 1634 887 PAPA.
1655 832 1808 887 Sicut

241 942 346 982 non
373 927 573 978 'audeo
616 924 813 977 dicere
841 936 947 975 non
990 921 1127 977 bene
1165 920 1375 984 fecisse,
1423 920 1469 974 si
1507 921 1802 984 fecissent,

241 1019 365 1086 quia
399 1014 584 1086 procul
616 1013 778 1068 dubio
793 1012 942 1066 sicut
969 1021 1162 1067 cetera
1189 1027 1308 1081 qua:
1336 1012 1420 1066 vel
1464 1013 1802 1078 omiserunt,

241 1111 474 1164 scientes
519 1109 726 1176 utique,
763 1115 818 1160 et
861 1121 967 1159 non
997 1114 1108 1159 tam
1148 1105 1381 1160 humana
1416 1093 1578 1174 quam
1626 1106 1805 1161 divina

239 1201 524 1254 illuminati
555 1200 818 1270 sapientia
851 1197 1114 1262 fecerunt,
1155 1199 1228 1252 ita
1255 1213 1471 1268 quoque
1487 1211 1602 1254 non
1635 1200 1806 1259 audeo

239 1289 420 1343 dicere
443 1287 584 1342 istud
628 1303 722 1342 eos
753 1288 907 1342 nobis
947 1289 1125 1342 minus
1173 1289 1531 1354 intellexisse;
1578 1301 1808 1357 perpen-

240 1378 386 1432 disse
406 1378 868 1444 cur-dimiserunt,
891 1377 977 1431 vel
1002 1391 1100 1431 cur
1114 1377 1414 1440 dimissum,
1431 1392 1513 1434 .ne
1529 1377 1667 1431 ultra
1691 1365 1809 1431 mit-

242 1477 465 1532 teretur,
493 1467 631 1523 sicut
657 1477 712 1522 et
732 1478 924 1524 cratera
951 1469 1292 1537 prohibuere.
1322 1469 1400 1522 Tu
1430 1477 1485 1523 et
1521 1470 1598 1524 tui
1629 1470 1806 1524 videte

237 1556 647 1628 quid-sentiatis
695 1561 764 1614 de
794 1560 968 1613 vobis.
1021 1560 1392 1631 Numer-ego
1434 1576 1519 1616 me
1545 1561 1653 1617 illis
1697 1577 1806 1620 non

237 1652 360 1707 dico
383 1651 687 1720 praeferam,
713 1652 812 1707 sed-
853 1651 1016 1706 etiatn
1057 1653 1197 1707 illud
1245 1654 1387 1707 absit
1428 1649 1558 1707 mihi
1606 1661 1664 1708 ut
1715 1669 1808 1710 co-

237 1753 450 1810 aequare
469 1741 1073 1811 "mammam-«Missi.
1090 1743 1245 1800 Absit
1270 1743 1454 1812 etiam,
1484 1745 1667 1808 Pater,
1693 1746 1806 1801 Deo

1903 560 2074 623 locus,
2105 570 2160 614 et
2190 561 2435 614 dabimus
2466 560 2722 629 quidquid
2751 560 2818 614 de
2846 559 2930 615 his
2953 559 3162 614 dederit
3189 560 3464 616 Dominus.

1902 679 1972 688 —
2019 649 2089 702 Et
2139 659 2392 702 nocturna
2433 648 2684 704 dilatione
2719 666 2948 720 congrua
2984 649 3130 714 data,
3179 651 3252 703 ait
3283 649 3466 705 PAPA!

1903 737 2151 806 Nunquid
2177 739 2346 808 magis
2369 738 2601 794 salutare
2638 746 2721 794 est
2748 741 2969 795 credere
2989 779 3004 804 ,
3043 741 3472 810 periculosumve

1904 844 2012 882 non
2045 830 2288 894 credere,
2311 827 2567 899 Spiritum
2597 840 2841 886 sanctum
2869 847 2899 886 a
2924 831 3062 886 Filio
3087 833 3227 887 sicut
3254 849 3285 887 a
3312 833 3466 887 Patre

1903 920 2217 988 procedere,
2243 934 2406 988 quam
2427 919 2620 974 Filium
2645 921 2963 989 sapientiam
2983 922 3148 976 Deum
3163 938 3191 976 a
3208 922 3466 991 sapientia

1904 1007 2032 1071 Deo,
2055 1010 2333 1062 veritatem
2347 1010 2512 1063 Deum
2544 1025 2575 1064 a
2603 1011 2831 1065 veritate
2856 1012 2966 1066 Deo
2986 1012 3225 1081 genitum
3249 1025 3393 1076 esse,
3413 1022 3468 1067 et

1905 1105 2082 1153 tamen
2107 1107 2395 1170 utrumque
2425 1117 2584 1155 unam
2614 1101 2954 1171 sapientiam,
2988 1118 3150 1156 unam
3186 1104 3470 1158 veritatem

1901 1190 2257 1246 essentialiter
2280 1193 2442 1246 Deum
2459 1207 2598 1258 esse,
2623 1206 2750 1247 cum
2776 1201 2955 1247 tamen
2980 1201 3194 1250 constet
3218 1194 3270 1249 id
3300 1211 3330 1248 a
3355 1210 3466 1248 san-

1901 1281 2007 1335 ctis
2033 1280 2284 1336 Patribus
2309 1284 2485 1338 eidem
2533 1283 2778 1354 symbolo
2820 1283 3046 1337 inditum
3086 1299 3193 1339 non
3234 1285 3388 1340 esse?
3415 1283 3471 1339 Si

1903 1387 2032 1444 ergo
2054 1377 2168 1431 haec
2189 1377 2314 1440 duo,
2350 1379 2509 1432 sicuti
2555 1379 2825 1448 sapientes
2857 1378 3030 1442 decet,
3060 1376 3116 1430 in
3162 1385 3271 1431 tam
3314 1377 3473 1432 fami-

1905 1465 2022 1523 liari
2052 1468 2415 1538 diSputatione
2437 1470 2506 1524 ad
2535 1469 2637 1524 hoc
2663 1469 2864 1533 valent,
2889 1476 2947 1522 ut
2975 1468 3250 1522 nobiscum
3275 1469 3474 1522 sentia-

1905 1559 1976 1613 tis
2000 1567 2057 1613 et
2077 1560 2436 1629 cognoscatis,
2465 1567 2546 1614 tot
2569 1561 2782 1628 priores
2809 1559 3105 1614 catholicos
3129 1557 3337 1623 Patres,
3382 1561 3472 1628 qui

1904 1647 2176 1704 hoc'unde
2215 1649 2394 1716 agitur
2415 1648 2495 1702 vel
2540 1648 2796 1718 symbolis
2837 1663 2944 1703 non
2982 1648 3347 1711 inseruerunt,
3391 1638 3490 1704 vel.

1906 1737 2146 1792 inserere
2189 1721 2640 1806 quemadmodum
2689 1747 2918 1804 czetera,
2966 1748 3025 1794 ut
3067 1753 3228 1809 supra
3273 1739 3478 1795 dictum

237 1837 780 1902 nitstro'protegente,
809 1832 938 1887 illud
974 1847 1004 1886 a
1035 1833 1210 1897 nobis,
1257 1841 1320 1886 ut
1365 1849 1460 1887 nos
1507 1835 1800 1904 quidquam
1830 1819 1878 1880 Β
1903 1835 2004 1890 est,
2027 1827 2352 1898 prohibuere
2383 1847 2395 1884 :
2436 1846 2544 1893 non
2576 1831 2828 1899 praesenti
2859 1829 3184 1900 ignorantia,
3226 1844 3335 1884 non
3373 1829 3477 1909 fu—

237 1922 430 1977 horum
456 1922 756 1992 cogitemus
775 1923 866 1977 vei
883 1923 1150 1988 dicamus,
1176 1923 1258 1977 vel
1295 1923 1544 1993 superbia
1592 1923 1758 1978 inﬁati
1785 1965 1800 1991 ,

237 2012 402 2066 vel-in
421 2013 625 2067 divinis
645 2014 806 2068 rebus
829 2014 1081 2068 bumante
1117 2013 1288 2067 laudis
1311 2013 1564 2081 cupidine
1604 2028 1802 2082 provo-

229 2103 363 2165 eati,
392 2115 455 2156 sc
477 2102 526 2156 si
559 2110 775 2156 nosmet
795 2102 906 2156 illis
933 2115 1038 2156 non
1067 2110 1280 2156 tantum
1305 2102 1582 2170 praeferre,
1615 2117 1804 2157 verum

237 2194 401 2247 etiam
431 2201 712 2262 coaequare
747 2207 1176 2263 praesumamus:
1207 2193 1304 2247 sed
1351 2200 1560 2248 tantum
1611 2207 1805 2248 secun-

239 2285 364 2338 dum
391 2284 558 2351 hujus”
577 2285 911 2353 temporibus
948 2283 1283 2352 qualitatem,
1298 2291 1353 2338 et
1377 2283 1801 2340 imbecillitatem

237 2373 468 2428 fratrum
525 2379 835 2430 nostrorum
883 2375 1149 2429 charilate
1201 2376 1626 2445 compatientes,
1673 2374 1802 2428 illud

237 2465 545 2534 quaerimus,
577 2466 630 2519 in
660 2478 724 2519 eo
751 2464 1078 2529 laboramus,
1095 2465 1316 2534 ut,quia
1345 2464 1469 2520 ﬁnis
1495 2465 1680 2519 mundi
1710 2481 1804 2535 ap-

237 2555 580 2624 propinquat,
606 2555 660 2608 in
685 2568 790 2622 quo
813 2555 951 2608 sicut
982 2555 1238 2623 prce-dicta
1283 2563 1410 2608 sunt
1439 2563 1683 2623 tempora
1709 2563 1805 2623 pet

235 2644 493 2708 riculosa,
519 2645 682 2699 etiam
715 2643 834 2698 ideo
861 2645 1002 2699 inter
1034 2655 1229 2698 cetera
1262 2645 1497 2698 maxime
1544 2643 1803 2698 fratribus

238 2735 438 2791 nostris
465 2733 722 2804 prodesse
750 2735 1046 2790 valeamus.
1071 2734 1188 2801 Quo
1211 2749 1342 2805 ergo
1383 2734 1574 2790 ﬁdeles
1604 2735 1656 2789 in
1698 2734 1803 2788 Do-

239 2828 386 2882 mino
410 2827 463 2880 in
490 2834 826 2881 sacramento
865 2826 988 2881 ﬁdei
1019 2827 1243 2881 reddere
1279 2828 1593 2881 studeamus
1619 2834 1673 2880 et
1722 2826 1802 2880 id-

239 2918 380 2971 circo
406 2917 528 2986 quia
561 2916 840 2985 prmfatum
855 2916 1199 2986 symboluma
1228 2918 1547 2987 quibusdam
1571 2917 1644 2971 ita
1675 2932 1802 2972 can-

239 3009 340 3062 tari
371 3008 690 3078 reperimus,
718 3017 773 3062 et
797 3008 939 3076 quod
967 3008 1018 3061 id
1048 3007 1393 3062 eclesiastica:
1415 3023 1712 3078 congruere
1739 3008 1802 3062 ﬁ-

238 3099 340 3159 dei,
372 3101 510 3154 sicut
531 3101 808 3163 sentimus,
845 3107 1004 3169 atque
1039 3113 1135 3168 per
1169 3100 1270 3152 hoc
1299 3107 1353 3153 et
1380 3115 1524 3155 nunc
1548 3099 1658 3166 jam
1689 3099 1803 3169 plu-

1904 1929 2023 1978 tura
2048 1923 2339 1992 negligenti
2367 1924 2702 1992 providentia
2717 1923 3147 1992 praeter-misisse,
3169 1930 3226 1976 et
3252 1931 3478 1991 praeter-

1901 2011 2130 2070 missum
2169 2029 2238 2067 ne
2266 2014 2572 2067 mitteretur
2614 2014 2978 2082 prohibuisse,
3011 2028 3042 2067 a
3089 2012 3476 2067 coacervandis

1903 2100 2225 2156 testimoniis
2254 2101 2606 2157 libentissime
2633 2102 2979 2170 quiescimus.
3011 2100 3300 2156 Sciendum
3323 2116 3472 2164 vero.

1901 2203 2008 2242 non
2036 2189 2208 2245 solum
2240 2191 2534 2246 secundum
2571 2193 2864 2245 essentiam
2912 2191 3231 2257 divinitatis,
3286 2206 3493 2246 verum,-

1901 2282 2063 2336 etiam
2091 2284 2384 2337 secundum
2409 2284 2726 2353 mysterium
2743 2283 3031 2340 Dominicre
3060 2283 3473 2348 incarnationis,

1901 2379 2072 2438 tanta,
2107 2374 2216 2428 Deo
2238 2382 2478 2438 auctore,
2511 2384 2567 2430 et
2594 2389 2662 2429 ex
2691 2373 3007 2429 earumdem
3025 2373 3246 2429 Patrum
3288 2383 3479 2429 aucto-

1903 2465 2061 2519 ritate
2090 2467 2277 2519 damus
2301 2473 2355 2520 et
2385 2465 2532 2529 talia,
2562 2473 2762 2534 quanta
2801 2479 2907 2519 non
2939 2465 3109 2520 solum
3141 2465 3476 2535 sapientibus

1902 2554 2236 2619 satisfacere,
2269 2555 2363 2610 sed
2387 2555 2550 2609 etiam
2576 2551 2770 2610 stultos
2813 2555 2994 2610 valent
3035 2558 3362 2627 opprimere.
3403 2586 3477 2599 -

1903 2645 2073 2700 Μιεςι.
2102 2645 2238 2711 Νοη,
2272 2646 2509 2715 inquam,
2547 2659 2764 2701 necesse
2790 2647 2950 2700 estin
2994 2661 3059 2701 eo
3088 2648 3356 2714 laborare,
3404 2663 3477 2702 an

1901 2735 2206 2789 nesciamus
2244 2733 2387 2802 quod
2428 2733 2630 2788 scimus
2660 2751 2672 2785 :
2705 2735 2828 2803 quia
2855 2735 3112 2804 quidquid
3135 2735 3330 2790 exinde
3378 2750 3479 2792 ca:-

1903 2823 2004 2878 teri
2035 2824 2228 2886 sciunt,
2260 2837 2358 2878 nos
2386 2823 2498 2878 Deo
2521 2831 2744 2878 auctore
2789 2824 3010 2887 scimus,
3038 2833 3131 2878 aut
3159 2826 3300 2881 scire
3350 2841 3480 2896 pos-

1902 2929 2106 2980 sumus.
2135 2914 2179 2970 si
2209 2929 2315 2969 non
2337 2913 2818 2970 scimus—Piri.
2853 2914 2963 2969 Hoc
2991 2924 3097 2980 est,
3123 2916 3312 2985 inquit,
3329 2915 3473 2987 quod

1901 3005 2182 3067 miramur,
2209 3003 2301 3073 qui
2328 3003 2444 3059 sine
2475 3002 2816 3072 profectuoso
2847 3003 3032 3058 labore
3059 3006 3282 3074 potestis
3319 3007 3470 3081 quieo

1903 3109 2074 3159 scere,
2099 3094 2356 3149 laboratis
2385 3109 2450 3148 ne
2467 3094 2776 3162 quiescatis.
2801 3124 2869 3133 —
2897 3093 3063 3150 MISSI.
3094 3095 3208 3149 Non
3243 3097 3363 3151 ideo
3391 3096 3472 3152 la-

238 3192 403 3246 rimos
438 3191 643 3256 doctos,
666 3199 721 3246 et
748 3185 865 3246 sine
891 3191 1000 3247 ﬁne
1034 3205 1204 3260 usque
1227 3191 1281 3244 in
1321 3191 1481 3244 linem
1513 3192 1692 3246 saeculi
1735 3193 1801 3246 de
1829 3161 1873 3224 (δ
1904 3185 2161 3240 boramus
2187 3201 2256 3240 ne
2281 3187 2642 3255 quiescamus,
2675 3188 2766 3241 sed
2797 3203 2864 3242 ne
2887 3196 3107 3258 propter
3122 3189 3370 3244 inertiam
3399 3191 3476 3260 pii

239 3287 390 3337 tanto
413 3285 690 3354 mysterio,
723 3283 767 3338 si
795 3284 869 3337 ita
897 3291 1163 3347 teneatur,
1191 3283 1534 3337 instruendus
1563 3298 1682 3338 esse
1707 3298 1801 3338 co—

237 3371 535 3443 guovimus,
565 3373 654 3442 qui
682 3387 1018 3442 nequaquam
1061 3373 1443 3437 instrueretur,
1474 3372 1578 3426 nisi
1619 3381 1802 3427 canta-

238 3471 422 3516 netur:
458 3462 645 3517 melius
667 3464 820 3516 nobis
858 3463 1032 3516 visum
1063 3460 1163 3515 fuit
1205 3463 1473 3516 cantando
1500 3469 1678 3515 tantos
1719 3462 1803 3515 inc

238 3560 466 3615 struere,
498 3567 656 3620 quam
680 3553 908 3607 tacendo
935 3550 1181 3606 indoctos
1205 3551 1530 3621 relinquere.
1574 3549 1631 3605 Si
1657 3552 1801 3606 enim

239 3644 401 3697 sciret
437 3644 730 3712 paternitas
771 3652 880 3708 tua,
921 3652 1121 3713 quanta
1165 3651 1289 3698 sunt
1339 3645 1499 3699 hodie
1537 3644 1703 3698 millia
1749 3644 1802 3698 id

239 3734 520 3787 scientiam
547 3733 674 3801 quia
703 3741 972 3798 cantatur,
990 3734 1078 3802 qui
1101 3748 1381 3802 nunquam
1405 3733 1595 3788 scituri
1617 3742 1802 3789 essent

238 3823 341 3877 nisi
369 3830 697 3887 cantaretur,
731 3821 960 3877 fortasse
984 3823 1262 3877 nobiscum
1288 3831 1523 3887 teneres,
1547 3830 1601 3877 et
1628 3823 1680 3877 id
1711 3831 1802 3877 tuo

237 3915 399 3967 etiam
428 3927 690 3968 consensu
717 3922 1095 3968 utcantarctur
1113 3915 1507 3984 acquiesceres.
1535 3945 1607 3954 —
1635 3912 1798 3968 Pars.

238 4003 456 4058 [nterim
498 4004 750 4058 assentio.
811 4002 1234 4069 Verumtamen,
1281 4019 1480 4073 quaeso,
1537 4004 1802 4074 responde

237 4094 368 4148 mihi
397 4111 410 4146 :
443 4093 576 4147 Nam
605 4095 852 4148 universa
889 4095 1193 4161 huiusmodi
1222 4095 1345 4150 ﬁdei
1365 4096 1593 4165 mystica
1621 4111 1806 4151 sacra-

239 4193 442 4248 mcnta,
478 4199 596 4252 qua:
621 4185 862 4254 symbolo
891 4199 997 4238 non
1021 4185 1385 4249 continentur,
1439 4186 1557 4241 sine
1607 4187 1804 4254 quibus

237 4274 484 4342 quisque,
511 4273 602 4341 qui
658 4274 724 4328 ad
775 4274 875 4328 hoc
911 4275 1214 4345 pertingere
1257 4283 1454 4344 potest,
1505 4277 1805 4332 catholicus

238 4378 359 4418 esse
389 4379 492 4417 non
511 4371 707 4432 potest,
734 4362 985 4433 symbolis
1009 4365 1317 4428 inserenda,
1345 4375 1631 4435 etprOptcr
1656 4382 1803 4422 com-

237 4454 494 4522 pendium
523 4453 1144 4522 minusintelligcotium,
1167 4461 1226 4506 ut
1251 4455 1443 4523 cuique
1459 4454 1695 4520 libuerit,
1713 4456 1804 4509 ad-

240 4544 413 4598 denda
447 4544 615 4598 sunt?
635 4573 705 4584 --
742 4543 908 4598 M1551.
937 4543 1281 4615 Nequaquam
1317 4564 1330 4599 :
1360 4547 1483 4616 quia
1515 4561 1617 4601 non
1648 4561 1800 4617 teque

239 4636 421 4689 omnia
451 4635 750 4690 necessaria
792 4643 934 4689 sunt.
965 4665 1036 4674 —
1073 4635 1235 4690 PAI‘A.
1285 4636 1395 4690 Etsi
1430 4652 1534 4691 non
1574 4638 1752 4692 omnia
1783 4677 1797 4703 ,

238 4735 386 4781 certe
411 4725 639 4794 plurima
661 4734 786 4779 sunt
812 4726 894 4779 his
928 4725 1146 4789 similia,
1175 4741 1293 4794 qua:
1336 4727 1437 4780 nisi
1467 4742 1496 4780 a
1548 4729 1804 4797 capienti-

237 4815 342 4873 bus
375 4817 686 4880 credantur,
715 4815 961 4871 catholici
985 4830 1103 4870 esse
1126 4832 1230 4870 non
1275 4825 1515 4886 possunt.
1541 4848 1609 4858 -—
1633 4817 1800 4873 Missi.

235 4905 475 4962 Dabisne
500 4906 718 4976 aliquid,
748 4922 851 4960 non
883 4907 1003 4960 dico
1026 4907 1323 4972 sublimius,
1351 4909 1442 4962 sed
1468 4907 1655 4964 saltem
1681 4908 1806 4963 huic

238 4996 415 5051 simile
457 4999 697 5068 symbolo
735 4998 964 5052 deesse?
1008 5028 1078 5039 -
1105 4997 1264 5052 ΡΑΡΑ.
1312 4998 1512 5068 Nempe
1555 5000 1722 5063 dabo,
1753 5007 1808 5054 et

238 5086 578 5142 abundanter
607 5088 763 5142 dabo.
798 5119 868 5128 -—
892 5087 1056 5141 Missi.
1093 5088 1167 5142 Da
1204 5088 1380 5158 primo
1417 5103 1608 5151 unum,
1653 5096 1708 5143 et
1761 5089 1806 5143 si

239 5194 460 5233 necesse
485 5179 668 5245 fuerit,
699 5179 833 5234 adde
873 5179 1119 5235 alterum.
1144 5208 1214 5222 α-
1238 5180 1399 5236 ΡΑΡΑ.
1453 5179 1586 5248 Quia
1634 5182 1804 5236 amica

239 5273 420 5344 agitur
457 5274 800 5330 contentione
828 5274 967 5343 quod
995 5274 1188 5342 agitur,
1231 5283 1287 5328 et
1317 5288 1416 5343 pro
1461 5283 1807 5342 utrarumque

236 5363 474 5434 partium
504 5363 764 5434 quieritur
791 5364 959 5418 salute
995 5366 1136 5435 quod
1178 5365 1437 5434 qumritur
1475 5363 1658 5434 (atque
1701 5365 1808 5419 uti-

238 5467 367 5508 nam
403 5453 613 5524 quoties
639 5453 837 5522 aliquid
869 5452 1170 5522 huiusmodi
1208 5453 1260 5508 in
1309 5453 1602 5524 majoribus
1631 5469 1724 5508 seu
1753 5454 1805 5509 in

239 5544 540 5600 minoribus
591 5543 969 5598 ecclesiasticis
1016 5543 1099 5596 vel
1151 5544 1430 5600 catholicis
1490 5543 1808 5602 utilitatibus

235 5635 518 5703 qumritur,
559 5633 631 5688 ita
663 5647 757 5703 per
800 5633 976 5687 omnia
1011 5627 1231 5703 pa'ciﬁce
1271 5637 1386 5689 sine
1431 5625 1682 5705 perversa
1725 5636 1807 5691 iii-

242 5723 482 5777 tcntione
498 5724 906 5794 quierereturl),
928 5737 993 5776 ne
1019 5721 1144 5790 quid
1173 5721 1307 5776 forte
1330 5726 1394 5778 de
1421 5729 1806 5778 tani'reverené

1904 3275 2107 3332 laboris
2149 3277 2431 3345 praemium
2472 3276 2801 3341 amittamus,
2849 3285 2904 3330 et
2948 3277 3094 3331 salva
3131 3278 3472 3349 diligentiore

1904 3366 2291 3435 inquisitione,
2341 3365 2714 3434 declinataque
2768 3367 3029 3442 pertinaci
3088 3369 3474 3430 contentione,

1903 3459 2078 3512 adhuc
2090 3457 2262 3526 majus
2271 3459 2598 3514 azstimamus
2611 3457 2837 3522 lucrum,
2853 3459 2994 3527 quod
3011 3472 3106 3528 per
3123 3459 3292 3515 hocin
3311 3460 3476 3514 corde

1903 3550 2257 3618 querentium
2301 3549 2635 3618 acquiritur,
2673 3563 2834 3618 quam
2874 3549 3254 3604 detrimentum
3306 3550 3358 3604 in
3403 3564 3480 3606 ea.

1903 3639 2019 3695 ﬁeri
2045 3640 2255 3694 illorum
2286 3640 2377 3709 qui
2406 3639 2756 3703 addiderunt,
2787 3655 2849 3694 ac
2876 3639 2920 3693 si
2950 3654 3046 3708 per
3073 3641 3472 3695 contumaciam

1902 3738 2300 3800 contemptores
2323 3737 2668 3799 paternarum
2687 3730 3129 3785 constitutionum
3149 3733 3467 3787 existerent.

1902 3823 2061 3878 Aliud
2101 3831 2185 3878 est
2223 3821 2367 3876 enim
2414 3835 2510 3890 per
2550 3821 2912 3891 arrogantiam
2949 3822 3302 3877 transiliendo
3328 3822 3472 3878 bona

1903 3923 2268 3976 contemnere,
2309 3911 2453 3966 aliud
2481 3911 2622 3966 bona
2651 3926 2748 3979 per
2784 3903 3214 3966 benevolentiam
3246 3911 3472 3966 meliora

1901 4003 2221 4061 eﬂicere.—
2247 4001 2407 4056 PAPA.
2438 4000 2584 4055 Istud
2606 4014 2820 4072 quoque
2849 4000 2950 4056 etsi
2990 4004 3042 4056 in
3072 4001 3393 4070 quibusdam
3419 4013 3480 4056 ut

1903 4103 2094 4165 agatur
2113 4092 2312 4148 bonum
2333 4100 2448 4156 est,
2479 4107 2584 4145 non
2609 4101 2789 4145 tamen
2829 4091 2949 4146 ideo
2976 4092 3174 4160 ubique
3208 4095 3474 4162 agendum

1900 4192 2003 4239 est.
2031 4182 2148 4249 Qua
2182 4183 2247 4238 dc
2279 4197 2340 4236 re
2382 4181 2547 4236 multa
2574 4182 2626 4236 id
2652 4181 2726 4236 ita
2753 4198 2874 4237 esse
2899 4183 3182 4252 probantia
3219 4185 3342 4239 addi
3375 4201 3472 4256 po-

1903 4281 2081 4328 terant
2113 4272 2417 4328 testimonia
2447 4291 2458 4325 :
2502 4272 2596 4326 sed
2624 4286 2709 4325 res
2740 4287 2838 4341 per
2866 4287 2924 4327 se
2968 4273 3256 4328 admodum
3303 4285 3476 4344 patet,

1901 4373 2101 4434 quanto
2126 4365 2316 4422 melius
2351 4367 2441 4431 sit,
2473 4375 2533 4420 ut
2571 4369 2799 4436 quisque
2845 4351 3120 4437 quodlibet
3153 4368 3352 4422 bonum
3400 4367 3475 4423 ita

1904 4463 1964 4509 ut
1993 4464 2077 4509 est
2101 4456 2232 4510 utile
2278 4457 2503 4511 reddere
2531 4459 2745 4512 studeat
2775 4477 2787 4510 :
2820 4468 2934 4524 aut,
2973 4461 3018 4514 si
3049 4457 3186 4515 forte
3207 4461 3263 4516 id
3300 4462 3476 4532 ipsum

1905 4547 2104 4602 bonum
2152 4547 2342 4604 melius
2372 4547 2582 4604 ellicere
2621 4551 2830 4616 nititur,
2878 4553 2982 4607 hoc
3029 4553 3204 4621 primo
3247 4563 3474 4620 caveat,

1907 4633 2008 4690 hoc
2036 4651 2357 4706 magnopere
2384 4639 2698 4708 perpendat,
2730 4655 2795 4694 ne
2822 4650 2876 4694 et
2920 4655 2976 4695 se
3002 4641 3143 4696 ultra
3183 4659 3344 4716 quam
3376 4644 3473 4699 de-

1908 4725 2023 4780 buit
2064 4727 2408 4780 temerarium
2455 4729 2848 4797 praesumendo,
2877 4739 2932 4786 et
2961 4731 3087 4787 illud
3117 4734 3257 4802 quod
3296 4749 3391 4803 per
3418 4748 3478 4788 se

1891 4816 2125 4872 salubre
2149 4826 2265 4870 erat
2289 4817 2481 4872 reddat
2507 4821 2726 4874 noxium
2756 4825 3170 4894 corrumpendo.
3211 4824 3325 4880 Nisi
3352 4827 3476 4895 quis

1909 4899 2049 4962 forte
2079 4922 2320 4963 asserere
2344 4907 2470 4962 velit
2504 4910 2569 4964 de
2597 4913 2846 4980 prmsenti
2871 4914 3010 4968 unde
3048 4917 3246 4982 agitur,
3277 4915 3360 4969 vel
3395 4916 3474 4970 si-

1911 4997 2127 5054 milibus
2155 4997 2424 5069 capitulis,
2451 5015 2569 5069 quae
2605 5001 2719 5074 sine
2743 5003 2982 5072 periculo
3008 5020 3106 5060 suo
3131 5005 3322 5060 docere
3347 5007 3473 5064 licet

1910 5096 1966 5144 et
1999 5088 2231 5156 discere,
2261 5098 2321 5142 ut
2347 5091 2478 5145 ordo
2503 5090 2724 5147 docendi
2757 5093 2936 5148 licitus
2974 5094 3292 5164 dimittatur,
3320 5103 3377 5149 et
3397 5095 3472 5154 ibi

1911 5175 2249 5242 deserantur,
2263 5178 2354 5232 ubi
2372 5194 2640 5249 nunquam
2666 5181 2917 5253 deinceps
2931 5183 3131 5238 docens
3144 5191 3238 5240 aut
3262 5182 3475 5242 discens

1909 5265 2297 5332 innocens,scd
2322 5284 2533 5342 semper
2549 5286 2679 5326 sane
2706 5272 2759 5327 in
2788 5273 3229 5342 transgressionis
3247 5274 3473 5328 (uimine

1910 5361 2105 5415 merito
2133 5361 2427 5432 culpabilis.
2458 5373 2685 5434 uterque
2731 5363 3022 5432 iudicetur.
3071 5364 3223 5433 Quod
3261 5375 3315 5421 te
3363 5363 3473 5420 for-

1911 5459 2072 5514 tasse,
2102 5451 2147 5506 si
2175 5468 2280 5506 non
2314 5453 2619 5526 dedigneris
2657 5456 2872 5520 audire,
2918 5469 3023 5511 non
3050 5456 3319 5516 immerito
3358 5469 3479 5515 ιω.

1908 5543 1991 5621 git
2017 5555 2032 5597 :
2062 5544 2151 5614 qui
2196 5545 2284 5619 hic
2312 5547 2452 5615 quod
2481 5547 2740 5614 hactenus
2771 5547 2823 5600 in
2867 5545 3104 5606 Ecclesia
3133 5548 3246 5612 Del,
3282 5557 3336 5605 et
3369 5547 3475 5606 sibi

1911 5633 2141 5710 quisque
2169 5635 2385 5705 s-piens
2418 5638 2579 5697 scire,
2602 5641 2658 5688 et
2689 5635 2804 5690 sine
2825 5638 3148 5706 cogitatione
3179 5629 3358 5694 delicti
3389 5638 3465 5704 in.-

1913 5727 2174 5796 sipienter
2201 5728 2375 5796 potuit
2402 5729 2615 5790 docere,
2632 5727 2742 5796 jam
2779 5728 3029 5797 deinceps
3056 5744 3161 5782 non
3190 5728 3312 5784 dico
3341 5727 3476 5784 ιωι-
