4000 6468
625 343 730 400 975

1669 337 2013 401 APPENDIX
2050 337 2142 392 AD
2181 337 2531 394 SSIABAGDI
2565 340 2812 396 OPERA.
3655 355 3718 411 πθ

626 468 712 511 tus
744 455 968 514 discere,
1011 451 1105 505 sed
1130 463 1227 505 nec
1274 450 1385 518 ipse
1433 447 1648 517 sapiens
1697 449 1813 503 sine
1858 449 2184 516 prtevarica-
2213 456 2264 516 Α
2288 451 2457 506 MISS].
2487 452 2644 519 Ergo,
2669 462 2727 506 ut
2763 454 2938 516 video,
2965 452 3090 507 illud
3129 468 3159 508 a
3185 463 3355 510 vestra
3391 461 3723 524 paternitatede.

623 547 770 604 tione
817 543 987 613 possit
1020 548 1261 605 cantare,
1315 540 1649 595 cantandove
1700 547 1760 593 ut
1795 539 1954 592 vultis
2001 553 2191 606 quem-

623 649 788 704 quam
817 634 1028 694 docere,
1058 640 1111 684 et
1141 631 1269 683 dum
1290 628 1476 683 multis
1503 628 1608 682 alio
1635 644 1797 697 quam
1825 627 2032 681 debetis
2081 635 2191 680 tra-

625 728 755 780 mite
784 724 1037 795 prodesse
1069 722 1288 792 eligitis,
1319 721 1523 775 nullum
1546 721 1598 774 in
1623 722 1725 774 hac
1755 721 2015 774 duntaxat
2041 729 2192 789 parte

625 815 929 877 dimittitis,
965 797 1062 866 cui
1090 813 1136 866 si
1167 827 1262 865 vos
1292 819 1508 866 secutus
1571 809 1734 863 fuerit
1779 825 1884 866 non
1934 810 2189 864 nocentis.

625 907 758 960 Nam
781 907 847 960 de
876 921 940 961 eo
967 904 1107 973 quod
1139 919 1299 972 supra
1332 903 1611 965 docuistis,
1636 918 1740 955 non
1779 917 1930 970 teque
1945 900 2194 968 judican-

623 997 725 1051 dus
747 995 829 1050 vel
857 993 1136 1049 habendus
1165 993 1234 1046 sit
1277 993 1364 1046 ille
1385 992 1476 1061 qui
1505 992 1608 1046 tale
1630 991 1832 1060 aliquid
1870 993 2060 1046 devote
2081 992 2192 1046 fru-

623 1097 767 1142 ctum
797 1086 1086 1157 quaerendo
1115 1093 1318 1155 ageret,
1354 1083 1444 1137 illo
1469 1083 1558 1152 qui
1596 1083 1696 1137 hoc
1738 1083 2042 1136 contumaci
2077 1081 2195 1150 jus-

627 1176 776 1228 sione
801 1181 1172 1245 pnesumeret.
1204 1172 1328 1226 llaec
1354 1171 1614 1236 defensio,
1655 1171 1774 1235 vel,
1806 1171 1851 1224 si
1876 1171 1982 1226 dici
2013 1172 2190 1237 liceat,

627 1265 1023 1335 tergiversatio,
1061 1277 1166 1316 non
1197 1263 1300 1315 huc
1325 1262 1568 1330 respicit,
1601 1275 1706 1314 non
1753 1261 1893 1315 istud
1917 1261 2145 1316 intendit
2176 1279 2190 1313 ε

627 1357 752 1424 quia
780 1371 888 1422 non
924 1353 1067 1408 idem
1099 1360 1278 1422 patres
1303 1351 1657 1405 discernendo
1696 1351 1779 1405 vel
1803 1350 2190 1418 decreverunt,

626 1459 728 1498 nec
784 1449 1102 1505 sanxerunt,
1155 1448 1211 1494 ut
1265 1441 1438 1508 ipsum
1478 1438 1770 1494 benevolus
1813 1449 2191 1507 prmsumeret,

624 1555 734 1595 non
784 1538 1098 1601 malevolus,
1143 1536 1234 1590 sed
1288 1534 1656 1589 tantummodo
1713 1532 2188 1588 nullus.—Missr.

626 1627 877 1697 Nunquid
911 1642 1018 1681 non
1048 1641 1078 1680 a
1111 1635 1161 1680 te
1210 1626 1262 1679 id
1291 1625 1463 1694 ipsum
1510 1624 1809 1694 symbolum
1858 1631 1941 1677 est
1985 1625 2108 1678 data
2138 1625 2194 1678 in

626 1719 856 1774 ecclesia
892 1717 1138 1772 cantandi
1189 1716 1439 1771 licentia?
1495 1715 1743 1784 Nunquid
1797 1731 1826 1768 a
1880 1716 2036 1770 nobis
2086 1715 2192 1770 huc

2293 542 2550 605 cernitur,
2579 551 2639 597 ut
2683 543 2860 612 primo
2889 543 3038 606 illud,
3071 543 3136 597 de
3161 559 3265 612 quo
3305 548 3507 612 quaestio
3522 549 3665 617 agitur,
3684 558 3724 610 de

2292 647 2432 700 s:epe
2455 630 2568 686 fato
2596 633 2838 703 symbolo
2861 633 3095 698 tollatur,
3111 640 3166 687 et
3187 642 3310 688 tunc
3321 635 3508 690 demum
3521 653 3546 691 α
3566 643 3724 708 quolibet

2293 721 2439 777 licite
2465 738 2528 778 ac
2551 723 2740 788 libere,
2773 725 2886 779 sive
2915 725 3202 789 cantando,
3230 725 3337 779 sive
3363 727 3596 794 tradendo,
3617 732 3726 788 disc.

2295 823 2383 868 tur
2425 825 2480 870 et
2519 816 2796 880 doceatur.
2818 846 2890 856 ——
2915 816 3074 870 Pam.
3091 817 3176 870 ita
3211 816 3389 886 procul
3413 819 3550 874 dubio
3568 837 3590 874 ι
3610 835 3725 879 nostra

2293 914 2445 975 parte
2467 907 2806 961 decernitur:
2839 907 2912 960 ita
2935 922 3148 976 quoque
3168 916 3224 960 ut
3249 923 3277 960 a
3296 919 3458 962 vestra
3480 914 3726 976 assentiatur,

2293 1011 2324 1050 a
2347 997 2502 1052 nobis
2521 997 2845 1052 omnimodis
2871 997 3388 1053 suadetur.—MISSI.
3415 999 3660 1070 Quanquam
3682 1019 3728 1057 er-

2293 1102 2390 1158 go,
2447 1095 2508 1141 ut
2536 1102 2698 1156 supra
2744 1088 2858 1158 ipse
2910 1088 3125 1152 dixisti,
3161 1104 3257 1158 pro
3303 1090 3546 1144 ambarum
3581 1095 3729 1160 partium

2293 1177 2554 1246 quaeritur
2608 1178 2781 1234 salute
2813 1179 2956 1248 quod
3011 1179 3290 1248 quaeritur,
3333 1180 3531 1237 sublatis
3562 1184 3625 1237 bis
3660 1201 3730 1253 qua

2293 1271 2478 1335 vultis,
2510 1271 2710 1326 bonum
2755 1281 2838 1327 est
2883 1281 2943 1327 ut
2991 1273 3130 1326 idem
3162 1274 3444 1342 symbolum
3479 1285 3732 1331 cantetur.-

2294 1359 2457 1414 ΡΑΡΑ.
2498 1360 2702 1415 Bonum
2744 1376 2891 1416 sane.
2937 1361 3090 1428 Quod
3147 1371 3322 1416 tamen
3365 1379 3458 1417 non
3502 1363 3730 1434 imperando,

2293 1450 2390 1504 sed
2419 1458 2477 1503 ut
2497 1451 2649 1518 prius
2679 1450 3040 1518 permittendo
3084 1451 3342 1514 dicimus:
3369 1452 3479 1519 quia
3518 1452 3616 1507 illud
3637 1456 3732 1507 sicuti

2296 1547 2423 1602 tunc
2452 1540 2527 1594 ita
2551 1539 2606 1594 et
2629 1555 2796 1605 nunc,
2827 1539 2870 1593 si
2915 1539 3128 1594 sincere
3158 1549 3360 1610 agatur,
3389 1541 3504 1594 utile
3543 1541 3733 1611 indigenti-

2293 1632 2394 1686 bus
2419 1645 2537 1685 esse
2569 1643 2728 1700 posse
2768 1644 2873 1684 non
2902 1629 3232 1697 ignoramus.
3252 1658 3323 1668 —
3349 1628 3498 1684 Missi.
3519 1629 3624 1695 Quia
3640 1645 3731 1691 vero.

2294 1728 2355 1773 ut
2376 1719 2576 1783 dicitis,
2626 1727 2684 1772 et
2715 1733 2903 1772 verum
2951 1718 3153 1783 dicitis,
3189 1718 3379 1772 bonum
3411 1727 3484 1772 est
3515 1728 3674 1772 cantare
3705 1720 3734 1772 id

625 1828 754 1866 usus
787 1812 884 1876 ille
920 1812 1170 1878 cantandi
1201 1811 1496 1880 processit?
1543 1809 1678 1863 llinc
1708 1809 1908 1863 etenim
1930 1808 2055 1861 illuc
2080 1823 2196 1863 mos
2223 1822 2270 1881 Β
2298 1812 2471 1880 ipsum
2528 1808 2850 1880 symbolum,
2883 1809 3125 1877 nunquid
3161 1808 3306 1862 enim
3346 1807 3389 1862 si
3437 1823 3582 1862 sermo
3616 1808 3734 1876 plenus

628 1901 768 1958 idem
796 1902 1068 1966 cantandi,
1109 1918 1214 1956 non
1246 1918 1273 1954 a
1309 1902 1462 1955 nobis
1509 1901 1613 1954 huc
1663 1901 1877 1955 advenit
1930 1909 2028 1954 :et
2070 1915 2204 1969 quo-,

627 1991 786 2046 modo
813 1978 963 2045 illum
1017 2005 1186 2059 usque
1237 1989 1394 2044 hodie
1449 1989 1769 2043 cantamus?
1797 2019 1867 2028 ——
1892 1989 2053 2044 Papa.
2085 1990 2198 2061 Ego

626 2083 898 2139 licentiam
921 2082 1041 2136 dedi
1081 2081 1369 2144 cantandi;
1398 2095 1504 2135 non
1536 2089 1714 2135 autem
1744 2081 2015 2136 cantando
2039 2081 2199 2151 quid-

626 2174 771 2241 piam
800 2173 1046 2242 addendi,
1065 2172 1358 2236 minuendi,
1391 2187 1484 2226 seu
1508 2171 1749 2225 mutandi
1775 2189 1787 2224 :
1816 2181 1870 2225 et
1895 2181 1952 2224 ut
1976 2186 2196 2240 expres-

628 2266 742 2337 sius
770 2264 994 2333 aliqnid,
1025 2264 1150 2332 quia
1183 2278 1278 2316 vos
1306 2263 1521 2333 cogitis,
1545 2262 1752 2330 loquar,
1789 2261 2026 2330 quandiu
2050 2262 2198 2316 vobis

630 2353 684 2407 in
720 2353 823 2408 hoc
856 2352 987 2406 satis
1035 2350 1153 2417 fuit,
1185 2352 1452 2421 quomodo
1505 2352 1557 2406 in
1590 2350 1896 2419 huiusmodi
1927 2350 2199 2406 cantando

627 2447 710 2500 vel
767 2445 1088 2502 celebrando
1128 2433 1491 2502 sacrosanctis
1537 2446 1807 2517 mysteriis
1852 2455 2036 2500 sancta
2094 2446 2200 2500 Ro-

631 2555 792 2606 mana
821 2546 968 2593 tenet
994 2537 1234 2593 Ecclesia
1255 2578 1270 2602 ,
1303 2551 1642 2606 nequaquam
1674 2545 1770 2590 aut
1812 2536 1967 2590 nobis
1996 2536 2049 2590 in
2080 2535 2198 2590 tali-

628 2630 729 2685 bus
764 2632 1052 2701 ,lahorare,
1093 2639 1186 2686 aut
1232 2630 1352 2684 aliis
1387 2630 1667 2684 laborandi
1727 2630 2069 2684 occasionem
2106 2642 2200 2681 ne-

627 2738 779 2777 cesse
805 2722 906 2777 fuit
937 2724 1199 2794 ingerere.
1228 2722 1380 2788 Quod
1404 2738 1532 2776 vero
1561 2722 1806 2776 asseritis
1833 2722 1954 2776 ideo
1990 2735 2084 2775 vos
2123 2721 2200 2776 ita

628 2822 871 2877 cantare,
897 2813 1152 2882 quoniam
1184 2813 1320 2868 alios
1354 2813 1406 2866 in
1441 2813 1559 2866 istis
1596 2811 1842 2882 partibus
1870 2811 2024 2865 vobis
2056 2811 2202 2881 prio-

629 2917 718 2957 res
769 2901 994 2956 audistis
1043 2910 1314 2969 cantasse,
1351 2901 1481 2970 quid
1531 2901 1601 2953 ad
1657 2900 1792 2954 nos?
1819 2898 1926 2952 Nos
1952 2899 2094 2954 enim
2149 2899 2200 2954 id

630 2979 805 3062 ipsum
835 3007 940 3046 non
973 3002 1284 3053 cantamus,
1316 2990 1411 3044 sed
1438 2989 1696 3059 legimus,
1727 2996 1783 3042 et
1832 2988 2056 3058 legendo
2101 2988 2199 3047 d0-

629 3097 772 3147 cere,
801 3098 900 3138 nec
931 3090 1108 3136 tamen
1143 3081 1364 3151 legendo
1390 3090 1483 3135 aut
1531 3081 1772 3136 docendo
1821 3080 2018 3137 addere
2047 3081 2201 3149 quid-

2299 1909 2446 1957 recta
2475 1899 2578 1954 fide
2601 1915 2632 1954 e
2658 1899 2834 1955 medio
2874 1899 3108 1962 tollatur,
3141 1899 3283 1953 idem
3310 1913 3472 1953 sermo
3493 1900 3549 1951 ab
3577 1899 3737 1952 omnibs

2298 2007 2362 2046 ae
2391 1991 2436 2046 si
2475 1999 2665 2045 contra
2711 1989 2871 2044 fidem
2919 1989 2993 2044 sit
3019 1988 3477 2044 condemnabitur?
3518 1987 3640 2053 Quale
3661 2003 3736 2057 ergo

2297 2085 2452 2139 dabis
2498 2082 2816 2147 consilium,
2864 2096 2936 2136 ne
2973 2081 3209 2150 idipsum
3261 2080 3326 2134 ad
3380 2079 3563 2149 aliquod
3587 2087 3738 2132 transeat

2297 2173 2651 2229 exitium?—
2691 2171 2855 2225 Papa.
2899 2169 2958 2224 Si
2983 2170 3298 2241 priusquam
3343 2169 3414 2224 ita
3440 2167 3736 2223 cantareturin-

2299 2270 2598 2332 terrogatus
2613 2276 2809 2324 essem,
2827 2274 2896 2316 ne
2912 2260 3241 2314 insereretur
3254 2259 3429 2328 utique
3443 2256 3736 2325 respondissem.

2297 2353 2368 2406 At
2395 2367 2557 2415 nunc,
2584 2351 2728 2420 quod
2756 2357 2937 2404 tamen
2962 2364 3069 2404 non
3099 2347 3426 2412 afﬁrmando,
3469 2344 3546 2400 sed
3563 2344 3738 2398 vobiscum

2297 2441 2501 2509 pariter
2529 2439 2812 2494 tractando
2839 2438 2982 2503 dico,
3011 2445 3275 2507 quantum
3301 2435 3454 2490 menti
3488 2433 3675 2494 occurrit,
3696 2432 3738 2482 ita

2299 2531 2430 2585 mihi
2467 2531 2680 2585 videtur
2721 2543 2879 2599 posse
2906 2535 3199 2597 utrumque
3241 2525 3352 2580 fieri
3382 2541 3395 2579 :
3428 2531 3481 2578 ut
3501 2520 3683 2592 paulatim
3707 2519 3737 2572 in

2297 2621 2516 2692 palatio,
2539 2621 2666 2690 quia
2691 2620 2744 2674 in
2777 2627 2964 2674 nostra
2995 2626 3182 2674 sancta
3202 2617 3419 2673 ecclesia
3450 2630 3538 2669 non
3563 2619 3738 2672 cautam.

2299 2711 2550 2766 cantandi
2572 2709 2901 2766 consuetudo
2927 2708 3168 2776 ejusdem
3188 2707 3412 2778 symboli
3441 2702 3738 2758 intermittatur:

2301 2799 2485 2869 sicque
2509 2797 2619 2864 ﬁat,
2653 2806 2712 2852 ut
2732 2797 2875 2867 quod
2899 2797 2950 2851 id
2978 2798 3156 2867 ipsum
3177 2805 3236 2851 ut
3264 2802 3541 2852 cantaretur
3564 2805 3639 2843 non
3653 2801 3739 2854 que-

2300 2887 2431 2943 libet
2453 2888 2768 2957 imperantis
2793 2887 3104 2951 auctoritas,
3123 2887 3222 2941 sed
3247 2885 3416 2956 potius
3439 2878 3635 2944 audiendi
3656 2875 3687 2928 id
3700 2874 3742 2924 ic-

2301 2983 2453 3031 cerat
2499 2977 2746 3044 novitas;
2782 2977 2825 3033 si
2867 2976 3174 3030 dimittatur
3201 2989 3232 3028 a
3267 2973 3428 3036 vobis,
3470 2970 3686 3031 dimittetur
3704 2965 3743 3014 ab

2302 3067 2554 3122 omnibus
2586 3077 2680 3122 :et
2707 3067 2783 3122 ita
2832 3065 3062 3122 fortasse
3091 3074 3352 3136 quantum
3379 3076 3484 3118 esse
3520 3065 3664 3128 potest.
3683 3067 3741 3105 non

631 3174 976 3242 piameidem
1021 3173 1264 3244 symbolo
1308 3173 1595 3227 inserendo
1640 3172 2040 3242 praesumimus.
2072 3171 2202 3238 Qua:

2163 3187 2202 3225 ge
2229 3165 2273 3228 (ζ
2305 3158 2598 3230 incongrue
2628 3167 2918 3229 utrumque
2947 3158 3065 3212 ﬁeri
3105 3159 3279 3228 possit
3304 3177 3315 3211 :
3344 3165 3399 3211 ut
3423 3151 3642 3225 quodjam
3661 3160 3743 3201 nunc

629 3277 759 3316 vero
778 3262 1050 3332 praedictis
1078 3261 1336 3332 symbolis
1369 3261 1490 3315 fidei
1526 3269 1734 3315 tantum
1765 3276 1872 3315 non
1899 3276 2200 3331 congruen—

632 3358 726 3414 tia-
755 3359 940 3412 deesse
978 3357 1374 3426 cognoscimus,
1410 3371 1536 3419 non,
1579 3363 1633 3409 ut
1665 3370 1806 3425 saepe
1853 3355 2056 3409 dictum
2095 3362 2198 3421 est,

633 3450 867 3503 inserere
897 3449 1304 3518 praesumimus,
1339 3447 1450 3506 sed.
1483 3447 1618 3501 locis
1669 3446 2068 3514 temporibusve
2107 3460 2203 3515 op-

633 3537 878 3606 portunis
919 3538 1112 3606 quibus
1162 3536 1417 3605 competit
1463 3536 1775 3591 ministrare
1831 3552 2205 3592 curamus.—

2305 3266 2336 3305 a
2355 3250 2657 3319 quibusque
2695 3251 2846 3320 prius
2868 3251 3236 3305 nescientibus
3261 3258 3398 3305 recte
3425 3247 3617 3302 creditur
3633 3239 3745 3294 erebo

2308 3350 2414 3406 tur,
2446 3347 2497 3394 et
2533 3348 2711 3395 tamen
2748 3339 2934 3394 illicita
2971 3341 3228 3395 cantandi
3253 3336 3547 3396 consuetudo
3583 3333 3664 3386 sine
3693 3342 3746 3379 cu-

2301 3428 2496 3499 jusque
2531 3429 2655 3484 iidei
2679 3429 2896 3486 laesione
2920 3430 3160 3486 tollat-ur.

647 3619 3740 3653 W

1093 3726 1799 3839 APPENDIX
1880 3723 2065 3836 AD
2153 3724 2869 3844 SMARAGDI
2949 3725 3442 3839 OPERA.

703 3898 1062 3960 ΕΗΑΒΤᾹΞ
1104 3898 1487 3962 LUDOVICI
1537 3898 1641 3961 PII
1683 3897 2471 4038 ETLOTHﬁIIgIIifIEIdIS
2497 3901 2702 3975 EJUS,
2747 3901 2903 3962 PRO
2946 3899 3454 3964 MONASTERIO
3491 3889 3696 3958 SANCTI

1817 4073 1992 4146 (Apud
2038 4072 2246 4139 Baluz.,
2278 4073 2372 4128 lib.
2408 4089 2461 4128 tv
2503 4074 2748 4148 Miscell.)

1393 4229 1414 4281 ι

2317 4249 2486 4289 nonas
2528 4243 2581 4289 et
2607 4235 2844 4290 decimas
2873 4236 3028 4291 annis
3064 4236 3310 4306 singulis,
3340 4243 3394 4288 ut
3428 4229 3673 4303 praedicmm
3689 4226 3750 4276 est.

639 4317 832 4370 Charta
860 4314 1106 4371 Ludovici
1125 4316 1229 4398 _Pii
1262 4335 1354 4386 pro
1381 4318 1699 4412 monasterio
1725 4317 1908 4373 Sancti
1939 4318 2212 4394 Michaelis
2238 4353 2289 4412 Ι)
2317 4326 2540 4398 prmfato
2561 4328 2854 4382 venerabili
2893 4327 3190 4400 Smaragdo
3221 4329 3430 4396 suisque
3449 4311 3750 4379 successoribus

1118 4387 1172 4440 in
1213 4403 1345 4456 pago
1381 4387 1443 4439 Vi
1451 4387 1508 4440 rd
1515 4388 1717 4441 unensi.

730 4477 790 4530 in
841 4478 1056 4532 nomine
1103 4477 1309 4532 Domini
1356 4478 1450 4530 Dei
1503 4477 1800 4532 Salvatoris
1850 4481 2021 4534 nostri
2087 4480 2212 4536 Jesu

639 4567 882 4632 Christi,
941 4569 1243 4623 Ludovicus
1293 4568 1471 4623 divina
1535 4570 1818 4626 ordinante
1881 4573 2214 4642 providentia

642 4659 934 4729 imperator
965 4657 1256 4730 Augustus.

710 4749 934 4805 Noverit
960 4751 1164 4805 utilitas
1217 4752 1451 4806 ﬁdelium
1481 4761 1811 4818 nostrorum,
1839 4755 2097 4809 comitum
2139 4755 2222 4809 vi-

642 4842 838 4896 delicet
867 4851 922 4896 et
955 4857 1238 4897 vassorum
1269 4852 1593 4908 nostrorum,
1637 4845 1722 4899 vel
1771 4833 2016 4914 quisquis
2057 4845 2220 4899 bene—

640 4933 762 4988 ﬁcia
791 4948 858 4987 ex
887 4933 1094 4987 ratione
1148 4934 1457 4987 monasterii
1493 4935 1665 4988 sancti
1696 4934 1971 4988 Michaelis
2014 4935 2218 4988 habere

642 5022 872 5088 videtur,
895 5022 987 5076 ubi
1020 5021 1338 5076 venerabilis
1358 5021 1440 5074 vir
1463 5021 1791 5091 Smaragdus
1817 5029 2014 5090 praeest
2055 5023 2214 5086 abba,

643 5113 771 5181 quia
801 5113 942 5168 sicut
970 5112 1200 5167 domnus
1230 5121 1284 5165 et
1330 5112 1540 5180 genitor
1577 5121 1762 5167 noster
1813 5113 2091 5182 praecepit,
2145 5113 2218 5167 ita

643 5212 698 5256 et
735 5219 835 5259 nos
862 5204 1204 5275 prtecipimus
1233 5211 1292 5255 ut
1334 5201 1508 5254 cidem
1558 5201 1883 5256 monasterio
1915 5202 2072 5256 annis
2104 5203 2218 5256 sin—

644 5295 783 5365 gulis
820 5294 884 5350 de
913 5295 1114 5349 eisdem
1142 5291 1416 5348 beneﬁciis
1443 5306 1615 5344 nonas
1639 5300 1693 5344 et
1737 5293 1974 5346 decimas
2008 5291 2076 5345 de
2103 5306 2218 5346 om~

646 5384 804 5438 nibus
830 5385 1060 5452 plenitor
1087 5385 1216 5438 dare
1263 5398 1369 5436 non
1406 5381 1718 5452 neglegatis.
1761 5382 1992 5438 Proinde
2019 5383 2212 5453 prmei-

645 5470 824 5540 pimus
848 5471 1064 5540 peritas
1093 5472 1302 5525 litteras
1343 5471 1593 5525 omnibus
1626 5473 1930 5543 quicunque
1961 5489 2027 5527 ex
2058 5472 2218 5543 largi-

647 5563 795 5618 tione
824 5555 1008 5618 ndstra
1043 5563 1126 5616 vel
1150 5563 1408 5617 comitum
1459 5571 1551 5618 aut
1579 5579 1857 5617 vassorum
1906 5573 2214 5619 nostrorum

653 5653 720 5707 de
746 5655 905 5708 rebus
932 5652 1138 5724 prmfati
1176 5654 1486 5709 monasterii
1515 5653 1774 5709 beneficia
1825 5653 2036 5707 habetis
2068 5653 2172 5723 [ut]
2200 5694 2214 5717 ,

727 5780 752 5808 ι
782 5767 908 5821 llaec
947 5773 1143 5836 praeter
1175 5765 1410 5822 solitum.

2315 4417 2397 4471 vel
2425 4417 2602 4472 missis
2629 4417 2867 4487 ejusdem
2895 4399 3210 4474 monasterii
3234 4419 3423 4485 absque
3441 4413 3530 4467 ulla
3555 4399 3752 4463 contrarie

2318 4518 2428 4564 tate
2457 4518 2511 4565 et
2543 4510 2874 4582 neglegentia
2901 4511 3027 4566 dare
3057 4527 3161 4566 non
3182 4507 3488 4581 neglegatis;
3510 4511 3554 4556 et
3571 4500 3621 4554 ad
3638 4495 3752 4582 dottws

2319 4601 2486 4670 ipsius
2503 4601 2753 4655 Ecclesiae
2776 4603 3152 4657 restaurandas
3171 4599 3514 4669 unusquisque
3533 4605 3608 4662 pro
3627 4581 3752 4673 viribus

2320 4692 2432 4746 suis
2473 4689 2794 4759 adjutorium
2829 4691 2966 4746 ferre
3008 4707 3114 4745 non
3149 4691 3377 4746 differat.
3430 4686 3487 4739 Et
3531 4677 3752 4734 nullustul

2320 4783 2638 4838 beneficium
2665 4783 2729 4836 de
2759 4783 2918 4838 rebus
2957 4781 3164 4851 praefati
3197 4776 3490 4834 monasterii
3527 4769 3662 4825 habet,
3679 4773 3753 4811 con-

2324 4881 2405 4926 tra
2451 4874 2552 4926 hoc
2585 4871 2844 4940 jussionis
2892 4880 3088 4926 nostra:
3134 4879 3448 4941 prmceptum
3491 4862 3631 4915 facere
3667 4862 3752 4919 PN“

2322 4970 2497 5015 sumat
2534 4979 2546 5012 :
2599 4961 2692 5014 sed
2728 4961 2780 5014 in
2809 4960 3055 5014 omnibus
3105 4961 3176 5014 ita
3224 4959 3349 5013 illud
3371 4956 3597 5010 observet,
3615 4943 3751 4996 sicut:

2323 5049 2476 5103 nobis
2497 5050 2707 5119 jussum
2737 5059 2840 5114 est,
2862 5049 2944 5104 vel
2969 5049 3404 5118 quemadmodum
3432 5041 3512 5097 Dei
3534 5045 3578 5090 et
3599 5033 3752 5086 noster

2323 5143 2551 5211 gratiam
2597 5142 2680 5196 vel
2717 5143 2892 5212 ipsum
2923 5142 3243 5196 beneficium
3291 5140 3474 5193 habere
3514 5128 3618 5217 vult.
3646 5119 3689 5217 Et
3722 5120 3754 5217 ut

2323 5231 2526 5284 certius
2555 5231 2810 5295 credatis,
2848 5232 2912 5286 de
2943 5232 3141 5286 annulo
3189 5239 3370 5285 nostro
3398 5223 3556 5280 subter
3585 5214 3754 5282 jussimui

2324 5320 2569 5389 sigillari.

2391 5377 2523 5463 bata
2558 5426 2614 5462 ιιι
2644 5409 2766 5464 Idus
2787 5408 2932 5473 Julii,
2967 5423 3109 5462 anno
3144 5424 3200 5462 ιη
3229 5411 3467 5477 regnante
3487 5411 3506 5438 ⁸
3527 5397 3674 5477 ϐουπξο
3693 5377 3754 5431 ω’

2320 5497 2510 5551 dovico
2541 5497 2880 5552 serenissima
2919 5497 3186 5565 Angusto,
3225 5492 3492 5548 indictione
3531 5473 3752 5571 ις-Δ

2323 5585 2625 5644 Thcodonis
2671 5586 2792 5641 villa
2847 5563 3044 5657 palatio
3102 5589 3156 5642 in
3213 5585 3302 5640 Dei
3359 5577 3544 5636 nomine
3590 5563 3750 5619 feliciter.

2324 5680 2517 5735 Amen.
