4000 6454
226 364 328 423 977

238 500 251 533 ι
978 475 1143 530 Ποη

232 566 431 623 Charta
460 564 712 624 Ludovici
744 564 853 632 Pii,
881 576 930 621 et
968 566 1204 621 Lotharii
1239 566 1340 637 filii
1374 566 1509 637 ejus,
1543 566 1608 621 de
1635 564 1791 621 iiber-

650 647 758 692 tate
790 637 1054 693 electionis
1084 637 1305 692 abbatis.
1512 652 1799 701 ---—-—g

232 702 239 707 ’
302 750 361 806 ιιι
388 716 604 807 nomine
614 710 1412 819 Wa
1426 746 1554 803 Jesu
1566 746 1788 810 Christi,

230 841 536 899 Ludovicus
560 848 617 897 et
645 840 933 897 Lotharius
951 840 1130 897 divina
1157 839 1496 896 ordinatione
1528 852 1592 894 ac
1612 838 1794 909 provi-

231 932 411 988 dcntia
434 928 790 1003 imperatores
809 932 1053 1001 Augusti.

300 1024 361 1080 Si
382 1039 511 1097 erga
540 1024 656 1081 loca
703 1025 899 1081 divinis
936 1024 1168 1081 cultibus
1208 1025 1515 1095 mancipata
1575 1032 1798 1095 propter

231 1130 471 1171 antorem
498 1115 597 1172 Dei
621 1113 847 1185 ejusque
872 1117 926 1172 in
953 1117 1156 1172 eisdem
1212 1116 1343 1172 locis
1376 1116 1480 1171 sibi
1526 1114 1795 1170 famulan-

229 1206 375 1260 tibus
400 1204 661 1261 beneﬁcia
703 1214 1004 1277 opportuna
1030 1207 1308 1277 largimur,
1335 1206 1615 1276 praemium
1645 1204 1799 1260 nobis

194 1326 199 1329 -
230 1290 371 1362 apud
391 1292 677 1349 Dominum
707 1302 924 1350 aeternae
961 1295 1414 1350 remunerationis
1442 1293 1660 1365 rependi
1690 1308 1797 1349 non

229 1383 537 1442 diuidimus.
592 1388 801 1444 Idcirco
844 1398 1033 1444 notum
1080 1404 1203 1445 esse
1245 1389 1490 1443 volumus
1550 1388 1799 1443 omnibus

229 1473 476 1531 ﬁdelibus
501 1485 702 1532 sanctae
740 1478 835 1533 Dei
885 1480 1165 1546 Ecclesiae,
1209 1482 1561 1551 praesentibus
1597 1481 1801 1536 scilicet

226 1572 284 1619 et
308 1563 520 1632 futuris,
535 1581 630 1622 seu
652 1567 816 1622 etiam
839 1570 1266 1633 successoribus,
1291 1570 1417 1638 quia
1434 1568 1801 1624 concessimus

228 1646 337 1710 non
357 1654 532 1711 solum
559 1657 730 1713 veteri
752 1662 1083 1716 monasterio
1111 1662 1253 1731 quod
1276 1662 1481 1717 dicitur
1523 1660 1796 1727 Castellio,

226 1746 325 1801 sed
350 1746 528 1816 potius
552 1756 712 1814 novo,
758 1750 921 1819 quod,
967 1751 1195 1807 Domino
1236 1753 1553 1822 opitulante,
1612 1764 1798 1808 nostro

936 362 1235 422 CHARTE
1272 359 1596 420 LUDOVICI
1633 360 1719 418 PII
1735 360 1739 364 ’
1757 362 1797 418 Ρ

1928 358 2229 417 MONAST.
2271 354 2339 417 S'.‘
2356 356 2359 359 ’
2375 352 2755 418 MICHAELIS.

1205 478 1213 485 -
1256 477 1261 481 ’
1610 474 1617 483 '
1764 475 1769 479 '
1817 482 1870 544 Α
1891 470 2176 538 Barrense,
2207 472 2261 526 in
2283 471 2389 526 ﬁne
2415 472 2499 527 vel
2524 469 2648 526 villa
2689 484 2810 540 quae
2864 475 3086 525 vocatur
3131 459 3455 534 Lauzia'cust

3355 348 3461 411 978

1895 579 2140 621 mansum
2161 556 2326 618 unum
2360 553 2483 620 cum
2506 563 2749 618 terminis
2777 571 2833 617 et
2850 561 3257 631 laterationibus
3302 562 3413 617 suis
3441 577 3459 614 :

1893 669 1948 717 et
1970 675 2001 716 e
2019 669 2208 717 contra
2233 661 2288 716 in
2316 660 2753 731 compensatione
2775 657 2932 727 hujus
2955 658 3033 713 rei
3058 656 3322 739 dederunt
3343 653 3463 711 me;

1892 754 2087 808 morati
2104 753 2349 810 homines
2366 752 2549 808 abbati
2575 753 2643 807 ad
2667 760 2872 822 partem
2888 749 3000 820 jam
3030 749 3158 805 dicti
3193 744 3465 804 monaste-

1894 841 1961 897 rii
1981 841 2064 896 sui
2091 857 2157 897 ex
2177 856 2363 897 eorum
2386 834 2607 911 proprio
2634 840 2688 895 in
2709 855 2847 912 pago
2874 838 3218 905 Virdunensi,
3256 838 3331 917 in.
3356 834 3467 921 ﬁne

1893 931 1980 986 vel
2006 931 2134 987 villa
2184 947 2303 1001 quae
2351 940 2576 987 vocatur
2613 930 2968 996 Godinovilla,
3022 937 3236 999 pratum
3275 926 3461 991 unum,

1895 1022 2049 1080 Unde
2071 1025 2131 1079 et"
2148 1025 2281 1080 duas
2303 1025 2749 1079 commutationes
2779 1018 2895 1092 pari
2919 1029 3104 1077 tenore
3127 1019 3464 1089 conscriptas

1895 1115 2249 1186 manibusque
2280 1115 2541 1171 bonorum
2583 1115 2856 1168 hominum
2906 1112 3207 1176 roboratus,
3255 1123 3314 1165 se
3352 1122 3466 1179 pra

1896 1206 2147 1262 manibus
2172 1206 2372 1262 habere
2396 1205 2676 1277 professus
2704 1212 2785 1259 est
2809 1220 2825 1258 :
2853 1205 2946 1259 sed
2983 1219 3082 1274 pro
3119 1204 3328 1273 integra
3372 1199 3469 1256 ﬁr-"

1897 1295 2083 1351 mitate
2103 1296 2257 1365 petiit
2280 1296 2585 1352 celsitudini
2607 1303 2823 1359 nostrm,
2848 1303 2907 1348 ut
2928 1294 3073 1363 ipsas
3093 1291 3468 1371 commutatio.

1897 1399 1996 1441 nes
2018 1385 2194 1440 denuo
2216 1400 2316 1455 per
2363 1394 2610 1441 nostrum
2657 1382 3086 1439 mansuetudinis
3136 1380 3465 1451 prteceptum

1897 1475 2107 1546 plenius
2129 1475 2451 1531 confirmare
2477 1475 2811 1531 deberemus.
2837 1472 3002 1543 Cujus
3028 1471 3274 1542 petitioni
3300 1470 3466 1549 de_ne~

1900 1576 2029 1637 gare
2052 1566 2318 1621 noluimus
2349 1582 2362 1618 :
2395 1565 2489 1620 sed
2512 1565 2651 1620 sicut
2688 1563 2978 1641 unicuique
3001 1554 3235 1615 ﬁdelium
3255 1567 3470 1641 nostro-

1897 1636 2016 1711 rum
2058 1656 2205 1726 juste
2245 1654 2569 1725 petentium,
2593 1655 2668 1708 ita
2705 1636 2811 1708 nos
2850 1651 2958 1707 illis
2983 1651 3335 1707 conﬁrmasse
3378 1636 3463 1702 at-

1900 1764 2005 1820 que
2035 1749 2089 1804 in
2124 1751 2373 1805 omnibus
2385 1740 2716 1805 concessisse
2741 1746 3468 1817 cognoscite.Pr:ecipientcs

493 1854 524 1893 a
550 1838 917 1932 fundamentis
941 1842 1260 1932 :ediﬁcatum
1304 1851 1405 1909 est,
1450 1853 1796 1915 nuncupante
1818 1824 1870 1932 β
1895 1852 2024 1932 ergo
2036 1838 2285 1932 jubemus
2311 1847 2372 1892 ut
2390 1839 2652 1932 quidquid
2674 1853 2801 1909 pars
2826 1837 2970 1932 juste
2998 1846 3053 1893 ct
3071 1836 3471 1929 rationabiliter

228 1923 575 1996 Harsupium,
607 1930 750 1998 quod
776 1936 861 1986 est
879 1931 1041 1987 situm
1064 1931 1121 1986 in
1148 1947 1288 2003 pago
1332 1932 1659 1989 Virdunensi
1701 1948 1795 1988 su-

227 2033 327 2090 per
347 2018 566 2075 lluvium
598 2019 759 2077 Mosa:
790 2022 883 2077 vel
898 2022 1132 2078 rivulum
1178 2024 1527 2093 Marsupium,
1552 2032 1803 2080 construa

227 2115 377 2179 ctum
401 2109 457 2164 in
482 2109 686 2166 honore
708 2111 881 2167 sancti
908 2112 1184 2170 Michaelis
1194 2115 1522 2185 archangeli,
1544 2115 1635 2170 ubi
1657 2129 1799 2186 pra:-

205 2226 208 2229 η
227 2200 368 2256 senti
380 2208 643 2272 tempore,
658 2209 879 2259 auctore
896 2203 1029 2271 Deo,
1051 2204 1218 2260 abbas
1234 2204 1561 2276 Smaragdus
1580 2215 1796 2279 praeest,

227 2299 285 2346 et
329 2292 610 2348 monachis
661 2293 859 2349 ibidem
912 2310 1009 2366 per
1064 2305 1307 2366 tempora
1350 2297 1689 2368 degentibus,’
1741 2305 1801 2353 ut

228 2382 663 2452 quandoquidem
689 2383 871 2440 divina
924 2386 1204 2444 vocatione
1257 2389 1599 2458 supradictus
1634 2389 1801 2446 abbas

228 2473 316 2528 vel
333 2488 676 2531 successores
699 2476 815 2547 ejus
837 2476 902 2533 de
920 2477 1023 2534 hac
1039 2478 1158 2534 luce
1178 2478 1549 2550 migraverint,
1564 2481 1801 2550 quandiu

228 2564 329 2636 ipsi
352 2566 601 2644 monachi
630 2566 774 2624 inter
801 2583 859 2624 se
885 2571 1126 2625 invenire
1158 2570 1453 2641 potuerint,
1479 2572 1570 2642 qui
1626 2572 1801 2644 ipsam

227 2642 703 2727 congregationem
725 2659 1022 2714 secundum
1048 2660 1289 2731 regulam
1324 2663 1497 2716 sancti
1524 2642 1800 2718 Benedicti

228 2756 421 2814 regere
446 2744 682 2812 valeant,
716 2760 815 2817 per
849 2748 989 2803 hanc
1025 2757 1267 2804 nostram
1319 2751 1697 2807 auctoritatem
1747 2760 1803 2808 et

228 2845 552 2889 consensum
608 2834 880 2891 licentiam
925 2837 1160 2893 habeant
1219 2839 1446 2911 eligendi
1503 2840 1726 2896 abbates
1783 2859 1797 2898 :

231 2930 499 2992 quatenus
567 2925 714 2995 ipsos
754 2941 943 2983 servos
983 2927 1079 2984 Dei
1136 2930 1228 3000 qui
1273 2929 1471 2986 ibidem
1529 2931 1799 2987 famulan-

231 3022 351 3081 tur,
380 3028 477 3085 pro
511 3018 667 3073 nobis
708 3025 764 3073 et
813 3020 1038 3092 conjuge
1081 3021 1338 3093 proleque
1384 3031 1570 3079 nostra
1592 3040 1655 3079 ac
1683 3022 1798 3079 stal-

227 3104 441 3161 bilitate
472 3106 664 3163 .totius
700 3108 915 3178 imperii
939 3111 1187 3166 ,nostria
1219 3110 1332 3166 Deo
1378 3112 1532 3168 nobis
1575 3128 1799 3173 conces-

229 3200 278 3256 si
323 3198 483 3272 atque
544 3201 1172 3275 conservandi,‘jugiter
1222 3204 1435 3260 Domini
1494 3206 1803 3262 misericor-

229 3292 373 3355 diam
405 3309 633 3351 exorare
676 3294 925 3351 delectet.
958 3297 1027 3352 Et
1055 3306 1115 3352 ut
1136 3298 1250 3353 haec
1277 3299 1572 3356 auctoritas
1605 3301 1802 3356 contir-

227 3383 485 3440 mationis
544 3393 743 3440 nostra:
784 3400 884 3455 per
921 3384 1107 3443 futura
1147 3394 1389 3457 tempora
1439 3388 1801 3447 inviolabilem

228 3482 394 3545 atque
442 3476 810 3532 inconvnlsam
871 3477 1131 3533 obtineat
1171 3477 1479 3535 ﬁrmitatem
1504 3523 1518 3547 ,
1556 3480 1801 3539 manibus

229 3566 464 3636 propriis
493 3567 693 3643 nostris
737 3568 1254 3628 subter-ﬁrmavimus
1300 3581 1357 3628 et
1398 3573 1582 3633 annuli
1630 3576 1799 3630 nostri

229 3655 585 3726 impressione
614 3657 816 3730 signari
843 3657 1121 3730 jussimus.

967 3772 1055 3827 Ill.

229 3855 425 3912 Cllarta
445 3856 695 3916 Ludovici
731 3860 818 3915 Pii
838 3862 1801 3937 gwmmmatiqgegﬁma-

721 3932 885 4001 ragdo
902 3932 1099 3987 abbate
1138 3934 1302 4003 fuam.
1530 3932 1719 3945 7“.“

299 4016 358 4071 In
386 4019 602 4075 nomine
625 4020 843 4076 Domini
858 4016 1368 4080 Dei‘é't'Salvatoris
1411 4024 1538 4082 Jesu
1573 4027 1796 4095 Christi,

229 4106 530 4168 Ludovicus
555 4109 734 4165 divina
758 4110 1096 4168 ordinatione
1126 4121 1182 4168 et
1212 4114 1547 4185 providentia
1569 4117 1802 4189 impera-

230 4205 320 4255 tor
336 4198 633 4269 Augustus,

303 4287 362 4344 Si
384 4303 484 4344 nos
516 4305 577 4344 ea
601 4306 723 4364 qua:
778 4290 964 4349 ﬁdeles
1018 4293 1231 4365 imperii
1263 4296 1433 4354 nostri
1467 4284 1568 4369 pro
1613 4290 1809 4356 eorum

229 4380 721 4461 opportunitatibus
762 4383 904 4439 inter
947 4399 1006 4441 se
1060 4394 1548 4454 commutaverunt,
1602 4391 1803 4446 nostris

230 4469 613 4526 conﬁrmamus
641 4472 852 4540 edictis,
870 4472 1206 4545 imperialem
1236 4490 1549 4532 exercemus
1568 4493 1798 4534 consue-

230 4561 491 4628 tudinem,
516 4569 573 4618 et
593 4560 697 4618 hoc
727 4564 899 4634 ipsum
934 4567 1275 4636 postmodum
1319 4566 1443 4637 jure
1490 4566 1799 4626 ﬁrmissimo

224 4664 550 4710 mansdrum
574 4669 697 4711 esse
733 4655 1002 4712 volumus.
1042 4657 1250 4714 Idcirco
1294 4661 1507 4716 noverit
1558 4663 1801 4717 omnium

228 4741 468 4800 ﬁdelium
484 4751 813 4811 nostrorum,
828 4746 1171 4817 praesentium
1188 4747 1392 4804 scilicet
1405 4757 1461 4805 et
1474 4748 1797 4819 futurorum,

228 4832 515 4901 industria,
540 4834 682 4903 quod
712 4834 797 4889 vir
822 4834 1148 4891 venerabilis
1188 4835 1469 4893 llildoinus
1495 4839 1662 4895 abbas
1716 4839 1801 4894 in-

228 4923 406 4979 notuit
434 4924 713 4981 serenttati
737 4933 959 4992 nostra,
998 4942 1064 4984 eo
1093 4928 1235 4998 quod
1298 4927 1626 5003 Smaragdus
1670 4930 1801 4987 reli-

227 5014 415 5089 giosqs
453 5014 589 5071 abba
628 5030 696 5071 ex
739 5018 1069 5099 monasterio
1101 5022 1275 5077 sancti
1315 5020 1608 5089 Michaelis,
1660 5025 1801 5093 quod

226 5113 312 5162 est
337 5115 707 5173 constructum
748 5108 802 5163 in
831 5125 969 5181 pago
1014 5106 1343 5169 Yirdunensi
1388 5129 1550 5184 super
1583 5114 1803 5170 ﬂuvium

227 5194 629 5284 marsupiinubi
655 5199 769 5279 ipse
791 5200 1093 5273 ingreditur
1115 5204 1168 5258 in
1197 5203 1413 5260 ﬂuvium
1441 5206 1675 5274 Mosam;
1703 5222 1804 5264 nec

229 5301 338 5341 non
363 5294 420 5342 et
442 5288 658 5358 quidam
680 5290 927 5346 homines
948 5293 1034 5347 his
1062 5294 1388 5359 nominibus,
1442 5295 1801 5362 Adalhardus,

192 5376 522 5445 .Rodaldus,
557 5388 612 5434 et
663 5380 953 5448 Aldarnus,
1013 5381 1079 5437 de
1128 5384 1445 5453 quibusdam
1487 5387 1650 5441 rebus
1698 5401 1799 5456 pro

226 5467 502 5539 communi
536 5469 768 5549 utilitate
785 5479 841 5543 et
859 5473 1175 5542 compendio
1220 5474 1527 5546 nuperrime
1549 5475 1692 5530 inter
1739 5491 1799 5532 se

231 5560 707 5617 commutationem
763 5561 1037 5619 fecissent.
1096 5563 1253 5620 Dedit
1301 5565 1477 5635 igitur
1512 5567 1809 5636 praedictus

233 5647 566 5720 Smaragdus
589 5651 756 5706 abbas
775 5666 840 5706 ex
865 5652 1072 5707 ratione
1093 5654 1403 5709 monasterii
1429 5655 1510 5709 sui
1525 5654 1796 5725 prazdictis

234 5741 542 5799 hominibus
565 5743 631 5799 ad
658 5758 842 5801 eorum
864 5744 1138 5816 proprium
1166 5746 1230 5801 ad
1254 5745 1554 5803 habendum
1583 5747 1634 5802 in
1660 5762 1794 5819 pago

1823 4520 1876 4580 D

1895 1928 2054 1984 alteri
2086 1929 2315 1985 contulit
2336 1930 2499 2000 parti,
2527 1928 2781 1999 deinceps
2805 1944 2901 1999 per
2930 1928 3079 1984 hanc
3107 1938 3347 1985 nostram
3374 1922 3468 1984 au-

1896 2020 2203 2076 ctoritatem
2230 2008 2357 2091 jure
2382 2020 2695 2076 ﬁrmissimo
2744 2028 2926 2075 teneat
2963 2008 3127 2089 atque
3157 2019 3465 2090 possideat;

1895 2113 1979 2167 vel
2004 2112 2263 2182 quidquid
2284 2111 2477 2167 exinde
2492 2110 2939 2183 facerevoluerit,
2964 2110 3204 2166 liberoin
3217 2110 3468 2166 omnibus

1896 2202 2205 2273 perfruatur
2225 2201 2471 2259 arbitrio.

1899 2383 2097 2441 Charta
2135 2385 2386 2456 Ludovici
2418 2382 2507 2439 Pii
2530 2384 2595 2439 de
2617 2384 2852 2456 libertate
2868 2382 2930 2456 iet
2960 2387 3288 2440 immunitate
3335 2402 3469 2456 pra:—

2249 2455 2377 2510 dicti
2392 2456 2697 2510 monasterii
2712 2455 2786 2511 ‘S.
2824 2455 3116 2510 Michaelis.

1969 2564 2027 2619 in
2051 2565 2269 2621 nomine
2287 2563 2635 2629 DominiDei
2662 2570 2716 2620 et
2763 2564 3059 2620 Salvatoris
3118 2566 3284 2621 nostri
3342 2564 3468 2621 Iesu

1901 2656 2126 2725 Christi,
2153 2656 2458 2713 Ludovicus
2486 2657 2666 2712 divina
2692 2658 2973 2713 ordinante
3001 2659 3338 2728 providentia
3372 2659 3470 2713 im-

1898 2744 2119 2821 perator
2140 2748 2427 2820 Augustus.

1909 2865 1915 2871 π
1972 2837 2029 2894 Si
2052 2853 2181 2910 erga
2204 2839 2321 2894 loca
2357 2840 2553 2895 divinis
2604 2839 2838 2897 cultibus
2882 2843 3190 2911 mancipata
3250 2851 3470 2914 prOpter

1900 2943 2139 2985 amorem
2166 2929 2261 2983 Dei
2288 2929 2510 3000 ejusque
2536 2930 2589 2985 in
2638 2932 2842 2987 eisdem
2879 2930 3013 2987 locis
3062 2931 3477 2989 sibi-famulari.

1899 3018 2045 3078 tibus
2073 3016 2333 3075 beneﬁcia
2350 3014 2653 3091 opportuna
2676 3021 2954 3093 largimur,
2981 3023 3262 3092 prtemium
3316 3024 3472 3079 nobis

1902 3108 2045 3179 apud
2067 3108 2352 3165 Dominum
2379 3118 2595 3165 aeternae
2625 3113 3075 3168 remunerationis
3097 3113 3315 3183 rependi
3360 3130 3467 3168 non

1904 3199 2215 3256 diuidimus.
2272 3200 2481 3257 Idcirco
2520 3203 3327 3277 povggiumnMQelium
3376 3221 3461 3259 no—

2526 3266 2913 3290 \h.__”A—"“‘_‘--»...—

1854 3346 1871 3351 _
1900 3297 2164 3358 strorum,
2185 3298 2296 3349 tam
2315 3292 2661 3361 praesentium
2702 3309 2863 3364 quam
2885 3292 3212 3357 futurorum,
3230 3294 3470 3359 solertia,

1894 3368 2132 3461 ﬁniatur
2158 3382 3121 3461 venerabilis‘émaragdusgabhasex
3135 3370 3467 3461 menasterio

1899 3454 2426 3544 ϐαείὲῐιῖὅὶῐῖἐῗῷἶοὲ
2450 3454 3168 3547 ἷίῖῖνξῦᾗίίῗηῖῖᾜόωραῑυιο,
3203 3458 3489 3549 (ιιίᾶῗὲἔῖ

1899 3550 2275 3620 constructum
2298 3567 2351 3620 in
2380 3566 2588 3622 honore
2618 3570 2789 3624 sancti
2836 3569 3145 3641 archangeli
3195 3569 3471 3625 Michaelis

1900 3663 1954 3710 ct
1982 3664 2185 3711 sanctae
2209 3655 2388 3712 Μιλύαι
2418 3671 2630 3728 semper
2670 3658 2911 3730 virginis,
2967 3659 3054 3714 vel
3103 3660 3276 3716 sancti
3323 3659 3471 3715 Petri

1897 3745 2262 3816 apostolorum
2299 3746 2579 3818 principis,
2627 3747 2839 3819 detulit.
2871 3749 3047 3811 nobis
3072 3750 3470 3823 Litigat}an

1899 3836 2104 3893 domini
2132 3847 2187 3892 et
2229 3839 2517 3919 genitoris;
2534 3839 2979 3919 ἓοξεῄνᾷέερξξ*
2994 3840 3150 3895 bona:
3200 3840 3473 3895 memorias

1899 3928 2133 4000 pii’S'Sim‘i
2148 3914 2411 4001 Augusti;
2426 3912 2961 4000 ian'uavinvenimus
2984 3931 3471 4005 inserlllmmﬂwd

1902 4018 2017 4085 ipse
2059 4026 2114 4073 et
2157 4020 2529 4075 antecessores
2558 4008 2923 4093 ejus,“rcges‘
2958 4008 3171 4095 prieres
3220 4022 3472 4078 videlicet

1878 4104 2233 4169 .Francorum
2250 4151 2267 4177 ,
2291 4108 2575 4181 praefatum
2590 4110 2975 4169 monasterium
2994 4119 3216 4182 propter
3229 4111 3471 4171 divinum

1901 4213 2140 4254 amorem
2162 4207 2218 4254 et
2242 4201 2601 4256 reverentiam
2643 4201 2813 4275 ipsius
2870 4201 2972 4257 loci
3027 4201 3221 4267 sancti,
3259 4216 3471 4272 semper

1899 4291 2000 4346 sub
2025 4290 2335 4371 plenissima
2374 4291 2807 4367 defensionem;
2822 4294 3191 4373 ’Lnﬂurli’tatins
3232 4295 3469 4377 tuitian

1900 4374 2232 4459 habuissent.
2250 4366 2691 4463 communest
2716 4366 2910 4463 tamen
2940 4366 3470 4465 pastinum

1897 4457 2383 4549 prtedictusaahb’as
2412 4457 2781 4549 Smaragdus,
2815 4457 3240 4528 uitrhmbﬁ‘ﬁ
3275 4473 3371 4530 Dei
3414 4485 3471 4531 et

1899 4561 2257 4617 reverentiam
2280 4562 2658 4633 prmdietorum
2684 4570 2992 4637 sanctorum
3023 4572 3258 4634 paterna:
3292 4575 3471 4623 aucto-
3573 4615 3583 4626 .

1901 4655 2104 4710 toritati
2130 4655 2403 4712 ﬁrmitatis
2432 4656 2660 4727 gratiam
2691 4644 2933 4710 nostram
2980 4657 3467 4727 superadderemus

1901 4754 1957 4803 et
1975 4744 2385 4833 auctoritatem:
2398 4746 2565 4835 Qujus
2589 4748 2834 4835 petitioni
2870 4749 3468 4835 neglibentegcquie-

1899 4837 2097 4903 vimus,
2127 4844 2181 4892 et
2201 4836 2273 4917 ita
2304 4824 3466 4919 in‘omnibusconcessimuthfgaﬂtﬁ'umhoc

1901 4916 2229 4998 praeceptum
2250 4914 2453 4983 nostra;
2473 4914 3305 4987 auctoritat‘iswéonﬁrmavimus.
3320 4931 3469 4988 Pras-

1899 5020 2161 5097 cipientes
2189 5035 2318 5090 ergo
2336 5020 2590 5091 iubemus
2615 5026 2678 5076 ut
2721 5022 2898 5077 nullus
2918 5022 3103 5093 judex,
3128 5021 3212 5077 vel
3240 5023 3467 5092 quilibet

1897 5096 2681 5187 ἐι’,Ῑῠῦῖἒὲἰξίι-ἱὰ’ρόιέέῑὰἶὲξίῦἱ
2700 5098 3145 5195 ’ἷὸἒῖρρἷρῇξιι
3185 5112 3333 5178 loca,
3382 5116 3466 5168 vel

3208 4827 3367 4839 *η’-

3082 5186 3241 5205 ’,τέραμνα-π
3256 5194 3267 5203 ν
3288 5189 3415 5205 --υ-μεραυ
3432 5190 3461 5203 ι-
3480 5181 3549 5199 vi":

1884 5211 2084 5273 agros,
2110 5212 2204 5252 seu
2234 5197 2469 5277 reliquas
2483 5186 3438 5271 msSeSSioneS‘prmdiciiﬁionastﬁ'ii

1902 5247 1985 5269 ru:
2005 5247 2084 5273 ν-,ι
2112 5247 2204 5252 ww"
2235 5247 2466 5273 —:-,-;L:--v
2485 5247 2851 5269 r~-—'—--v--v-
2874 5247 3390 5271 ιν-νν-·ν--’··νυ-υ·ν·
3407 5247 3437 5259 ’-

1898 5302 2035 5358 quas
2060 5290 2318 5345 moderno
2347 5272 2586 5361 tempore
2607 5290 2753 5363 juste
2774 5300 2849 5347 et
2868 5306 2875 5309 '
2896 5292 3159 5363 ηπηεεν,
3196 5247 3503 5363 possier

1901 5379 1985 5434 vel
2007 5394 2126 5449 quae
2157 5379 2411 5452 deinceps
2431 5383 2484 5438 in
2505 5381 2626 5452 jure
2647 5384 2816 5454 ipsius
2864 5384 3041 5438 sancti
3091 5384 3467 5445 lociivoluerit

1899 5469 2081 5545 divina
2101 5470 2274 5543 pietas
2299 5474 2478 5544 augeri
2486 5515 2513 5549 ι
2524 5472 2593 5539 ad
2618 5488 2813 5552 causas
2842 5474 3183 5549 audiendam.

1900 5562 2181 5632 exigenda,
2208 5571 2302 5619 aut
2350 5563 2693 5635 ﬁdejussores
2741 5563 3029 5647 tollendos,
3069 5576 3177 5647 auat“
3216 5562 3466 5647 homines

1900 5650 2069 5724 ipsius
2099 5655 2826 5725 monasterith
2852 5644 3094 5727 quaiﬁ'et
3110 5630 3481 5720 ’Eekoémédl'

1899 5764 1997 5820 per
2024 5757 2235 5805 terram
2246 5749 2422 5819 ipsius
2438 5749 2760 5806 monasterii
2805 5764 3247 5827 commam-ntesh
3264 5758 3457 5827 injuste
