4000 6454
245 357 347 418 981

1265 351 1600 414 UEELLUS
1639 350 1726 407 DE
1766 344 2115 408 MYSTERIO
2148 349 2463 407 BAP'USM.

2323 153 2348 180 \
2381 190 2387 196 ι

241 471 482 542 donavit.
517 467 694 526 Caroli
717 468 870 542 ﬁlius
898 469 1198 542 Ludovicus
1222 469 1350 542 Pius
1379 458 1569 538 Magno
1605 464 1800 542 direxit
1827 469 1878 528 Α
1903 463 2126 542 scripta,
2148 461 2218 542 ab
2234 475 2501 542 anonymo
2527 470 2772 542 correcta
2799 461 2917 516 fuit.
2951 461 3190 542 blortuus
3217 473 3304 518 est
3325 442 3468 542 anno

241 556 332 610 an.
375 540 477 597 817
522 540 794 610 exemplar
825 532 1037 610 regulae
1081 532 1491 599 canonicorum'
1507 551 1576 610 ex
1613 532 1800 610 synodi

238 603 693 681 Aquisgranensis'
717 603 958 681 consulit)
975 649 991 681 ε
1017 611 1330 681 prteciplens
1356 621 1476 681 eam
1507 603 1802 681 inhpraovin-

1905 531 2030 594 818,
2071 531 2417 601 sepultusque
2443 531 2496 584 in
2527 531 2754 587 ecclesia
2785 547 2943 601 quam
2974 534 3027 587 in
3051 534 3310 588 honorem
3342 533 3467 591 Sal-

1905 602 2108 683 vatoris
2140 601 2494 683 zediﬁcaverat
2515 601 2578 682 _in
2622 601 2792 683 vineis
2821 618 2927 683 pro
2961 603 3339 683 cationicorttm
3371 606 3468 683 se-

237 669 326 733 cia-
355 669 782 748 suaobservari.
821 669 994 748 Magni
1019 669 1202 735 adhuc
1227 677 1380 748 jussu
1411 675 1532 748 _Vita
1555 669 1610 748 Si
1639 673 1804 748 Seve-
1905 672 2137 748 pultura.
2179 669 2563 748 H:zec_ecclesia
2592 669 2865 748 canonicis
2905 672 3234 748 regularibus
3263 671 3319 727 S.
3358 674 3467 727 Au-

240 747 345 803 rini
388 747 599 804 abbatis
639 741 1006 818 Agaunens'is,
1049 765 1082 804 a
1119 741 1320 804 Fausto
1375 746 1491 817 ejus
1544 741 1803 812 discipulo

1905 739 2106 811 'gustini
2131 739 2451 810 procedente
2485 739 2680 797 szeculo
2717 739 3033 797 duodecimo
3061 756 3316 798 concessa
3359 749 3464 797 est.

243 895 3406 925 —————-—_———-—————————-——-—i———————————————If

1091 1047 1636 1179 MAGNI'
1691 1044 2635 1175 SENONENSIS

841 1296 1339 1379 LIBELLUS
1396 1296 1526 1373 DE
1583 1247 2099 1369 Mvs'rmuo
2178 1289 2888 1386 BAPTISMATIS,

1314 1469 1524 1529 JUSSU
1563 1468 1815 1525 CAROLI
1853 1456 2068 1525 MAGNI
2106 1465 2378 1523 EDITUS.

1490 1605 1743 1667 (Martem,
1767 1602 1883 1654 Yet.
1906 1599 2038 1654 Eccl.
2061 1599 2186 1664 ιω.»

297 1825 694 1887 Gloriosissime
723 1826 1036 1895 imperator,
1069 1822 1405 1876 innotescere
1442 1814 1796 1886 magnitudini
1825 1817 1872 1877 B
1902 1813 2024 1868 ﬁdei
2065 1810 2348 1882 integritas
2386 1823 2400 1862 :
2445 1807 2654 1879 signum
2677 1851 2692 1876 ,
2738 1811 2882 1881 quod
2921 1826 2986 1868 eo
3008 1813 3144 1869 bene
3183 1824 3394 1876 retento
3416 1833 3470 1878 ει

225 1927 421 1976 vestra:
445 1915 884 1988 przesumpsimus
910 1928 1008 1968 nos
1039 1911 1179 1966 servi
1214 1908 1399 1971 vestri,
1429 1905 1652 1977 Magnus
1692 1905 1797 1959 sci-

226 2006 354 2065 licet
375 2015 431 2063 et
451 2005 635 2062 caeteri
674 2017 952 2073 compares
979 2001 1109 2066 mei,
1151 2000 1279 2055 licet
1317 1997 1518 2068 indigni
1561 1996 1798 2065 episcopi

225 2103 295 2170 ad
321 2099 643 2156 Senonicam
665 2096 940 2152 dioecesim
965 2095 1315 2165 pertinentes,
1336 2091 1460 2159 quia
1473 2095 1798 2159 praeceptum

223 2199 466 2245 vestrum
498 2187 771 2243 humiliter
793 2194 849 2240 et
874 2184 1228 2239 libentissimo
1257 2181 1438 2234 animo
1466 2185 1797 2246 susceptum,

221 2275 369 2346 iuxta
407 2276 549 2346 quod
586 2277 770 2328 nostra
802 2271 1079 2342 praevaluit
1115 2269 1383 2340 exiguitas
1428 2267 1494 2321 de
1541 2265 1803 2335 mysterio

222 2373 563 2442 baptismatis
585 2412 600 2434 ,
636 2370 776 2424 sicut
804 2369 858 2422 in
888 2374 1067 2420 vestra
1089 2364 1398 2419 continetur
1423 2359 1672 2430 epistola,
1698 2358 1798 2412 ad-

223 2462 576 2518 monitionem
598 2466 834 2514 vestram
855 2456 1127 2525 inquirere
1147 2453 1230 2507 vel
1246 2452 1565 2522 investigare
1591 2449 1798 2505 studui-

225 2569 386 2617 mus,
436 2550 675 2622 qualiter.
715 2547 1015 2617 intelligere
1047 2545 1132 2600 vel
1170 2553 1355 2600 tenere
1397 2542 1791 2605 dcbuissemus;

222 2645 366 2700 unde
389 2643 433 2697 si
458 2643 573 2696 ausi
597 2655 802 2704 sumus,
829 2641 1104 2694 immensae
1133 2636 1428 2691 clementia:
1452 2635 1641 2688 vestrae
1663 2631 1796 2686 refe-

225 2733 393 2788 rimus
420 2731 626 2795 laudes,
650 2745 714 2785 eo
746 2731 888 2798 quod
911 2741 1010 2782 nos
1035 2728 1100 2781 de
1122 2741 1308 2782 somno
1340 2725 1581 2780 stultitia:
1603 2723 1688 2777 vel
1715 2724 1797 2776 in-

225 2821 491 2894 sipientia:
535 2821 774 2875 excitare
820 2819 1022 2889 dignati
1066 2816 1263 2881 fuistis,
1317 2816 1458 2871 sicut
1484 2828 1696 2882 semper
1741 2819 1802 2866 et

224 2914 424 2983 ubique
473 2910 689 2966 solliciti
733 2909 881 2964 estis.
923 2909 1138 2964 Gratias
1170 2921 1403 2976 namque
1443 2904 1794 2974 omnipotenti

225 3001 336 3068 Deo
365 3011 418 3057 et
454 3003 607 3057 vobis
644 2999 767 3054 inde
809 3015 908 3055 nos
939 3007 992 3054 et
1017 2999 1233 3069 plurimi
1275 2998 1364 3050 alii
1394 2996 1714 3051 eruditiores
1741 3003 1798 3050 et

226 3094 479 3149 meliores
521 3108 641 3148 esse
689 3090 943 3146 debemus
983 3097 1038 3143 et
1079 3103 1282 3142 sumus.
1322 3085 1568 3140 Vestram
1612 3094 1792 3141 tamen

1896 1901 2189 1966 intellecto,
2221 1898 2405 1953 ﬁdeles
2436 1897 2504 1952 ab
2533 1897 2840 1954 infidelibus
2869 1901 3274 1970 discernuntur;
3301 1907 3478 1966 colla-

1897 1994 1994 2058 tio,
2023 1993 2148 2061 quia
2194 1992 2247 2044 in
2291 2004 2355 2044 eo
2398 1988 2623 2058 apostoli
2668 2005 2884 2048 omnem
2927 1993 3050 2049 ﬁdei
3110 1996 3472 2068 integritatem

1895 2080 2255 2138 contulerunt.

1964 2189 2202 2258 Qualiter
2227 2190 2407 2256 itaque
2432 2186 2652 2242 credere
2690 2187 2744 2242 in
2769 2189 2937 2243 Deum
2976 2190 3188 2247 Patrem
3217 2197 3468 2266 omnipo-

1895 2286 2120 2342 tentem,
2152 2278 2282 2332 etin
2303 2276 2495 2330 Filium
2521 2277 2638 2346 ejus
2662 2275 2846 2332 Iesum
2870 2277 3163 2346 Christum,
3188 2293 3242 2337 et
3263 2285 3318 2338 in
3348 2286 3482 2357 Spi-‘~

1895 2372 2059 2428 ritum
2085 2369 2340 2424 Sanctum
2374 2375 2427 2422 et
2461 2360 2655 2422 cmtéra
2693 2368 2785 2437 qui
2815 2368 3122 2438 baptizandi
3152 2381 3276 2428 sunt
3307 2377 3478 2444 proti-I

1895 2472 2108 2528 tentur;
2139 2461 2385 2532 quamvis
2414 2459 2619 2530 parvuli
2648 2475 2746 2530 per
2772 2475 2829 2514 se
2846 2462 3087 2530 proﬁteri
3105 2478 3211 2518 non
3237 2469 3466 2534 possint,

1894 2566 2074 2612 tamen
2101 2570 2199 2624 per
2235 2552 2398 2610 corda
2441 2559 2497 2606 et
2524 2565 2620 2605 ora
2649 2552 2942 2610 tenentium
2965 2567 3059 2606 eos
3087 2553 3218 2609 ﬁdes
3245 2555 3470 2613 conﬁte-

1895 2657 1982 2703 tur
2011 2645 2294 2709 catholica,
2323 2644 2377 2698 id
2404 2651 2488 2697 est
2507 2642 2688 2707 Pater,
2719 2650 2773 2696 et
2797 2641 2983 2707 Filius,
3011 2651 3066 2698 et
3093 2644 3326 2713 Spiritus
3345 2661 3472 2702 san-

1895 2746 2014 2794 ctus
2049 2737 2207 2790 unius
2233 2733 2482 2790 essentia:
2500 2773 2521 2797 ,
2553 2733 2712 2787 unius
2739 2735 3020 2801 potestatis
3043 2743 3098 2788 et
3125 2737 3467 2804 sempiterni.

1893 2826 2040 2890 tatis,
2083 2826 2198 2879 sine
2227 2823 2379 2877 initio
2418 2831 2473 2876 et
2513 2822 2629 2878 sine
2666 2823 2771 2878 ﬁne
2803 2839 2942 2877 unus
2979 2824 3119 2878 Deus
3160 2826 3464 2891 invisibilis,

1893 2914 1970 2969 ita
2011 2915 2065 2968 in
2097 2913 2323 2983 singulis
2370 2927 2720 2980 personarum
2765 2914 3094 2983 proprietate
3139 2924 3371 2980 servata,
3415 2925 3474 2973 et

1893 3001 2316 3058 substantialiter
2365 3001 2602 3055 Trinitas
2643 3001 2808 3056 dividi
2845 3019 2945 3058 nec
2980 3005 3335 3072 personaliter
3382 3006 3472 3061 de-

1892 3091 2018 3145 beat
2053 3090 2272 3144 omnino
2300 3089 2554 3152 confundi
2588 3105 2600 3142 :
2643 3088 2862 3144 Patrem
2913 3092 3237 3160 ingenitum,
3273 3093 3476 3150 Filium-

223 3197 511 3238 exoramus
543 3180 908 3244 clementiam,
935 3185 992 3231 ut
1017 3177 1172 3232 nobis
1203 3176 1475 3246 indulgeat
1493 3183 1672 3230 vestra
1701 3175 1795 3229 υθ-
1820 3156 1864 3220 C
1899 3182 2138 3252 genitum
2175 3188 2230 3234 et
2266 3187 2452 3233 natum
2484 3195 2551 3234 ex
2578 3179 2745 3234 Maria
2778 3156 2994 3250 virgine
2999 3221 3026 3250 ι
3051 3193 3108 3237 et
3131 3156 3478 3253 cruciﬁxum,

223 3277 483 3348 nignitas,
523 3275 663 3345 qdod
691 3289 787 3344 per
813 3273 990 3327 omnia
1023 3271 1162 3327 sicut
1199 3273 1481 3326 debuimus
1516 3270 1668 3325 vobis
1707 3286 1798 3324 re-
1899 3282 1953 3327 et
1982 3281 2272 3334 mortuum,
2298 3277 2352 3323 et
2381 3269 2763 3334 resurrexisse,
2785 3278 2838 3323 et
2863 3273 3171 3326 ascendisse
3198 3273 3251 3328 in
3279 3273 3476 3340 εαξιοςιι

167 3420 172 3422 .
222 3367 476 3423 nuntiare
526 3365 896 3436 nequivimus,
941 3363 1035 3417 sed
1084 3361 1246 3416 etiam
1291 3363 1392 3417 hoc
1447 3361 1591 3430 quod
1644 3359 1797 3414 nobis
1897 3372 1952 3420 et
1982 3363 2255 3438 sedentem
2295 3377 2324 3413 a
2358 3360 2565 3414 dextris
2590 3359 2794 3425 Patris,
2817 3361 2938 3415 inde
2960 3370 3242 3416 venturum
3270 3377 3390 3418 esse
3416 3365 3472 3419 in

223 3458 416 3514 Patres
444 3472 540 3528 per
566 3456 776 3512 illorum
809 3454 1141 3523 reliquerunt
1179 3453 1419 3522 exempla
1443 3492 1458 3516 ,
1503 3461 1556 3506 et
1591 3466 1689 3505 nos
1731 3464 1801 3506 ex
1888 3454 2081 3508 eadem
2107 3449 2529 3518 carnejudicare
2556 3450 2704 3504 vivos
2724 3458 2778 3504 et
2813 3458 3070 3506 mortuos.
3100 3452 3166 3508 Et
3194 3451 3458 3522 Spiritum

224 3554 413 3602 nostra
428 3545 719 3616 exiguitate
733 3551 886 3613 parte
916 3541 1260 3610 intelligimus
1289 3541 1475 3596 ordine
1503 3541 1797 3609 subsequa-

227 3649 374 3690 mur.

299 3722 632 3792 Baptismum
664 3721 848 3776 Graece
885 3719 1075 3774 Latine
1129 3719 1318 3773 tincti‘o
1370 3718 1753 3788 interpretatur
1777 3756 1793 3778 ,

227 3810 354 3880 quia
392 3809 465 3864 ibi
507 3809 668 3863 homo
709 3808 910 3880 Spiritu
935 3808 1120 3878 gratim
1143 3807 1198 3861 in
1224 3807 1414 3861 melius
1443 3813 1700 3860 mutatur.
1734 3804 1802 3858 Et

226 3906 513 3968 propterea
552 3896 728 3951 infans
757 3906 838 3951 ter
877 3897 1137 3965 mergitur
1176 3895 1229 3950 in
1257 3910 1410 3950 sacro
1433 3894 1597 3960 fonte,
1627 3902 1684 3947 ut
1717 3908 1801 3947 se-

227 3993 499 4062 pulturam
543 3991 846 4045 triduanam
884 3989 1088 4044 Christi
1123 3987 1266 4040 trina
1297 3985 1552 4039 dimersio
1576 3981 1800 4052 mystice

227 4085 568 4154 designaret,
606 4091 662 4137 et
690 4081 756 4135 ab
808 4082 962 4150 aquis
994 4079 1220 4134 elevatio
1245 4078 1442 4132 Christi
1474 4077 1801 4147 resurgentis

226 4173 522 4228 similitudo
560 4170 732 4226 estde
759 4169 1024 4238 sepulcro.
1057 4168 1374 4222 Nullatenus
1416 4168 1593 4234 itaque
1629 4165 1798 4234 bapti-

229 4261 336 4332 smi
382 4261 700 4331 mysterium
727 4259 912 4329 perﬁci
945 4265 1141 4329 potest,
1173 4257 1275 4310 nisi
1320 4256 1420 4310 sub
1463 4255 1799 4309 invocatione

228 4360 429 4408 sancta:
455 4351 766 4415 Trinitatis,
805 4351 926 4418 quia
960 4356 1166 4404 rectum
1197 4356 1278 4402 est
1315 4357 1374 4401 ut
1415 4348 1574 4402 homo
1599 4347 1689 4416 qui
1731 4348 1797 4402 ad

229 4443 517 4512 imaginem
543 4449 743 4496 sancta:
772 4442 1053 4518 Trinitatis
1089 4449 1303 4496 creatus
1330 4449 1432 4505 est,
1456 4440 1524 4494 ad
1552 4439 1796 4495 eamdem

229 4541 513 4593 revocetur
538 4533 844 4603 imaginem.

302 4623 733 4679 Catechumenus
776 4632 952 4676 autem
991 4623 1212 4676 audiens
1246 4622 1358 4676 sive
1394 4622 1683 4676 instructus
1709 4622 1793 4676 in-

226 4721 572 4783 terpretatur,
605 4719 663 4765 ut
683 4712 865 4766 audiat
888 4720 942 4766 et
966 4713 1155 4775 discat,
1185 4720 1470 4780 antequam
1492 4713 1557 4766 ad
1584 4728 1794 4766 sacrum

232 4803 457 4858 accedat
502 4800 734 4866 fontem,
775 4802 1002 4872 mystica
1049 4800 1366 4856 Christiana:
1415 4802 1688 4871 religionis
1712 4818 1797 4858 sa-

230 4903 507 4951 cramenta
527 4936 541 4960 ,
571 4904 626 4950 et
669 4904 795 4950 tunc
821 4897 992 4952 discat
1023 4895 1179 4950 ﬁdem
1213 4905 1413 4950 sanctze
1441 4896 1719 4950 Trinitatis
1743 4905 1801 4953 et

229 4983 530 5054 symbolum
557 5024 572 5049 ,
611 4993 666 5046 et
695 4995 890 5041 cmtera
923 5002 1043 5056 quae
1075 4985 1378 5041 Christiana
1408 4987 1658 5041 admonet
1692 4987 1807 5049 lex,

301 5075 632 5132 Scrutinium
658 5093 786 5133 vero
811 5078 1009 5132 dicitur
1036 5078 1333 5146 inquisitio,
1368 5094 1432 5132 eo
1453 5079 1592 5147 quod
1619 5094 1712 5147 per
1740 5079 1802 5134 il-

229 5163 322 5219 lud
367 5165 680 5234 exploratur
725 5167 958 5236 qualiter
1007 5167 1136 5222 ﬁdes
1185 5168 1444 5226 catholica
1490 5169 1543 5222 in
1591 5169 1802 5224 illorum

231 5253 484 5309 cordibus
504 5256 786 5310 retinetur.
818 5257 886 5310 Et
908 5257 1064 5310 aliter
1093 5259 1412 5312 scrutinium
1451 5275 1488 5314 a.
1514 5261 1804 5315 scrutando

231 5343 450 5409 dicitur,
486 5346 610 5415 quia
634 5351 759 5401 tunc
780 5346 1057 5420 scrutandi
1080 5357 1205 5401 sunt
1234 5349 1626 5413 catechumeni,
1651 5350 1703 5412 si
1717 5365 1801 5403 re-

228 5441 378 5491 ctam
392 5431 506 5504 jam
533 5431 743 5491 noviter
763 5435 919 5491 ﬁdem
946 5436 1173 5508 symboli
1197 5438 1275 5493 eis
1297 5439 1550 5495 traditam
1578 5439 1804 5495 ﬁrmiter

230 5528 474 5579 teneant.

306 5613 614 5686 Symbolum
639 5615 826 5674 Graece
861 5617 1058 5677 Latine-
1084 5617 1342 5672 indicium
1368 5625 1420 5671 et
1463 5617 1696 5688 signum,
1721 5619 1803 5674 vel

234 5704 451 5763 collatio
473 5708 870 5779 interpretatur.
903 5708 1160 5764 Indicium
1183 5708 1308 5778 quia
1335 5723 1437 5777 per.
1462 5707 1514 5763 id
1538 5708 1806 5768 indicatur

1898 3552 2146 3600 sanctum
2184 3557 2283 3596 nec
2311 3541 2546 3610 genitum
2567 3581 2581 3604 ,
2614 3556 2788 3611 neque
2825 3543 3140 3612 ingenitum,
3173 3545 3266 3598 sed
3286 3559 3478 3613 proce-.

1897 3635 2112 3690 dentem
2136 3649 2166 3686 a
2199 3633 2359 3686 Patre
2394 3642 2447 3684 et
2481 3631 2636 3684 Filio.
2669 3631 2906 3686 Necnon
2937 3641 2992 3687 et
3015 3648 3177 3686 unam
3207 3635 3472 3689 conﬁtcno

1898 3737 1985 3783 tur
2009 3725 2328 3781 catholicam
2359 3723 2653 3799 Ecclesiam
2681 3732 2736 3778 et
2761 3725 3192 3779 communionem
3224 3725 3479 3780 omnium-

1899 3823 2229 3878 sanctorum,
2271 3813 2328 3868 id
2351 3821 2434 3866 est
2469 3815 2938 3883 congregationem
2971 3815 3213 3869 omnium
3234 3813 3478 3874 ﬁdelium.

1899 3904 1953 3958 in
1979 3904 2196 3958 Christo
2215 3943 2230 3967 ,
2263 3911 2421 3970 atque
2446 3903 2673 3957 credunt
2699 3904 3072 3957 remissionem
3099 3911 3473 3972 peccatorum,

1900 3999 1954 4047 et
1978 3990 2427 4046 resurrectionem
2465 3991 2646 4044 carnis
2665 4031 2678 4056 ,
2706 4001 2761 4066 et
2787 3993 2952 4044 vitam
2981 4001 3104 4061 post
3133 3985 3383 4058 mortem,
3414 4001 3472 4048 et

1902 4097 2126 4153 regnare
2154 4096 2275 4136 Cll'll
2302 4081 2517 4138 Christo
2541 4083 2594 4134 in
2624 4081 2814 4136 sarcula
2842 4082 3180 4148 smculorum,
3218 4099 3396 4140 amen.

1973 4192 2602 4251 Abrenuntiatiodicitur
2643 4191 3122 4248 abominatimsive
3158 4193 3488 4263 detestatio.,

1901 4287 2024 4358 quia
2055 4295 2179 4340 ante
2207 4285 2530 4354 baptismum
2553 4285 2916 4377 unusquisque
2947 4293 3166 4355 propter
3184 4284 3474 4356 originalia

1900 4385 2120 4447 peccata
2157 4391 2346 4430 servus
2375 4385 2456 4431 est
2485 4375 2718 4445 peccati,
2759 4383 2813 4429 et
2841 4376 2960 4430 ideo
2984 4375 3326 4432 abrenuntiat
3367 4376 3451 4430 dia

1820 4494 1876 4556 υ
1900 4466 2040 4529 bolo,
2077 4466 2168 4534 qui
2199 4474 2280 4519 est
2308 4465 2558 4535 princeps
2591 4465 2820 4536 peccati,
2850 4473 2905 4518 et
2935 4465 3184 4521 omnibus
3219 4466 3474 4544 operibus

1898 4556 2040 4625 ejus,
2057 4564 2111 4610 et
2134 4555 2383 4610 omnibus
2401 4555 2612 4626 pompis
2637 4553 2770 4622 ejus,
2801 4555 2853 4609 id
2880 4564 2963 4609 est
2979 4556 3146 4621 vitiis,
3167 4557 3472 4618 utdamna-

1901 4648 2101 4702 tionem
2147 4638 2290 4700 illius
2339 4654 2694 4714 aspernetur._
2735 4643 2906 4710 Quam
2950 4645 3472 4703 abrenuntiationem

1901 4744 2047 4792 recte
2093 4734 2362 4789 confessio
2399 4741 2600 4789 sanctae
2641 4731 2924 4788 Trinitatis
2971 4736 3232 4804 sequitur,
3280 4742 3339 4790 ut
3369 4736 3473 4790 ubi

1904 4823 2192 4884 abundavit
2223 4830 2500 4893 peccatum
2527 4813 2925 4891 superabundet
2955 4824 3150 4892 gratia.

1972 4951 2316 5007 lnsuﬁlantur
2339 4950 2537 5007 etenim
2578 4949 2679 5019 qui
2707 4950 3012 5021 baptizandi
3039 4961 3164 5007 sunt
3204 4967 3234 5006 a
3261 4953 3354 5008 Dei
3383 4970 3473 5010 sa.

1902 5044 2139 5107 cerdote,
2171 5050 2231 5098 ut
2251 5057 2318 5096 ex
2338 5041 2417 5096 eis
2439 5041 2690 5112 princeps
2724 5040 2989 5114 eil'ugetur
3015 5051 3358 5113 peccatorum
3379 5083 3394 5110 ,
3420 5053 3474 5101 et

1901 5137 2116 5192 Christo
2156 5136 2380 5190 Domino
2414 5131 2636 5204 paretur
2679 5135 2956 5201 introitus,
2986 5144 3040 5192 et
3082 5149 3179 5206 per
3216 5135 3357 5192 illius
3397 5137 3473 5194 inv

1900 5224 2251 5283 suﬂlationem
2281 5231 2590 5280 mereantur
2619 5223 2869 5293 accipere
2907 5223 3168 5294 Spiritum
3201 5234 3470 5290 sanctum.

1971 5342 2315 5398 Exorcismus
2349 5340 2534 5397 Graece
2570 5342 2758 5399 Latine
2798 5327 3248 5411 conjuratio~sive
3291 5360 3474 5406 sermo

1901 5433 2284 5502 increpationis
2311 5437 2396 5487 est
2434 5432 2694 5487 adversus
2730 5431 3032 5497 diabolum;
3075 5441 3130 5488 et
3171 5435 3292 5490 ideo
3315 5450 3475 5492 exor—

1903 5524 2110 5580 cizatur
2142 5524 2508 5594 unusquisque
2533 5524 2756 5578 veniens
2789 5522 2856 5577 ad
2884 5523 3210 5593 baptismum
3231 5566 3245 5591 ,
3274 5533 3332 5580 ut
3359 5525 3468 5581 elli-

1905 5617 2080 5672 ciatur
2119 5616 2373 5685 templum
2405 5615 2498 5670 Dei
2535 5615 2665 5679 vivi,
2693 5614 2784 5684 qui
2811 5629 2907 5685 per
2937 5625 3186 5671 naturam
3214 5631 3367 5672 suam
3396 5617 3475 5673 ef-

1879 5707 2076 5786 fectus
2115 5715 2232 5765 erat
2257 5705 2511 5775 templum
2550 5704 2774 5770 diaboli,
2821 5713 2876 5760 et
2907 5708 3192 5764 recedente
3235 5707 3469 5772 diabolo,
