4000 6462
1539 357 1755 415 MAGNI
1794 356 2223 418 SENONENSIS
2256 359 2777 425 ARCHIEPISCOPI

519 484 621 540 per
644 468 1102 525 exorciaationem
1124 469 1429 525 sacerdotis
1468 468 1801 541 ingrediatur
1823 469 2093 539 Christus,
2121 485 2174 545 Α
2197 475 2491 532 novissime
2522 492 2619 546 per
2652 491 2845 531 manus
2872 463 3324 546 impositionema
3348 492 3588 534 summo
3618 490 3807 541 sacer.

519 570 577 618 et
601 562 867 618 etiiciatur
886 561 1250 618 habitaculum
1279 561 1397 617 Dei.

527 648 536 726 ξ
591 650 775 713 Salem
818 653 875 712 in
919 660 1259 709 sacramento
1303 652 1645 724 baptismatis
1690 653 1990 725 accipiunt,
2037 661 2098 709 ut

483 748 487 752 ”
519 748 637 819 ejus
666 756 825 818 gustu
847 747 1251 805 condimean
1272 747 1553 817 sapientiae
1574 747 1898 817 percipiant,
1922 760 2098 815 neque

519 856 551 894 a
585 854 776 913 sapore
804 838 1007 895 Christi
1036 839 1330 909 desipiant,
1368 847 1424 893 et
1465 839 1575 893 sint
1611 838 1802 894 insulsi
1837 845 1893 893 et
1925 837 2093 905 fatui;

518 930 616 985 sed
655 929 799 1000 quod
826 930 1132 989 habuerunt
1156 915 1213 983 in
1252 943 1312 983 se
1350 928 1669 983 naturaliter
1707 927 1969 982 insulsum
2001 929 2098 982 ha-

516 1019 682 1074 beant
709 1034 807 1089 per
830 1018 1033 1076 Christi
1058 1018 1290 1089 gratiam
1314 1033 1411 1088 per
1441 1017 1622 1072 omnia
1652 1016 1765 1071 sale
1796 1017 2093 1071 conditum.

562 1106 908 1178 ‘Tanguntur
933 1123 1094 1162 aures
1121 1115 1177 1162 et
1206 1122 1369 1162 nares
1411 1108 1476 1164 de
1503 1114 1684 1178 sputo,
1725 1114 1782 1163 et
1803 1106 2003 1171 dicitur
2019 1105 2098 1175 ef-

519 1198 626 1268 feta
644 1237 660 1263 ,
691 1198 745 1253 id
772 1206 858 1253 est
895 1197 1207 1268 adaperire;
1239 1212 1400 1253 nares
1429 1204 1744 1266 tanguntur,
1773 1202 1834 1251 ut
1860 1194 2097 1266 quamdiu

516 1291 630 1346 vita
662 1304 845 1346 comes
870 1300 927 1344 et
960 1290 1116 1345 ﬂatus
1141 1290 1264 1345 vita:
1302 1289 1359 1343 in
1390 1288 1614 1343 naribus
1637 1295 1692 1342 et
1720 1286 1950 1343 oil‘actus
1976 1300 2098 1359 per-

516 1385 802 1450 manserit,
844 1383 1059 1439 assidue
1104 1382 1160 1436 in
1203 1381 1405 1436 Christi
1451 1380 1676 1435 servitio
1704 1380 1990 1450 perduret;
2042 1386 2099 1432 et

519 1491 682 1531 aures
706 1474 956 1531 similiter
994 1480 1287 1544 tanguntur
1307 1512 1322 1536 ,
1354 1479 1417 1526 ut
1459 1470 1750 1526 salutarem
1795 1468 2096 1547 doctrinam

518 1567 840 1626 Christiana:
888 1565 1161 1638 religionis
1185 1578 1252 1619 ac
1276 1563 1399 1619 ﬁdei
1435 1578 1649 1633 semper
1689 1560 2014 1626 auscultent,
2042 1568 2098 1614 et

518 1661 726 1715 intente
753 1656 1005 1721 audiant,
1031 1663 1086 1711 et
1107 1669 1297 1710 omnes
1331 1653 1646 1715 ridiculosas
1687 1651 1945 1708 daemonis
1974 1665 2097 1706 sua-

520 1751 703 1807 siones
722 1754 1000 1818 respuant.

590 1840 786 1895 Pectus
813 1852 943 1893 vero
968 1837 1224 1906 unguitur
1257 1841 1445 1891 sancto
1470 1835 1591 1891 oleo
1610 1874 1624 1899 ,
1648 1840 1709 1887 ut
1732 1832 1887 1903 signo
1920 1831 2097 1886 crucis
2124 1823 2172 1883 B

519 1931 842 1987 Christiana:
881 1928 1199 1984 excludatur
1225 1927 1439 1983 diabolo
1473 1926 1756 1992 introitus,
1798 1930 1854 1979 et
1882 1922 2102 1978 Christo

518 2021 748 2079 Domino
775 2026 997 2089 paretur
1028 2018 1327 2087 ingressus.

591 2108 837 2179 Scapula:
881 2117 1062 2165 autem
1104 2108 1422 2177 signantur,
1466 2114 1527 2162 ut
1571 2106 1808 2176 undique
1836 2103 2098 2174 templum

517 2201 615 2256 Dei
645 2202 884 2256 dicatum
911 2201 981 2255 ab
1004 2199 1153 2255 omni
1183 2198 1397 2252 Satanae
1424 2197 1809 2267 impedimento
1843 2194 2097 2249 munian-

519 2304 634 2347 tur.
680 2291 748 2346 Et
784 2292 905 2346 hocv
931 2290 1174 2361 signatur
1202 2288 1398 2342 iterum
1435 2287 1491 2341 in
1513 2286 1750 2357 pectoris
1783 2295 1838 2341 et
1864 2283 2101 2355 scapulae

518 2383 798 2448 unctione,
824 2389 887 2437 ut
907 2379 1002 2436 ﬁat
1019 2380 1071 2434 ei
1099 2378 1327 2445 ﬁrmitas
1352 2384 1406 2433 et
1420 2369 1692 2433 bonorum
1721 2390 1949 2448 operum
1976 2389 2103 2446 per-

523 2473 855 2532 severantia.
1840 2530 1843 2533 _

594 2564 727 2620 Post
750 2577 920 2619 sacra)
948 2559 1377 2633 regenerationis
1398 2558 1669 2613 lavacrum
1691 2558 1953 2627 baptizati
1974 2574 2104 2614 cau-

523 2657 667 2714 didis
712 2655 1012 2711 induuntur
1049 2652 1411 2718 vestimentis,
1446 2660 1507 2706 ut
1530 2652 1805 2722 surgentis
1848 2651 2104 2706 Ecclesiae

521 2751 757 2821 figurant
791 2748 1083 2820 mysticum
1112 2746 1452 2816 mysterium,
1491 2744 1574 2798 vel
1603 2752 1824 2814 propter
1847 2743 2103 2813 gaudium

524 2854 680 2895 novae
702 2837 1147 2909 regenerationis,
1177 2835 1408 2905 vitaeque
1434 2835 1762 2901 castitatem,
1792 2842 1849 2889 et
1877 2832 2104 2904 angelici

524 2929 827 2999 Splendoris
843 2928 1118 2987 decorem.

603 3021 758 3077 Tunc
777 3021 993 3076 demum
1015 3031 1169 3077 sacro
1196 3016 1511 3079 chrismate,
1534 3014 1678 3084 quod
1698 3012 1885 3068 Latine
1905 3012 2106 3069 dicitur

529 3111 740 3177 unctio,
783 3118 946 3180 caput
967 3109 1305 3180 perungitur,
1335 3107 1476 3161 utin
1501 3118 1668 3176 regno
1707 3112 1763 3159 et
1796 3105 2104 3161 sacerdotio

2197 564 2323 620 dote
2344 566 2672 635 septiformis
2696 567 2881 638 gratia:
2902 567 3147 637 spiritum
3177 569 3494 637 accipiunt,
3522 577 3593 623 ut
3621 583 3801 625 corro-

2190 656 2457 719 borentur
2494 658 2548 712 in
2578 657 2681 713 ﬁde
2708 666 2856 715 recta
2882 673 2979 727 per
2998 655 3257 727 Spiritum
3269 665 3555 717 sanctum.
3588 658 3663 713 Et
3688 659 3803 714 ideo

2152 816 2156 821 ⁴
2198 746 2261 800 tit
2282 762 2476 803 manus
2501 748 2794 818 impositio,
2823 756 2883 804 ut
2904 763 3003 818 per
3021 748 3462 805 benedictionem
3486 749 3797 805 advocem-

2198 844 2256 894 et
2285 838 2546 893 invitetur
2568 838 2803 910 Spiritus
2836 848 3075 895 sanctus.
3112 841 3354 912 Denique
3386 840 3695 897 sciendum
3724 852 3800 897 est

2199 928 2325 997 quia
2352 928 2493 983 sicut
2515 937 2709 984 caetera
2734 930 3077 999 baptismatis
3106 939 3456 985 sacramenta
3483 946 3595 1001 per
3620 945 3802 984 sacer-

2200 1017 2354 1071 dotes
2378 1018 2666 1073 visibiliter
2690 1018 2826 1073 ﬁunt
2851 1059 2870 1084 ,
2904 1027 2961 1074 et
2988 1033 3084 1091 per
3118 1018 3406 1074 Dominum
3440 1020 3803 1075 invisibiliter

2199 1117 2609 1175 consecrantur,
2642 1108 2717 1164 ita
2745 1118 2802 1164 et
2829 1108 3065 1178 Spiritus
3100 1110 3273 1163 sancti
3296 1109 3476 1180 gratia
3500 1124 3615 1179 per
3636 1109 3803 1179 imply

2198 1201 2451 1256 sitionem
2486 1215 2742 1254 manuum
2771 1201 3147 1271 episcoporum
3184 1199 3440 1257 ﬁdelibus
3472 1198 3729 1254 traditur
3750 1210 3802 1255 et

2199 1310 2230 1353 a
2259 1293 2487 1348 Domino
2508 1293 2878 1351 continuatur.

2269 1386 2553 1442 Postremo
2587 1400 2814 1456 corpore
2838 1395 2894 1439 et
2922 1385 3181 1455 sanguine
3208 1384 3507 1439 Dominico
3544 1398 3801 1439 comn-

2198 1477 2471 1542 nicantur,
2490 1484 2550 1531 ut
2567 1474 2709 1531 illius
2734 1476 2973 1530 membra
2998 1473 3302 1529 efﬁciantur
3323 1475 3541 1543 quipro
3564 1475 3660 1528 eis
3674 1489 3796 1543 pas-

2199 1584 2292 1624 sus
2314 1577 2434 1634 est,
2459 1576 2515 1622 et
2542 1567 2859 1630 resurrexit,
2890 1572 2945 1621 et
2973 1579 3072 1635 per
3099 1564 3364 1620 visibilem
3397 1579 3611 1634 panem
3641 1573 3703 1619 et
3721 1565 3801 1619 vi~

2198 1677 2329 1716 num
2358 1668 2612 1732 pascatur
2639 1661 2817 1715 anima
2854 1660 2977 1715 cibo
3014 1658 3292 1723 invisibili,
3339 1660 3493 1714 sicut
3538 1660 3667 1730 ipse
3699 1660 3800 1715 Do-

2200 1751 2379 1807 minus
2413 1751 2489 1805 ait
2515 1770 2527 1804 :
2555 1749 2695 1804 Caro
2728 1766 2842 1804 mea
2882 1766 3000 1804 vere
3025 1758 3100 1804 est
3127 1749 3294 1814 cibus,
3318 1760 3366 1803 et
3391 1752 3625 1820 sanguis
3656 1768 3800 1805 seu

2201 1858 2318 1896 vere
2349 1851 2424 1895 est
2448 1851 2597 1912 potus
2622 1854 2641 1893 :
2664 1850 2711 1894 et
2735 1841 2823 1911 qui
2844 1839 3127 1894 manduca:
3157 1856 3369 1894 carnem
3399 1857 3579 1893 meum
3602 1853 3656 1894 et
3678 1858 3799 1895 m-

2200 1933 2408 2011 guinem
2427 1947 2598 1985 meum
2625 1930 2769 1995 bibit,
2793 1930 2847 1984 in
2862 1947 2944 1985 me
2969 1939 3143 1984 manet
3163 1939 3213 1984 et
3240 1947 3335 2001 ego
3356 1930 3413 1985 in
3434 1931 3557 1985 illo.
3586 1932 3795 1988 Morem

2200 2023 2363 2079 istum
2417 2022 2741 2093 accipienda:
2780 2021 3118 2077 eucharistim
3159 2037 3192 2075 a
3237 2022 3475 2077 Domino
3521 2024 3787 2079 traditum

2200 2114 2441 2170 Ecclesia
2470 2122 2655 2180 tenet,
2696 2122 2758 2168 ut
2791 2128 2915 2168 cum
2943 2128 3081 2183 aqua
3105 2120 3160 2167 et
3186 2111 3395 2182 Spiritu
3434 2123 3637 2168 saneto
3667 2115 3791 2184 quis

2202 2205 2523 2268 renascitur,
2576 2218 2803 2274 corpore
2848 2202 3057 2258 Domini
3106 2210 3365 2272 pascatur
3407 2212 3466 2257 et
3524 2207 3789 2271 sanguine

2198 2294 2316 2364 ejus
2342 2303 2578 2365 potetur,
2601 2302 2661 2348 ut
2687 2280 2740 2348 in
2770 2308 2995 2363 corpore
3015 2291 3219 2347 Christi
3244 2293 3503 2359 traditus,
3539 2302 3595 2349 et
3618 2294 3711 2349 ille
3734 2295 3789 2349 in

2200 2370 2419 2441 Chi-isto
2444 2391 2677 2451 maneat,
2709 2394 2764 2440 et
2787 2383 3033 2440 Christus
3055 2382 3109 2436 in
3129 2397 3215 2438 eo.

2214 2484 2219 2489 ”
2273 2474 2360 2531 Sic
2397 2476 2585 2530 desinit
2615 2476 2777 2530 codex
2814 2474 3201 2545 Sequerianus,
3245 2472 3649 2545 Andcgaveuais
3674 2493 3787 2531 vero

2200 2567 2261 2625 S.
2286 2568 2463 2623 Albini
2494 2569 2640 2623 addit
2662 2554 2923 2639 sequentia
2948 2582 2967 2620 :

2271 2661 2316 2715 A
2337 2661 2563 2731 parvulo
2589 2662 2732 2716 enim
2774 2677 2961 2715 recens
2987 2670 3113 2715 nato
3140 2675 3316 2730 usque
3344 2661 3417 2714 ad
3447 2661 3787 2731 decrepitum

2203 2764 2388 2807 senem
2419 2751 2559 2804 sicut
2599 2750 2780 2805 nullus
2807 2758 2890 2805 est
2931 2752 3023 2820 qui
3050 2766 3153 2805 non
3182 2760 3410 2820 peccato
3444 2752 3787 2806 moriaturin

2202 2843 2472 2914 baptismo
2490 2884 2504 2908 ,
2534 2844 2629 2898 sed
2656 2843 2865 2913 parvuli
2896 2851 3103 2897 tantum
3130 2842 3403 2914 originali,
3427 2843 3671 2911 majores
3696 2858 3789 2898 au-

2203 2943 2315 2992 tem
2338 2935 2502 2990 etiam
2530 2934 2615 2989 his
2646 2935 2897 2989 omnibus
2924 2936 3229 2988 moriuntur
3261 2936 3509 3011 peccatis
3539 2950 3789 3004 quzecnn—

2205 3041 2311 3096 que
2335 3026 2477 3081 maie
2497 3025 2724 3081 vivendo
2746 3025 3089 3091 addiderunt,
3116 3033 3169 3080 et
3188 3025 3319 3080 illud
3341 3023 3491 3096 quod
3517 3023 3789 3080 nascendo

2210 3126 2508 3174 traxerunt.

528 3168 781 3260 Ecclesia:
808 3168 1053 3267 delibuti,
1096 3168 1171 3256 etv
1189 3168 1391 3254 Christi
1421 3168 1654 3253 nominis
1690 3196 1922 3267 gratiam
1961 3195 2106 3251 acci-
2130 3168 2176 3233 C
2214 3168 2693 3265 ""s",{g;,;',,,en.um
2740 3209 2883 3264 enim
2908 3208 3161 3280 baptism;
3188 3216 3271 3264 es;
3298 3208 3446 3279 quod
3488 3209 3662 3263 habe;
3703 3207 3791 3276 qui

527 3302 714 3375 piant,
740 3308 795 3355 et
818 3297 936 3368 ejus
963 3298 1205 3353 membra
1233 3296 1326 3367 qui
1351 3308 1445 3351 eos
1468 3293 1696 3351 redemit
1720 3300 1775 3350 et
1803 3306 1994 3348 eorum
2015 3307 2107 3347 ca-

529 3399 625 3463 put
643 3399 749 3457 est,
778 3389 921 3446 efﬁci
943 3389 1177 3447 valeant.

532 3590 589 3632 se
608 3574 853 3630 diadema
877 3574 1027 3643 regni
1052 3582 1107 3627 et
1135 3571 1423 3628 sacerdotii
1448 3571 1766 3643 dignitatem
1786 3579 2027 3641 portare,
2052 3578 2108 3625 et

534 3678 661 3717 tunc
678 3663 840 3732 regia:
866 3662 1144 3732 dignitatis
1169 3669 1487 3717 ornamenta
1514 3670 1571 3716 et
1596 3656 1951 3717 sacerdotalis
1980 3677 2104 3717 ver-

534 3753 656 3809 ticis
692 3753 925 3807 habeant
959 3761 1353 3822 tegumentum,
1388 3758 1450 3806 ut
1475 3759 1665 3806 contra
1690 3750 1822 3805 vitia
1857 3749 2109 3806 sacerdo-

535 3842 625 3898 tali
656 3840 925 3897 velamine
948 3841 1290 3905 muniantur,
1319 3849 1374 3896 et
1398 3840 1658 3895 virtutum
1685 3842 1912 3912 gemmis
1950 3842 2109 3917 spiri-

537 3931 754 3986 tualiter
798 3939 1149 4014 eroruentur,
1197 3938 1253 3985 et
1291 3931 1546 3986 unctione
1589 3926 1920 3987 sacrosancti
1960 3933 2107 3995 chri-

536 4024 728 4079 smatis
757 4022 1045 4087 liniantur,
1092 4030 1156 4077 ut
1190 4029 1390 4079 sanctae
1420 4022 1704 4079 Trinitatis
1743 4023 2109 4081 habitaculum

537 4111 676 4167 eiiiei
705 4120 1034 4169 mereantur.

550 4254 558 4267 ,
607 4202 849 4260 Peractis
880 4211 1059 4260 autem
1080 4204 1331 4261 omnibus
1357 4205 1703 4276 baptismatis
1730 4208 2109 4275 sacramentis,

2206 3301 2532 3374 baptizatur,
2565 3310 2620 3357 et
2646 3310 3047 3359 sacramentum
3074 3302 3232 3357 dandi
3255 3301 3513 3372 baptismi
3541 3310 3630 3355 est
3654 3299 3793 3369 quod

2106 3412 2112 3417 ’
2208 3392 2371 3447 habet
2412 3393 2504 3462 qui
2543 3390 2846 3446 ordinatur.
2902 3392 3054 3446 Sicut
3084 3400 3263 3445 autem
3298 3392 3617 3460 baptizatus
3656 3390 3703 3444 si
3731 3389 3793 3443 ab

598 3483 800 3538 Deinde
829 3482 1057 3553 mystico
1096 3480 1361 3536 velamine
1388 3486 1673 3549 teguntur,
1703 3486 1763 3532 ut
1800 3477 2121 3548 intelligant

2207 3483 2415 3537 unitate
2446 3482 2764 3547 recesserit,
2792 3489 3190 3536 sacramentum
3216 3481 3473 3550 baptismi
3502 3495 3617 3535 non
3642 3477 3794 3532 amite

2208 3573 2277 3628 tit
2308 3592 2320 3625 :
2348 3572 2481 3627 nulli
2521 3573 2665 3628 enim
2698 3580 3034 3629 sacramento
3078 3572 3279 3641 injuria
3314 3571 3573 3627 facienda
3600 3580 3703 3626 est.
3737 3569 3794 3624 Si

2210 3663 2435 3719 discedit
2460 3678 2491 3717 a
2523 3663 2711 3729 malis,
2743 3672 3032 3733 utrumque
3059 3662 3313 3728 discedit;
3345 3663 3391 3716 si
3434 3670 3721 3731 permanet
3743 3661 3793 3712 in

2210 3752 2387 3816 malis,
2407 3748 2695 3822 utrumque
2724 3760 2925 3805 manet.
2952 3751 3102 3805 Sicut
3121 3766 3253 3822 ergo
3267 3758 3592 3821 acceptatur
3622 3749 3794 3819 bapti-

2212 3858 2382 3907 smus,
2410 3857 2569 3910 quem
2605 3857 2709 3896 non
2741 3842 2917 3913 potuit
2943 3842 3191 3896 amittere
3223 3843 3315 3912 qui
3345 3843 3413 3895 ab
3445 3841 3665 3894 unitate
3690 3840 3797 3893 dis-

2211 3940 2468 3996 cesserat,
2506 3931 2585 3986 sic
2620 3931 2979 4001 acceptandus
3016 3940 3101 3987 est
3138 3932 3442 4000 baptismus
3464 3971 3481 3996 ,
3514 3944 3682 4000 quem
3713 3930 3796 3985 de

2217 4021 2296 4077 dit
2338 4022 2427 4076 ille
2466 4022 2556 4092 qui
2585 4030 2984 4078 sacramentum
3008 4022 3167 4078 dandi
3194 4037 3315 4077 cum
3346 4021 3659 4077 discederet
3692 4034 3795 4073 non

2218 4111 2418 4166 amisit.

578 4344 3787 4375 mm

796 4486 1227 4645 NOTAE
1308 4412 1703 4601 JURIS
1783 4485 1877 4611 A
1957 4444 2637 4604 MAGNONE
2722 4489 3548 4607 COLLECTIE.

1376 4694 1381 4699 '
1466 4678 1593 4735 Haec
1612 4678 1753 4749 juris
1782 4689 1968 4758 mpetu
2000 4683 2175 4741 libens
2202 4660 2298 4742 rex
2329 4685 2512 4755 accipe
2547 4684 2704 4741 Carie

1471 4854 1483 4868 .
1532 4770 1702 4828 Oli'ert
1725 4773 1948 4831 devotus
1976 4790 2094 4845 quae
2120 4777 2212 4832 tibi
2243 4776 2432 4848 Magno
2462 4785 2604 4831 tuus.

1886 4927 2447 4954 mn

543 5032 664 5074 we.
946 5082 951 5085 ἓ
990 5010 1281 5081 Augustus.
1620 4985 1629 4998 ⁸
1653 5025 1705 5064 Α.
2099 5016 2210 5065 aut.
2757 5010 2853 5061 ﬁ.
3211 5017 3339 5079 aput
3362 5009 3579 5083 (apud).

540 5126 574 5165 Α
594 5127 643 5168 Α.
992 5099 1241 5173 Augusti.
1432 5143 1441 5151 .
1652 5099 1744 5158 ﬁ.
2098 5105 2298 5152 autem.
2504 5126 2507 5129 -
2758 5100 2875 5152 Trin
3201 5101 3512 5171 appellatio.

546 5215 600 5253 Α,
994 5186 1324 5259 Augustalis.
1516 5204 1523 5211 ο
1652 5187 1739 5240 ἢ.
2102 5186 2265 5240 actio.
2761 5187 2880 5240 m.
3203 5184 3495 5261 amputata.

547 5303 639 5341 Ατ.
998 5264 1207 5343 auctor,
1232 5274 1409 5333 'tutor.
1655 5287 1778 5328 μισ.
2101 5295 2104 5324 ς

2205 5279 2392 5369 ίοηξῖῖηο
2759 5296 2880 5349 ἳῖῖἶι.
3126 5316 3131 5323 η
3202 5308 3444 5369 accepta.

548 5392 676 5431 aur.
991 5369 1278 5426 Antonius.
1633 5360 1771 5458 .I'c's’.
2099 5364 2421 5458 actionibus.
2762 5390 2875 5441 Am.
3213 5360 3443 5458 adju'wr.

547 5477 635 5518 an.
996 5459 1257 5568 antelata.
1633 5447 1783 5508 'uN.
2103 5453 2485 5553 amantissima
2763 5495 2874 5548 ΑΒ).
2902 5511 2949 5555 p.
3210 5447 3423 5568 adiutor
3478 5504 3733 5568 provinci

549 5566 677 5611 ann.
996 5547 1265 5604 Aurelius.
1660 5557 1751 5597 Al.
2111 5541 2335 5596 amicus.
2763 5516 2853 5636 :1:
2862 5516 2949 5637 ἔκ
3210 5516 3797 5645 ἒὲᾞοθιῖωῐδτυδη

551 5659 640 5699 λα.
999 5638 1125 5709 agit.
1657 5629 1788 5684 πῖ.
2116 5629 2433 5684 auctoritas.
2764 5624 2829 5636 “’
2878 5624 2906 5637 “⁴
2923 5624 2941 5659 ⁸-
3211 5624 3278 5709 '“_‘
3298 5624 3499 5709 1"“‘""°

551 5730 643 5790 ῖῐ.
1002 5745 1148 5802 ager.
1663 5739 1715 5779 Α.
1734 5719 1826 5776 κά.

2206 5720 2255 5776 io
2283 5719 2539 5774 mandati.
2767 5711 2833 5777 ΑΡ
2858 5712 2906 5750 ι’·
3052 5768 3079 5777 ,α
3207 5694 3273 5753 ad
3299 5693 3484 5750 tinem.
