4000 6456
250 330 394 389 1009

1524 320 1800 380 ΝΟΤῙΊΊΑ
1842 320 2234 379 ωετοιιιωι.

3376 325 3513 385 1010

247 448 515 513 ωίηνεια
548 463 605 505 ιιι
635 447 866 505 circuitu
899 446 1086 518 altaris
1114 443 1576 518 alba_bo.osertca,
1612 457 1680 500 ex
1705 444 1826 518 qui-
1852 445 1906 508 Α
1930 461 2095 517 super
2125 444 2425 518 saburram
2450 444 2580 518 fecit
2598 453 2815 518 vestem
2839 445 3073 518 rubeam
3093 446 3389 518 alythinam
3414 446 3516 502 ba—

248 522 357 582 bus
380 536 548 578 unum
574 520 738 575 habet
783 520 839 574 in
881 516 1060 574 medio
1105 515 1349 571 tabulam
1392 530 1516 571 curn
1560 513 1741 570 cruce"
1760 513 1827 570 de

247 591 623 666 ehrysoelavo.
672 590 791 666 _lmo
828 587 1215 666 etﬁin-eadem
1259 583 1829 666 basilicaLSalvatoris

250 655 472 721 Domini
515 661 685 717 nostri
724 660 855 716 Jesu
885 658 1088 715 Christi
1130 658 1409 713 renovavit
1448 655 1617 711 altare
1653 656 1830 726 majus

248 736 409 791 mirae
430 731 813 804 magnitudinis
836 730 1148 804 decoratum
1184 743 1253 783 ex
1287 736 1511 804 argento
1538 726 1830 804 purissimo

290 797 717 884 ensante'libras
735 802 1014 884 sexaginta
1042 809 1096 855 et
1122 815 1334 884 novem.
1355 797 1513 854 Fecit
1530 806 1587 884 et
1610 798 1665 852 in
1686 797 1833 884 basi-

247 821 516 931 pensante
539 821 704 858 ueras
735 821 1014 884 sexaglllla
1042 821 1096 855 et
1123 821 1334 856 novem.
1359 821 1513 854 recu
1530 821 1587 852 et
1611 821 1665 852 tu
1689 821 1833 853 nasu-

273 877 359 931 ica
392 876 604 930 Sanctae
625 872 722 928 Dei
746 871 1038 929 Gemtrims
1071 872 1137 926 ad
1170 871 1418 939 Praesepe
1444 877 1649 925 vestem
1678 868 1835 939 chry-

249 945 526 1015 soclavam
555 959 676 1015 cum
707 943 1021 1015 margaritis
1046 950 1318 1015 ornatam,
1349 940 1638 1015 habentem
1662 940 1834 995 histo—

248 1017 392 1073 riam
438 1013 733 1070 Dominiczc
781 1012 1097 1069 nativitatis.
1150 1012 1324 1068 Simul
1372 1013 1538 1066 etiam
1584 1019 1641 1065 et
1676 1024 1837 1065 arcus

250 1086 392 1143 duos
420 1101 486 1141 ex
517 1092 744 1157 argento
768 1084 820 1139 in
849 1083 1187 1157 presbyterio
1228 1098 1354 1137 cum
1400 1082 1671 1157 columnis
1702 1096 1838 1151 qua-

252 1167 402 1219 tuor.
430 1165 486 1211 et
509 1153 646 1211 alios
668 1170 829 1210 arcus
850 1153 1090 1225 quinque
1109 1162 1402 1225 pensantes
1422 1153 1599 1225 libras
1616 1160 1837 1225 centum

252 1228 479 1298 triginta
505 1234 565 1298 ei
580 1235 713 1283 tres.
750 1222 893 1298 Idem
918 1222 1052 1298 vero
1074 1222 1388 1298 prmcipu‘us
1407 1223 1603 1294 praesul
1628 1222 1755 1278 fecit
1783 1222 1840 1277 in

253 1294 484 1355 basilica
534 1296 747 1353 Sancta:
789 1296 884 1351 Dei
922 1294 1214 1352 Genitricis
1252 1294 1319 1349 ad
1357 1294 1607 1365 Praesepe
1633 1302 1841 1365 vestem

255 1369 482 1424 rubeam
498 1438 506 1439 ί
521 1367 842 1439 alythinam,
877 1368 1167 1439 habentem
1195 1367 1261 1439 in
1292 1366 1473 1439 medio
1492 1362 1843 1439 _tabulamde

256 1433 615 1510 chrysoclav'o
645 1453 767 1493 cum
781 1438 1027 1510 historia
1042 1437 1266 1510 _Domini
1291 1437 1463 1510 nostri
1485 1436 1614 1491 Jesu
1638 1433 1845 1490 Christi

257 1518 318 1566 et
344 1507 518 1564 sancti
554 1508 844 1574 Simeonis,
878 1508 1176 1579 quandoiin
1207 1507 1521 1579 temploest
1545 1518 1843 1579 praesenta-

260 1588 368 1635 tus.
399 1580 465 1634 Et
496 1580 550 1634 in
587 1580 816 1635 circuitu
859 1577 1040 1635 listam
1079 1578 1148 1633 de
1177 1577 1556 1649 chrysoclavo.
1592 1577 1703 1631 Nec
1732 1591 1845 1649 non

260 1659 319 1733 et
358 1649 518 1733 aliam
557 1658 765 1733 vestem
793 1650 1203 1733 citrj'soelavam
1234 1647 1525 1732 habentem
1560 1647 1844 1733 historiam

262 1722 528 1777 transitus
566 1721 780 1776 Sanctae
812 1717 911 1777 Dei
934 1720 1225 1776 Genitricis
1264 1720 1417 1774 mirae
1457 1717 1847 1787 magnitudinis

1929 513 2148 574 bentem
2176 516 2230 588 in
2261 513 2440 588 medio
2471 514 2705 588 tabulam
2732 515 2800 571 de
2828 513 3186 588 chrysoclavb
3223 532 3344 572 cum
3368 519 3516 588 peri-

1928 588 2066 661 elysi
2083 589 2149 643 dc
2169 586 2543 661 chrysoclavo.
2574 585 2683 661 Nec
2702 601 2810 642 non
2817 585 2962 661 _et_in
2987 589 3316 661 monasterio
3338 585 3516 661 sancti

1930 656 2204 715 Pancratii
2235 656 2339 713 si'to
2362 664 2487 727 post
2507 657 2786 729 basilicam
2813 656 3113 714 Salvatoris
3130 700 3145 721 ,
3182 675 3344 729 quam
3380 657 3524 715 Con-

1932 730 2321 786 stantinianam
2360 726 2573 791 vocant,
2616 726 2743 784 fecit
2785 738 2987 784 vestem
3018 729 3084 785 de
3122 726 3366 785 fundato.
3423 729 3524 786 Hic

1933 801 2063 857 fecit
2086 802 2245 856 beato
2265 798 2425 882 Petro
2454 800 2696 882 apostolo
2711 797 2918 882 _fautori
2940 816 3039 882 suo
3057 799 3336 882 evangelia
3359 814 3526 882 aurea

1935 888 2059 927 cum
2106 871 2333 943 gemmis
2361 870 2615 995 Jirasinis
2671 880 2830 939 atque
2883 870 3250 943 hyacinthinis
3291 878 3343 926 et
3390 871 3527 926 albis

1935 944 2090 995 mirae
2116 941 2354 995 matmitu
2398 941 2502 995 inis
2534 941 2587 994 in
2627 941 2855 995 circuitu
2888 951 3078 995 ornata
3106 984 3121 995 .
3149 942 3431 995 nensantia
3463 940 3527 995 li-

1935 940 2502 1013 mirze'magnitudinis
2534 941 2587 994 in
2627 941 2855 1013 circuitu
2888 940 3078 997 ornata
3106 984 3121 1007 ,
3149 942 3431 1013 pensantia
3463 940 3529 995 li-

1935 1016 2066 1070 bras
2085 1011 2273 1067 decem
2298 1020 2354 1066 et
2375 1020 2578 1083 septem
2599 1020 2654 1066 et
2673 1012 2863 1083 uncias
2887 1011 3419 1083 quatuor.’llicifecit
3434 1026 3530 1067 ca-

1937 1085 2094 1140 licem
2131 1098 2353 1138 aureum
2373 1082 2705 1153 priecipunm
2729 1082 2958 1137 diversis
2979 1091 3231 1153 ornatum
3266 1082 3530 1152 lapidibus

1937 1155 2195 1229 pretiosis
2218 1152 2536 1224 pensantem
2565 1152 2730 1208 libras
2772 1153 2961 1229 viginti
2992 1164 3134 1229 octo.
3160 1152 3435 1229 Similiter
3475 1160 3533 1208 et

1938 1224 2180 1298 pateram
2206 1240 2422 1279 auream
2445 1233 2759 1296 pensantem
2790 1224 2957 1279 libras
2984 1226 3174 1298 viginti
3202 1231 3327 1280 octo
3354 1232 3409 1279 et
3430 1239 3533 1280 un-

1942 1312 2056 1354 ctas
2080 1311 2295 1351 novem.

2014 1367 2135 1423 Pari
2164 1366 2325 1421 modo
2346 1366 2400 1421 in
2428 1366 2649 1422 basilica
2672 1367 2843 1438 ipsius
2866 1366 3093 1438 apostoli
3120 1365 3248 1422 fecit
3273 1364 3537 1438 cherubin

1944 1454 2012 1495 ex
2044 1446 2270 1510 argento
2319 1437 2613 1510 purissimo
2650 1437 2940 1493 deauratos
2985 1445 3237 1508 quatuor,
3272 1437 3541 1510 quistant

1946 1506 2731 1581 super'capita;columnarum
2767 1506 3306 1581 argentearumﬂcuni
3334 1506 3541 1562 ciborio

1946 1578 2237 1665 pensantes
2267 1579 2458 1663 .libras
2515 1581 2809 1665 nonaginta
2838 1578 2910 1635 'et
2961 1589 3089 1663 tres.
3141 1578 3290 1663 Fecit
3329 1590 3542 1665 qitoltiiie

1948 1647 2090 1707 idem
2122 1651 2424 1721 praecipuus
2465 1647 2685 1721 praesul'
2701 1653 2791 1707 ubi
2831 1666 2993 1720 supra
3026 1650 3316 1720 imaginem
3352 1647 3543 1702 Salva-

1950 1722 2354 1793 torisauream,
2387 1730 2645 1793 qutestat
2677 1722 2730 1775 in
2760 1722 2913 1776 trabe
2938 1738 3103 1791 super
3122 1722 3435 1793 ingressum
3452 1733 3546 1793 ve-

260 1800 319 1847 et
357 1792 774 1869 pulchritudinis
806 1792 1114 1846 decoratam
1138 1805 1204 1869 es
1230 1790 1461 1869 gemmis
1486 1787 1759 1869 pretiosis,
1790 1794 1847 1842 et
1873 1808 1922 1869 Β
1950 1787 3047 1869 stihuli,_pensaii_temiihrasseptuaginta
3073 1802 3127 1869 et
3140 1787 3366 1869 iterem.
3395 1788 3549 1869 Fecit

263 1858 579 1934 margaritis
600 1871 870 1934 ornatam
908 1878 1031 1917 cum
1055 1858 1331 1934 ipcricl'ysi
1371 1858 1843 1934 de_ehrysocla_vo,

264 1878 579 1934 margaritis
623 1878 870 1916 ornatam
908 1878 1031 1917 cum
1075 1878 1331 1986 pcnetj'St
1371 1878 1435 1915 ae
1471 1878 1843 1931 cnrysoctavo,

264 1941 320 1987 et
346 1934 397 1987 in
442 1932 672 1988 circuitu
714 1932 893 1987 listam
924 1933 989 1987 de
1021 1933 1252 2003 chrysoc
1274 1947 1396 1987 avo.
1442 1931 1641 2003 verum
1682 1929 1849 1984 etiam

266 2014 321 2059 et
349 2004 404 2059 in
431 2004 681 2059 diaconia
710 2004 879 2073 ipsius
914 2003 1008 2058 Dei
1038 2002 1320 2073 genitricis
1357 2002 1587 2057 dominre
1626 2010 1848 2073 ttostrm,

265 2090 388 2144 quae
419 2071 1062 2144 appellatur—Dominica,
1092 2072 1216 2126 feeit
1247 2081 1453 2144 vestem
1483 2073 1707 2144 rubeam
1732 2071 1852 2144 aly-

266 2142 474 2200 thinani
494 2142 503 2143 7
525 2145 813 2198 habentem
844 2145 896 2198 in
925 2144 1106 2198 medio
1130 2144 1367 2197 tabulam
1403 2142 1470 2196 de
1495 2142 1853 2212 chrysoclavo

267 2230 389 2271 cum
435 2214 661 2269 historia
691 2212 932 2281 ejusdem
974 2214 1068 2268 Dei
1109 2214 1391 2282 genitricis
1431 2213 1856 2282 eximargaritis

268 2294 542 2348 ornatam,
584 2292 647 2355 et
675 2284 966 2355 periclysin
995 2284 1064 2339 de
1085 2281 1459 2355 chrysoclavo.
1488 2281 1642 2336 Fecit
1670 2281 1853 2355 autem

267 2364 325 2410 et
353 2356 408 2410 in
438 2353 690 2411 diaconia
733 2353 903 2425 ipsius
939 2355 1036 2410 Dei
1070 2353 1372 2425 genitricis,
1401 2369 1522 2424 quae
1552 2353 1857 2422 appellatur

266 2425 523 2495 Antiqua,
566 2439 729 2496 super
756 2424 947 2482 altare
985 2424 1161 2495 majus
1200 2426 1472 2496 ciboriumr
1519 2440 1583 2479 ex
1631 2432 1857 2496 argento

266 2494 584 2568 purissimo,
611 2494 849 2566 pensans
874 2496 1041 2568 libras
1059 2494 1333 2568 ducentas
1361 2494 1753 2568 etduodecim.

343 2564 778 2640 Praefatns‘vero
807 2567 1138 2640 venerabilis
1178 2575 1234 2622 et
1275 2566 1569 2640 praeclarus
1595 2564 1856 2640 pontifex

270 2636 402 2709 fecit
441 2638 496 2692 in
542 2638 769 2693 basilica
807 2637 950 2693 beati
996 2636 1143 2692 Petri
1190 2636 1417 2709 apostoli
1463 2637 1717 2692 nutritori
1759 2652 1859 2692 suo

272 2708 560 2790 gabatham
588 2723 654 2790 ex
683 2709 1138 2790 auropurissimo
1163 2708 1525 2790 anaglypham
1557 2723 1678 2790 eum
1706 2722 1858 2790 gem-

275 2778 378 2851 inis
403 2779 656 2848 pretiosis
682 2787 952 2851 ornatam,
995 2795 1116 2849 qua:
1155 2778 1524 2851 pende-tante
1567 2778 1859 2851 imaginem

273 2848 445 2920 ipsius
487 2849 716 2919 apostoli
746 2849 800 2903 in
829 2848 1075 2919 ingresSu
1122 2848 1397 2913 vestibuli,
1443 2860 1760 2920 pensantem
1790 2850 1859 2904 li-

273 2919 402 2975 bras
450 2928 654 2988 septem
701 2927 757 2974 et
800 2920 995 2975 semis.
1049 2920 1264 2983 Faciem
1312 2919 1454 2977 vero
1489 2920 1628 2976 sacri
1673 2920 1862 2976 altaris

275 2990 446 3060 ipsius
481 2989 843 3061 apostolorum
878 2991 1140 3060 principis
1171 2993 1240 3047 ab
1271 2993 1381 3047 imo
1414 3006 1585 3061 usque
1612 2992 1677 3046 ad
1707 3007 1858 3046 sum-

275 3077 424 3116 mum
465 3077 587 3115 cum
629 3061 986 3132 luminaribns
1033 3062 1262 3117 inferius
1310 3063 1700 3132 superiusque,
1759 3078 1861 3118 nec

275 3147 384 3188 non
441 3140 497 3187 et
553 3132 695 3185 intra
750 3130 1147 3187 confessionem
1216 3130 1856 3187 Salvatorem’stantem

277 3174 497 3266 ἱὶἔὲίιαεῖζ
536 3174 1567 3273 ιὲὲὖέιῖιιιέ”ἑέἱιῖξ”ῖὲξι’ἰ“αρᾞὲὶὸὶῖἲὶέίὲιῖ
1618 3174 1856 3257 ἕῖἳίὲἐῖῑὲ
1886 3174 1930 3238 C

277 3274 541 3329 habentes
564 3275 1026 3345 paritercoronas
1045 3290 1112 3328 ex
1142 3274 1371 3345 gemmis
1396 3274 1672 3343 pretiosis,
1698 3286 1861 3345 atque

274 3345 643 3470 pavimenttnn
689 3344 860 3415 ipsius
903 3344 1262 3400 confessitmis
1308 3345 1584 3400 investivit
1620 3360 1687 3399 ex
1727 3359 1862 3399 auro

299 3414 422 3470 ulvo
454 3415 619 3469 nimis
644 3423 907 3470 nensante
946 3415 1114 3470 libras
1144 3416 1568 3470 unadrinaeutas
1592 3415 1862 3470 auinuua-

299 3414 422 3470 'ulvo
454 3415 619 3469 nimis
644 3414 907 3485 pensante
946 3415 1114 3471 libras
1144 3416 1568 3486 quadringentas
1592 3415 1862 3484 quinqua-

275 3486 425 3559 ginta
451 3495 507 3541 et
527 3495 641 3540 tres
662 3493 718 3540 et
743 3486 941 3559 uncias
970 3502 1084 3559 sex.
1133 3487 1560 3559 Verumetiam
1593 3487 1864 3559 superiip-

275 3556 396 3629 Sum
443 3572 661 3613 sacrum
706 3556 878 3629 altare
917 3556 1049 3613 fecit
1083 3568 1288 3613 vestem
1318 3556 1725 3629 chrysoclava’in
1769 3558 1865 3611 ha-

275 3626 497 3685 bentem
526 3628 811 3683 historiam
853 3628 1149 3685 Dominica:
1195 3626 1554 3693 ascensionis,
1583 3636 1639 3683 et
1668 3627 1863 3684 Pente-

204 3712 207 3713 '
275 3710 468 3772 cogteu
495 3699 895 3772 cumpericlysi
923 3701 989 3755 de.
1016 3700 1393 3772 clirysoclavo.

348 3767 472 3843 Pari
514 3767 675 3843 modo
716 3767 828 3843 ubi
853 3785 1017 3843 supra
1060 3767 1187 3827 fecit
1218 3772 1509 3843 imaginem
1539 3769 1711 3841 ipsius
1735 3784 1865 3843 apt»

278 3840 538 3923 siolorum
579 3840 841 3923 principis
864 3840 1102 3923 inporta
1129 3840 1372 3923 virorum
1405 3860 1470 3897 ex
1510 3857 1652 3923 auro.
1687 3840 1865 3923 puris-

279 3914 417 3968 simo
463 3921 520 3967 et
556 3914 794 3983 gemmis
844 3914 1253 3983 pretiosissimis
1302 3914 1454 3968 mira:
1476 3914 1864 3983 magnitudinis

278 3992 334 4038 et
357 3982 776 4053 pulchritudinis
817 3982 1150 4049 decoratam,
1192 3994 1511 4055 pensantem
1553 3982 1721 4039 libras
1769 3984 1867 4039 de-

278 4070 400 4111 cem
425 4062 480 4109 et
503 4068 697 4108 novem
736 4061 791 4108 et
819 4056 1010 4110 uncias
1052 4064 1181 4115 tres.
1225 4055 1535 4113 Praesertim
1558 4071 1689 4110 vero
1719 4055 1863 4109 idem

279 4125 626 4181 beatissimus
649 4124 894 4193 pontifex
919 4126 1044 4180 fecit
1072 4127 1161 4181 ubi
1186 4141 1346 4195 supra
1376 4126 1649 4181 cancellos
1678 4125 1864 4181 fusiles

280 4197 335 4252 in
367 4197 614 4266 ingressu
644 4195 991 4268 presbyterii,
1030 4212 1125 4252 seu
1159 4197 1213 4251 in
1247 4198 1655 4268 dextrahparte,
1705 4196 1866 4251 laeva-

280 4281 406 4338 que,
434 4280 557 4338 nec
601 4281 708 4320 non
736 4266 885 4321 et‘in
931 4268 1175 4337 ingressu
1225 4266 1493 4323 vestibuli
1526 4283 1595 4322 ex
1640 4276 1865 4337 argento

279 4336 659 4397 mundissimo.
698 4336 1183 4408 pensantes’simul
1208 4338 1376 4394 libras
1406 4338 1574 4404 mille,
1606 4336 1867 4408 quingen-

281 4417 366 4465 tas
404 4409 743 4479 septuaginta
771 4417 826 4464 et
854 4418 985 4465 tres.
1024 4409 1304 4479 Simulque
1323 4418 1379 4463 et
1402 4410 1685 4465 columnas
1714 4409 1866 4463 vola-

282 4480 403 4552 tiles
440 4479 768 4552 [tornatiies,
804 4480 890 4537 vel
919 4479 1222 4552 versatiles]
1254 4489 1366 4535 tam
1389 4481 1444 4535 in
1468 4481 1713 4552 ingressu
1739 4495 1864 4534 cor-

1955 1874 2138 1919 autem
2168 1863 2220 1916 in
2252 1862 2472 1917 basilica
2502 1863 2741 1918 doctoris
2762 1858 2946 1919 mundi
2970 1864 3114 1918 beati
3140 1862 3293 1918 Pauli
3316 1858 3546 1928 apostoli

1956 1933 2175 2003 angelos
2217 1948 2284 1987 ex
2317 1943 2544 2003 argento
2587 1935 2881 2002 purissimo
2911 1935 3202 1989 deauratos
3240 1934 3424 2003 duos,_
3454 1929 3545 2003 qui

1952 2001 2269 2073 stantjuxta
2292 2001 2906 2073 itna’ginem’Salvatoris
2928 2006 2983 2059 in
3004 2006 3249 2073 ingressu
3271 2001 3545 2067 vestibuli,

1950 2084 2244 2145 pensantes
2279 2074 2449 2129 libras
2478 2084 2693 2129 centum
2722 2084 2776 2128 et
2804 2075 2988 2145 semis.

1953 2144 2342 2218 policandilum
2392 2144 2890 2218 [polycandelumi
2928 2145 3372 2218 porphyreticum
3420 2158 3550 2218 pen-

1954 2213 2173 2271 dentem
2221 2216 2275 2270 in
2326 2213 2550 2287 pergula
2598 2226 2725 2273 ante
2760 2213 3160 2287 confessionem
3192 2217 3248 2272 in
3287 2213 3552 2287 catenulis

1955 2288 2158 2350 aureis,
2192 2302 2312 2357 quae
2340 2286 2571 2356 pensant
2610 2288 2804 2342 libram
2832 2304 3017 2343 unam.
3068 2286 3376 2345 Praesertim
3407 2296 3460 2357 et
3496 2286 3551 2357 in

1956 2354 2223 2430 ingressui
2249 2354 2523 2422 basilicae,
2578 2358 2672 2413 ubi
2714 2374 2875 2428 supra
2932 2359 3109 2430 regias
3146 2354 3553 2430 majores___fecit

1956 2426 2224 2512 imagines
2251 2444 2316 2511 ea
2340 2438 2573 2512 argento
2612 2426 2849 2512 quinque
2876 2426 3172 2512 pensantes
3190 2426 3338 2512 .inibi
3384 2426 3553 2512 libras

1958 2496 2219 2555 ducentas
2247 2496 2437 2571 viginti
2464 2509 2518 2555 et
2543 2496 2777 2556 nov—erm
2800 2496 3089 2555 Enimvero
3115 2501 3205 2556 ubi
3235 2514 3397 2569 supra
3428 2496 3555 2551 fecit

1959 2584 2292 2643 aquamanus
2315 2571 2647 2643 antipempto
2675 2572 2963 2643 deauratas
2992 2572 3143 2643 paria
3171 2573 3556 2643 duo,_pensan-

1960 2649 2044 2696 tes
2060 2641 2219 2697 simul
2242 2641 2411 2697 libras
2434 2641 2861 2711 quatuordecim.
2890 2641 3041 2697 Fecit
3062 2651 3241 2697 autem
3260 2641 3401 2696 idem
3418 2653 3556 2711 prte-

1961 2727 2123 2785 sagus
2144 2713 2391 2785 antistes,
2416 2710 2505 2769 ubi
2532 2728 2717 2783 supra,
2742 2722 3045 2769 cerostatas
3075 2712 3310 2781 majores
3330 2710 3558 2785 versati-_-

1960 2778 2391 2856 iesanaglyphos
2417 2800 2483 2839 ex
2509 2778 2734 2855 argento
2761 2785 3071 2856 purissimo,
3092 2778 3558 2856 pensantes_simul

1961 2854 2132 2910 libras
2166 2853 2476 2926 uetitaginta
2504 2864 2559 2911 et
2579 2853 2678 2911 sex
2712 2853 2773 2911 et
2786 2858 2976 2911 uncias
3000 2853 3143 2912 octo.
3179 2855 3354 2926 Atque
3384 2853 3560 2907 lucer—

1962 2942 2062 2981 nas
2088 2925 2542 2998 majorcsifusiles
2568 2926 2816 2997 bimyxas
2857 2928 3219 2998 anaglyphas,
3249 2925 3383 2981 duas
3424 2938 3559 2994 pen-

1964 3010 2148 3082 santes
2178 2997 2319 3082 inibi
2338 2996 2505 3080 libras
2534 2996 2941 3082 quinquaginta
2969 2996 3036 3052 et
3054 2996 3270 3082 septem
3289 3004 3393 3082 ,_et
3424 3010 3555 3082 eon—

1966 3069 2141 3123 stitnit
2163 3066 2280 3136 ejus
2307 3066 2584 3140 beatitudo
2608 3066 2942 3140 quotidianis
2965 3066 3216 3125 noctibus
3241 3076 3368 3123 ante
3388 3067 3561 3121 altare

1968 3140 2137 3209 ipsius
2159 3139 2385 3208 apostoli
2412 3140 2605 3194 ardere
2628 3139 2884 3196 debeant.

2033 3208 2134 3264 Hic
2160 3210 2341 3264 divina
2369 3210 2640 3280 aSpiratns
2680 3213 2853 3282 gratia
2898 3212 3172 3267 investivit
3202 3211 3413 3265 trabem
3440 3225 3558 3265 ma-

1953 3279 2152 3365 jerem,
2185 3295 2305 3350 qua:
2337 3279 2550 3365 est/sub
2574 3279 2702 3335 arcti
2738 3282 3021 3365 principali
3050 3299 3116 3336 ex
3152 3290 3377 3364 argento
3407 3296 3561 3364 mun-

1961 3352 2188 3474 dissimo
2213 3361 2485 3419 nensante;
2509 3352 2663 3408 ibras
2688 3352 2835 3417 mille
2870 3360 3144 3408 trecentas
3168 3352 3558 3423 quinquaginta

1961 3431 2017 3474 et
2080 3438 2195 3474 uas.

1960 3431 2017 3477 et
2038 3431 2195 3477 duas.

2033 3492 2190 3548 Fecit
2219 3500 2400 3547 autem
2453 3483 2544 3547 hic
2576 3494 2874 3564 pra-clarus
2920 3494 3163 3565 pontifex
3193 3495 3286 3549 ubi
3314 3509 3476 3564 supra
3504 3495 3562 3550 in

1963 3563 2122 3637 altari
2158 3563 2599 3637 majoriivestem
2651 3563 3061 3637 chrysoclavam
3110 3568 3263 3621 mira:
3292 3563 3563 3637 magnitu-

1963 3581 2122 3618 altari
2158 3581 2347 3635 majori
2393 3581 2599 3619 veStem
2651 3581 3061 3637 cnrysoctavam
3110 3582 3263 3621 mira:
3292 3582 3376 3621 ma
3420 3581 3563 3620 utut-

1963 3636 2106 3707 dinis
2129 3646 2183 3707 et
2220 3633 2661 3707 pulchritudinis
2713 3638 3046 3707 decoratam,
3076 3637 3364 3693 habentem
3382 3581 3563 3692 iusto-

1964 3706 2102 3760 riam
2137 3706 2438 3761 Salvatoris
2469 3706 2682 3764 Domini
2731 3710 2903 3764 nostri
2938 3706 3069 3764 Jesu
3100 3707 3301 3763 Christi
3334 3716 3562 3763 sanctae-

1963 3792 2075 3850 que
2115 3778 2233 3850 ejus
2276 3778 2567 3850 genitricis
2604 3788 2658 3834 et
2706 3780 2989 3835 duodecim
3040 3781 3406 3850 apostolorum
3434 3792 3561 3850 cum

1961 3848 2217 3919 periclysi
2258 3848 2323 3903 de
2371 3850 2744 3920 chrysoclavo,
2802 3852 3041 3919 undique
3077 3848 3203 3905 cum
3253 3849 3563 3920 margaritis

1963 3928 2236 3985 ornatam,
2259 3931 2313 3973 et
2340 3921 2409 3973 ab
2434 3922 2681 3991 utrisque
2707 3921 2969 3977 lateribus
2998 3922 3228 3976 blattbin
3261 3920 3564 3991 cuntchry-

1965 3991 2183 4063 soclavo
2245 3990 2728 4063 decoratam,’qu:e
2768 3992 2823 4045 in
2871 3992 3143 4048 natalibus
3192 3990 3562 4063 apostolorum

1965 4061 2108 4115 idem
2147 4062 2396 4132 egregius
2421 4060 2642 4130 przesul'
2672 4062 2869 4132 ibidem
2899 4063 3023 4131 poni
3073 4060 3382 4132 constituit.
3412 4060 3565 4132 Fecit

1966 4140 2146 4185 autem
2174 4130 2245 4185 ibi
2276 4130 2439 4199 super
2468 4148 2684 4188 crucem
2727 4130 2987 4200 majorem
3037 4149 3103 4187 ex
3143 4148 3277 4187 auro
3306 4130 3454 4186 fulvo
3480 4130 3564 4185 ni-

1966 4202 2071 4256 mis
2108 4202 2482 4275 panoclystam
2525 4212 2774 4259 ornatam
2832 4205 3063 4275 gemmis
3120 4202 3391 4275 pretiosis,
3429 4216 3564 4275 pen-

1968 4281 2175 4346 samem
2227 4274 2392 4329 libras
2442 4275 2803 4346 quadraginta
2837 4274 2900 4346 et
2945 4276 3079 4330 duas
3104 4274 3160 4329 et
3184 4276 3376 4329 uncias
3403 4274 3560 4329 duas.

1967 4342 2079 4399 Nec
2127 4359 2242 4416 non
2270 4353 2327 4399 et
2375 4342 2678 4400 cerostrata
2732 4345 2883 4414 paria
2915 4354 3150 4416 quatuor
3185 4346 3459 4409 investita,
3492 4360 3558 4400 ex

1968 4423 2194 4540 argenti)
2217 4415 2476 4471 deaurato
2503 4416 2788 4486 pensantia
2836 4415 3000 4474 simul
3028 4416 3194 4474 libras
3217 4416 3564 4489 septuaginta

1968 4500 1998 4538 e
2054 4501 2149 4540 seu
2175 4501 2281 4540 em.

1967 4500 2022 4540 et
2054 4500 2281 4555 septem.

282 4540 645 4631 poris‘deittra
672 4540 913 4622 laevaque
947 4568 1015 4631 ex
1044 4540 1459 4631 pnite'viromm
1488 4540 1558 4606 ac
1576 4551 1863 4631 mulierum
1890 4540 1944 4600 Ῐ)
2040 4540 2193 4631 Εθξίι
2225 4565 2404 4631 autem
2440 4558 2770 4631 venerabilis
2796 4566 2852 4615 et
2877 4558 3172 4631 praeclarus
3194 4558 3436 4631 pontifex
3465 4574 3560 4613 su-

282 4620 400 4693 pari
456 4627 583 4676 octo
610 4620 899 4691 pensantes
926 4620 1084 4679 simul
1112 4623 1280 4678 libras
1309 4630 1528 4677 centum
1553 4622 1869 4693 nonaginta,

284 4692 383 4764 nec
414 4706 520 4745 non
553 4700 610 4746 et
656 4706 816 4748 arcus
862 4703 1148 4763 argenteos
1193 4702 1317 4749 octo
1361 4700 1657 4764 pensantes
1711 4692 1873 4748 simul

283 4761 454 4836 libgas
469 4771 702 4836 _ccntum
726 4761 1084 4836 quadraginta
1108 4773 1163 4819 et
1189 4772 1321 4820 tres.

355 4832 510 4906 Fecit
535 4843 716 4906 autem
744 4832 886 4889 idem
917 4832 1265 4890 beatissimus
1295 4835 1535 4906 pontifex
1568 4836 1621 4890 in
1644 4834 1872 4892 basilica

283 4903 430 4961 beati
454 4903 708 4977 Andreas,
740 4906 830 4961 ubi
857 4920 1042 4976 supra,
1068 4903 1385 4977 regnum'ex
1413 4922 1547 4962 auro
1581 4907 1875 4977 purissimo

287 4990 410 5031 cum
443 4976 673 5049 gemmis
702 4978 953 5047 pretiosis
983 4976 1235 5032 ornatum
1274 4993 1509 5049 pensans
1543 4976 1713 5033 libras
1743 4980 1877 5034 duas

287 5054 343 5102 et
366 5047 560 5117 uncias
582 5047 843 5117 quinque.

359 5115 623 5189 Necnon
671 5115 923 5189 etisuper
966 5119 1141 5174 altare
1180 5120 1355 5175 beata:
1401 5117 1747 5185 Petronillte,
1782 5118 1877 5175 ubi

289 5203 452 5257 supra
487 5187 616 5244 fecit
644 5187 869 5261 regnum
895 5205 1119 5245 aureum
1144 5205 1267 5261 cum
1289 5190 1879 5261 gemmis_pretiosissi-

290 5260 411 5319 mis,
451 5273 686 5329 pensans
711 5259 880 5315 libras
908 5261 1043 5315 duas
1063 5271 1121 5316 et
1140 5259 1333 5316 uncias
1359 5269 1490 5315 tres.
1515 5259 1691 5316 Simili
1719 5262 1878 5316 modo

288 5339 345 5384 et
367 5344 532 5403 super
560 5329 739 5403 altare
759 5332 1080 5403 sanctzeDei
1105 5332 1382 5403 genitricis
1416 5332 1503 5386 ubi
1546 5348 1728 5403 supra,
1758 5346 1880 5402 quae

290 5346 345 5384 et
367 5346 532 5454 super
560 5346 728 5386 altare
759 5346 961 5387 sancta:
987 5346 1080 5386 vet
1105 5346 1382 5403 genitricis
1416 5346 1503 5386 unt
1546 5348 1728 5403 supra,
1758 5346 1880 5402 quae

290 5400 594 5472 appelatur
628 5400 906 5468 Mediana,
961 5401 1089 5457 fecit
1138 5412 1343 5458 vestem
1383 5403 1450 5458 de
1489 5402 1715 5459 fundato
1755 5418 1880 5459 cum

291 5472 543 5544 periclysi
573 5474 639 5529 de
666 5473 983 5544 crysoclavo
1028 5474 1314 5528 habentem
1356 5474 1637 5529 historiam
1669 5490 1881 5529 annun-

291 5542 535 5616 tiationis
557 5542 797 5616 Domini.
829 5543 981 5616 Fecit
1009 5553 1189 5600 autem
1219 5544 1360 5599 idem
1383 5544 1729 5616 beatissimus
1753 5561 1882 5616 pon-

295 5612 426 5687 tifex
457 5614 511 5669 in
552 5615 777 5670 basilica
806 5615 1047 5671 doctoris
1075 5616 1259 5671 mundi
1290 5615 1432 5670 beati
1464 5616 1613 5671 Pauli
1652 5612 1879 5687 apostoli

296 5685 565 5741 canistros
605 5701 669 5742 ex
713 5694 939 5758 argento
986 5702 1121 5758 puro
1161 5701 1388 5742 numero
1432 5685 1789 5758 quadraginta
1828 5696 1883 5744 et

297 5764 504 5826 septem
532 5757 824 5831 pensantes
853 5757 1013 5815 simul
1038 5758 1205 5831 libras
1233 5758 1495 5831 ducentas
1522 5757 1881 5831 quadraginta

298 5835 355 5880 et
383 5828 610 5897 septem.
641 5829 709 5884 Et
734 5829 787 5885 in
811 5829 1141 5888 monasterio
1163 5838 1363 5886 sanctae
1382 5828 1880 5902 Agathamar'tyril

1974 4641 2075 4698 per
2103 4628 2283 4701 altare
2314 4628 2490 4701 bigatte
2516 4628 2823 4685 Petronillze
2844 4630 3111 4701 ciborium
3142 4628 3266 4687 cum
3293 4631 3564 4687 columnis

1975 4700 2376 4772 porphyreticis
2402 4717 2469 4756 ex
2521 4710 2747 4771 argento
2779 4700 3071 4772 purissimo
3118 4703 3271 4758 mirae
3301 4701 3567 4772 magnitu-
3606 4764 3617 4769 μ

1978 4717 2376 4822 ωτριέἴΐθιιοιε
2402 4717 2469 4756 ex
2521 4717 2747 4771 argento
2818 4717 3071 4756 urtssmo
3118 4718 3271 4758 mirae
3301 4717 3562 4772 magnitu-

1978 4769 2120 4823 dinis
2171 4781 2468 4845 ecoratum,
2486 4787 2724 4845 pensans
2740 4717 2907 4827 liliras
2923 4771 3562 4845 trecentasquadraginta

1978 4848 2197 4914 electo,
2216 4849 2379 4914 atque
2407 4840 2694 4913 imaginem
2716 4851 3026 4914 argenteam
3054 4840 3290 4900 stantem
3310 4840 3562 4914 sub'iarcu

1977 4909 2045 4967 de
2082 4911 2201 4982 ipso
2232 4909 2440 4967 ciboria
2467 4909 2985 4982 pensantem'libras
3011 4914 3199 4971 decem
3231 4922 3285 4968 et
3311 4911 3498 4982 semis.

2049 4980 2171 5056 Ipse
2198 4998 2327 5056 vero
2351 4999 2384 5056 a
2423 4980 2534 5056 Deo
2585 4993 2864 5055 protectus
2896 4994 2951 5041 et
2991 4980 3563 5056 prteclaruspontifeg

1980 5054 2106 5110 fecit
2142 5056 2197 5109 in
2228 5055 2452 5110 basilica
2477 5053 2716 5111 doctoris
2746 5056 2929 5112 mundi
2960 5053 3104 5112 beati
3155 5054 3307 5110 Pauli
3335 5053 3565 5123 apostoli

1980 5125 2358 5209 supereltare
2371 5124 2548 5209 majus
2592 5136 2800 5183 vestem
2838 5126 3246 5209 chrysoclavam
3272 5126 3564 5209 habentem

1979 5196 2265 5251 historiam
2316 5195 2614 5253 Dominica:
2651 5195 3069 5255 resurrectionis
3096 5212 3220 5254 cum
3251 5195 3563 5267 margaritis

1978 5277 2227 5341 ornatam
2251 5276 2310 5341 et
2338 5267 2630 5341 periclysin
2677 5270 2744 5324 de
2768 5269 3142 5341 _chrysoclavo:
3208 5266 3470 5341 Similiter
3492 5281 3569 5325 ex

1980 5337 2295 5409 margaritis
2339 5337 2570 5394 ornatas
2619 5337 2885 5411 imagines
2936 5338 3301 5411 apostolorum
3332 5338 3469 5393 duas
3496 5353 3566 5394 ex

1981 5417 2206 5493 argento
2226 5410 2511 5493 deauraotas
2528 5409 2819 5493 pensantes
2835 5409 2999 5464 libras
3024 5410 3337 5493 ociuagittia
3366 5417 3423 5493 et
3445 5414 3580 5493 sex.‘

2103 5481 2153 5536 ic
2177 5494 2307 5552 vero
2357 5480 2901 5552 misericordissimus
2927 5480 3172 5552 pontifex
3210 5480 3337 5536 fecit
3367 5480 3422 5536 in
3467 5482 3564 5552 ba-

1982 5550 2134 5607 silica
2183 5551 2397 5607 Sanctae
2434 5552 2530 5607 Dei
2578 5550 2870 5623 Genitricis
2900 5548 2965 5607 ad
3010 5551 3260 5622 Praesepe
3296 5548 3568 5623 super_al-

1982 5630 2099 5678 tare
2129 5632 2333 5679 vestem
2392 5622 2797 5694 chrysoclavam
2824 5624 3117 5679 habentem
3144 5620 3428 5679 historiam
3459 5620 3567 5694 Do-

1981 5694 2211 5767 minicaei
2247 5690 2665 5767 resurrectionis
2719 5693 2872 5750 mirm
2909 5695 3298 5767 magnitudinis
3358 5702 3414 5750 et
3439 5690 3564 5767 pul-

1982 5766 2305 5840 chritudinis
2335 5765 2647 5840 decoratam
2673 5779 2796 5820 cum
2832 5764 3086 5840 periclysi
3117 5767 3184 5825 de
3212 5764 3566 5838 chrysocth
3600 5764 3605 5769 ’

1982 5838 2220 5906 undique
2253 5849 2319 5891 ex
2348 5835 2661 5907 margaritis
2686 5835 2951 5892 ornatam.

3087 2091 3239 2130 erum
3281 2073 3447 2127 etiam
3493 2079 3550 2127 et
3642 2078 3649 2081 '
