4000 6492
492 326 630 385 1015

1836 325 1894 383 S.
1934 326 2072 385 LEO
2106 324 2290 383 PAPA
2324 325 2412 384 ΙΠ.

3636 331 3787 401 {eis

563 442 680 513 Ipse
726 456 856 498 vero
901 457 932 496 a
974 442 1085 514 Deo
1123 450 1400 514 protectus
1428 453 1485 499 et
1512 441 1808 514 praeclarus
1828 439 2076 514 pontifex
2102 443 2156 504 A
2179 442 2399 514 ponitur
2437 441 2490 514 in
2541 441 2873 498 monasterio
2928 444 3071 512 quod
3098 441 3402 514 appellatur
3428 444 3500 500 de
3545 443 3784 511 Sardas,

488 512 617 569 fecit
641 515 694 569 in
726 513 1057 584 monasterio
1082 512 1255 569 sancti
1280 512 1437 569 Saba:
1462 512 1718 569 coronam
1748 530 1815 569 ex
1831 512 2091 584 argento

487 590 810 656 pensantem
860 583 1029 639 libras
1076 592 1199 656 octo
1252 592 1309 640 et
1363 584 1554 640 uncias
1604 585 1816 640 decem.
1870 582 2075 656 Verum

486 654 653 728 etiam
685 661 740 711 et
767 655 821 728 in
856 654 1187 728 monasterio
1213 655 1358 711 beati
1382 655 1653 711 Anastasii
1691 655 1949 728 martyris
1984 670 2076 710 eo-

487 726 616 797 dem
665 725 827 781 modo
877 722 1025 797 fecit,
1062 740 1316 782 coronam
1362 741 1429 781 ex
1483 734 1707 797 argento
1754 722 2075 797 pensantem

486 796 655 853 libras
674 805 800 852 octo
825 805 879 851 et
905 796 1095 853 uncias
1131 804 1365 867 quatuor
1393 803 1448 852 et
1476 796 1639 853 semis
1671 814 1684 851 :
1715 796 1811 852 sed
1863 797 1919 867 in
1960 811 2077 851 mo-

487 867 730 924 nasterio
746 867 917 938 sancti
935 866 1185 933 Andreae,
1201 868 1344 938 quod
1368 869 1588 937 ponitur
1614 868 1667 922 in
1693 867 1835 923 clivo
1857 866 2072 931 Scauri,

486 938 740 1010 similiter
761 937 897 1010 fecit
925 954 1182 994 coronam
1211 937 1279 994 ex
1309 946 1534 1010 argento
1575 954 1712 1010 puro
1754 945 2075 1008 pensantem

485 1008 655 1066 libras
679 1009 936 1080 quinque.
960 1010 1033 1076 Et
1052 1011 1105 1064 in
1138 1008 1468 1065 monasterio
1494 1010 1664 1065 beatae
1682 1008 1909 1080 Agathte
1931 1024 2076 1063 mar-

485 1080 644 1152 tyris,
677 1079 1067 1151 quod’ponitur
1094 1096 1258 1152 super
1277 1080 1597 1152 Saburram,
1628 1079 1881 1152 similiter
1921 1080 2071 1152 fecit.

534 1166 598 1207 ec
616 1150 723 1221 non
751 1158 807 1221 et
831 1152 885 1206 in
911 1150 1242 1221 monasterio
1268 1151 1446 1208 sancti
1480 1150 1715 1215 Erasmi,
1740 1151 1883 1221 quod
1920 1151 2076 1220 poni-

487 1228 578 1276 tur
606 1221 662 1276 in
691 1220 855 1292 (Ζωιἱο
897 1229 1109 1287 monte,
1140 1220 1268 1279 fecit
1301 1237 1557 1278 coronam
1596 1236 1662 1276 ex
1691 1220 1915 1292 argento
1943 1236 2076 1291 pen-

484 1299 697 1364 santem
732 1291 904 1364 libras
950 1301 1184 1364 quatuor
1209 1302 1264 1350 et
1305 1294 1496 1364 uncias
1520 1292 1675 1347 duas.
1706 1291 1879 1347 Simili
1912 1292 2074 1347 modo

483 1362 615 1419 fecit
642 1371 698 1419 et
727 1361 784 1418 in
814 1361 1147 1420 monasterio
1181 1365 1355 1420 sancti
1403 1362 1648 1419 Silvestri
1704 1378 1960 1419 coronam
2003 1379 2072 1418 ex

483 1443 712 1506 argento
739 1443 1059 1506 pensantem
1093 1435 1264 1491 libras
1301 1449 1395 1491 sex
1430 1443 1487 1490 et
1525 1434 1722 1506 uncias
1753 1442 1884 1489 tres.
1910 1434 1991 1506 _Et
2017 1434 2072 1488 in

485 1504 823 1576 nionasteriu
845 1505 987 1560 beati
1015 1505 1293 1561 Laurentii
1324 1505 1600 1576 martyris,
1635 1505 1727 1574 qui
1771 1504 2075 1576 appellatur

480 1574 764 1647 Pallaciui,
797 1573 927 1647 fecit
952 1577 1248 1632 canistrum
1280 1577 1348 1633 de
1389 1573 1614 1647 argento
1643 1573 1880 1646 pensa—ns
1907 1576 2075 1631 libras

483 1646 620 1701 duas
641 1646 908 1719 et_uncias
934 1658 1162 1719 septem.
1204 1646 1495 1719 Enimvero
1538 1656 1593 1702 et
1638 1648 1695 1719 in
1741 1647 2073 1719 monasterio

485 1718 659 1790 sancti
686 1716 961 1790 Pancratii
978 1716 1168 1789 [quod
1198 1719 1420 1790 ponitur
1454 1718 1610 1788 juxta
1639 1718 1923 1790 basilicam
1955 1718 2075 1774 Sal-

481 1789 708 1862 vator-is,
734 1788 864 1843 fecit
893 1788 1174 1862 coronpmp
1192 1788 1259 1845 de
1280 1797 1508 1862 argento
1537 1798 1880 1862 pensantem,
1904 1789 2073 1845 libras

482 1858 724 1930 quinque
751 1868 809 1915 et
835 1861 1020 1916 semis.
1051 1860 1204 1916 Fecit
1227 1858 1405 1915 autem
1427 1869 1481 1916 et
1507 1858 1561 1916 in
1593 1861 1923 1916 monasterio
1949 1876 2072 1915 san-

481 1937 693 2013 ctorum
718 1930 949 2013 Andrete
969 1938 1025 1985 et
1053 1931 1459 2013 Bartholomaai,
1487 1932 1579 2002 qui
1621 1930 1922 2013 appellatur
1963 1930 2075 2013 Η-ρέ

480 2001 643 2073 norii,
675 2001 973 2056 canistrum
1012 2010 1331 2073 exurgento
1361 2001 1601 2073 pensans
1630 2001 1798 2057 libras
1828 2010 1958 2073 tres.
2004 2002 2075 2057 Et

480 2072 535 2144 in
563 2073 897 2144 monasterio
917 2072 1093 2144 sancti
1123 2071 1407 2144 Stephani,
1454 2074 1596 2143 quod
1645 2073 1868 2144 ponitur
1908 2071 2068 2141 juxta

479 2139 783 2215 Lateranis,
825 2141 954 2198 fecit
981 2139 1280 2215 canistrum
1307 2143 1374 2199 de
1399 2139 1626 2215 argento
1643 2139 1882 2214 pensans
1904 2139 2073 2199 libras

481 2210 965 2284 duas._Simulque
996 2221 1053 2267 et
1089 2214 1144 2268 in
1176 2210 1506 2270 monasterio
1538 2210 1709 2284 ipsiits
1736 2215 1895 2284 primi
1929 2229 2073 2269 mar-

480 2284 617 2353 tyris
640 2282 930 2355 Stephani,
955 2284 1098 2355 quod
1121 2285 1342 2355 ponitur
1360 2286 1428 2341 ad
1451 2282 1668 2340 beatum
1695 2282 1914 2340 Petrum
1943 2300 2074 2354 apo-

480 2300 617 2353 tyrts
640 2300 930 2407 Stepnam,
955 2300 1098 2355 quoa
1121 2300 1342 2355 pOIIlllll'
1360 2300 1428 2341 au
1452 2300 1668 2340 beatum
1696 2300 1914 2340 Petrum
1943 2300 2073 2354 apo-

479 2355 702 2419 stolum,
757 2355 865 2429 ecit
903 2354 1203 2429 canistrum
1234 2371 1322 2429 ex
1349 2364 1575 2429 argento
1614 2372 1864 2429 pensans
1904 2356 2073 2429 libras

479 2430 593 2479 tres
626 2436 681 2479 et
709 2425 895 2498 semis.
937 2424 1057 2496 Ipse
1096 2441 1228 2498 vero
1275 2424 1544 2481 almilicus
1590 2424 1787 2498 prtesul
1839 2426 1972 2481 fecit
2015 2428 2072 2483 in

478 2495 814 2568 monasterio
843 2495 1157 2568 sanctorum
1199 2496 1428 2552 Joannis
1456 2507 1512 2552 et
1546 2495 1721 2562 Pauli,
1749 2498 1891 2568 quod
1916 2498 2071 2568 poni-

480 2574 573 2621 tur
602 2564 761 2635 juxta
799 2568 1049 2640 beatumd
1067 2566 1291 2623 Petrum
1320 2568 1649 2640 appstolum,
1676 2564 1975 2640 canistrum
2001 2584 2072 2624 ex

479 2648 705 2709 argento
733 2652 971 2708 pensans
997 2638 1164 2709 libras
1212 2637 1518 2695 tresCPari
1566 2640 1726 2695 modo
1764 2637 1892 2693 fecit
1930 2647 1984 2693 ct
2015 2640 2073 2694 in

477 2708 811 2781 monasterio
855 2710 1031 2765 sancti
1076 2708 1314 2781 Martini,
1346 2710 1491 2780 quod
1520 2710 1741 2781 ponitur
1776 2719 1835 2763 ut
1882 2724 2068 2781 supra,

477 2779 779 2851 canistrum
818 2794 1057 2851 pensans
1104 2779 1275 2837 libras
1319 2779 1554 2851 quatuor
1577 2790 1633 2838 et
1679 2781 1868 2836 uncias
1915 2779 2072 2836 duas.

479 2847 681 2922 Sedet
720 2847 1159 2922 iub—monasterio
1206 2847 1378 2922 sancti
1428 2851 1688 2922 Stephani
1734 2852 1824 2906 uhi
1870 2866 2070 2922 supra,

476 2920 620 2991 quod
651 2920 957 2992 appellatur
988 2921 1265 2991 Catagalla
1302 2920 1562 2989 Patricia,
1588 2923 1707 2992 pari
1736 2927 1897 2978 modo
1937 2920 2078 2977 iecit

452 2992 782 3063 ,canisgrum
812 3007 879 3046 ex
902 3003 1128 3062 argento
1160 3007 1398 3063 pensans
1428 2993 1596 3049 libras
1621 2995 1755 3048 duas
1790 3000 1846 3048 et
1885 2994 2071 3048 semis.

478 3058 765 3132 Simulque
792 3071 850 3133 et
878 3063 931 3116 in
963 3058 1294 3119 monasterio
1320 3065 1493 3119 sancti
1523 3064 1764 3124 Caesarii.
1790 3064 1933 3133 quod
1973 3078 2074 3133 po-

477 3133 629 3204 nitur
672 3134 742 3187 ad
798 3132 1019 3188 beatum
1067 3133 1289 3188 Paulum
1337 3135 1678 3204 apostolum,
1726 3132 1900 3190 instar
1945 3132 2074 3191 fecit

2178 511 2308 585 fecit
2336 513 2638 585 canistrum
2670 527 2738 568 ex
2764 511 2992 585 argento
3028 511 3264 585 pensans
3291 515 3465 585 libras
3514 524 3659 571 tres.
3719 516 3791 573 Et

2179 583 2234 638 in
2268 584 2602 640 monasterio
2628 582 3105 640 sanctae’Bibianze
3144 585 3396 641 similiter
3442 584 3580 642 fecit
3628 588 3788 643 cani-

2177 661 2445 725 strumpex
2472 660 2702 725 argento
2731 668 2966 724 pensans
2995 654 3162 711 libras
3188 658 3325 713 duas
3347 666 3411 712 et
3438 656 3647 713 uncias
3687 672 3789 712 no-

2177 739 2320 799 vem.
2351 724 2503 799 Fecit
2531 724 2712 780 autem
2741 733 2799 799 et
2827 726 3153 799 inperatorio
3173 737 3374 783 sancta:
3396 728 3613 795 Lucize,
3634 730 3786 799 quod

2175 795 2397 866 ponitur
2424 796 2479 850 in
2508 796 2842 851 monasterio
2870 796 2936 851 de
2965 797 3180 864 Renati,
3205 798 3517 855 canistrum
3566 795 3673 855 ex'
3693 817 3787 855 ar-

2176 873 2338 937 gento
2359 880 2597 935 pensans
2624 866 2791 922 libras
2811 867 2966 923 duas.

2250 937 2448 1012 V_erum
2482 937 2649 992 etiam
2678 944 2733 992 et
2776 939 2830 1012 in
2862 939 3348 1012 quateriosanctm
3383 940 3612 1012 Mariae,
3642 942 3791 1012 quod

2176 1006 2397 1078 ponitur
2421 1008 2475 1062 in
2504 1009 2837 1063 monasterio
2882 1008 3180 1075 Michaelis,
3214 1010 3389 1066 instar
3439 1006 3603 1068 fecit
3634 1006 3788 1069 cani-

2177 1086 2349 1150 strum
2377 1093 2480 1150 ex,
2520 1087 2745 1150 argento
2787 1095 3023 1150 pensans
3071 1080 3240 1136 libras
3283 1082 3422 1137 duas
3470 1092 3532 1138 et
3594 1084 3791 1139 uncias

2176 1149 2333 1224 duas.
2369 1149 2452 1224 Et_
2470 1148 2524 1203 in
2560 1148 2894 1206 monastério
2919 1153 3092 1206 sancti
3141 1151 3317 1224 Sergii
3361 1154 3567 1208 eodem
3620 1156 3787 1209 modo

2174 1217 2306 1274 fecit
2335 1220 2633 1295 canistrum
2672 1235 2737 1276 ex
2765 1230 2991 1295 argento
3011 1217 3450 1295 pensans'libras
3477 1233 3627 1279 tres.
3672 1226 3791 1295 Ipse

2175 1290 2606 1377 rerualmit‘lcus.
2623 1290 2897 1377 praisul'et
2922 1292 2976 1375 in
3006 1290 3487 1377 oratotzio‘sancta:
3523 1290 3789 1377 Apuliae,

2176 1363 2319 1430 quod
2343 1362 2565 1430 ponitur
2594 1362 2647 1416 in
2676 1364 3007 1418 monasterio
3053 1364 3193 1433 apud
3237 1363 3437 1429 Africi,
3464 1362 3787 1420 canistrum

2176 1447 2245 1487 ex
2273 1442 2500 1505 argento
2528 1448 2763 1502 pensans
2797 1434 2964 1489 libras
2995 1441 3127 1489 tres.
3151 1434 3277 1489 Pari
3312 1436 3477 1490 modo
3499 1435 3644 1490 fecit
3664 1438 3793 1491 etin

2174 1503 2510 1578 monasterio
2558 1513 2900 1578 sanctorum
2928 1505 3253 1578 Euphemizc
3288 1515 3343 1559 et
3391 1505 3790 1578 Archangcli,

2176 1574 2322 1644 quod
2352 1572 2745 1644 poniturjuxta
2783 1574 2996 1629 titulum
3014 1572 3286 1630 Pudentis
3308 1616 3323 1641 ,
3351 1572 3678 1632 canistrum
3725 1594 3791 1631 ex

2175 1654 2405 1714 argento
2433 1660 2667 1716 pensans
2690 1644 2859 1716 libras
2887 1647 3148 1716 quinque.
3181 1645 3288 1702 Sed
3314 1656 3371 1701 et
3398 1648 3457 1701 in
3500 1658 3793 1703 monaste-

2176 1717 2260 1770 rio
2281 1715 2457 1771 sancti
2487 1715 2678 1771 lsidori
2701 1715 2863 1771 simili
2891 1715 3050 1771 modo
3072 1718 3202 1772 iecit
3220 1717 3558 1773 canistrum.
3585 1716 3794 1773 Simul-

2100 1821 2150 1882 Β
2176 1801 2284 1856 que
2312 1787 2952 1882 et‘inpr'a‘toriu'sa‘ncte
2985 1786 3210 1870 Agatbae
3230 1830 3245 1852 ,
3276 1788 3699 1882 quodrponitgr
3740 1791 3795 1871 in

2180 1858 2511 1913 monasterio
2540 1857 2772 1922 Templi,
2796 1857 2926 1913 fecit
2952 1857 3247 1913 canistrum
3277 1857 3565 1914 similiter.
3622 1859 3698 1913 Et
3739 1860 3792 1913 in

2177 1928 2420 2012 oramrio
2450 1928 2896 2012 sanctiﬁcsarnii,
2914 1928 3073 2012 .quod
3101 1930 3323 2012 ponitur
3353 1930 3409 1984 in
3446 1931 3796 2012 monasterio

2176 2001 2244 2071 de
2278 1998 2495 2064 Corsas,
2527 1999 2954 2071 similiterril‘ecit
2998 1998 3296 2055 canistrum
3333 2016 3584 2071 pensans
3628 2000 3796 2056 libras

2175 2069 2313 2125 duas
2334 2079 2392 2125 et
2417 2071 2606 2125 uncias
2627 2079 2758 2126 tres.
2782 2070 3074 2125 Enimvero
3093 2079 3148 2126 et
3169 2072 3223 2126 in
3247 2069 3597 2127 monasterio
3611 2072 3795 2127 sancti

2177 2138 2418 2214 Semitrii
2451 2139 2582 2214 fecit
2609 2141 2883 2214 similiter_
2906 2143 3210 2214 canistrum
3257 2152 3616 2214 argenteum.
3678 2143 3791 2198 [tuo

2174 2219 2229 2266 et
2256 2212 2309 2282 in
2342 2211 2584 2282 oratorio
2609 2220 2811 2282 sanctae
2840 2210 3043 2276 Marim,
3073 2213 3218 2282 quod
3243 2210 3473 2282 ponitur
3498 2215 3557 2267 in
3592 2229 3791 2268 mona-

2176 2281 2344 2337 sterio
2368 2281 2536 2350 Aqua:
2563 2280 2774 2342 Salviae,
2794 2282 2923 2337 fecit
2948 2280 3218 2337 similiter.
3244 2280 3424 2339 Simili
3459 2285 3635 2339 modo
3669 2283 3796 2338 fecit

2176 2353 2311 2425 etin
2342 2352 2878 2425 monasterio_sancti
2918 2352 3135 2417 Donati,
3169 2355 3312 2424 quod
3353 2354 3591 2425 ponitur
3636 2354 3793 2423 juxta

2175 2423 2392 2496 titulum
2436 2431 2637 2496 sancta:
2669 2422 2892 2496 Priscae,
2914 2422 3214 2496 canistrum
3255 2441 3320 2481 ex
3354 2422 3604 2496 argento
3644 2422 3792 2495 pen-

2176 2510 2305 2550 sans
2334 2494 2501 2564 libras
2525 2494 2660 2550 duas
2682 2502 2739 2549 et
2758 2495 2948 2549 uncias
2972 2495 3230 2564 quinque.
3256 2497 3325 2551 Et
3346 2496 3403 2550 in
3433 2494 3789 2552 monasterio

2177 2565 2354 2636 sancti
2394 2563 2642 2636 Joannis,
2674 2567 2818 2636 quod
2864 2563 3085 2636 ponitur
3130 2563 3190 2620 in
3236 2567 3518 2622 Aventino
3545 2610 3561 2631 ,
3616 2568 3792 2621 instar

2176 2634 2309 2691 fecit
2336 2635 2633 2690 canistrum
2662 2634 2730 2707 ex
2755 2634 2977 2707 argento
2995 2651 3231 2707 pensans
3259 2638 3429 2692 libras
3466 2639 3636 2693 duas.
3682 2638 3789 2693 Nec

2177 2721 2285 2761 non
2311 2714 2367 2761 et
2403 2706 2729 2780 inoratorio
2773 2706 2978 2780 sancte
3012 2706 3217 2780 Mariae.
3260 2708 3409 2778 quod
3449 2710 3690 2780 ponitur
3735 2709 3784 2763 in

2172 2777 2507 2851 monasterio
2533 2776 2609 2851 de
2630 2777 2848 2842 Lutara,
2880 2776 3008 2851 fecit
3025 2776 3358 2851 ginistra'ex
3384 2776 3624 2851 argento
3652 2795 3783 2849 pen-

2179 2848 2355 2905 santia
2385 2848 2552 2903 libras
2577 2848 2712 2904 duas
2737 2859 2794 2903 et
2817 2850 3001 2903 semis.
3029 2848 3182 2905 Fecit
3208 2860 3391 2906 autem
3422 2848 3482 2905 ei
3510 2851 3568 2905 in
3596 2866 3787 2904 mona-

2179 2919 2349 2975 sterio
2381 2917 2705 2984 Jerusalem,
2738 2919 2882 2990 quod
2909 2921 3129 2989 ponitur
3173 2921 3241 2975 ad
3281 2921 3513 2977 beatum
3565 2920 3787 2976 Petrum

2181 2990 2503 3117 apostolum,
2518 2989 2820 3074 canistrum
2834 3005 2901 3045 ex
2917 2999 3143 3075 argento
3168 3006 3405 3060 pensans
3432 2992 3612 3075 libras
3631 2994 3785 3048 duas.

2229 3076 2384 3116 erum
2418 3069 2582 3116 etiam
2606 3070 2664 3115 et
2688 3076 2741 3115 In
2767 3070 3099 3117 monasterio
3119 3073 3325 3117 sanctae
3350 3063 3592 3117 Annetis
3608 3105 3625 3117 .
3648 3065 3785 3117 quod

2229 3076 2384 3133 erum
2418 3062 2582 3133 etiam
2606 3070 2664 3115 et
2688 3062 2741 3115 in
2767 3063 3099 3133 monasterio
3119 3073 3325 3118 sanctae
3350 3063 3592 3133 Agnetis
3608 3105 3625 3127 ,
3648 3065 3785 3133 quod

2179 3132 2406 3202 ponitur
2434 3131 2571 3187 foris
2597 3141 2812 3202 portam
2837 3131 3254 3192 Nomentanam.
3284 3131 3422 3189 fecit
3439 3131 3693 3190 canistra
3720 3149 3785 3190 ex

477 3185 774 3276 causam
800 3185 1398 3276 assignatam;
1412 3185 1582 3261 1:35.15;
1590 3185 1922 3276 fnestra"
1946 3185 2073 3261 iis:
2100 3185 2146 3249 C
2177 3185 2740 3276 aiataitjasttaa
2758 3185 3412 3276 una.quiritanti;
3440 3185 3785 3261 tissime".

477 3274 722 3328 nasterio
747 3275 926 3347 sancti
955 3274 1217 3347 Stephani
1262 3276 1355 3332 ubi
1388 3292 1567 3346 supra,
1596 3275 1725 3333 fecit
1769 3278 2071 3333 canistrum

476 3358 712 3414 pensans
744 3344 914 3401 libras
956 3344 1109 3403 duas.
1144 3347 1258 3402 lmo
1301 3356 1356 3404 et
1396 3344 1468 3402 in
1485 3349 1821 3404 monasterio
1857 3357 2073 3403 sancto-

474 3413 598 3470 rum
644 3413 853 3490 Cosma:
896 3425 950 3490 et
994 3417 1266 3485 Damiani,
1297 3419 1443 3490 quod
1488 3420 1711 3490 ponitur
1738 3420 1897 3490 juxta
1924 3419 2073 3475 Prte-

443 3504 449 3509 ·
476 3501 623 3558 sepe,
654 3486 783 3561 fecit
809 3489 1109 3561 canistrum
1132 3505 1200 3561 ex
1220 3486 1450 3561 argento
1479 3486 1716 3561 pensans
1740 3486 1911 3546 libras
1935 3491 2071 3545 duas

475 3564 533 3613 et
577 3558 770 3615 uncias
809 3558 965 3615 duas.
1019 3559 1195 3615 Simili
1242 3558 1405 3616 modo
1451 3558 1583 3617 fecit
1634 3563 1689 3617 in
1738 3562 2072 3618 monasterio

477 3628 656 3702 sancti
682 3628 933 3694 Andrem,
985 3631 1131 3700 quod
1158 3631 1462 3702 appellatur
1499 3632 1675 3688 Massa
1704 3630 1943 3698 Iuliana,
1979 3646 2071 3687 ca-

476 3698 710 3770 nistrum
739 3714 807 3753 ex
829 3698 1055 3770 argento
1083 3698 1318 3770 pensans
1350 3702 1516 3756 libras
1543 3705 1698 3759 duas.
1734 3702 1844 3759 Nec
1880 3719 1987 3758 non
2017 3709 2074 3756 et

476 3768 536 3845 i_n
562 3768 917 3845 monasterio
942 3768 1120 3845 sancii
1163 3771 1412 3845 Adriani,
1453 3772 1596 3842 quod
1643 3774 1867 3845 ponitur
1911 3774 2072 3845 juxta

475 3838 750 3913 Emepe,
781 3840 957 3913 instar
990 3840 1121 3897 fecit
1140 3842 1440 3913 canistrum
1463 3838 1703 3913 pensans
1729 3843 1899 3899 libras
1912 3838 2068 3899 duas.

475 3908 545 3986 Et
571 3910 626 3965 in
658 3908 1000 3986 monasterio
1013 3912 1187 3968 sancti
1218 3908 1484 3978 Cassiani",
1503 3914 1658 3986 quod
1679 3915 1898 3986 ponitur
1919 3914 2073 3985 juxta

476 3983 696 4061 beatum
743 3981 1098 4037 Laurentium
1148 3981 1628 4061 ntartyremuforis
1673 3981 2074 4053 inurumﬂ'ecit

478 4054 779 4108 canistrum
810 4068 879 4108 ex
907 4062 1133 4124 argento
1164 4054 1401 4124 pensans
1430 4054 1619 4111 libras.

543 4141 697 4219 Fecit
721 4152 903 4219 autem
939 4144 994 4198 in
1027 4144 1361 4219 monasterio
1388 4146 1563 4201 sancti
1609 4145 1891 4218 Stephani,
1926 4152 2070 4219 quod

474 4215 698 4342 pgnitur
735 4213 826 4269 ubi
874 4230 1057 4286 supra,
1096 4217 1400 4271 canistrum
1442 4230 1508 4271 ex
1562 4213 1789 4290 argento
1835 4213 2070 4291 pensans

499 4286 510 4298 '
556 4300 646 4341 ras
669 4285 806 4341 duas
827 4294 884 4342 et
909 4286 1094 4342 semis.
1126 4287 1328 4342 Verum
1367 4287 1531 4342 etiam
1557 4300 1614 4342 et
1652 4291 1707 4342 in
1738 4294 2070 4342 monasterio

499 4285 646 4342 ibras
669 4285 806 4341 duas
827 4294 884 4342 et
909 4285 1094 4342 semis.
1126 4287 1328 4342 Verum
1367 4287 1531 4343 etiam
1557 4300 1614 4345 et
1629 4285 1707 4345 'in
1738 4285 2070 4348 monasterio

476 4357 650 4430 sancti
678 4356 922 4430 Victorii,
937 4358 1080 4428 quod
1108 4358 1327 4426 ponitur
1338 4358 1404 4412 ad
1425 4369 1675 4415 sanctum
1697 4361 2064 4430 Pancratium,

474 4426 606 4500 fecit
641 4426 1309 4500 canistrum—pexpargento
1351 4444 1588 4500 pensans
1614 4431 1784 4486 libras
1830 4432 1986 4498 duas,
2013 4426 2068 4490 et

476 4497 667 4575 uncias
693 4508 921 4575 septem.
963 4498 1031 4575 Et
1057 4498 1111 4553 in
1141 4497 1472 4555 monasterio
1509 4500 1681 4575 sancti
1726 4501 2062 4575 Chrysogoni

478 4567 734 4624 similiter
757 4568 890 4625 fecit
910 4570 1210 4626 canistrum
1241 4585 1478 4641 pensans
1514 4571 1681 4627 libras
1704 4582 1838 4628 tres.

545 4661 667 4731 Ipse
688 4675 819 4717 vero
838 4661 1106 4717 almiﬁcus
1131 4661 1330 4732 praesul
1350 4661 1479 4717 fecit
1505 4661 1559 4717 in
1590 4665 1922 4720 monasterio
1945 4681 2071 4721 san-

480 4739 583 4789 cta
612 4731 813 4795 Mariae,
849 4734 993 4804 quod
1018 4731 1320 4804 appellatur
1348 4733 1640 4799 Ambrosii,
1666 4736 1965 4791 canistrum
2002 4753 2069 4793 ex

482 4812 706 4876 argento
736 4818 974 4874 pensans
1003 4803 1170 4876 libras
1200 4806 1354 4859 duas.
1400 4804 1525 4859 Pari
1556 4806 1718 4876 modo
1743 4806 1883 4876 fecit
1929 4818 1985 4863 et
2015 4811 2070 4864 in

474 4874 809 4946 monasterio
822 4882 1024 4931 sanctae
1038 4874 1240 4942 Mariae,
1255 4876 1400 4944 quod
1414 4875 1715 4946 appellatur
1725 4875 1900 4943 Juliaa,
1915 4887 1977 4934 ut
1988 4896 2074 4935 su-

475 4961 593 5031 pra.
612 4945 720 5031 Sed
739 4955 803 5031 et.
818 4949 872 5001 in
888 4947 1219 5031 monasteiio
1231 4947 1405 5031 saucii
1422 4945 1834 5031 Andreae,un
1854 4954 2074 5019 ponitur

469 5017 624 5089 juxta
648 5018 931 5075 basilicam
956 5017 1343 5089 apostolorum,
1360 5018 1487 5074 fecit
1509 5017 1778 5074 similiwr.

551 5108 843 5181 Simulque
880 5109 1033 5181 etin
1079 5108 1327 5181 oratorio
1358 5109 1554 5181 sancti
1605 5107 1890 5179 Stephani,
1925 5111 2070 5181 quod

477 5181 699 5253 ponitur
727 5177 782 5234 in
819 5179 1040 5253 Dulciti,
1072 5177 1208 5253 fecit
1248 5180 1547 5253 canistrum
1596 5194 1663 5253 ex
1690 5177 1915 5253 argento
1936 5177 2070 5252 pen-

477 5250 604 5306 sans
634 5250 801 5306 libras
844 5250 979 5306 duas
1006 5259 1061 5305 et
1087 5250 1275 5320 uncias
1309 5251 1567 5320 quinque.
1601 5250 1895 5308 Enim'vero
1923 5250 1980 5307 et
2008 5255 2065 5310 in

476 5322 715 5394 oratorio
742 5329 1056 5394 sanctorum
1073 5319 1257 5394 Sergii
1280 5319 1338 5394 et
1358 5319 1580 5394 Bacchi,
1591 5325 1733 5393 quod
1756 5324 1977 5394 ponitur
2009 5325 2065 5380 in

477 5391 756 5457 Callinico,
786 5391 1036 5447 similiter
1063 5391 1528 5448 fecit’canistrum.
1562 5391 1677 5449 lmo
1701 5391 1836 5450 et'in
1865 5410 2062 5450 mona-

480 5462 647 5535 sterio
676 5463 881 5535 sancti
915 5463 1151 5535 Agapiti,
1185 5464 1334 5535 quod
1380 5463 1600 5533 ponitur
1640 5463 1797 5533 juxta
1846 5465 2061 5522 titulum

480 5532 911 5606 EudogiazJecit
936 5532 1516 5606 similitercanistrum
1550 5532 1867 5606 argenteum
1902 5546 1956 5592 et
1981 5553 2065 5593 se-

479 5604 603 5677 mis.
634 5603 809 5677 Simili
832 5603 988 5660 modo
1010 5614 1067 5660 et
1087 5605 1142 5659 in
1164 5606 1405 5661 oratorio
1431 5603 1639 5677 sancta?
1650 5606 1898 5677 Agnetis,
1913 5607 2057 5677 quod

479 5676 701 5799 ponitur
729 5676 783 5759 in
811 5677 1142 5732 monasterio
1168 5677 1312 5748 quod
1351 5676 1654 5761 appellatur
1706 5676 1823 5734 Duo
1853 5676 2058 5745 Furna,

505 5755 611 5799 emt
640 5754 935 5799 canistrum
962 5761 1029 5799 ex
1057 5756 1285 5799 amento
1324 5762 1562 5799 pensans
1604 5747 1777 5799 libras
1823 5749 1957 5799 duas
2004 5757 2058 5799 et

505 5747 611 5819 'ecit
640 5747 935 5819 canistrum
962 5761 1029 5802 ex
1057 5747 1285 5819 argento
1324 5762 1562 5818 pensans
1604 5747 1957 5819 librasduas
2004 5757 2060 5805 et

487 5816 673 5870 uncias
696 5827 837 5871 octo.
866 5817 976 5873 Nec
999 5833 1107 5874 non
1124 5815 1193 5875 ἐι
1217 5820 1271 5874 in
1294 5815 1532 5876 oratorio
1558 5820 1732 5877 sancti
1755 5815 1885 5883 Viti.
1913 5820 2058 5889 quod

2176 3273 2378 3346 sanctae
2403 3273 2678 3346 Eugeniae,
2696 3273 2839 3346 quod
2861 3275 3078 3346 ponitur
3098 3273 3232 3330 forts
3251 3286 3469 3346 portam
3500 3276 3781 3345 Latinam,

2173 3345 2294 3419 pari
2320 3346 2479 3400 modo
2496 3344 2635 3419 fecit
2664 3344 2964 3419 canistrum
2992 3360 3059 3419 ex
3090 3344 3315 3419 argento
3339 3362 3589 3419 pensans
3610 3349 3780 3403 libras

2174 3415 2455 3491 quinque;
2489 3414 2585 3491 sed
2630 3422 2688 3469 et
2725 3415 2786 3491 in_
2829 3417 3073 3491 oratorio
3117 3414 3294 3491 sancti
3322 3414 3608 3491 Gregorii,
3637 3419 3780 3489 quod

2172 3485 2708 3562 poniturinﬁampo
2740 3486 2948 3562 Magtis,
2973 3486 3102 3543 fecit
3145 3489 3387 3562 canistra
3438 3485 3507 3544 ἐι
3555 3485 3782 3562 argento

2173 3556 2461 3639 pensantia
2485 3556 2655 3639 libras
2675 3566 2806 3639 tres.
2834 3557 2952 3628 Ipse
2980 3572 3110 3613 vero
3133 3559 3405 3617 almiﬁcus
3424 3556 3781 3639 praesul'l'edt

2174 3627 2229 3680 in
2253 3627 2410 3683 titulo
2430 3627 2601 3703 beatm
2623 3627 2838 3683 Sabinae
2860 3627 3122 3703 cumnam
3141 3644 3206 3703 ex
3229 3627 3463 3703 argento
3482 3632 3781 3703 purissimo

2172 3706 2495 3768 pensantem
2540 3699 2707 3754 libras
2734 3708 2875 3755 octo.
2904 3699 3028 3755 Pari
3063 3701 3223 3755 modo
3256 3699 3387 3757 fecit
3426 3699 3502 3756 in'
3526 3702 3776 3758 diaconia

2174 3778 2488 3842 sanctorum
2540 3769 2785 3824 Silvestri
2829 3778 2885 3824 et
2921 3770 3157 3838 Martini,
3185 3787 3308 3842 qua:
3348 3775 3582 3842 ponitur
3617 3772 3777 3842 juxta

2173 3838 2414 3913 Orfeam,
2444 3854 2708 3913 coronam
2731 3854 2814 3894 ex-
2841 3850 3065 3912 argento
3104 3838 3431 3913 pensantem
3473 3838 3651 3899 libras
3682 3859 3776 3898 sex

2173 3919 2230 3966 et
2258 3912 2448 3966 uncias
2478 3911 2634 3966 duas.
2664 3909 2775 3965 Nec
2813 3909 2925 3965 non
2966 3921 3022 3967 et
3050 3909 3123 3968 in'
3146 3916 3387 3969 oratorio
3432 3925 3645 3971 sancta
3672 3913 3776 3969 Lu-

2172 3982 2294 4047 cis),
2317 3982 2461 4053 quod
2490 3981 2710 4051 ponitur
2738 3980 2793 4035 in
2826 3982 3189 4049 xenodocbio,
3222 3985 3481 4041 similiter
3505 3984 3640 4042 fecit
3683 4002 3776 4040 ca-

2172 4052 2405 4107 nistrum
2429 4066 2492 4124 e5
2527 4062 2751 4124 argento
2792 4065 3034 4122 pensans
3080 4052 3251 4111 libras
3292 4057 3430 4111 duas
3478 4064 3536 4111 et
3584 4056 3777 4112 uncias

2212 4131 2423 4198 uatuop.
2450 4121 2809 4198 Recitantenj
2838 4132 2893 4178 et
2917 4124 2972 4178 in
2983 4126 3243 4198 oratorio
3271 4127 3451 4182 sancti
3499 4127 3775 4198 Abbacyri

2212 4135 2423 4178 uatuor.
2450 4135 2601 4178 r‘ecnt
2624 4135 2809 4177 autem
2838 4135 2893 4178 et
2917 4140 2972 4178 1n
2997 4135 3243 4181 oratorio
3271 4135 3451 4182 sancti
3499 4135 3772 4198 Abbacyri

2171 4135 2347 4264 ?Abba
2373 4192 2500 4264 Cyri
2526 4210 2619 4247 seu
2650 4191 2821 4265 Syri],
2854 4194 2999 4263 quod
3037 4197 3263 4265 ponitur
3304 4198 3359 4252 in
3392 4198 3772 4260 xenodocbio,

2171 4264 2469 4338 canistrum
2499 4279 2566 4319 ex
2596 4264 2823 4338 argenti}
2849 4264 3085 4335 pensans
3113 4266 3280 4338 libras
3307 4268 3467 4323 duas.
3511 4268 3695 4338 Atque
3724 4270 3775 4322 in

2168 4335 2411 4410 oratorio
2439 4333 2752 4410 sanctorum
2780 4333 2992 4410 Cosmae
3025 4337 3385 4410 et_Damiani,
3425 4338 3580 4410 quod
3609 4333 3774 4410 'poni-

2169 4405 2340 4478 t_ur_in
2377 4405 2715 4478 xenodochio
2756 4408 2902 4475 quod
2942 4407 3247 4478 appellatur
3297 4405 3555 4474 Turium,
3604 4405 3776 4464 instar

2171 4473 2299 4548 fecit
2322 4475 2623 4531 canistrum
2655 4491 2730 4548 ex
2765 4473 3269 4548 argento—pensans
3309 4480 3484 4535 libras
3534 4473 3681 4535 duas
3723 4491 3773 4534 et

2086 4560 2142 4621 D
2167 4546 2389 4621 unciam
2427 4561 2610 4621 unam.
2638 4545 2858 4621 Netum
2902 4545 3067 4621 etiam
3101 4558 3158 4604 et
3185 4552 3241 4604 in
3289 4552 3543 4607 oratorio
3593 4552 3771 4607 sancti

2171 4616 2474 4691 Reregriui,
2510 4618 2655 4691 quod
2701 4619 2920 4691 ponitur
2967 4619 3025 4673 in
3064 4621 3318 4691 hospitali
3359 4621 3660 4678 Dominico
3706 4622 3769 4676 ad

2172 4685 2587 4764 iflaumachiam,
2625 4685 2755 4744 fecit
2801 4689 3042 4764 canistra
3089 4685 3434 4764 ex'_argento
3480 4694 3771 4764 pensantia

2172 4757 2608 4836 libras_quinque
2632 4761 2933 4836 et__uncia_m
2961 4776 3146 4836 unam.
3176 4757 3446 4836 Prmfatus
3482 4757 3620 4836 sero
3644 4780 3773 4836 pou.

2174 4828 2310 4885 tifex
2340 4828 2467 4884 fecit
2502 4828 2557 4883 in
2588 4829 2813 4886 basilica
2866 4832 3079 4887 Domini
3135 4835 3306 4889 nostri
3354 4834 3487 4890 Jesu
3542 4828 3767 4899 Christi,

2174 4915 2295 4970 qua:
2323 4899 3122 4975 appellatur_Constantiniana,
3151 4919 3317 4975 super
3366 4905 3548 4961 altare
3595 4906 3769 4975 majus

2174 4979 2359 5044 vestes
2398 4971 2779 5044 chrysociavas
2819 4973 2991 5044 duas,
3020 4988 3088 5028 ex
3118 4971 3316 5044 quibus
3350 4992 3522 5032 uuam
3567 4971 3771 5033 haben-

2178 5050 2286 5097 tem
2308 5042 2591 5097 historiam
2620 5042 2913 5098 Dominica:
2934 5042 3374 5112 resurrectionis,
3396 5058 3454 5102 et
3476 5047 3648 5103 aliam
3672 5048 3767 5103 ha-

2172 5113 2390 5186 bentem
2406 5113 2688 5186 historiam
2715 5113 2945 5169 viviﬁca:
2967 5122 3132 5186 atque
3150 5118 3443 5173 adorandae
3470 5118 3769 5174 Dominicaz

2170 5184 2373 5240 crucis.
2403 5183 2705 5259 Cantharos
2727 5200 2794 5240 ex
2811 5183 3059 5259 argento
3078 5188 3438 5243 mundissimo
3463 5198 3596 5243 octo
3637 5204 3766 5259 pen-

2169 5264 2357 5326 santes
2384 5254 2543 5326 simul
2571 5255 2738 5312 libras
2770 5254 2964 5325 viginti
2990 5262 3045 5311 et
3085 5265 3293 5326 septem
3319 5265 3377 5313 et
3410 5260 3604 5313 uncias
3637 5254 3765 5313 sex.

2167 5325 2452 5399 Investivit
2482 5326 2572 5399 ubi
2595 5342 2757 5399 supra
2781 5341 2946 5397 rugas
2972 5334 3098 5399 ante
3126 5325 3434 5399 ingressum
3464 5329 3664 5385 altaris
3699 5345 3764 5384 ex

2168 5393 2392 5482 argentp
2419 5393 2713 5482 purissimo
2739 5393 3003 5482 pensante
3040 5393 3212 5482 libras
3244 5401 3614 5482 quadraginta
3638 5409 3766 5456 octo

2163 5475 2219 5521 et
2237 5465 2438 5543 uncias
2460 5476 2604 5543 octo.
2635 5465 2877 5543 coronas
2902 5481 2977 5543 ex
3002 5478 3227 5543 argento
3263 5465 3605 5543 purissimo,
3626 5487 3761 5543 pen-

2163 5538 2540 5611 santeslibras
2564 5538 2870 5611 duodecim.
2902 5537 3193 5611 Fecitp'ubi
3241 5537 3406 5611 supra
3460 5542 3532 5596 ad
3584 5537 3765 5597 fontes

2161 5607 2279 5664 vela
2327 5608 2447 5664 alba
2489 5608 2792 5664 holoserica
2816 5619 3011 5664 ornata
3051 5610 3106 5664 in
3143 5607 3375 5667 circuitu
3406 5611 3477 5666 de
3534 5612 3760 5668 fundato

2163 5689 2326 5807 angue
2348 5680 2650 5751 quadruplo
2672 5694 2901 5735 numero
2930 5682 3143 5737 decem.

2274 5761 2392 5806 arta
2417 5758 2555 5806 tecta
2580 5765 2709 5805 vero
2736 5751 2904 5807 iusius
2922 5752 3143 5807 ecclesia

2274 5761 2392 5826 arta
2417 5758 2555 5826 tecta
2580 5765 2709 5805 vero
2736 5751 2904 5826 ipsius
2922 5752 3167 5826 ecclesia:
3193 5767 3318 5826 cum
3342 5753 3755 5826 quadriportica

2161 5818 2320 5878 Ilum]
2339 5830 2396 5877 et
2422 5821 2489 5875 ad
2521 5821 2702 5878 fontes
2721 5818 2904 5885 oinma
2927 5826 2984 5879 at
3006 5821 3064 5881 in
3105 5818 3377 5881 omnlbna'
3402 5818 3628 5881 novtiar
3664 5836 3755 5878 rea
