4000 6514
261 364 410 429 1017

1540 366 1822 426 NOTITIA
1858 365 2249 428 HISTORICA.

3393 370 3531 430 1018

255 485 549 546 stauravit.
582 482 755 541 Simul
783 492 835 542 et
868 483 1136 541 fenestras
1164 482 1230 538 de
1253 479 1441 537 absida
1465 496 1533 554 ex
1566 481 1708 554 vitro
1738 481 1836 554 Adi—
1861 489 1915 549 Α
1938 482 2179 554 rissimo,
2220 496 2286 554 ac
2326 478 2625 554 decoravit,
2675 480 2820 552 quod
2859 488 3053 554 pensat
3092 479 3264 539 libras
3307 492 3533 547 centum

255 558 436 615 versis
454 556 726 613 coloribus
750 556 1018 613 conclusit
1052 563 1221 625 atque
1255 552 1549 608 decoravit.
1598 552 1836 625 Etalias

255 628 533 686 fenestras
560 628 794 683 basilic:e
834 642 903 681 ex
939 623 1154 681 metallo
1192 623 1428 696 Cyprino
1452 624 1749 696 reparavit,
1785 631 1842 679 et

257 701 320 756 in
350 700 556 771 gremio
586 699 823 771 basilicae
868 696 997 771 fecit
1041 694 1604 771 cortinas’_dttas,__ex
1642 694 1840 764 quibus

254 766 376 842 una
397 771 569 842 major
594 768 814 842 fundata
847 768 987 831 alba,
1022 778 1077 842 et
1111 767 1224 842 alia
1244 766 1423 842 minor
1461 766 1582 842 alba
1634 774 1834 842 rosata2

330 835 692 896 Fecit'autem
715 840 857 894 idem
882 839 1079 911 praesul
1108 839 1164 911 in
1189 838 1439 911 _basilica
1484 835 1699 892 Sancta:
1742 835 1839 892 Dei

254 909 576 983 Genitricis,
602 926 724 983 quae
748 909 1054 983 appellatur
1080 910 1148 965 ad
1189 909 1455 983 Prtescpe,
1486 916 1667 983 rosata
1712 923 1838 963 cum

252 982 511 1053 periclysi
533 982 600 1038 de
621 978 872 1053 fundato,
903 982 1166 1053 canthara
1204 980 1269 1053 de
1296 989 1522 1053 argento
1546 978 1838 1053 purissimo

252 1049 366 1124 duo
399 1049 682 1124 pensantia
730 1053 863 1124 inibi
915 1053 1081 1107 libras
1106 1050 1308 1124 tviginti
1360 1049 1501 1116 tres;
1548 1049 1839 1124 columnas

253 1120 711 1193 duas'pensantes
734 1123 900 1179 libras
928 1123 1117 1247 viginti
1139 1120 1195 1177 et
1214 1137 1374 1175 unam
1396 1134 1452 1176 et
1471 1121 1660 1176 uncias
1681 1120 1838 1190 quin-

253 1207 380 1247 aue.
413 1194 640 1247 Crucem
670 1210 793 1247 cum
821 1194 983 1247 nabat
1002 1208 1055 1247 ta
1081 1208 1147 1247 ex
1178 1201 1403 1247 amento
1450 1192 1670 1247 mundo.
1708 1206 1838 1247 oen-

251 1207 380 1263 que.
413 1192 645 1266 Crucem
670 1210 793 1266 cum
821 1192 1055 1266 gabatha
1081 1208 1147 1248 ex
1165 1201 1403 1266 argento
1439 1192 1678 1266 mundo,
1707 1206 1839 1266 pen-

251 1271 468 1336 santem
491 1264 649 1336 simul
676 1263 845 1320 libras
862 1265 1134 1336 quinque;
1163 1263 1486 1336 indiaconia
1509 1278 1643 1336 vero
1669 1263 1838 1333 ipsius

250 1335 353 1406 Dei
387 1335 687 1406 genitricis,
710 1351 831 1406 qua:
860 1332 1163 1406 appellatur
1202 1333 1437 1406 Antiqua
1461 1374 1476 1399 ,
1502 1332 1628 1406 fecit
1670 1332 1836 1406 tetra-

248 1405 361 1460 vila
391 1403 631 1487 alythina
664 1403 864 1487 ornata
884 1403 946 1461 in
970 1407 1203 1487 circuitu
1241 1405 1309 1460 de
1335 1403 1655 1487 quadruplo.
1688 1404 1755 1487 Et
1780 1403 1836 1458 in

248 1475 496 1531 oratorio
533 1477 710 1533 sancti
748 1477 975 1533 Andreae
1016 1476 1109 1531 ubi
1149 1491 1311 1545 supra
1340 1475 1458 1531 vela
1488 1475 1595 1529 duo
1620 1475 1835 1529 holose-

247 1546 365 1603 rica
391 1557 613 1613 ornata,
641 1557 699 1602 ut
729 1563 913 1616 supra.
958 1548 1016 1603 ln
1054 1547 1211 1602 titulo
1246 1546 1415 1616 ipsius
1443 1560 1572 1600 vero
1602 1546 1700 1616 Dei
1744 1560 1837 1616 ge-

249 1617 485 1689 nitricis,
514 1621 605 1688 qui
634 1615 938 1689 appellatur
964 1617 1207 1683 Callisti,
1236 1615 1365 1689 fecit
1405 1625 1613 1689 vestem
1656 1615 1835 1689 albam

247 1686 610 1744 holoscricam
658 1686 926 1755 rosatam,
958 1690 1246 1744 habentem
1282 1687 1336 1741 in
1380 1688 1559 1742 medio
1594 1686 1835 1741 tabulam

247 1758 319 1813 de
349 1760 448 1815 chr
469 1760 703 1816 'soclavo
728 1776 851 1816 cutn
884 1760 1109 1816 historia
1134 1758 1573 1829 praesentationis
1618 1756 1834 1811 Domini

247 1831 419 1883 nostri
447 1775 574 1883 ἔθευ
603 1830 829 1883 Christi.
853 1841 907 1883 et
927 1830 1100 1883 sancti
1126 1829 1396 1883 Simeonis
1423 1843 1548 1883 cum
1581 1827 1833 1883 oericlvsi

246 1831 419 1884 nostri

245 1899 315 1955 de
337 1892 520 1970 Tyrio.
555 1901 598 1956 Τ
601 1892 827 1956 etravila
855 1903 1019 1957 rubea
1047 1900 1289 1971 alytltina
1318 1909 1552 1971 quatuor

244 1968 441 2043 graces
471 1988 593 2043 cum
630 1972 972 2043 gannnadiis,
1002 1981 1058 2043 et
1087 1968 1142 2025 in
1173 1970 1407 2043 circuitu
1432 1968 1724 2043 periclysiu
1770 1969 1837 2024 de

244 2038 431 2115 Tyrio.
462 2038 656 2099 Veluni
688 2042 911 2115 Tyrium
937 2042 1133 2115 majus,
1152 2041 1295 2115 quod
1325 2038 1525 2110 pendet
1551 2038 1677 2115 ante
1702 2040 1837 2093 ima-

282 2109 425 2168 i'nem
482 2129 603 2168 cum
650 2109 903 2183 perielysi
938 2109 1285 2167 de'blattbin
1329 2109 1520 2169 unum.
1561 2109 1686 2165 Vela
1715 2125 1837 2165 mo-

241 2127 365 2238 gica
398 2185 565 2238 rubea
592 2184 833 2238 alvtltina
859 2198 981 2237 cum
1019 2192 1268 2238 staurace
1303 2184 1359 2236 in
1399 2179 1577 2235 medio
1607 2196 1834 2235 numero

285 2184 365 2255 ica
398 2185 565 2239 rubea
592 2179 835 2255 alytltina'
859 2198 992 2255 cum?
1019 2192 1268 2255 staurace
1303 2184 1359 2236 in
1399 2179 1577 2235 medio
1607 2196 1834 2235 numero

243 2253 374 2337 tria,
401 2269 524 2337 quae
551 2253 788 2337 pendent
821 2254 1558 2337 anteimaginesargenteas
1590 2266 1712 2333 cum
1744 2267 1838 2322 pe-

242 2322 437 2395 riclys:r
459 2324 527 2379 de
551 2322 807 2380 blattbin.
843 2322 1123 2380 Cortinant
1162 2322 1422 2394 majorem
1474 2322 1834 2377 holosericam

240 2394 299 2449 in
330 2394 540 2466 gremio
567 2397 803 2453 basiliraa
827 2412 1013 2461 unam,
1033 2396 1159 2450 fecit
1177 2405 1233 2450 et
1256 2395 1521 2465 imagines
1547 2403 1835 2464 argenteas

240 2465 552 2521 deauratas.
596 2467 637 2521 Ε
667 2468 866 2538 quibus
897 2483 1058 2521 ttnatn
1084 2482 1208 2521 cum
1250 2465 1500 2538 gemmis,
1530 2480 1719 2519 arcum
1740 2479 1834 2518 ar-

240 2545 497 2607 genteum
531 2534 699 2592 unum
728 2555 849 2593 cum
883 2538 1205 2609 gammadiis
1256 2534 1387 2591 suis.
1442 2534 1616 2609 Supra
1671 2549 1829 2609 c_ero-_

240 2605 384 2678 estata
412 2609 640 2678 pltarttm
664 2624 852 2669 unum,
886 2605 1157 2663 ῐΙιιινίΙηιΙιι
1182 2609 1298 2663 duo
1350 2605 1631 2677 pensantia
1672 2605 1833 2678 simul

238 2676 380 2732 libra
401 2676 714 2750 nonaginta
759 2680 1001 2750 quinque
1050 2688 1105 2733 et
1166 2676 1361 2733 uncias
1385 2689 1628 2750 septem.
1686 2676 1835 2750 Fecit

240 2762 371 2821 vero
400 2748 541 2803 idem
578 2748 851 2821 prtrsagus
897 2748 1126 2804 antistes
1171 2750 1329 2804 beato
1382 2748 1834 2821 l’etroapostolo

241 2818 465 2873 calicem
496 2818 724 2875 aureum
760 2818 1002 2876 diversis
1048 2830 1299 2875 ornatum
1344 2819 1600 2889 pretiosis
1642 2818 1835 2888 l:tpitll-

241 2890 363 2951 bus,
400 2891 493 2959 qui
522 2892 778 2961 prtecedil
826 2906 922 2961 per
970 2892 1262 2955 stationes,
1296 2900 1615 2959 pensantem
1666 2889 1832 2961 libras

242 2961 523 3032 tredecim.
559 2960 659 3017 llic
690 2960 901 3017 fecit'in
930 2962 1150 3017 basilica
1182 2961 1353 3032 ipsius
1376 2961 1606 3032 apostoli
1651 2960 1829 3015 velum

240 3031 674 3103 chrysoclavutn,
708 3033 849 3103 quod
879 3035 1076 3103 pendet
1098 3031 1259 3102 supra
1290 3031 1341 3083 in
1367 3031 1830 3103 ingressuvesti-

242 3101 371 3173 buli.
400 3103 527 3157 Item
555 3103 698 3156 aliud
724 3101 898 3158 velum
928 3102 1101 3171 majus
1128 3101 1486 3173 chrysoelavo
1516 3101 1660 3173 quod
1700 3116 1832 3170 pen-

240 3172 412 3245 dettin
439 3173 593 3229 trabe
615 3183 868 3245 argentea
890 3183 1015 3245 ante
1043 3171 1334 3245 imaginem
1355 3171 1652 3226 Salvatoris
1668 3187 1830 3241 supra

241 3245 295 3298 in
341 3243 588 3315 ingressu
622 3241 890 3299 vestibuli.
920 3241 1187 3299 Coronam
1221 3241 1481 3315 majorem
1509 3257 1576 3297 ex
1604 3255 1831 3313 argento

241 3313 532 3386 purissimo
579 3324 896 3386 pensantem
926 3316 1093 3370 libras
1136 3313 1530 3386 quinquaginta
1557 3323 1615 3368 et
1644 3321 1832 3386 trcsct

240 3383 430 3458 itncias
459 3383 602 3441 octo}
655 3385 889 3441 Pharum
947 3383 1263 3458 argenteum
1313 3383 1637 3458 pendentem
1688 3383 1831 3439 infra

241 3456 411 3528 ipsam
460 3472 719 3512 coronam
773 3455 1088 3528 pensantem
1142 3456 1309 3511 libras
1364 3455 1553 3525 viginti
1595 3464 1827 3528 et__tres.

238 3524 368 3600 item
417 3543 650 3582 coronas
697 3524 984 3600 argenteas
1013 3539 1266 3600 quatuor
1317 3535 1609 3600 pensantes
1662 3524 1831 3582 libras

239 3598 630 3670 quinquagznta
659 3610 715 3653 et
743 3597 969 3670 septem;
999 3597 1284 3654 Cauistros
1312 3606 1438 3653 octo
1464 3597 1557 3667 qui
1602 3606 1834 3668 pensant

239 3669 398 3742 simul
426 3669 598 3742 libras
630 3669 1007 3742 quadraginta.

311 3740 387 3811 (tu)
421 3740 517 3811 llic
548 3737 678 3795 vero
704 3757 802 3810 pro
824 3737 1012 3797 a'tnore
1044 3749 1100 3796 et
1125 3740 1333 3795 cautela
1362 3739 1680 3811 orthoooxae
1704 3737 1832 3797 ﬁdei

240 3810 371 3881 Iccit
408 3810 499 3865 ubi
544 3825 703 3881 supra
742 3822 893 3867 scuta
921 3822 1179 3879 argentea
1220 3813 1328 3866 duo
1360 3810 1559 3880 scripta
1602 3820 1832 3881 utraque

238 3880 505 3955 symbolo,
534 3880 706 3955 unum
728 3884 943 3955 quidem
975 3882 1173 3938 litteris
1199 3881 1404 3955 Graecis
1431 3890 1485 3937 et
1516 3880 1662 3937 aliud
1688 3880 1833 3937 Lati-

238 3952 353 4026 nis._
371 3952 652 4022 pendentis
677 3952 869 4026 dextra
909 3954 1148 4026 laevaque
1181 3969 1353 4026 super
1379 3954 1681 4026 ingressum
1710 3968 1833 4008 cor-

236 4023 421 4095 poris,
473 4024 751 4095 pellellllltl
794 4024 927 4079 inibi
970 4023 1137 4080 libras
1163 4023 1459 4095 nonaginta
1497 4033 1735 4093 quatuor
1776 4034 1832 4079 et

238 4094 430 4150 uncias
459 4110 576 4148 sex.
610 4094 759 4150 Fecit
784 4095 873 4148 ubi
902 4109 1065 4164 supra
1098 4094 1150 4148 in
1172 4094 1379 4164 gremio
1406 4096 1642 4150 basilicae
1667 4095 1833 4150 corti-

238 4181 364 4222 nam
393 4165 651 4235 majorem
682 4166 1039 4221 ltoloscricatn
1069 4165 1347 4219 fundatam
1379 4176 1830 4229 unam,ornatam

240 4237 294 4292 in
330 4235 557 4291 circuitu
604 4236 670 4291 de
713 4236 956 4292 fundato.
1001 4236 1187 4292 Velunt
1238 4235 1419 4291 album
1469 4236 1830 4292 holoscricunt

241 4315 479 4363 rosatttm
512 4308 685 4376 majus
726 4323 916 4370 unum,
942 4310 1083 4377 quod
1130 4308 1326 4377 pendet
1357 4307 1409 4361 itt
1440 4306 1590 4362 trabe
1627 4308 1832 4432 Ina‘jore

241 4392 403 4432 suner
432 4378 690 4432 imagines
729 4394 924 4432 aureas
950 4389 1201 4432 ornatum
1244 4378 1297 4432 in
1339 4378 1568 4432 circuitu
1597 4379 1664 4432 de
1720 4382 1829 4432 'un-

240 4378 690 4449 superintagtnes
729 4394 924 4435 aureas
950 4389 1201 4449 ornatum
1230 4378 1297 4449 fin
1339 4378 1568 4433 circuitu
1597 4379 1664 4433 de
1704 4378 1829 4433 fun-

241 4447 387 4505 da‘to.
410 4447 698 4503 Enimvero
727 4466 887 4520 supra
922 4450 987 4503 ad
1018 4447 1193 4505 fontes
1217 4448 1343 4505 fecit
1364 4449 1479 4504 vela
1510 4451 1687 4505 serica
1708 4450 1828 4505 alba

241 4536 467 4575 numem
499 4535 688 4576 novem
712 4533 903 4577 ornata
934 4521 986 4574 in
1012 4520 1242 4575 circuitu
1279 4522 1346 4575 de
1369 4520 1611 4575 fundato.

1618 1899 1836 1953 abentia

482 1846 574 1886 esu
603 1830 829 1913 Christi,
853 1841 907 1886 et
927 1830 1100 1886 sancti
1126 1827 1396 1911 Siuteonis
1423 1843 1548 1884 cum
1581 1827 1833 1952 Rericlysi
1865 1855 1912 1914 Β

482 1917 520 1952 ι.
555 1901 826 1952 Tetravtla
855 1903 1019 1952 rubea
1047 1900 1289 1952 alvthma
1318 1909 1552 1952 quatuor
1618 1899 1836 1952 abentta

1940 552 2655 625 quiinquagintaiquinque;
2712 569 2813 609 nec
2861 552 2973 609 non
3026 561 3084 610 et
3133 554 3533 616 confessionem

1940 623 2113 697 ipsius
2147 623 2310 695 atque
2338 624 2532 697 faciem
2553 624 2761 697 altaris
2787 624 3053 681 iuvestitit
3080 640 3147 681 ex
3168 641 3321 697 tauro
3354 629 3534 697 puris-

1940 695 2080 750 simo
2108 694 2369 768 pensante
2395 695 2523 768 inibi
2552 694 2719 752 libras
2741 706 2960 752 centum
2990 696 3178 768 viginti
3204 708 3257 752 et
3283 694 3446 754 unam
3474 708 3532 759 et

1938 768 2130 822 uncias
2149 775 2291 823 octo.
2326 766 2475 821 Fecit
2500 774 2555 821 et
2578 782 2742 841 supra
2772 768 2826 841 iu
2854 766 3099 841 ingressu
3130 771 3377 841 corporis
3406 786 3531 827 scu-

1942 846 2054 891 tum
2095 852 2165 892 ex
2210 847 2433 909 argento
2472 838 2764 909 purissimo
2808 839 2863 894 in
2905 838 3013 909 Quo
3052 838 3368 895 orthodoxa:
3404 841 3530 899 fidei

1938 908 2243 983 symbolum
2267 908 2429 983 scribi
2463 908 2612 974 fecit,
2643 910 2786 979 quod
2823 908 3015 983 pensat
3040 910 3206 966 libras
3236 911 3452 983 triginta
3475 920 3532 969 et

1938 979 2094 1034 duas.
2122 979 2271 1035 Fecit
2302 981 2391 1034 ubi
2433 995 2596 1049 supra
2633 979 2866 1036 coronas
2906 980 3138 1051 majores
3180 991 3291 1037 tres
3310 979 3400 1037 ἐι
3440 998 3529 1037 ar-

1938 1061 2100 1120 gento
2131 1051 2421 1125 potissimo
2446 1060 2737 1125 pensantes
2759 1051 2923 1125 libras
2952 1054 3006 1107 in
3044 1067 3211 1107 unum
3234 1054 3529 1125 nonaginta

1936 1128 1992 1193 et
2014 1130 2145 1193 tres.
2191 1121 2548 1178 Fecitautem
2590 1123 2644 1178 in
2686 1121 2908 1177 basilica
2953 1125 3218 1178 cortinam
3265 1121 3528 1193 majorem

1938 1191 2295 1264 holosericam
2321 1194 2387 1248 de
2414 1193 2715 1263 quadruplo
2737 1201 2792 1248 et
2829 1193 3051 1249 fundato
3081 1191 3524 1264 pulcherrimam.

1935 1260 2197 1334 Prtefatus
2222 1278 2351 1318 vero
2384 1260 2708 1319 venerabilis
2737 1275 2793 1319 et
2820 1260 3114 1333 prmclarus
3134 1264 3377 1334 pontifex
3401 1264 3530 1321 fecit

1936 1333 1990 1406 in
2020 1335 2240 1406 basilica
2286 1336 2431 1390 beati
2461 1334 2606 1390 Petri
2646 1335 2870 1406 apostoli
2914 1333 3199 1390 nutritoris
3239 1337 3321 1390 sui
3366 1350 3531 1406 super

1936 1404 2106 1460 altare
2134 1404 2305 1474 majus
2326 1406 2592 1461 ciborium
2625 1404 2748 1461 cum
2772 1406 3035 1461 columnis
3063 1406 3177 1461 suis
3204 1404 3447 1475 quatuor
3460 1420 3531 1462 ex

1936 1486 2162 1547 argento
2204 1478 2496 1546 purissimo
2541 1478 2800 1533 deaurato
2845 1493 2969 1533 cum
3015 1476 3243 1531 diversis
3284 1476 3531 1533 historiis

1934 1548 2088 1618 inira:
2112 1548 2498 1618 magnitudinis
2525 1548 2756 1603 miriﬁce
2781 1548 3095 1603 decoratum
3113 1590 3129 1614 ,
3166 1548 3310 1617 quod
3338 1553 3534 1618 pensat

1935 1616 2279 1690 librastduas
2310 1618 2454 1673 mille
2496 1620 2869 1690 septingentas
2896 1628 2952 1675 et
2979 1616 3214 1688 quatuor
3253 1626 3307 1672 et
3338 1617 3532 1690 uncias

1936 1696 2067 1743 tres.
2095 1687 2372 1743 Ciborium
2402 1704 2532 1745 vero
2560 1687 2704 1758 quod
2732 1690 2927 1745 exinde
2952 1687 3203 1754 abstulit,
3234 1689 3416 1758 posuit
3440 1702 3533 1743 su-

1934 1773 2033 1829 per
2070 1759 2242 1814 altare
2282 1759 2458 1827 majus
2486 1762 2542 1814 in
2573 1758 2795 1814 basilica
2830 1759 3010 1815 Beata:
3052 1759 3150 1815 Dei
3195 1758 3526 1828 Genitricis,

1939 1844 2060 1899 qua:
2086 1830 2387 1903 appellatur
2414 1832 2482 1903 ad
2507 1830 2789 1901 Praesepe,
2836 1839 2892 1885 et
2930 1845 3149 1903 crucem
3187 1845 3275 1903 ex_
3303 1840 3533 1903 argento

1937 1915 2075 1970 puro
2100 1899 2249 1966 fecit,
2274 1909 2328 1955 et
2356 1900 2487 1955 inibi
2508 1899 3026 1971 posuit'pensantem
3055 1900 3222 1955 libras
3245 1899 3530 1956 duodecim

1940 1978 1995 2025 et
2023 1971 2211 2027 uncias
2242 1980 2370 2025 tres.
2403 1970 2515 2027 Nec
2541 1988 2650 2027 non
2675 1970 2732 2026 et
2770 1971 3035 2027 terravela
3079 1972 3246 2026 rubea
3288 1970 3530 2041 alythina

1939 2054 2171 2112 quatuor
2197 2042 2288 2112 ubi
2317 2057 2478 2111 supra
2504 2041 2652 2108 fecit,
2696 2057 2764 2096 ex
2789 2042 2987 2112 quibus
3013 2057 3183 2112 unum
3224 2056 3347 2112 cum
3370 2041 3531 2112 cbry-g

1938 2111 2175 2166 soclavo.
2211 2111 2319 2167 Sed
2344 2110 2399 2167 et
2422 2114 2474 2166 in
2507 2112 2780 2167 mausoleo
2806 2110 2981 2168 beata:
3009 2110 3347 2174 Petronillae,
3386 2110 3531 2180 quod

1935 2183 2157 2253 ponitur
2186 2182 2253 2236 ad
2276 2184 2492 2238 beatum
2517 2182 2738 2238 Petrum
2764 2182 3091 2253 apostolum,
3117 2182 3244 2253 fecit
3265 2181 3380 2237 vela
3406 2180 3530 2253 alba

1937 2251 2143 2321 majora
2175 2254 2276 2307 tria
2295 2295 2309 2319 ,
2354 2255 2564 2308 minora
2595 2263 2719 2310 octo
2743 2251 2940 2309 ornata
2973 2254 3027 2307 in
3056 2252 3285 2308 circuitu
3311 2255 3377 2306 de
3407 2252 3531 2306 fun-

1938 2323 2085 2395 dato.
2118 2323 2270 2379 Fecit
2307 2340 2436 2379 vero
2468 2325 2610 2380 idem
2639 2325 2930 2395 pneclarus
2969 2323 3213 2394 pontifex
3254 2331 3379 2395 ante
3400 2337 3529 2378 con-

1936 2391 2229 2450 fessionem
2269 2396 2437 2466 ipsius
2476 2391 2843 2466 apostolorum
2884 2391 3148 2465 principis
3196 2394 3417 2466 angelos
3457 2408 3530 2466 ea

1937 2474 2164 2536 argento
2204 2464 2727 2535 purissimo‘dextra
2774 2464 3013 2535 lzevaque
3037 2464 3347 2536 pensantes
3395 2464 3531 2536 inibi

1935 2534 2103 2610 libras
2125 2534 2343 2610 centum
2372 2538 2730 2610 quadraginta
2774 2546 2849 2610 et
2871 2534 2987 2610 sex.
3034 2534 3145 2610 Nec
3183 2552 3290 2590 non
3316 2544 3373 2591 et
3396 2534 3533 2610 alios

1936 2608 2157 2681 angelos
2184 2609 2321 2663 duos
2365 2606 2431 2662 ex
2458 2606 2687 2681 argento
2733 2608 3026 2679 purissimo
3070 2607 3388 2681 deauratos,
3434 2606 3532 2678 qui

1937 2677 2085 2750 sta'nt
2112 2679 2165 2733 in
2190 2684 2343 2750 trahe
2369 2677 2560 2748 majori
2586 2677 2749 2749 super
2772 2681 3020 2750 ingressu
3048 2677 3301 2733 vestibuli
3333 2677 3530 2734 dextra

1935 2749 2177 2833 Iamque
2193 2748 2346 2818 juxta
2368 2748 2663 2833 imaginem
2676 2748 2972 2833 Salvatoris
2994 2764 3216 2833 auream
3236 2758 3528 2833 pensantes

1935 2820 2095 2893 simul
2125 2820 2291 2876 libras
2320 2820 2598 2893 sexaginta
2638 2831 2771 2887 tres,
2798 2832 2852 2876 et
2882 2821 3017 2876 alios
3040 2820 3530 2893 angelostquatuor

1934 2892 2177 2964 minores
2214 2906 2279 2946 ex
2329 2892 2555 2964 argento
2600 2894 2893 2963 purissimo
2922 2892 3212 2964 deauratos
3240 2892 3330 2946 ubi
3361 2905 3529 2960 supra

1934 2963 2124 3017 dextra
2163 2962 2420 3033 laevaque,
2453 2965 2545 3034 qui
2590 2962 2821 3034 pensant
2858 2963 3018 3019 simul
3045 2962 3212 3034 libras
3238 2965 3523 3034 sexaginta

1934 3042 2076 3088 octo.
2116 3034 2316 3089 Verum
2343 3033 2508 3090 etiam
2539 3033 2669 3090 fecit
2696 3036 2787 3089 ubi
2817 3048 2982 3105 supra
3011 3033 3421 3105 columetllasex
3445 3047 3530 3105 δι’-
3550 3058 3579 3089 ο

1969 3113 2097 3177 ento
2140 3104 2428 3177 deauratas
2471 3121 2567 3161 sex
2612 3108 2666 3160 in
2719 3102 2963 3177 ingressu
3003 3103 3253 3177 vestibuli
3296 3102 3527 3159 diversis

1973 3174 2469 3247 epictashistoriis,
2507 3192 2628 3247 qua:
2658 3174 2887 3246 pensant
2916 3174 3091 3230 simul'
3106 3175 3270 3247 libras
3307 3183 3527 3228 centum

1936 3246 2296 3315 quadraginta
2323 3255 2378 3301 et
2404 3246 2632 3317 septem.
2661 3247 2814 3301 Fecit
2846 3258 2901 3301 et
2922 3261 3139 3311 crucem
3169 3246 3429 3317 majorem
3457 3260 3525 3299 ex

1935 3325 2162 3387 argento
2188 3316 2479 3387 purissimo
2504 3319 2842 3381 deauratam,
2882 3331 3004 3385 qua:
3033 3324 3142 3387 stat
3159 3316 3314 3386 juxta
3352 3316 3527 3387 altare

1934 3384 2130 3456 majus,
2160 3384 2451 3459 pensantes
2480 3387 2646 3443 libras
2685 3387 2874 3459 viginti
2906 3384 3064 3442 duas.
3100 3384 3249 3459 Fecit
3276 3399 3407 3459 vero
3430 3384 3525 3440 ubi

1933 3472 2098 3528 supra
2125 3456 2312 3540 arcum
2345 3457 2605 3540 majorem
2630 3472 2697 3513 ex
2723 3456 2949 3540 argento
2984 3456 3340 3540 mundissimo
3361 3457 3529 3540 deau-

1934 3526 2057 3585 rato
2085 3544 2246 3602 supra
2277 3530 2330 3584 in
2378 3526 2623 3602 ingressu
2667 3526 2953 3596 vestibuli,
2998 3536 3319 3600 pensantem
3357 3526 3529 3585 libras

1933 3610 2151 3671 centum
2185 3600 2401 3671 triginta
2431 3600 2487 3656 et
2513 3616 2674 3655 unam
2702 3609 2757 3655 et
2783 3602 2965 3656 semis.

2001 3670 2155 3727 Fecit
2174 3668 2314 3743 vero
2335 3673 2424 3727 ubi
2451 3687 2614 3743 supra
2642 3673 2783 3727 intra
2814 3670 3207 3727 confessionem
3227 3669 3372 3727 beati
3393 3668 3524 3727 Leo-

1932 3742 2018 3798 nis
2059 3741 2387 3799 confessoris
2430 3741 2593 3814 atqlte
2623 3743 2891 3814 pontificis
2930 3743 3269 3815 evangelium
3318 3756 3384 3797 ex
3430 3756 3524 3796 ar-

1931 3823 2111 3885 gento,
2139 3815 2497 3870 mundissimo
2526 3815 2847 3870 deauratum
2885 3829 3049 3884 supra
3076 3820 3130 3869 in
3159 3815 3402 3884 ingressu
3428 3827 3522 3885 ve-

1932 3882 2139 3956 stibuli,
2164 3900 2398 3955 pensans
2443 3886 2610 3940 libras
2660 3882 3020 3956 quadraginta
3069 3894 3194 3940 octo
3222 3882 3293 3937 ἐι
3336 3882 3521 3956 semis.

1930 3954 2086 4011 Fecit
2114 3954 2204 4009 ubi
2232 3970 2394 4027 supra
2428 3954 2767 4012 columellam
2799 3954 2962 4009 unam
2990 3957 3057 4010 de
3094 3964 3320 4027 argento
3347 3954 3526 4024 puris-

1931 4027 2071 4097 simo
2094 4037 2412 4095 pensantem
2443 4027 2607 4082 libras
2642 4028 2830 4082 decem
2857 4036 2913 4081 et
2938 4035 3165 4097 septem.
3190 4028 3306 4096 Ipse
3334 4039 3523 4097 verota

1932 4096 2045 4169 Deo
2065 4106 2346 4169 protectus
2371 4108 2426 4152 et
2448 4098 2741 4169 pneclarus
2764 4096 3011 4169 pontifex
3044 4098 3169 4151 fecit
3197 4098 3250 4151 in
3276 4096 3524 4151 diaeonia

1932 4167 2079 4241 beati
2103 4166 2427 4241 Archangeli
2449 4166 2709 4240 patenam
2734 4166 3043 4241 ettcalicem
3067 4183 3132 4222 ex
3162 4176 3390 4240 argento
3424 4180 3526 4236 pu-

1932 4237 2149 4293 rissimo
2172 4237 2472 4308 pensantes
2489 4241 2542 4295 in
2569 4254 2734 4295 unum
2762 4239 2927 4294 libras
2960 4240 3168 4294 decem.

2002 4308 2101 4382 llic
2133 4306 2313 4364 divina
2346 4311 2704 4382 inspiratione
2732 4319 3011 4382 protectus
3038 4309 3167 4364 fecit
3205 4308 3261 4363 in
3292 4306 3522 4382 basilica

1934 4376 2255 4454 Salvatoris,
2289 4398 2413 4452 qua:
2433 4376 3227 4454 appellatur"Constantiniana,
3254 4380 3522 4454 cibarium

1933 4466 2057 4524 cum
2105 4450 2371 4509 columnis
2423 4450 2539 4509 suis
2574 4461 2809 4523 quatuor
2859 4468 2927 4509 ex
2974 4461 3201 4524 argento
3231 4450 3523 4524 purissimo

1932 4522 2165 4594 diversis
2191 4524 2464 4594 depictum
2492 4520 2736 4580 historiis
2760 4540 2883 4580 cum
2911 4520 3167 4580 cancellis
3192 4520 3248 4579 et
3266 4520 3523 4578 calomel-

310 4589 411 4668 llic
440 4603 589 4668 vero:
633 4592 932 4668 ubisupra
952 4632 967 4657 ,
1009 4591 1284 4668 investivit
1316 4592 1485 4647 altare
1530 4591 1826 4647 beatissimi
1853 4579 1907 4640 Ι)
1933 4593 1999 4648 lis
2025 4596 2138 4649 suis
2163 4579 2315 4650 mirio
2343 4579 2733 4668 magnitudinis
2767 4579 2822 4651 et
2848 4579 3267 4668 pulchritudinis
3296 4594 3523 4668 decora-

240 4662 438 4735 Leonis
457 4660 783 4735 confessoris
819 4660 982 4734 atque
1024 4664 1294 4735 pontificis
1324 4678 1391 4735 cx
1423 4673 1647 4735 argento
1677 4679 1833 4717 mun-

240 4733 468 4790 dissimo
494 4734 765 4805 deaurato
811 4733 1073 4804 pensante
1112 4733 1271 4787 simul
1304 4733 1507 4805 libras'
1530 4743 1747 4789 centum
1776 4744 1833 4788 et

239 4819 454 4877 novem.
486 4804 617 4859 item
650 4806 923 4861 investivit
964 4805 1134 4860 altare
1173 4804 1313 4860 beati
1346 4804 1591 4877 Gregorii
1620 4805 1833 4861 confes-

240 4875 381 4933 soris
427 4885 589 4945 atque
641 4877 914 4947 pontificis
960 4892 1027 4931 cx
1067 4887 1293 4947 argento
1334 4875 1692 4932 mundissimo
1733 4878 1829 4932 de—

239 4956 433 5003 aurato
483 4957 741 5017 pensante
785 4949 1019 5020 undique
1066 4947 1231 5004 libras
1275 4960 1495 5004 centum
1541 4948 1730 5019 viginti
1777 4955 1832 5004 et

239 5026 447 5075 sentem
462 5060 467 5065 .

300 5035 568 5145 lvero
597 5088 883 5161 praefectus
931 5106 959 5144 a
1009 5090 1121 5145 Deo
1164 5100 1220 5145 et
1264 5091 1558 5161 prmclarus
1589 5090 1828 5160 pontifex

242 5160 516 5217 investivit
553 5160 727 5216 altare
762 5161 905 5217 beati
945 5161 1096 5216 Pauli
1126 5160 1351 5232 apostoli
1380 5176 1446 5217 ex
1477 5171 1703 5234 argento
1732 5178 1830 5233 pu-

312 5293 388 5368 (rt)
420 5294 523 5350 Hic
559 5313 676 5351 vero
702 5314 798 5369 pro
839 5314 1017 5353 amore
1043 5309 1088 5353 et
1114 5298 1320 5353 cautela
1368 5299 1675 5355 orthodoxa:
1700 5299 1829 5369 ﬁdei

241 5366 560 5441 fecit'seulos
590 5366 861 5441 argenteos
891 5370 1024 5424 duos
1066 5371 1285 5439 scriptos
1326 5381 1543 5441 utroque
1566 5366 1823 5441 symliolo.

241 5436 378 5493 Cum
412 5436 634 5513 Galliet
655 5436 893 5513 'llispani
927 5441 1134 5513 absque
1170 5436 1391 5496 licentia
1428 5436 1493 5495 ad
1524 5436 1827 5513 symbolum

241 5524 447 5583 vocem
490 5508 736 5583 Filioque
773 5508 1174 5579 addidissent,
1232 5529 1406 5583 coque
1456 5508 1826 5569 atld'ttatnento

243 5581 544 5655 symbolum
588 5580 862 5655 Nicmnum
885 5583 965 5655 ad,
995 5584 1283 5655 missarum
1316 5580 1582 5640 solemnia
1612 5584 1825 5655 publice

244 5653 647 5726 decantassent,
687 5653 997 5726 t'isumifuit
1025 5652 1190 5709 Leoni
1222 5671 1372 5726 papae
1413 5670 1529 5710 ere
1570 5652 1826 5712 Ecclesia:

243 5722 507 5796 futurum,
542 5725 585 5781 si
615 5723 843 5796 publicis
866 5725 1017 5781 hisce
1064 5722 1258 5782 tabulis
1291 5722 1511 5783 'duabus
1551 5728 1825 5796 argenteis

242 5795 460 5870 publico
505 5795 630 5870 loco
641 5798 976 5855 conservatis
996 5806 1283 5870 utrumque
1312 5795 1826 5870 symbolumCrmce

245 5856 404 5924 iiniul
435 5876 491 5925 et
512 5868 707 5927 Latine
730 5870 937 5942 absque
958 5870 1067 5927 ullo
1088 5856 1455 5929 additamenta
1482 5869 1631 5929 vocis
1658 5868 1822 5953 Filias

1936 4675 2049 4719 ttun
2075 4708 2089 4731 ,
2138 4682 2257 4737 qua:
2284 4665 2515 4737 pensant
2551 4668 2789 4736 undique
2833 4666 2993 4722 simul
3042 4666 3206 4727 libras
3244 4665 3389 4721 mille
3418 4666 3521 4722 du-

1934 4747 2121 4809 centas
2148 4738 2336 4808 viginti
2366 4748 2611 4809 scptema
2653 4737 2853 4793 Verum
2900 4739 3065 4793 etiam
3101 4746 3156 4793 et
3182 4746 3331 4809 sarta
3378 4743 3521 4809 tecta

1932 4805 2169 4880 basilica:
2208 4805 2550 4864 Sanctze'Dei
2581 4807 2875 4864 Genitricis
2919 4806 3522 4880 setnperqueiVirginis

1932 4877 2115 4952 Μαι-ἰεῦ
2140 4879 2375 4935 domina:
2407 4888 2628 4945 nostra},
2675 4894 2794 4952 quae
2830 4877 3128 4952 appellatur
3151 4877 3222 4935 ad
3248 4877 3517 4952 Prtesepe,

1932 4898 2115 4933 mat-ue
2140 4898 2375 4935 nomina:
2407 4898 2628 4945 n05ll‘33,
2675 4898 2794 4949 qua:
2830 4898 2857 4935 a
2899 4898 3128 4952 penatur
3153 4898 3222 4935 au
3248 4898 3517 4948 ιήιεδερε,

1931 4950 2113 5004 omnia
2143 4952 2354 5006 novitcr
2398 4951 2744 5006 restauravit.
2781 4898 3042 5008 Culltcula
3076 4966 3209 5007 vero
3239 4947 3395 5018 juxta
3428 4964 3520 5005 ec-

1930 5020 2152 5095 clesiam
2182 5021 2328 5077 beati
2380 5020 2528 5076 Petri
2574 5023 2937 5091 apostolorum
2964 5022 3245 5095 principis,
3286 5037 3408 5091 quae
3437 5020 3520 5075 ni-

1931 5093 2037 5166 mia
2063 5102 2334 5149 vetustate
2365 5102 2731 5166 marcucrant,
2754 5096 2918 5151 etiam
2940 5093 3080 5166 pene
3109 5096 3317 5166 ruitura
3339 5100 3516 5166 erant,

1930 5162 2072 5219 idem
2119 5166 2369 5237 egregius
2414 5165 2611 5236 praesul
2658 5181 2690 5221 a
2730 5162 3095 5222 fundamentis
3141 5164 3515 5220 ﬁrmissimum

1928 5314 2028 5369 que
2052 5297 2406 5371 inscriberet,
2453 5315 2523 5356 ne
2551 5300 2809 5371 deinceps
2851 5301 3126 5371 quidpiam
3176 5300 3245 5356 ad
3292 5315 3510 5356 sacrum

1928 5367 2230 5439 Symbolum
2253 5370 2377 5424 addi
2401 5381 2606 5441 posset.
2632 5367 2817 5428 Allixit
2841 5367 3005 5426 hasce
3029 5373 3162 5427 duas
3191 5372 3401 5426 tabulas
3425 5386 3507 5426 ar-

1925 5448 2149 5566 genteas
2171 5442 2223 5495 in
2256 5441 2475 5497 basilica
2506 5445 2675 5499 sancti
2702 5444 2884 5508 Petri;
2913 5458 3020 5498 non
3049 5451 3251 5509 autem,
3293 5451 3354 5498 ut
3375 5443 3511 5498 scri-

1965 5511 2006 5565 it
2038 5509 2289 5566 Magister
2311 5512 2714 5566 Sententiarum
2738 5514 2832 5566 lib.
2868 5530 2907 5566 ι.
2929 5515 3057 5566 dist.
3091 5517 3178 5566 ll.
3205 5516 3258 5566 in
3281 5514 3511 5566 ecclesia

1965 5511 2006 5565 it
2038 5509 2289 5581 Magister
2311 5512 2714 5569 Sententiarum
2738 5514 2832 5568 lib.
2868 5530 2907 5581 ι,
2929 5515 3057 5569 dist.
3091 5517 3178 5580 ll,
3205 5516 3258 5569 in
3281 5514 3513 5570 ecclesia

1926 5584 2100 5657 sancti
2128 5583 2298 5638 Pauli.
2327 5586 2552 5652 Quando
2571 5595 2751 5657 autem
2773 5594 2828 5639 et
2855 5601 2961 5657 qua
2986 5583 3272 5642 occasione
3298 5586 3386 5641 illa
3407 5600 3514 5642 vox

1924 5652 2171 5729 filioque
2235 5658 2559 5712 auctoritate
2630 5652 2890 5712 Romani'
2929 5659 3198 5729 pontiﬁcis
3267 5657 3512 5716 Romana

1923 5725 2186 5805 Ecclesia,
2220 5728 2325 5805 alia
2348 5744 2511 5805 causa
2542 5737 2831 5805 pos_cente_,
2860 5725 3262 5802 in'symbolutn
3289 5744 3513 5805 recepe-

1923 5799 2016 5864 rit,
2044 5795 2160 5868 jam
2194 5800 2323 5857 alibi
2351 5795 2604 5857 diximus.
2628 5797 2755 5856 Sev.
2776 5799 2895 5857 Bm.
