4000 6498
233 436 372 494 1085

1661 433 2056 494 EPISTOLIE.

3357 437 3499 498 {026

231 565 396 622 super
422 548 622 607 aethera
645 548 909 613 duxisset,
942 547 1054 602 suis
1085 554 1264 602 tamen
1302 547 1493 603 ovibus
1517 548 1608 618 pia
1633 550 1809 606 erexit
1836 552 1891 612 Α
1915 549 2123 605 duobus
2154 546 2448 603 Londonia:
2471 555 2527 604 et
2549 547 2810 604 Eboracae
2837 546 3268 620 metropolitanis
3287 549 3502 620 episco-

230 643 568 715 providentin
593 641 899 713 praemium,
938 640 1030 708 qui
1065 641 1167 696 scit
1191 641 1330 696 ovile
1378 641 1717 696 Dominicum
1743 643 1813 697 ad

232 737 435 802 caulas,
466 753 574 792 non
606 735 830 791 inferius
859 733 984 789 vitae
1013 735 1239 804 agitare.
1297 733 1406 790 Nos
1434 750 1648 806 quoque
1694 750 1809 790 me-

231 830 358 894 rito,
387 845 524 900 quos
549 827 869 884 extremitas
897 826 1043 881 orbis
1071 835 1240 891 tenet,
1292 826 1485 882 eodem
1509 828 1669 882 modo
1693 843 1809 898 pra:

231 919 442 973 caeteris
469 916 779 988 gloriamur,
813 916 957 987 quod
990 915 1130 971 illius
1159 916 1464 971 sublimitas
1494 926 1681 972 nostra
1730 933 1813 973 sa-

230 1007 333 1074 lus,
365 1009 507 1064 illius
526 1010 858 1080 prosperitas
887 1009 1042 1064 nobis
1062 1008 1318 1079 perennis
1343 1008 1659 1074 exsultatio,
1685 1009 1814 1079 quia

229 1105 370 1158 unde
391 1103 486 1157 tibi
515 1103 810 1172 apostolica
871 1102 1125 1172 dignitas,
1159 1101 1284 1156 inde
1320 1101 1478 1155 nobis
1518 1100 1643 1155 fidei
1668 1101 1812 1155 veri-

231 1201 316 1249 tas
339 1193 592 1248 innotuit.
637 1193 978 1263 Quapropter
1024 1200 1386 1262 opportunum
1441 1191 1677 1246 arbitror
1706 1190 1816 1244 tuis

229 1287 433 1342 Sanctis
455 1285 792 1357 jussionihus
819 1300 1008 1340 aurem
1053 1283 1372 1338 obedientia:
1400 1291 1602 1338 nostrae
1645 1281 1817 1336 humi-

229 1375 355 1433 liter
382 1377 652 1443 inclinari,
692 1384 749 1431 et
777 1392 900 1447 quae
921 1385 1023 1430 tuae
1053 1375 1238 1446 pietati
1268 1375 1370 1430 rite
1395 1375 1550 1430 nobis
1592 1388 1818 1443 sequen-

229 1467 610 1525 davideantur
650 1479 760 1524 toto
787 1471 908 1524 nisu
961 1469 1253 1539 implenda,
1283 1485 1403 1539 qua:
1447 1484 1576 1525 vero
1615 1468 1817 1524 rationi

229 1560 501 1616 contraria
543 1561 877 1630 deprehensa
927 1560 1147 1625 fuerint,
1192 1561 1354 1616 citius
1403 1561 1724 1616 declinanda
1753 1575 1819 1615 ac

229 1650 447 1706 interim
476 1667 506 1704 a
538 1652 693 1706 nobis
721 1653 1034 1706 omnimodo
1065 1654 1384 1709 resecanda.

302 1741 410 1797 Sed
440 1745 597 1798 modo
620 1760 719 1814 ego
745 1744 1060 1814 Kenulphus
1089 1747 1263 1814 gratia
1295 1745 1394 1800 Dei
1425 1761 1521 1800 rex
1548 1745 1820 1801 excellen-

231 1834 357 1888 tiam
383 1843 530 1888 tuam
557 1836 832 1890 humiliter
854 1853 1042 1901 exoro,
1071 1847 1132 1891 ut
1157 1848 1209 1892 te
1239 1838 1355 1892 sine
1377 1836 1678 1894 olfensione
1701 1838 1820 1892 ani-

1916 642 2022 711 pis,
2047 656 2210 712 quam
2246 640 2411 695 etiam
2459 640 2600 711 apud
2624 657 2722 698 vos
2766 641 2954 697 haberi
3009 657 3116 697 non
3171 641 3500 698 dubitamus.

1918 731 2026 787 Sed
2053 732 2170 802 ipse
2191 731 2427 802 primum
2448 731 2796 802 pontificialis
2824 747 2984 804 apex,
3007 733 3101 805 qui
3133 739 3265 789 tunc
3291 733 3506 790 Londo-

1915 823 2022 877 niae
2051 825 2152 878 sub
2179 823 2384 878 honore
2417 829 2471 877 et
2491 833 2809 878 ornamento
2842 823 2992 894 pallii
3034 822 3214 880 fuerat
3261 824 3507 880 conscri-

1917 925 2065 987 ptus,
2092 932 2191 987 pro
2221 932 2289 972 eo
2316 916 2720 972 Dorobernensi
2745 917 2960 974 oblatus
2987 925 3071 974 est
3097 927 3261 988 atque
3287 933 3506 977 conces-

1918 1024 2030 1064 sus.
2057 1007 2192 1063 Nam
2219 1009 2344 1078 quia
2371 1008 2543 1064 beata:
2590 1010 2985 1065 recordationis
3024 1009 3379 1081 Augustinus,
3403 1010 3498 1082 qui

1917 1104 2146 1159 verbum
2170 1104 2288 1168 Dei,
2327 1103 2629 1174 imperante
2676 1103 2837 1157 beato
2863 1103 3150 1175 Gregorio,
3203 1103 3503 1176 Anglorum

1919 1196 2065 1266 genti
2118 1195 2502 1259 ministrabat,
2553 1204 2609 1251 et
2654 1195 3042 1266 gloriosissime
3084 1195 3342 1252 Ecclesiis
3369 1210 3509 1267 pra:—

1920 1286 2078 1342 fuita
2125 1285 2396 1354 Samnite,
2443 1288 2498 1342 in
2542 1288 2732 1344 eadem
2773 1287 2994 1343 civitate
3039 1288 3182 1343 diem
3230 1288 3396 1353 obiit,
3450 1296 3508 1343 et

1921 1394 2118 1448 corpus
2168 1378 2312 1433 illius
2349 1380 2404 1434 in
2453 1379 2683 1434 ecclesia
2732 1379 2878 1434 beati
2930 1378 3075 1433 Petri
3133 1379 3503 1449 apostolorum

1919 1473 2204 1543 principis,
2236 1487 2400 1542 quam
2448 1487 2733 1527 successor
2769 1471 2886 1541 ejus
2915 1479 3136 1526 sanctus
3180 1471 3507 1526 Laurentius

1922 1564 2179 1628 sacravit,
2207 1565 2488 1618 conditum
2532 1561 2746 1628 fuisset,
2776 1563 2951 1618 visum
2979 1570 3064 1618 est
3089 1563 3302 1617 cunctis
3332 1563 3512 1633 gentis

1929 1663 2138 1709 nostra}
2164 1655 2520 1723 sapientibus,
2542 1662 2812 1724 quatenus
2835 1655 2891 1708 in
2939 1653 3029 1708 illa
3055 1653 3275 1709 civitate
3315 1663 3519 1708 metro-

1921 1745 2196 1815 politanus
2226 1745 2402 1800 honor
2427 1745 2722 1800 haberetur
2755 1787 2770 1811 ,
2800 1746 2893 1800 ubi
2930 1760 3128 1814 corpus
3174 1745 3292 1816 ejus
3316 1753 3514 1815 pausat

1924 1837 2018 1906 qui
2041 1835 2127 1890 his
2148 1835 2549 1905 partibus-ﬁdei
2605 1836 2890 1890 veritatem
2939 1835 3187 1890 inseruit.
3218 1835 3385 1906 Cujus
3410 1835 3513 1890 ita-

227 1925 300 1979 mi
323 1925 487 1979 vestri
520 1926 586 1980 de
615 1928 856 1996 profectu
889 1938 1098 1994 nostro,
1131 1939 1192 1984 ut
1215 1938 1488 2001 optamus,
1547 1931 1710 1986 liceat
1737 1931 1818 1986 al—
1847 1930 1894 1989 Β
1923 1945 2048 1999 que,
2088 1929 2230 1984 sicut
2260 1945 2358 1984 vos
2411 1929 2594 1994 scitis,
2646 1929 2923 2000 dignitatis
2969 1931 3229 1986 honorem
3280 1931 3518 2000 primum

227 2017 393 2086 loqui,
425 2029 692 2087 quatenus
742 2020 795 2074 in
832 2021 1096 2090 gremium
1123 2037 1209 2076 me
1255 2023 1473 2092 pietatis
1526 2032 1630 2076 tum
1661 2031 1816 2077 tran-

228 2111 392 2181 quilla
436 2129 569 2181 pace
595 2114 884 2183 percipias,
907 2123 962 2168 et
991 2129 1154 2183 quem
1194 2115 1514 2169 meritorum
1554 2115 1700 2169 nulla
1731 2115 1816 2169 fa-

226 2205 400 2259 cultas
426 2207 608 2277 erigit,
629 2206 777 2275 Iarga
802 2206 1198 2261 benedictionis
1227 2215 1330 2262 ture
1357 2208 1580 2262 ubertas
1609 2207 1677 2261 ad
1703 2207 1819 2276 ple-

227 2297 349 2352 bem
374 2312 527 2351 suam
553 2297 847 2367 regendam
884 2297 1195 2368 locupletet,
1236 2307 1296 2352 ut
1318 2313 1421 2352 una
1448 2314 1661 2352 mecum
1688 2313 1820 2369 gen-

228 2394 334 2442 teut
357 2404 522 2458 quam
570 2399 751 2444 vestra
809 2390 1105 2458 apostolica
1155 2390 1452 2445 auctoritas
1481 2389 1606 2444 ﬁdei
1659 2389 1809 2444 rudi-

230 2479 428 2533 mentis
452 2479 663 2545 imbuit,
696 2495 792 2550 per
840 2479 1289 2537 intercessionem
1322 2490 1470 2536 tuam
1493 2491 1684 2536 contra
1716 2481 1820 2535 im-

227 2580 385 2640 petus
426 2581 736 2628 exter-orum
786 2572 1140 2643 Omnipotens
1184 2575 1392 2646 erigat,
1447 2585 1504 2630 et
1531 2591 1630 2645 per
1656 2589 1714 2629 se
1736 2589 1822 2628 re-

226 2677 391 2731 gnum
415 2665 560 2733 quod
581 2665 695 2733 ipse
724 2666 865 2720 Deus
892 2667 1038 2721 dedit
1067 2668 1243 2732 nobis,
1291 2667 1523 2722 dilatare
1547 2668 1818 2738 dignetur.

225 2751 377 2811 Hanc
421 2755 853 2814 benedictionem
896 2775 1086 2816 omnes
1126 2762 1218 2831 qui
1269 2771 1397 2818 ante
1453 2779 1540 2818 me
1600 2772 1818 2834 sceptro

227 2846 489 2917 praefuere
522 2848 862 2917 Merciorum,
909 2862 1228 2907 meruerunt
1255 2855 1323 2908 ab
1373 2857 1847 2912 antecessoribus

226 2939 334 2994 tuis
360 2939 584 3010 adipisci
615 2959 630 3008 ;
663 2943 804 2997 hanc
847 2944 962 3013 ipse
1005 2945 1224 3001 humilis
1255 2956 1400 3015 peto,
1430 2956 1485 3002 et
1511 2963 1540 3001 a
1570 2948 1747 3013 vobis,
1781 2963 1816 3002 o

228 3034 599 3100 sanctissime,
630 3035 922 3106 impetrare
958 3039 1117 3108 cupio
1153 3080 1167 3104 ,
1212 3050 1481 3109 quatenus
1529 3041 1583 3096 in
1629 3041 1822 3110 primis

229 3125 534 3195 adoptionis
563 3135 710 3182 sorte
741 3143 829 3182 me
859 3128 956 3182 tibi
987 3128 1154 3184 lilium
1186 3132 1450 3202 suscipias
1475 3173 1489 3196 ,
1518 3132 1659 3187 sicut
1686 3141 1739 3187 te
1766 3133 1823 3188 in

226 3219 398 3289 patris
424 3235 655 3289 persona
708 3221 892 3289 diligo,
947 3232 1003 3277 et
1052 3225 1180 3278 totis
1232 3223 1555 3280 obedientiae
1610 3225 1822 3282 viribus

1920 2036 2014 2076 rex
2030 2020 2166 2086 Oll‘a,
2183 2029 2408 2090 propter
2429 2021 2770 2076 inimicitiam
2786 2039 2909 2077 cum
2930 2023 3229 2079 venerabili
3257 2023 3514 2080 Lamber-

1921 2121 1976 2166 to
1999 2120 2054 2166 et
2074 2121 2232 2183 gente
2254 2112 2672 2168 Cantuariorum
2712 2123 3013 2183 acceptam,
3061 2121 3334 2180 avertere,
3371 2123 3425 2170 et
3452 2113 3509 2168 in

1920 2204 2054 2260 duas
2090 2205 2380 2274 parochias
2422 2205 2686 2277 dissipare
2709 2207 2879 2272 nisus,
2918 2215 2974 2262 et
3005 2206 3285 2276 piissimus
3331 2207 3515 2278 coepi-

1920 2313 2118 2368 scopus
2139 2307 2194 2354 et
2231 2306 2544 2355 antecessor
2591 2308 2770 2355 vester
2795 2299 3068 2355 Adrianus
3090 2310 3283 2372 rogatu
3317 2299 3516 2371 pandi-

1920 2391 1994 2445 cti
2025 2393 2170 2463 regis
2193 2391 2377 2448 facere
2397 2393 2586 2464 coepit,
2605 2394 2748 2463 quod
2774 2393 2926 2464 prius
2954 2409 3114 2450 nemo
3145 2395 3513 2466 praesumpsit,

1921 2483 2310 2540 etMerciorum
2326 2487 2611 2556 praesulem
2636 2486 2800 2556 pallio
2820 2486 3034 2542 extulit.
3052 2485 3318 2541 Neutrum
3334 2494 3520 2542 tamen

1920 2590 1988 2630 ex
2012 2577 2099 2632 his
2126 2577 2430 2647 culpamus,
2455 2592 2593 2648 quos
2611 2574 2882 2634 Christus.
2905 2584 2966 2631 ut
2987 2575 3284 2644 credimus,
3307 2584 3518 2632 aeterna

1922 2666 2153 2723 victoria
2186 2669 2506 2740 triumphat.

1996 2760 2103 2816 Sed
2132 2769 2314 2816 tamen
2361 2761 2741 2816 excellentiam
2770 2767 3009 2816 vestram
3039 2760 3273 2816 humiles
3311 2774 3505 2815 exora-

1922 2867 2062 2916 mus,
2087 2851 2284 2921 quibus
2299 2867 2331 2906 a
2355 2851 2465 2908 Deo
2495 2853 2691 2908 merito
2711 2853 2988 2923 sapientia:
3009 2851 3177 2907 clavis
3200 2851 3395 2908 collata
3410 2861 3517 2920 est,

1924 2953 2163 3015 utsuper
2177 2944 2279 3000 hac
2307 2960 2472 3000 causa
2503 2961 2626 3000 cum
2649 2945 2986 3015 sapientibus
3020 2943 3214 2999 vestris
3240 2943 3518 3014 quaeratis,

1924 3045 1980 3092 et
2000 3037 2260 3106 quidquid
2282 3038 2436 3093 vobis
2463 3039 2742 3102 videatur,
2771 3038 2928 3094 nobis
2965 3046 3150 3108 postea
3185 3037 3513 3093 servandum

1926 3127 2230 3182 rescribere
2255 3128 2577 3199 dignemini,
2624 3144 2694 3184 ne
2729 3129 2909 3184 tunica
2950 3127 3150 3184 Christi
3178 3128 3523 3185 inconsutilis

1927 3217 2152 3287 alicujus
2176 3219 2321 3273 inter
2346 3235 2449 3275 nos
2471 3220 2828 3276 dissensionis
2858 3221 3094 3276 schisma
3125 3221 3396 3290 patiatur;
3425 3219 3522 3275 sed

229 3327 446 3384 semper
475 3315 791 3384 amplector.
822 3316 988 3371 Decet
1014 3317 1161 3372 enim
1182 3317 1325 3372 inter
1350 3327 1532 3372 tantas
1556 3334 1821 3388 personas
1849 3289 1893 3352 C
1924 3324 2023 3379 Pe!“
2044 3318 2282 3364 “suam
2312 3324 2504 3364 sanam
2542 3311 2862 3373 dOCll‘inam.
2911 3319 2973 3364 ιιι
3001 3310 3396 3375 deSidCl‘amUS.
3438 3309 3508 3364 ad

229 3405 363 3460 ﬁdes
391 3414 575 3461 sancta
605 3408 812 3462 servari
833 3414 889 3461 et
944 3407 1198 3463 inviolata
1250 3410 1490 3465 Charitas
1514 3411 1779 3466 custodiri
1805 3428 1820 3477 ;

229 3496 356 3567 quia
406 3505 632 3565 paterna
663 3498 839 3568 pietas
889 3498 1120 3553 filiorum
1158 3499 1388 3554 felicitas
1445 3501 1498 3555 in
1543 3501 1655 3556 Deo
1699 3515 1822 3556 esse

229 3588 502 3642 credenda
533 3596 652 3654 est,
685 3589 982 3644 secundum
1029 3589 1160 3644 illud
1201 3590 1448 3645 Ezechiae
1473 3609 1485 3644 :
1512 3589 1676 3645 Pater
1695 3590 1822 3661 [iliis

229 3687 408 3733 notam
447 3679 604 3748 faciet
631 3678 902 3734 veritatem
926 3690 1093 3745 tuam,
1117 3680 1357 3736 Domine.
1399 3680 1456 3735 In
1485 3682 1680 3751 quibus
1703 3697 1825 3737 ver-

227 3768 316 3827 bis
363 3779 414 3825 te
441 3811 456 3835 ,
511 3772 741 3827 amande
789 3773 1022 3842 genitor,
1052 3773 1283 3842 imploro
1311 3815 1325 3838 ,
1359 3782 1418 3827 ut
1465 3774 1574 3828 lilio
1607 3783 1698 3829 tuo
1748 3784 1824 3829 ta-

227 3862 388 3919 metsi
421 3863 641 3934 indigno
693 3864 980 3920 veritatem
1024 3864 1239 3920 Domini
1275 3865 1380 3921 tuis
1430 3866 1612 3922 verbis
1643 3883 1822 3924 sacro-

228 3953 436 4009 sanctis
466 3962 651 4007 notam
703 3953 881 4010 facere
912 3970 1019 4009 non
1055 3958 1309 4027 deneges,
1347 3966 1405 4010 ut
1440 3973 1538 4028 per
1561 3967 1708 4014 tuam
1730 3975 1817 4015 sa-

228 4060 359 4100 nam
389 4045 768 4110 eruditionem,
815 4045 926 4099 Deo
952 4046 1242 4115 adjuvante
1264 4089 1280 4113 ,
1323 4050 1392 4104 ad
1422 4051 1666 4105 melioris
1697 4052 1822 4106 vita

229 4140 568 4211 propositum
590 4155 808 4196 merear
832 4141 1138 4212 pervenire.

304 4233 444 4301 Quin
477 4236 663 4300 etiam,
715 4235 1046 4301 dulcissime,
1078 4253 1201 4293 eum
1251 4238 1507 4294 omnibus
1549 4239 1822 4310 episcopis

232 4327 434 4381 nostris
460 4335 516 4382 et
557 4327 926 4398 cujuscunque
952 4328 1096 4397 apud
1144 4344 1242 4384 nos
1273 4328 1560 4400 dignitatis
1588 4345 1823 4400 persona

231 4419 514 4490 deprecor,
551 4429 612 4476 ut
664 4421 820 4478 nobis
849 4421 914 4477 de
967 4421 1302 4478 multimodis
1348 4424 1820 4493 inquisitionibus,

232 4528 399 4583 super
419 4514 616 4584 quibus
639 4515 932 4569 maximam
952 4516 1308 4572 subtilitatem
1332 4526 1569 4572 vestram
1598 4519 1822 4591 dignum

231 4604 488 4660 duximus
520 4607 837 4675 perquirere
862 4649 876 4673 ,
921 4608 1151 4678 benigne
1197 4611 1552 4680 respondeas,
1585 4629 1652 4668 ne
1698 4630 1824 4668 san-

1923 3417 2065 3458 verze
2085 3403 2237 3472 pacis
2252 3403 2513 3458 unitatem
2535 3404 2823 3474 dirigatur.
2853 3404 3046 3475 Magna
3072 3405 3507 3460 enimhumilita-

1922 3497 1976 3546 te
2009 3492 2170 3546 simul
2213 3500 2268 3548 et
2327 3493 2620 3551 dilectione
2658 3494 2774 3549 haec
2827 3495 2925 3550 tibi
2978 3495 3316 3565 scripsimus,
3370 3510 3511 3566 papa

1920 3583 2236 3639 beatissime
2261 3625 2276 3651 ,
2309 3584 2653 3641 clementiam
2693 3594 2840 3640 tuam
2873 3587 3146 3657 profusius
3185 3595 3503 3659 precantes,

1921 3684 2192 3746 quatenus
2244 3675 2312 3730 ad
2343 3691 2408 3732 ea
2454 3693 2576 3747 quae
2617 3693 2649 3732 a
2689 3672 2860 3733 nobis
2888 3679 3200 3734 necessario
3251 3678 3512 3750 explicita

1923 3774 2071 3832 sunt,
2088 3767 2320 3839 benigne
2343 3777 2399 3822 et
2419 3767 2566 3838 juste
2585 3771 2932 3839 respondeas.

1994 3856 2103 3912 Sed
2149 3867 2204 3912 et
2248 3859 2396 3912 illam
2431 3859 2740 3928 epistolam,
2768 3875 2932 3930 quam
2967 3858 3294 3916 Atheraldns
3323 3861 3506 3916 archi-

1921 3949 2209 4020 episcopus
2266 3967 2452 4006 coram
2507 3951 2722 4006 cunctis
2783 3951 3208 4021 provincialibus
3255 3952 3525 4022 episcopis

1922 4041 2126 4095 nostris
2157 4040 2513 4112 multiplicius
2539 4043 2606 4097 de
2641 4042 2755 4097 suis
2784 4057 2848 4096 ac
2884 4043 3048 4098 totius
3077 4042 3369 4097 Britannia:
3394 4058 3524 4098 cau-

1923 4131 1999 4186 sis
2025 4139 2082 4186 et
2109 4133 2531 4188 necessitatibus
2559 4133 2654 4187 tibi
2682 4133 2923 4202 scripsit,
2949 4133 3040 4203 pio
3063 4149 3250 4188 amore
3271 4147 3526 4202 perscru-

1927 4223 2029 4277 tari
2054 4224 2316 4296 digneris,
2348 4233 2404 4279 et
2431 4225 2695 4297 quidquid
2725 4227 2792 4281 de
2826 4226 2988 4282 rebus
3023 4243 3143 4298 quae
3187 4227 3240 4281 in
3272 4241 3336 4282 ea
3381 4226 3522 4282 scri-

1923 4323 2017 4384 pta
2045 4324 2171 4370 sunt
2197 4315 2322 4372 fidei
2347 4317 2596 4372 normula
2629 4327 2838 4388 poscat,
2868 4319 3064 4388 pagina
3095 4317 3254 4373 nobis
3279 4318 3525 4374 veritatis

1924 4404 2232 4474 patefacere
2262 4408 2596 4464 memineris.
2632 4409 2776 4479 Ergo
2803 4412 3081 4479 praeterito
3107 4427 3250 4466 anno
3294 4410 3522 4482 legatio-

1925 4515 2050 4554 nem
2081 4515 2259 4555 meam
2283 4501 2449 4556 etiam
2478 4511 2535 4557 et
2569 4504 2951 4573 episcoporum
2987 4520 3085 4574 per
3115 4503 3324 4560 Wadan
3358 4505 3523 4561 abba-

1927 4600 2034 4648 tem
2069 4595 2349 4649 misimus:
2388 4611 2454 4651 ae
2482 4595 2571 4651 ille
2609 4597 2887 4667 accipiens
2913 4596 3236 4668 legationem
3263 4597 3409 4652 illam
3437 4613 3523 4654 se-

230 4702 448 4747 ctorum
483 4695 700 4749 traditio
728 4696 950 4752 Patrum
979 4707 1035 4752 et
1048 4663 1133 4754 “ab
1157 4700 1262 4754 illis
1289 4663 1497 4756 rtradita
1525 4663 1703 4769 nobis,
1735 4721 1818 4761 re-

1929 4685 2124 4758 guiter,
2163 4688 2272 4742 imo
2302 4689 2628 4758 insipienter
2653 4663 2892 4743 deduxit.
2925 4663 3031 4744 sed
3071 4690 3230 4745 modo
3260 4690 3358 4746 tibi
3404 4705 3524 4745 mu-

231 4785 355 4855 gula
379 4788 532 4857 quasi
563 4788 831 4860 incognita
851 4806 947 4859 per
961 4791 1164 4862 aliquid
1185 4795 1406 4850 vitietur
1431 4796 1484 4849 in
1510 4798 1688 4862 nobis,
1721 4799 1818 4854 sed

232 4893 412 4934 sermo
440 4887 564 4935 tuus
600 4881 839 4937 directus
881 4883 1036 4938 nobis
1089 4885 1143 4938 in
1175 4885 1442 4942 charitate
1471 4896 1526 4942 et
1552 4903 1814 4944 mansue-

231 4971 418 5026 tudine
446 4973 648 5038 veniat,
674 4983 734 5028 ut
755 4991 853 5045 per
873 4976 968 5031 Dei
1009 4977 1440 5034 misericordiam
1468 4980 1817 5050 profuturum

231 5059 288 5116 in
347 5064 500 5119 nobis
555 5065 803 5134 perficiat
856 5066 1112 5124 fructum.
1147 5067 1386 5124 Primum
1440 5087 1678 5141 namque
1729 5079 1818 5127 est

230 5154 374 5223 quod
398 5157 680 5224 pontifices
707 5160 876 5215 nostri
910 5175 975 5215 ac
999 5160 1313 5230 peritissimi
1346 5164 1551 5233 quique
1576 5163 1631 5218 in
1661 5164 1822 5219 nobis

230 5247 440 5313 dicunt,
457 5251 599 5318 quod
613 5259 804 5307 contra
819 5269 1055 5310 canones
1075 5265 1131 5311 et
1143 5257 1440 5327 apostolica
1459 5267 1684 5324 statuta,
1700 5277 1821 5331 qua:

230 5342 388 5397 nobis
413 5358 442 5396 a
475 5353 630 5412 patre
675 5347 990 5403 beatissimo
1013 5349 1277 5421 Gregorio
1317 5353 1580 5424 dirigente
1617 5362 1820 5410 statuta

230 5445 380 5500 sunt,
419 5438 560 5492 sicut
590 5455 685 5496 vos
719 5442 889 5507 scitis,
923 5445 1218 5500 auctoritas
1251 5447 1682 5504 Dorobernensis
1713 5465 1822 5506 me-

231 5527 542 5598 tropolitani
568 5529 619 5584 iu
644 5533 780 5587 duas
808 5534 1070 5588 scinditur
1097 5539 1404 5605 parochias,
1422 5539 1598 5609 cujus,
1621 5525 1816 5596 eodem

227 5629 384 5690 patre
409 5622 733 5689 mandante,
785 5625 975 5680 ditioni
1007 5626 1284 5695 subjacere
1333 5631 1529 5686 debent
1577 5630 1817 5702 episcopi

229 5710 535 5779 duodecim,
569 5715 707 5770 sicut
727 5733 822 5785 per
847 5716 1117 5773 Ecclesias
1140 5729 1356 5775 nostras
1381 5721 1578 5793 legitur
1611 5721 1668 5776 in
1708 5721 1818 5793 epi-

229 5803 388 5870 stola,
413 5823 574 5878 quam
589 5807 742 5866 fratri
762 5817 816 5865 et
832 5811 1150 5884 coepiscopo
1168 5814 1468 5885 Augustino
1491 5816 1711 5883 direxit,
1745 5816 1812 5873 de

1930 4794 2035 4832 nus
2071 4779 2346 4834 modicum
2371 4781 2575 4836 amoris
2595 4782 2770 4852 gratia
2799 4795 2897 4850 per
2931 4781 3094 4836 Brine
3116 4781 3521 4852 presbyterum,

1927 4877 1982 4923 et
1998 4869 2199 4935 Fildas,
2224 4879 2279 4926 et
2299 4871 2585 4926 Ceolberth
2609 4871 2888 4927 ministros
2901 4889 3071 4938 meos,
3089 4883 3246 4943 pater
3266 4872 3521 4942 amande,

1928 4963 2084 5019 mitto
2113 4982 2128 5018 :
2157 4964 2299 5033 quod
2338 4972 2422 5020 est
2457 4974 2676 5020 centum
2728 4974 2782 5020 et
2819 4966 3011 5037 viginti
3061 4981 3349 5021 mancusas
3391 4979 3518 5021 cum

1923 5053 2142 5121 litteris,
2171 5071 2404 5125 precans
2435 5065 2487 5112 te
2532 5065 2596 5111 ut
2638 5057 2870 5128 benigne
2899 5056 3183 5126 suscipias,
3214 5064 3267 5111 et
3298 5055 3522 5112 benedi-

1925 5147 2164 5203 ctionem
2216 5155 2362 5202 tuam
2406 5141 2563 5204 nobis
2601 5149 2805 5206 donare
2860 5149 3121 5220 digneris.
3166 5147 3520 5220 Omnipotens

1924 5237 2069 5294 Deus
2092 5248 2145 5295 te
2172 5239 2415 5312 longtevo
2443 5249 2686 5313 tempore
2708 5245 2777 5300 ad
2805 5241 3021 5298 laudem
3049 5257 3162 5297 suae
3189 5249 3391 5298 sanctae
3413 5240 3521 5300 Eo-

1924 5329 2106 5386 clesia:
2135 5333 2407 5388 custodiat
2427 5333 2774 5390 incolumem.

2503 5444 2840 5504 EPISTOLA
2869 5448 2930 5502 ll.

1998 5553 2185 5595 ιῑοκιε
2218 5555 2365 5596 ΡΛΡΕ
2395 5556 2456 5595 Il!
2485 5556 2554 5595 ΑΙ)
2582 5554 2862 5596 KENULFUH
2889 5555 3066 5597 REGE]!
3105 5553 3437 5596 IERCIORUI.

1925 5628 2222 5702 Respondet
2250 5633 2532 5704 superiori,
2561 5642 2611 5686 et
2643 5634 2804 5703 petita
2830 5633 3006 5689 omnia
3038 5632 3218 5686 lubens
3250 5628 3512 5686 concedit.

1993 5725 2220 5781 Domino
2263 5726 2721 5782 excellentissimo
2764 5727 2873 5783 filio
2918 5726 3204 5798 Kenulpho
3229 5723 3342 5798 regi
3371 5722 3514 5781 Mer-

1919 5815 2128 5872 ciorum
2159 5817 2453 5889 provinciaa
2474 5815 2725 5875 Saxoniae
2751 5819 2864 5878 Leo
2883 5836 3022 5894 papa

309 5952 335 5983 ι
358 5940 485 6009 Qua:
534 5960 675 6002 nunc
711 5943 924 6017 Anglia,
977 5945 1107 6004 olim
1136 5945 1192 6006 in
1234 5947 1507 6007 dicebatur
1562 5949 1800 6010 Saxoma
1833 5945 2219 6006 transmarina.
